4038 6166
268 302 3593 340 ἡ

1906 374 1915 391 Δ

1894 408 1905 431 ι

1418 474 1622 522 ANNO
1670 473 1945 521 DOMINI
1995 473 2460 521 DCCCCLXVI.

947 613 2936 833 FLODOARDUS

1473 903 1929 972 CANONICUS
1977 904 2406 971 REMENSIS.

571 1170 1145 1261 NOTITIA
1244 1157 1986 1250 HISTORICA
2086 1158 2221 1253 IN
2323 1154 3305 1245 FLODOARDUM.

1087 1313 1255 1378 (Apud
1281 1311 1470 1362 Mabill.
1509 1310 1630 1360 Acta
1657 1306 1742 1358 SS.
1767 1305 1876 1356 0rd.
1910 1305 1959 1356 S.
1988 1305 2193 1365 Bened.,
2228 1314 2349 1356 tom.
2379 1304 2485 1366 VII,
2521 1320 2635 1371 pag.
2659 1305 2797 1371 325.)

353 1578 721 1637 Flodoardum
752 1575 1132 1647 presbyterum
1179 1571 1525 1625 Remensem.
1559 1561 1897 1635 praecipuum
1920 1559 2197 1629 Avellem
2242 1560 2542 1633 proficisci.
2589 1562 2849 1635 Fecitque
2896 1578 2983 1618 me
3024 1563 3126 1618 sub
3172 1560 3420 1617 custodia
3458 1560 3611 1617 deti-

276 1674 471 1731 saaculi
525 1689 557 1726 χ
617 1676 1002 1726 ornamentum
1031 1708 1045 1731 ,
1110 1659 1396 1718 monachis
1452 1659 1746 1712 accensent
1794 1650 1898 1705 viri

279 1766 434 1822 docti
480 1780 591 1819 non
629 1761 787 1832 pauci
829 1766 953 1831 post
981 1755 1353 1831 Sigebertum,
1403 1764 1541 1821 quos
1568 1747 1712 1802 inter
1747 1742 1899 1797 Guil-

279 1858 485 1913 lelmus
540 1854 793 1909 Ilarlotus
846 1851 903 1905 in
962 1847 1238 1917 Metropoli
1293 1843 1538 1900 Remensi
1590 1847 1646 1893 et
1697 1833 1902 1891 Natalis

281 1944 591 2001 Alexander
637 1942 694 1997 in
736 1941 982 1999 Historia
1018 1938 1200 1992 seculi
1221 1950 1274 1987 χ.
1330 1928 1694 1994 Flodoardus,
1733 1939 1900 1996 quem

277 2039 428 2093 idem
474 2036 795 2111 Sigebertus
833 2029 1171 2087 Flawaldum
1214 2032 1393 2091 vocat,
1449 2034 1731 2111 nunquam
1768 2015 1905 2111 satis

281 2104 565 2190 laudatus:
598 2140 702 2179 nec
724 2122 844 2178 scio
896 2136 966 2175 an
1006 2118 1102 2173 ulli
1132 2126 1446 2186 temporum
1496 2109 1717 2164 illorum
1761 2104 1904 2161 scri-

289 2216 432 2286 ptori
487 2212 788 2273 secundus,
847 2210 1124 2281 Sparnaco
1190 2202 1399 2275 oppido
1450 2199 1520 2255 ad
1578 2198 1898 2256 Matronam,

290 2309 450 2380 vulgo
478 2310 756 2377 Epernay,
790 2309 951 2357 natus
983 2308 1067 2354 est
1103 2312 1251 2353 anno
1288 2294 1413 2355 894,
1447 2289 1725 2380 siquidem
1756 2302 1902 2380 anno

283 2376 409 2452 963—
438 2392 901 2467 septuagenarius
924 2395 1076 2454 .erat,
1138 2402 1205 2441 ex
1244 2383 1421 2455 ipsius
1459 2378 1750 2436 Chronico.
1795 2376 1900 2430 Ar-

280 2490 506 2543 chivum
550 2484 801 2542 ecclesiae
849 2478 1136 2536 Remensis
1183 2476 1303 2545 ejus
1355 2488 1501 2529 curae
1548 2468 1901 2526 commissum

286 2585 403 2633 erat
430 2592 555 2632 eum
588 2580 777 2645 crypta
803 2586 900 2626 seu
931 2567 1145 2639 capella
1173 2563 1347 2619 sancti
1378 2559 1523 2616 Petri
1556 2574 1621 2612 ex
1652 2555 1903 2613 Historia:

285 2686 400 2724 suae
426 2668 528 2723 lib.
573 2686 633 2730 ιι,
665 2682 789 2736 cap.
822 2663 912 2727 19,
942 2659 1038 2716 ubi
1067 2659 1135 2713 de
1166 2656 1360 2711 Ebone
1401 2652 1535 2728 agit,
1570 2650 1655 2704 his
1679 2648 1901 2703 verbis:

292 2784 319 2813 ε
362 2762 651 2816 Archivum
700 2754 950 2812 ecclesia:
982 2748 1271 2807 tutissimis
1317 2744 1590 2809 aediﬁcnis,
1621 2758 1744 2797 cum
1774 2756 1901 2810 cry-

1999 1651 2139 1714 neri,
2168 1651 2368 1707 ablatis
2394 1670 2425 1707 a
2474 1669 2562 1709 me
2588 1653 2775 1717 rebus,
2810 1668 2948 1725 quas
2974 1652 3045 1707 de
3092 1652 3416 1723 episcopatu
3446 1657 3612 1706 tene-

1999 1741 2148 1807 bam,
2201 1758 2326 1797 cum
2358 1742 2597 1797 ecclesia
2653 1758 2818 1814 quam
2850 1741 3115 1817 regebam
3143 1742 3201 1796 in
3252 1739 3616 1795 Culmisciaoo

2002 1832 2308 1903 (Cormicy),
2337 1831 2533 1903 sicque
2562 1832 2746 1903 plenis
2772 1846 3021 1903 quinque
3046 1829 3336 1885 mensibus
3359 1845 3480 1885 sum
3511 1829 3617 1884 de-

2002 1930 2203 1979 tentus.
2235 1946 2262 1974 »
2293 1924 2442 1986 [dem
2474 1923 2531 1977 in
2562 1922 2835 1986 Historiae,
2870 1921 2967 1976 lib.
3011 1939 3084 1989 IV,
3110 1937 3234 1992 cap.
3265 1921 3375 1976 28:
3410 1944 3437 1968 α
3484 1920 3616 1976 libi

2001 2027 2225 2083 quoque
2253 2011 2547 2068 ecclesiam
2569 2010 2915 2067 Culmisciaci
2937 2009 3044 2065 vici
3070 2008 3298 2065 abstulit
3323 2024 3450 2064 cum
3475 2014 3619 2064 terra

2001 2105 2286 2173 beneﬁcii,
2329 2123 2495 2180 qnam
2522 2115 2651 2163 tunc
2689 2106 2956 2178 temporis
2991 2105 3275 2161 tenebam.
3317 2104 3429 2179 Ego
3455 2103 3620 2160 deni-

2002 2214 2112 2269 que
2158 2198 2466 2269 disponens
2521 2199 2791 2254 orationis
2839 2197 3018 2273 gratia
3066 2196 3382 2268 sepulcrum
3439 2196 3621 2250 visere

2000 2288 2175 2343 sancti
2212 2288 2447 2356 Martini,
2480 2294 2728 2344 retentus
2763 2304 2885 2343 sum
2910 2287 2984 2341 ab
3015 2286 3158 2357 ipso,
3187 2285 3328 2341 clam
3366 2301 3457 2341 me
3485 2285 3617 2356 qni-

2004 2380 2238 2435 busdam
2292 2381 2548 2452 personis
2576 2380 3036 2435 insimulantibus
3087 2378 3237 2449 apud
3264 2394 3410 2447 eum,
3471 2378 3622 2449 quod

2002 2470 2085 2525 sui
2128 2486 2295 2526 causa
2324 2469 2645 2526 nocumenti
2675 2470 2763 2525 vel
2812 2468 2913 2524 ﬁlii
2941 2470 3026 2524 sui
3053 2469 3253 2524 vellem
3306 2467 3619 2541 proﬁcisci:

2005 2572 2061 2617 et
2080 2562 2213 2634 quia
2233 2561 2559 2618 renutabam
2587 2576 2677 2617 me
2696 2561 2829 2617 huic
2845 2560 3025 2617 electo
3044 2568 3234 2617 nostro
3257 2560 3623 2627 committere,

2006 2655 2262 2710 nesciens
2310 2663 2490 2710 utrum
2550 2654 2663 2709 Deo
2716 2653 2961 2724 placeret
3023 2653 3313 2724 praesulem
3373 2660 3622 2709 nostrum

2005 2743 2145 2800 fore.
2186 2745 2387 2817 Sicque
2416 2746 2600 2817 plenis
2627 2746 2876 2817 quinque
2919 2744 3209 2800 mensibus
3237 2745 3383 2817 apud
3426 2745 3625 2801 fratres

296 2862 389 2924 pta
419 2854 474 2907 in
501 2853 708 2908 honore
736 2846 912 2902 sancti
944 2840 1088 2898 Petri
1114 2839 1474 2908 omniumque
1502 2832 1900 2947 apostolorum,
1927 2877 1982 2947 Β
2008 2844 2227 2894 nostros
2255 2840 2332 2905 (id
2358 2843 2433 2893 επ
2483 2842 2762 2895 canam-ws
2791 2839 3111 2904 Wes),
3143 2838 3267 2910 ipso
3291 2839 3496 2894 comite
3536 2839 3628 2908 ju_

297 2921 615 3015 martyrum,
668 2938 1049 2996 confessorum
1087 2949 1151 2988 ac
1186 2929 1462 3003 virginum
1495 2925 1769 2991 dedicata,
1808 2921 1902 2977 ubi

294 3034 406 3088 Deo
429 3012 668 3103 propitio
698 3025 980 3083 deservire
1010 3022 1283 3085 videmur,
1321 3031 1490 3089 opere
1516 3012 1734 3069 decenti
1766 3028 1905 3067 con-

287 3120 508 3176 struxit.
549 3144 565 3167 ι
606 3118 837 3179 lbidem,
867 3112 1240 3175 Gundacrum,
1272 3105 1626 3169 Canonicum,
1667 3109 1726 3157 ut
1755 3107 1919 3171 puto,‘

292 3210 624 3264 Remensem
654 3250 668 3268 ,
725 3203 1050 3259 nutritorem
1100 3214 1259 3253 suum
1312 3202 1489 3257 vocat,
1546 3190 1735 3246 matris
1791 3188 1911 3256 ejus

291 3301 592 3355 avunculus
623 3305 738 3352 erat
762 3294 1082 3351 Flawardus
1109 3291 1340 3353 nomine,
1374 3284 1470 3357 qui
1519 3285 1653 3338 duos
1681 3283 1822 3351 ﬁlios
1856 3280 1911 3332 in

289 3392 467 3447 sancti
522 3388 699 3444 Basoli
738 3384 1073 3442 monasterio
1114 3379 1331 3446 habuit,
1363 3392 1533 3433 unum
1569 3373 1910 3436 Tetbertum,

294 3488 394 3555 qui
429 3483 709 3554 presbyter
754 3479 983 3541 dudum,
1038 3473 1238 3546 inquit,
1287 3470 1434 3540 apud
1479 3483 1574 3523 nos
1618 3467 1770 3555 obiit.
1818 3464 1914 3517 Ar-

295 3554 446 3630 taldo
476 3569 894 3640 archiepiscopo
926 3565 1172 3625 Romam,
1208 3559 1393 3615 nescio
1422 3557 1580 3626 cujus
1622 3554 1699 3609 rei
1728 3569 1911 3620 causa,

295 3665 578 3738 profectus
603 3663 706 3717 sub
748 3675 955 3716 annum
982 3656 1108 3721 936,
1142 3670 1173 3708 a
1202 3653 1382 3706 Leone
1413 3665 1561 3732 papa.
1595 3647 1681 3699 Vll
1715 3647 1915 3738 perho-

293 3737 527 3813 norifica
580 3760 841 3824 exceptus
883 3757 983 3804 est.
1034 3749 1109 3802 lta
1158 3744 1304 3801 enim
1347 3743 1465 3815 ipse
1513 3741 1661 3796 canit
1700 3739 1754 3793 in
1807 3737 1915 3791 ﬁne

294 3846 426 3901 libri
482 3844 696 3899 metrici
762 3843 832 3896 de
900 3836 1159 3893 Romanis
1222 3831 1621 3905 pontiﬁcibus,
1682 3828 1775 3883 ubi
1846 3828 1916 3881 de

294 3939 476 3997 Leone
507 3937 619 3991 VII.

364 4063 450 4121 Qui
478 4076 559 4111 me
577 4061 824 4123 visentem
844 4057 1043 4123 aetherei
1068 4054 1154 4120 pia
1180 4053 1360 4123 limina
1382 4051 1514 4123 Petri

362 4116 582 4174 iocunde
604 4121 876 4183 excipiens,
902 4116 1301 4183 animo'quaasita
1330 4116 1546 4183 benigno

361 4186 595 4243 Admisit,
620 4176 842 4247 favitque
864 4176 974 4245 pie,
999 4176 1290 4247 studuitque
1320 4176 1556 4247 modeste.

362 4242 730 4310 Faminagrata
759 4242 944 4301 serens,
964 4259 991 4293 e
1029 4243 1127 4292 ulis
1146 4242 1382 4290 recreavit
1414 4242 1638 4347 utrisque

362 4312 592 4355 Comm-is
612 4318 760 4355 atoue
783 4258 1269 4355 animngencdixit.
1295 4312 1341 4351 et
1366 4301 1533 4350 oscula
1571 4300 1638 4348 ibi

359 4300 768 4374 Corporisvatque
783 4308 982 4363 animm,
996 4300 1269 4374 benedixit,
1295 4312 1341 4351 et
1366 4301 1533 4374 oscula
1549 4300 1729 4371 libans,

363 4375 433 4422 Ac
458 4363 718 4433 geminatis
740 4370 871 4418 dono
895 4368 1205 4433 cumulatum
1226 4363 1447 4433 muneris
1461 4363 1577 4411 almi

364 4427 570 4498 Peréere
596 4435 846 4483 laetantem
868 4432 1103 4495 amplexu
1130 4428 1322 4478 dimisit
1347 4427 1550 4480 honoro,

376 4558 531 4612 Anno
580 4555 687 4610 940
740 4554 967 4630 Hugone
1029 4550 1293 4607 Hcriberti
1349 4544 1779 4602 Vermandensis
1832 4559 1925 4599 co-

300 4645 457 4700 rnitis
502 4643 642 4710 ﬁlio,
680 4643 750 4698 ad
785 4642 974 4698 sedem
1008 4638 1298 4695 Remensis
1339 4636 1596 4691 Ecclesia).
1642 4635 1695 4688 in
1742 4633 1924 4688 locum

299 4733 510 4788 Artaldi
564 4731 1008 4803 superordinato,
1062 4726 1402 4783 Flodoardus
1455 4725 1658 4780 factum
1714 4724 1926 4795 impro-

302 4826 464 4892 bans,
494 4823 998 4897 peregrinationem
1028 4821 1097 4875 ad
1126 4819 1314 4874 limina
1340 4817 1511 4872 sancti
1544 4815 1756 4871 Martini
1786 4832 1927 4886 prte-

303 4918 498 4983 texuit,
543 4917 641 4971 sed
674 4917 742 4970 ab
792 4915 1081 4970 Heriberto
1121 4920 1371 4968 retentus
1416 4919 1519 4965 est.
1567 4909 1699 4963 Rem
1745 4916 1927 4963 narrat

303 5008 502 5062 iisdem
531 5023 675 5078 pene
703 5004 889 5059 verbis
926 5002 1260 5058 Flodoardus
1281 5000 1404 5072 ipse
1427 5007 1539 5055 tum
1566 4999 1621 5052 in
1653 4998 1926 5054 Chronico

302 5097 375 5151 ad
418 5097 568 5151 illum
602 5111 828 5158 annum,
870 5101 984 5147 tum
1032 5094 1086 5147 in
1138 5092 1374 5146 llisloria
1421 5088 1701 5144 Remensi.
1750 5088 1927 5143 Verba

307 5189 426 5257 ejus
452 5187 744 5244 referenda
775 5194 926 5251 sunt,
974 5192 1032 5240 ut
1058 5192 1321 5257 appareat
1349 5184 1603 5238 eumdem
1647 5182 1927 5255 utriusque

305 5283 493 5351 operis
543 5296 663 5335 esse
693 5285 993 5333 auctorem.
1053 5277 1355 5348 Sicitaque
1387 5278 1442 5331 in
1495 5277 1766 5332 Chronico
1822 5279 1925 5333 ha-

306 5370 440 5425 bet:
501 5392 531 5422 α
574 5370 685 5443 Ego
717 5369 960 5441 denique
1001 5368 1304 5440 disponens
1332 5367 1600 5424 orationis
1626 5365 1802 5441 gratia
1840 5380 1929 5418 se-

307 5464 562 5534 pulcrum
622 5462 797 5516 sancti
850 5461 1067 5515 Martini
1124 5460 1323 5523 visere,
1386 5469 1630 5517 retentus
1680 5476 1801 5515 sum
1858 5457 1928 5512 ab

2010 2930 2179 2986 bente
2208 2929 2313 2985 sub
2357 2931 2607 2987 custodia
2637 2930 2833 3002 partim
2884 2931 3081 2997 libera,
3114 2946 3234 2985 sum
3264 2931 3540 2987 detentus.
3598 2955 3624 2979 ι·

2009 3023 2141 3078 Tum
2173 3023 2282 3077 alia
2330 3024 2460 3078 inde
2488 3030 2784 3078 consecuta
2811 3022 3020 3090 subdit,
3058 3037 3259 3093 nempe
3285 3038 3349 3077 se
3394 3023 3625 3080 absolu-

2012 3123 2125 3171 tum
2157 3131 2187 3169 a
2213 3116 2464 3171 custodia
2506 3136 2533 3163 «ι
2576 3116 2699 3186 ipsa
2724 3115 2815 3171 die
2842 3112 3227 3186 conceptionis
3269 3122 3324 3170 et
3354 3117 3629 3187 passionis

2012 3207 2228 3262 Domini
2262 3207 2431 3262 nostri
2461 3207 2588 3262 Jesu
2616 3207 2838 3274 Christi,
2864 3207 2934 3263 ad
2956 3206 3152 3261 urbem
3180 3206 3567 3264 Suessonicam
3603 3234 3628 3257 -

2012 3311 2136 3351 cum
2187 3311 2286 3351 suo
2315 3296 2492 3350 electo
2538 3296 2869 3367 perrexisse,
2909 3294 3006 3350 ubi
3054 3295 3303 3369 Hugonis
3354 3296 3630 3353 ordinatio

2011 3386 2334 3444 confirmata
2365 3395 2451 3444 est
2477 3388 2534 3442 in
2558 3395 2833 3444 conventu
2863 3388 3275 3459 episcOporum.
3315 3411 3330 3436 ο
3371 3386 3453 3445 lbi
3473 3404 3628 3464 ergo,

2014 3480 2218 3552 inquit,
2265 3481 2420 3555 Hugo
2476 3481 2737 3552 princeps
2787 3491 2919 3538 tunc
2961 3501 3051 3539 me
3104 3500 3208 3556 per
3258 3500 3481 3539 manum
3537 3499 3632 3540 ac-

2013 3572 2246 3643 cipiens,
2275 3572 2406 3627 huic
2461 3574 2675 3649 ilugoni
2708 3576 2894 3646 nepoti
2925 3593 3024 3633 suo
3069 3577 3137 3632 ad
3168 3576 3630 3633 benefaciendum

2015 3666 2313 3727 commisit.
2343 3666 2550 3738 quique
2593 3667 2732 3722 mihi
2762 3669 3052 3725 ecclesiam
3082 3678 3287 3726 sanctae
3322 3669 3503 3725 Marire
3536 3670 3635 3726 de-

2016 3754 2098 3809 dit
2126 3755 2182 3819 in
2213 3755 2434 3811 Colrido
2462 3757 2676 3824 (Coroy)
2712 3757 2872 3813 sitam
2904 3775 2920 3812 :
2975 3765 3176 3814 terram
3217 3774 3440 3830 quoque
3470 3773 3631 3830 quam

2018 3853 2174 3913 pater
2201 3860 2335 3900 suus
2361 3845 2496 3899 mihi
2516 3844 2822 3902 abstulerat
2847 3847 3114 3911 reddidit,
3144 3854 3200 3902 et
3228 3847 3391 3901 aliam
3418 3847 3474 3900 in
3502 3862 3638 3918 prae-

2019 3934 2165 3989 dicta
2193 3933 2325 3986 villa
2354 3933 2746 4003 superadjecit.
2786 3956 2805 3984 ι
2839 3935 2916 3990 Ex
2945 3935 3033 3989 his
3060 3943 3295 3998 constat,
3327 3934 3635 3992 Flodoardo

2019 4029 2147 4076 ante
2200 4035 2404 4075 annum
2443 4019 2551 4076 940
2578 4022 2927 4079 commissam
2973 4022 3144 4079 fuisse
3170 4039 3358 4078 curam
3386 4025 3637 4080 ecclesiae

2021 4110 2535 4166 Culmisciacensis:
2592 4126 2657 4165 ac
2693 4111 2929 4182 proinde
2977 4120 3104 4168 ante
3141 4113 3367 4186 Agapeti
3400 4110 3636 4185 pontiﬁ-

1943 4227 1996 4298 C
2024 4208 2227 4298 catum,
2252 4200 2396 4298 “qui
2424 4215 2573 4255 anno
2624 4201 2732 4298 9i6
2773 4202 2971 4257 sedere
3009 4201 3200 4272 coepit,
3254 4202 3637 4277 presbyterum

2023 4289 2212 4345 fuisse.
2246 4290 2400 4354 Quod
2449 4306 2612 4362 quam
2641 4290 2715 4345 ob
2760 4307 2981 4346 causam
3012 4292 3103 4346 hic
3156 4302 3367 4361 notem,
3411 4294 3641 4352 inferius

2022 4379 2324 4435 videbitur.
2381 4380 2537 4433 Anno
2574 4380 2671 4434 941
2732 4379 3067 4435 Flodoardus
3098 4380 3347 4457 Hugonis
3402 4407 3425 4433 ι
3480 4383 3637 4453 jussu

2024 4467 2259 4539 primum
2287 4468 2355 4523 de
2394 4467 2593 4524 exsilio
2632 4477 2909 4524 evocatur.
2944 4493 2970 4517 ι»

2100 4557 2249 4611 idem
2318 4556 2532 4627 synodo
2581 4557 2915 4611 Virdunensi
2969 4573 3115 4613 anno
3180 4558 3284 4614 947
3340 4560 3638 4631 interfuit,

2025 4652 2087 4701 ut
2125 4662 2189 4701 ex
2226 4661 2294 4701 eo
2324 4645 2620 4721 colligitur,
2651 4647 2800 4717 quod
2829 4652 2955 4717 post
2980 4647 3273 4719 synodum,
3314 4651 3639 4719 Mansimus,

2028 4734 2120 4800 ait,
2168 4750 2287 4790 cum
2314 4736 2565 4791 Rotberto
2599 4737 2926 4803 Trevirensi,
2966 4752 3168 4808 nempe
3224 4737 3343 4808 ipse
3373 4747 3428 4794 et
3453 4741 3637 4796 Artol-

2028 4828 2149 4884 dus.
2184 4829 2313 4892 Quae
2360 4826 2531 4882 verba
2568 4826 2866 4899 utrobique
2910 4829 3105 4884 eadem
3134 4830 3393 4905 leguntur
3439 4839 3553 4887 tum
3586 4833 3639 4887 in

2030 4917 2300 4972 Chronico
2348 4918 2417 4972 ad
2463 4917 2786 4989 praedictum
2842 4934 3070 4986 annum,
3118 4928 3230 4976 tum
3280 4920 3333 4975 in
3381 4922 3639 4988 Historia,

2026 5008 2127 5064 lib.
2174 5026 2248 5076 ιν,
2279 5025 2402 5080 cap.
2451 5008 2541 5065 25.
2578 5010 2651 5065 De
2678 5024 2745 5065 eo
2773 5010 2911 5064 nihil
2950 5011 3191 5082 amplius
3219 5012 3423 5087 legitur
3448 5014 3516 5069 ad
3546 5031 3646 5069 an-

2029 5115 2159 5153 num
2186 5099 2312 5165 962,
2342 5115 2452 5169 quo
2473 5114 2621 5153 anno
2652 5099 2804 5173 Hugo
2832 5099 3287 5173 archiepiscOpus
3314 5103 3366 5157 in
3390 5104 3641 5159 ordinem

2031 5179 2305 5253 redactus,
2356 5196 2521 5260 atque
2570 5188 2855 5247 Odalricus
2898 5189 3019 5257 ejus
3058 5191 3179 5248 loco
3229 5190 3490 5247 suffectus
3539 5198 3641 5246 est.

2030 5277 2285 5335 Chronici
2317 5277 2435 5331 haec
2461 5276 2629 5333 verba
2655 5289 2819 5333 sunt:
2859 5303 2877 5327 ι
2912 5278 3191 5354 Elegimus
3223 5282 3292 5337 ad
3323 5284 3643 5354 episcopum

2030 5370 2360 5431 Remensem
2411 5366 2719 5422 Odalricum
2760 5364 3029 5425 illustrem
3081 5371 3364 5441 clericum,
3398 5370 3644 5444 Hugonis

2030 5462 2314 5532 cujusdam
2364 5460 2583 5516 comitis
2630 5459 2827 5527 ﬁlium,
2862 5483 2887 5513 ››
2922 5471 3031 5519 etc.
3080 5464 3328 5536 Denique
3358 5478 3503 5521 anno
3553 5476 3642 5516 se—

306 5552 598 5607 Ileriberto
626 5550 847 5612 comite,
878 5550 1016 5605 clam
1056 5565 1143 5604 me
1166 5548 1504 5622 quibusdam
1536 5549 2006 5653 accusantibusD
2029 5551 2222 5624 quenti
2259 5572 2281 5603 ι
2313 5550 2598 5606 Odalricus
2636 5549 2924 5607 Remensis
2952 5554 3409 5625 archiepiscopus
3445 5564 3646 5622 proce-

307 5646 458 5716 apud
505 5660 654 5711 eum,
696 5641 845 5714 quod
877 5642 962 5698 sui
1008 5659 1171 5699 causa
1219 5641 1540 5700 nocumenti
1579 5640 1666 5697 vel
1715 5641 1809 5697 lilii
1840 5639 2001 5697 sui"
2030 5658 2117 5698 res
2170 5641 2435 5708 Francim,
2476 5640 2571 5713 qui
2622 5643 3007 5711 possessiones
3045 5643 3307 5714 quasdam
3358 5639 3649 5698 Remensis

600 5745 879 5807 PATROL.
929 5742 1256 5808 CXXXV.

174 5862 439 6097 αἰχ

3355 5747 3390 5808 1
