4038 6166
422 291 529 383 υ..

1464 278 1901 371 FLQDOARDUS
1940 277 2306 338 CANONICUS
2346 282 2689 342 REMENSIS.

3676 303 3747 358 12

420 430 824 497 occupaverant
863 417 1141 485 Ecclesiae,
1171 414 1354 472 vocari
1396 413 1547 468 fecit.
1577 412 1689 488 Ego
1728 428 1879 479 vero,
1903 412 2036 467 sub-
2049 409 2112 483 Α
2135 411 2332 467 melior
2360 412 2553 469 abbas.
2587 415 2662 467 Ab
2691 417 2920 490 Agapito
2960 436 3102 490 papa
3134 420 3309 476 factus
3342 422 3442 478 l‘uit
3467 428 3747 484 sacerdos.

421 516 503 571 dit
554 513 911 579 Flodoardus,
964 508 1168 564 fractus
1205 514 1389 571 astate,
1422 513 1480 561 et
1530 503 1751 559 attritus
1802 502 2037 557 inlimi-

422 613 551 671 tate,
600 601 906 659 ministerio
937 615 1026 654 me
1070 596 1323 652 abdicavi
1363 594 1670 666 praelatum
1722 608 1906 647 coram
1937 608 2036 647 eo-

419 696 545 749 dem
594 692 825 766 praesule
857 711 868 745 :
924 689 1130 761 quique
1158 701 1242 741 me
1270 686 1379 741 hoc
1428 682 1721 738 absolvens
1743 682 1898 756 jugo,
1931 682 2033 737 im-

419 785 602 857 posuit
644 783 781 838 illud
807 799 907 854 per
933 778 1262 837 electionem
1292 780 1519 835 fratrum
1549 791 1799 832 meorum
1843 774 2034 845 nepoti

418 893 543 934 meo
580 876 887 933 Flodoardo
941 874 1351 947 septuagesimo
1388 872 1565 928 aetatis
1617 886 1755 925 meae
1794 884 1959 924 anno.
2005 893 2031 915 ιι

420 971 692 1027 Hactenus
718 967 1054 1024 Flodoardus
1096 966 1166 1020 de
1195 965 1404 1037 seipso.

489 1062 750 1125 Quaenam
776 1058 848 1114 sit
873 1057 967 1112 illa
989 1056 1309 1126 przlatura,
1350 1068 1516 1125 quam
1547 1050 1843 1119 abdicavit,
1873 1051 2035 1107 valde

416 1152 715 1208 obscurum
770 1158 872 1205 est.
917 1148 1026 1204 Hoc
1068 1145 1297 1202 nomine
1320 1144 1442 1199 sine
1472 1143 1644 1199 dubio
1684 1143 2031 1219 intelligitur,

418 1262 529 1303 non
584 1246 818 1319 simplex
848 1242 1102 1302 canonici
1140 1240 1352 1307 titulus,
1405 1238 1504 1295 sed
1546 1239 1632 1295 vel
1673 1240 2034 1311 praepositum

418 1338 667 1394 ecclesiae
726 1337 1013 1394 Remensis
1077 1337 1228 1407 (nam
1282 1346 1339 1392 et
1405 1336 1769 1408 pmpositos,
1838 1335 2031 1391 saltem

417 1427 835 1494 monasterium,
883 1425 1182 1499 aliquando
1204 1427 1462 1497 praelatos
1514 1426 1820 1497 appellatos
1846 1428 2033 1501 legere

419 1519 691 1589 memini),
738 1520 824 1575 vel
853 1517 1093 1594 dignitas
1128 1517 1441 1577 abbatialis.
1483 1518 1751 1573 Abbatem
1798 1519 2029 1591 quippe,

415 1607 527 1665 imo
556 1616 612 1664 et
636 1608 967 1664 monachum
999 1607 1173 1664 fuisse
1200 1608 1566 1665 Flodoardum
1599 1609 1837 1680 probant
1864 1625 2030 1682 argu-

415 1704 600 1752 menta
630 1708 685 1753 et
716 1697 920 1754 indicia
949 1710 1060 1753 non
1090 1712 1283 1768 pauca.
1313 1697 1495 1753 Primo
1526 1697 1583 1751 id
1614 1700 1842 1769 praacise
1866 1698 2031 1754 tradit
2051 1731 2106 1802 B

414 1791 647 1863 epistola
668 1791 895 1866 Adelagi
919 1807 1019 1847 seu
1040 1790 1309 1866 Adelgagi
1328 1791 1640 1847 Bremensis
1662 1792 2032 1864 archiepisco-

414 1882 471 1953 pi
486 1883 875 1954 etapostolicie
893 1883 1045 1938 sedis
1061 1883 1224 1954 legati
1238 1884 1307 1937 ad
1328 1882 1714 1950 Flodoardum,
1730 1900 1837 1955 qua
1850 1884 2030 1955 ipsum

411 1972 747 2037 consolatur,
791 1972 939 2044 quod
970 1973 1039 2026 ad
1064 1972 1384 2029 cathedram
1416 1972 1668 2029 ecclesiae
1694 1974 2033 2030 Noviomen-

412 2063 491 2119 sis
516 2064 752 2131 electus,
791 2065 1081 2121 Fulcherio
1112 2066 1312 2121 cedere
1350 2074 1574 2122 coactus
1602 2068 1693 2123 sit.
1736 2067 2031 2139 Inscriptio

413 2156 663 2227 epistolis
707 2157 791 2213 sic
819 2157 984 2213 habet
1014 2175 1028 2212 :
1062 2159 1369 2214 Frodoardo
1400 2161 1563 2215 Patri
1587 2163 1856 2229 Remensi,
1911 2177 2034 2217 ver-

413 2248 537 2303 bum
561 2250 740 2319 pacis.
781 2249 1032 2305 Fortasse
1061 2250 1379 2325 legendum,
1415 2252 1729 2322 presbytero
1761 2255 2028 2308 Remensi.

414 2341 474 2394 ln
505 2339 610 2395 hac
637 2348 820 2396 autem
874 2340 1110 2412 epistola
1149 2357 1273 2413 quae
1299 2343 1529 2400 omnino
1565 2344 1781 2401 sincera
1819 2352 1875 2400 et
1922 2361 2029 2420 ge-

413 2429 588 2487 nuina
635 2430 874 2498 videtur,
909 2432 1298 2499 Flodoardum,
1359 2456 1380 2484 ι
1426 2433 1703 2491 beneﬁcio
1755 2434 2031 2505 deposito,

412 2520 469 2576 in
499 2520 858 2578 solitudinem
889 2530 945 2579 et
975 2525 1295 2581 monasterii
1328 2525 1594 2581 latebram
1654 2546 1679 2578 υ
1730 2526 2032 2582 secessisse

412 2606 644 2669 testatur
693 2614 1025 2689 Adelgagus,
1093 2617 1188 2688 qui
1252 2617 1395 2672 hanc
1455 2618 1748 2689 epistolam
1809 2618 2034 2689 scripsit

407 2718 552 2758 anno
596 2703 726 2770 951,
750 2706 900 2773 prid.
941 2706 1171 2760 Kalend.
1209 2706 1468 2761 Octobris.
1522 2709 1602 2761 An
1654 2714 1787 2763 tunc
1815 2715 2034 2779 pastore

409 2791 673 2848 destituta
699 2790 868 2848 fuerit
895 2794 1134 2853 ecclesia
1160 2794 1545 2857 Novomensis,
1586 2811 1698 2852 non
1724 2797 1860 2852 satis
1897 2813 2036 2853 con-

411 2886 519 2934 stat
542 2894 611 2935 ex
640 2879 931 2937 Flodoardi
976 2882 1268 2954 Chronico,
1298 2884 1356 2938 in
1389 2901 1501 2957 quo
1532 2885 1753 2942 Rodulﬁ
1785 2884 2033 2959 episcOpi

411 2968 690 3047 ordinatio
737 2970 966 3041 ponitur
1001 2987 1148 3027 anno
1187 2972 1313 3040 950,
1363 2984 1421 3030 et
1447 2974 1674 3042 deinde,
1728 2979 1879 3033 nulla
1908 2980 2029 3051 ejus

2137 500 2215 554 Ex
2258 501 2380 569 ejus
2412 502 2649 558 HiStoria
2676 506 2849 559 multa
2884 522 3025 562 nova
3053 509 3216 573 scies,
3260 521 3316 565 et
3365 512 3419 566 in
3451 513 3543 568 illa
3584 522 3754 572 totam

2136 593 2520 664 antiquitatem
2552 595 2795 650 hauries.
2859 620 2879 648 η
2939 599 3085 653 Belle
3130 602 3378 670 omnino,
3412 605 3511 658 sed
3568 614 3749 662 tamen

2134 685 2366 741 verbum
2408 689 2564 754 aubé,
2597 689 2746 759 quod
2780 688 2837 743 in
2887 698 3042 746 sexto
3082 708 3242 747 versu
3276 694 3492 767 legltur,
3551 712 3659 751 non
3689 698 3743 752 id

2134 777 2449 859 signiﬁcare
2505 791 2659 851 puto,
2705 782 2853 853 quod
2888 783 3224 839 Flodoardus
3267 788 3525 842 sacerdos
3571 787 3745 843 factus

2134 871 2206 926 sit
2248 871 2317 925 ab
2350 871 2602 946 Agapito,
2652 872 2747 942 qui
2787 888 2934 927 anno
2982 872 3088 928 9£6
3126 875 3321 929 sedere
3373 877 3556 947 cmpit.
3612 878 3745 932 Nam

2134 971 2263 1019 ante
2279 980 2483 1019 annum
2503 963 2610 1020 910
2636 964 2975 1020 Flodoardus
3006 966 3251 1021 ecclesiae
3269 966 3749 1024 Culmisciacensis

2135 1061 2316 1109 rector
2345 1062 2479 1122 erat,
2514 1072 2579 1109 ex
2618 1055 2782 1110 dictis
2822 1073 2951 1110 num
3015 1058 3066 1121 9,
3102 1073 3167 1111 ac
3197 1057 3431 1127 proinde
3469 1060 3747 1115 sacerdos.

2131 1146 2291 1200 Λυδέ
2318 1147 2437 1201 sine
2467 1147 2639 1203 dubio
2689 1149 2834 1202 idem
2882 1158 2967 1203 est
3005 1165 3069 1203 ac
3112 1148 3298 1203 Latine
3335 1151 3569 1205 albatus.
3609 1152 3747 1215 Quid

2132 1245 2315 1292 autem
2364 1240 2695 1296 vocabulum
2765 1240 2908 1295 istud
2968 1241 3073 1297 hoc
3127 1241 3249 1296 loco
3310 1241 3588 1315 significet
3638 1260 3748 1300 non

2132 1326 2310 1396 capio.
2342 1327 2620 1400 Quidquid
2651 1330 2743 1395 sit,
2787 1345 2854 1384 ex
2882 1330 2967 1384 his
2991 1331 3266 1396 versibus,
3307 1333 3401 1403 qui
3443 1349 3553 1389 non
3586 1335 3748 1409 longe

2132 1418 2200 1485 ab
2252 1417 2360 1472 illis
2398 1418 2742 1489 temporibus
2784 1418 2974 1490 scripti
3016 1430 3162 1486 sunt,
3205 1421 3441 1489 elicitur,
3484 1424 3746 1479 Flodoar-

2132 1507 2283 1568 dum,
2354 1508 2604 1564 llistorite
2665 1508 2949 1563 Bernensis
3008 1510 3353 1580 scriptorem,
3413 1514 3746 1569 monachum

2130 1595 2300 1651 fuisse
2340 1604 2396 1650 et
2443 1596 2723 1651 abbatem.
2756 1597 2816 1651 Id
2856 1598 3003 1668 quod
3034 1613 3144 1653 non
3183 1599 3361 1654 solum
3401 1601 3745 1672 Sigebertus,

2130 1690 2227 1744 sed
2265 1688 2431 1744 etiam
2470 1688 2730 1764 Adclgagi
2769 1690 3003 1761 epistola
3039 1700 3399 1759 contestatur,
3458 1709 3582 1765 qua:
3620 1711 3746 1751 mox

2132 1776 2345 1852 integra
2374 1776 2667 1833 referenda
2696 1788 2800 1833 est.

2202 1888 2379 1944 Unum
2439 1896 2630 1943 contra
2693 1889 2836 1944 hanc
2891 1889 3180 1959 epistolam
3253 1891 3463 1962 opponi
3525 1900 3746 1962 potest,

2130 1991 2332 2047 nempe
2371 1977 2521 2047 quod
2570 1977 2732 2032 inlea
2780 1978 3001 2052 legitur,
3053 1978 3417 2034 Flodoardum
3459 1980 3574 2049 jam
3618 1990 3748 2036 ante

2130 2081 2336 2120 annum
2373 2066 2471 2121 951
2505 2067 2833 2137 deposuisse
2887 2066 3263 2134 beneficium;
3304 2084 3428 2123 cum
3461 2085 3526 2123 ex
3575 2069 3750 2125 Chro-

2132 2157 2243 2212 nici
2274 2164 2554 2229 postremo
2586 2159 2707 2213 loco
2731 2159 2987 2229 superius
3018 2159 3190 2214 relato
3209 2168 3447 2227 constet,
3476 2176 3599 2215 eum
3632 2176 3742 2215 non

2132 2248 2238 2303 nisi
2291 2264 2437 2304 anno
2486 2249 2593 2305 964
2649 2251 2998 2321 ρι’ωιιιιυιειιι
3049 2250 3359 2307 abdicasse.
3405 2253 3513 2307 Sed
3551 2252 3743 2323 reponi

2131 2348 2335 2411 potest,
2368 2341 2603 2409 beneﬁcii
2631 2341 2856 2397 nomine
2884 2342 2954 2396 ab
2985 2342 3264 2416 Adelgago
3290 2344 3523 2417 intelligi
3556 2357 3746 2397 curam

2131 2428 2380 2484 ecclesiae
2410 2429 2911 2497 Culmisciacensis,
2945 2441 3001 2485 et
3032 2430 3248 2485 titulum
3276 2448 3440 2503 quem
3473 2434 3529 2486 in
3562 2432 3748 2487 eccle-

2131 2520 2215 2575 sia
2272 2521 2529 2576 Remensi
2578 2521 2901 2592 possidebat
2941 2539 2956 2575 :
2996 2532 3071 2577 at
3116 2525 3432 2592 prmiaturaz
3477 2524 3749 2580 vocabulo

2132 2608 2433 2684 signiﬁcari
2483 2610 2818 2665 abbatialem
2872 2612 3199 2685 dignitatem
3251 2629 3416 2685 quam
3466 2613 3751 2669 Odalricns

2136 2723 2163 2751 α
2205 2720 2305 2774 per
2329 2703 2657 2759 electionem
2680 2704 2929 2771 fratrum,
2956 2731 2978 2750 -
3008 2704 3063 2758 id
3095 2708 3605 2773 estmonacborum,
3629 2706 3750 2761 Flo-

2134 2791 2326 2848 doardi
2359 2793 2549 2863 nepoti
2581 2792 2896 2867 cognomini
2927 2792 3276 2864 imposuerit.

2210 2901 2372 2969 Cujus
2410 2918 2562 2979 ergo,
2618 2903 2826 2975 inquis,
2865 2903 3211 2969 monasterii,
3260 2904 3305 2958 si
3358 2920 3590 2976 usquam
3630 2918 3750 2958 mo-

2130 2996 2339 3050 nachus
2369 3003 2424 3051 et
2449 2995 2621 3049 abbas
2644 2994 2750 3050 fuit
2776 2994 2804 3048 ?
2831 2996 3086 3050 Marlotus
3117 3012 3183 3050 ex
3208 2998 3488 3052 communi
3513 3007 3750 3054 senten-

408 3062 600 3164 οδίιξξδ
623 3065 1128 3169 ῐηθηῑίρηῗιῖεξειδιν.
1163 3069 1511 3169 αιξυιρπίιιε
1546 3072 1800 3169 ’ἀθοθιηυε
1837 3090 2030 3131 ῐηοηᾶ-
2052 3097 2104 3169 C
2132 3086 2207 3140 tia
2244 3086 2455 3154 scribit,
2482 3102 2608 3141 eum
2647 3088 2990 3142 monasticen
3022 3087 3269 3143 induisse
3307 3088 3454 3158 apud
3492 3096 3745 3143 sanctum
3829 3104 3838 3112 '

410 3153 565 3209 sterii
636 3155 813 3210 sancti
889 3155 1134 3215 Medardi
1206 3156 1659 3215 Noviomensinm
1731 3163 2027 3235 episcOpus

2130 3179 2463 3250 Remigium,
2537 3180 2890 3235 Colvenerius
2961 3180 3170 3235 ibidem
3237 3153 3402 3234 etiam
3487 3180 3745 3235 abbatem

408 3246 597 3303 Remis
623 3247 912 3314 ordinatus
938 3267 970 3300 ι)
997 3248 1203 3305 dicitur
1227 3266 1374 3306 anno
1411 3252 1537 3308 954.
1569 3254 1621 3308 Si
1649 3256 1854 3311 mendo
1880 3266 2029 3313 caret

408 3339 468 3393 in
495 3339 759 3409 praedicta
787 3339 1023 3411 epistola
1046 3341 1176 3397 anni
1223 3342 1556 3416 designatio,
1585 3345 1880 3403 dicendum
1922 3359 2025 3416 est,

409 3427 705 3485 Rodulfum
750 3444 897 3486 anno
940 3429 1010 3486 ab
1053 3430 1176 3500 ejus
1221 3432 1574 3490 ordinatione
1622 3437 1870 3506 proximo
1922 3440 2019 3495 951

406 3520 640 3590 abiisse,
670 3522 875 3578 deinde
905 3523 963 3577 in
992 3523 1253 3596 eligendo
1284 3542 1607 3583 successore
1651 3528 1829 3584 divisa
1856 3530 2026 3588 fuisse

407 3606 690 3683 suﬁ'ragia,
735 3611 861 3666 aliis
891 3611 1196 3670 Flodoardo
1226 3614 1560 3682 faventibus,
1618 3618 1745 3672 aliis
1774 3620 2024 3676 Fulcario

407 3716 507 3756 seu
552 3702 864 3771 Fulcherio,
894 3704 991 3776 qui
1022 3705 1244 3761 tandem
1284 3709 1540 3779 superior
1567 3711 1859 3766 exstiterit.
1915 3713 2025 3769 Nec

407 3790 610 3863 aliquis
655 3792 822 3863 dicat,
873 3792 1043 3849 alium
1088 3811 1211 3851 esse
1255 3796 1423 3863 hunc,
1471 3798 1540 3853 de
1585 3815 1695 3870 quo
1747 3802 1928 3875 agitur
1968 3802 2023 3856 in

407 3882 641 3954 epistola
667 3884 950 3955 pmdicta,
979 3886 1346 3944 Flodoarduzn
1368 3908 1386 3945 :
1426 3905 1551 3945 cum
1585 3897 1818 3964 tempus,
1850 3894 2020 3963 locus,

404 3982 710 4048 caeteraque
762 3977 952 4032 omnia
996 3980 1348 4036 conveniant.
1385 3980 1547 4037 Certe
1575 3985 1718 4055 apud
1763 3985 2025 4059 Sigeber-

403 4074 541 4134 tum,
566 4076 814 4124 autorem
843 4070 965 4137 ejus
1007 4086 1327 4141 supparem,
1368 4073 1424 4126 in
1455 4089 1577 4144 cap.
1608 4077 1699 4130 131
1736 4077 1806 4131 de
1836 4078 2019 4149 scrip-

406 4159 620 4214 toribus
640 4160 1055 4229 ecclesiasticis,
1088 4163 1400 4217 Flawaldus
1429 4166 1726 4231 Remensis,
1755 4171 1852 4236 qui
1871 4175 2021 4236 gesta

398 4253 717 4320 pontiﬁcum
741 4254 1081 4308 Remensium
1104 4255 1345 4323 scripsit,
1370 4257 1661 4310 mmmchu:
1686 4258 2015 4328 appellatur.

407 4340 469 4395 Et
520 4340 578 4395 in
619 4347 839 4397 vetusto
862 4342 1149 4414 epitaphio
1199 4344 1421 4400 Gallicis
1463 4346 1733 4416 rhythmis
1788 4347 2015 4419 scripto,

404 4431 553 4504 quod
596 4449 628 4487 a
660 4432 852 4491 Bulaio
912 4435 1143 4490 relatum
1178 4446 1284 4502 est,
1323 4436 1470 4492 idem
1520 4439 1804 4505 asseritur,
1844 4441 1923 4496 uti
1963 4450 2019 4499 et

408 4524 699 4580 Flodoardi
739 4526 917 4597 patria
962 4535 1018 4583 et
1064 4528 1306 4603 dignitas
1360 4529 1676 4586 abbatialis.
1712 4531 1789 4586 En
1839 4534 2020 4606 epita-

406 4613 596 4684 phium
623 4631 638 4669 :

617 4705 682 4760 Si
708 4708 754 4760 ti
777 4722 877 4761 neu
903 4708 971 4762 de
997 4710 1131 4764 Rcin
1157 4713 1339 4766 savoir
1368 4714 1411 4766 li
1436 4714 1665 4784 Eveque,

616 4798 729 4865 Lye
748 4799 797 4852 le
824 4802 1151 4869 temporaire
1185 4802 1254 4856 de
1278 4804 1515 4860 Fladoon
1544 4806 1592 4860 le
1618 4808 1787 4876 saige.

622 4888 758 4943 Yles
785 4904 903 4943 mor
938 4891 1017 4945 du
1042 4896 1153 4947 tam
1172 4893 1434 4962 d‘Odalry
1464 4898 1698 4966 Eaeque,

617 4981 686 5034 Et
711 4978 805 5046 fut
831 4981 1154 5054 d‘Eparnay
1172 4988 1237 5040 ne
1259 4988 1368 5056 par
1387 4990 1727 5057 parentaige.
1899 5030 1907 5039 .

625 5071 821 5143 Vequit
860 5078 1007 5129 caste
1035 5075 1202 5144 ϐία-ο,
1239 5076 1344 5132 bon
1366 5079 1568 5143 Moine,
1608 5080 1824 5136 meilleu
1852 5080 2015 5137 Abbé.

617 5164 689 5217 Et
710 5162 979 5234 d‘Agapit
1008 5163 1065 5233 ly
1091 5166 1330 5221 Romain
1359 5167 1446 5234 fut
1470 5167 1626 5224 aubé.

618 5256 732 5311 Par
756 5271 852 5313 son
878 5258 1101 5313 histoire
1121 5261 1348 5314 maintes
1374 5262 1605 5319 novelles
1632 5277 1849 5326 δίων-αδ.

616 5346 687 5400 Et
703 5346 868 5400 cuius
885 5350 1055 5403 toutes
1074 5351 1344 5419 antiquits
1365 5365 1552 5406 auras.
1710 5337 1721 5346 ’

399 5431 557 5500 Quod
587 5433 662 5490 ita
687 5435 932 5492 reddidit
975 5437 1192 5493 Bulaeus
1220 5456 1235 5492 :
1268 5465 1293 5487 κ
1327 5438 1382 5495 Si
1408 5439 1491 5495 vis
1520 5455 1685 5497 nosse
1715 5441 2018 5499 Remenses

396 5526 869 5599 archiepiscopos,
916 5528 1039 5604 lege
1076 5530 1387 5589 Chronicon
1431 5533 1721 5592 Flodoardi
1768 5537 1936 5594 docti.
1967 5540 2017 5597 ls

395 5619 509 5674 fato
536 5618 757 5676 functus
785 5627 869 5676 est
895 5628 1147 5694 tempore
1177 5623 1413 5682 Odalrici
1444 5628 1723 5698 praesulis,
1746 5629 2016 5690 oriundus

392 5722 460 5763 ex
480 5710 780 5781 Sparnaco.
811 5710 953 5767 Vixit
977 5718 1163 5769 castus
1185 5713 1442 5783 clericus,
1487 5715 1670 5774 bonus
1690 5721 2011 5793 monachus,

2128 3270 2314 3327 fuisse.
2350 3272 2503 3337 Quod
2538 3279 2835 3344 utrumque
2864 3287 3060 3328 vereor
3089 3279 3149 3325 ut
3176 3287 3369 3326 verum
3401 3271 3491 3325 sit.
3525 3271 3658 3325 Nam
3690 3272 3747 3325 in

2126 3372 2383 3419 accurato
2422 3380 2588 3436 quem
2639 3363 2906 3419 habemus
2945 3363 3129 3417 indice
3168 3371 3281 3417 tum
3322 3362 3584 3417 abbatum
3618 3362 3747 3417 illu-

2124 3452 2251 3508 stris
2308 3452 2466 3508 istius
2525 3452 2786 3518 coenobii,
2846 3460 2959 3506 tum
3015 3452 3435 3517 monachorum,
3496 3456 3590 3522 qui
3646 3450 3748 3505 sub

2124 3561 2462 3617 unoquoque
2489 3544 2691 3599 abbate
2721 3543 3064 3607 devixerunt,
3107 3542 3292 3596 nullus
3322 3542 3597 3612 reperitur
3626 3542 3750 3597 Flo-

2124 3636 2388 3703 doardus,
2420 3636 2484 3691 Et
2517 3636 2742 3707 quidem
2775 3651 2805 3689 a
2842 3634 3198 3689 restitutione
3229 3633 3542 3703 disciplinas
3584 3650 3748 3707 regu—

2126 3725 2260 3780 laris
2289 3724 2499 3779 ibidem
2537 3724 2701 3790 facta,
2737 3722 2947 3794 primus
2976 3723 3150 3777 abbas
3190 3722 3292 3777 fuit
3324 3722 3647 3777 Hincmarus
3675 3722 3743 3777 ab

2122 3832 2269 3872 anno
2299 3816 2406 3872 945
2437 3816 2493 3869 in
2525 3831 2701 3871 annos
2743 3833 2851 3869 χχιι
2883 3833 2895 3868 :
2938 3831 3048 3886 quo
3081 3831 3147 3869 ex
3191 3815 3402 3869 calculo
3438 3814 3746 3869 excluditur

2124 3909 2480 3966 Flodoardus.
2522 3908 2623 3961 Alii
2664 3924 2943 3962 secessum
2984 3907 3035 3961 ei
3082 3906 3333 3961 tribuunt
3372 3905 3426 3959 in
3467 3914 3746 3960 monaste-

2124 4001 2264 4056 rium
2309 4000 2483 4055 sancti
2536 3999 2735 4066 Basoli,
2783 3998 2877 4053 ubi
2930 3997 3103 4052 abbas
3149 4005 3343 4068 postea
3390 4005 3602 4052 creatus
3648 3999 3738 4052 sit.

2123 4092 2287 4147 Favet
2315 4091 2464 4163 quod
2495 4090 2574 4144 ibi
2606 4090 2745 4145 duos
2776 4089 3032 4144 habuerit
3057 4089 3537 4159 consanguineos,
3568 4104 3744 4143 avun-

2119 4179 2227 4232 culi
2269 4179 2352 4232 sui
2393 4177 2557 4244 filios,
2599 4186 2658 4231 ut
2697 4178 2816 4247 ipse
2855 4177 2932 4231 ait
2969 4177 3023 4229 in
3064 4176 3139 4229 lib
3184 4193 3241 4241 ιι,
3282 4192 3403 4245 cap.
3446 4176 3500 4230 3.
3544 4176 3735 4230 Verum

2116 4264 2256 4324 illud
2286 4267 2469 4324 obstat
2513 4268 2663 4338 quod
2693 4283 2838 4322 anno
2887 4268 3011 4334 952,
3044 4283 3111 4321 ex
3160 4265 3453 4332 Chronico,
3487 4267 3742 4343 Artoldu_s

2116 4361 2570 4432 archiepiscopus
2604 4381 2630 4410 υ
2664 4360 2718 4414 in
2752 4361 3098 4416 monasterio
3116 4360 3291 4415 sancti
3326 4359 3500 4414 Basoli
3543 4338 3738 4414 mon?-

2119 4456 2255 4511 chos
2286 4453 2545 4518 restituit,
2595 4453 2841 4524 expulsis
2883 4453 3101 4508 clericis
3131 4453 3225 4525 qui
3274 4452 3591 4508 serviebant
3640 4452 3769 4531 ἰὴίἸ

2120 4544 2473 4599 committens
2493 4542 2627 4596 illud
2669 4541 2960 4597 Hincmaro
2986 4550 3041 4597 et
3065 4543 3321 4597 Botmaro
3359 4540 3675 4596 abbatibus.
3711 4566 3736 4588 ιι

2120 4634 2284 4706 Atqui
2323 4643 2451 4689 ante
2498 4650 2703 4689 annum
2739 4635 2838 4689 951
2902 4635 3240 4690 Flodoardus
3278 4634 3393 4703 jam
3438 4633 3741 4689 monachus

2121 4734 2259 4794 erat,
2307 4744 2372 4781 ex
2413 4726 2675 4802 Adelgagi
2712 4726 2913 4782 litteris
2953 4727 3020 4795 (si
3062 4734 3246 4781 tamen
3290 4726 3486 4780 vitium
3527 4725 3583 4779 in
3626 4743 3736 4781 nu-

2123 4830 2304 4871 meros
2346 4831 2455 4871 non
2505 4815 2763 4887 irrepsit).
2816 4817 2932 4872 Non
2984 4832 3117 4891 ergo
3164 4815 3310 4886 apud
3362 4816 3416 4870 S.
3463 4815 3734 4877 Basolum,

2118 4907 2214 4963 sed
2256 4909 2440 4979 potius
2464 4910 2612 4981 apud
2634 4909 3088 4977 Altivillarcnses,
3113 4910 3209 4966 ubi
3244 4910 3533 4967 Rotmarus
3563 4911 3740 4966 abbas

2119 5008 2237 5053 erat
2301 4998 2449 5052 [nter
2487 5000 2787 5055 monachos
2826 5000 2946 5069 ejus
2988 5000 3254 5072 temporis
3311 4992 3741 5054 Altivillarenses

2120 5103 2289 5142 unum
2321 5087 2545 5145 invenio
2575 5090 2919 5146 Flodoldum.
2951 5092 3029 5145 An
3062 5092 3154 5147 hic
3182 5090 3518 5146 Flodoardus
3540 5089 3568 5144 ?
3594 5091 3736 5143 Sane

2120 5178 2175 5233 id
2204 5195 2373 5235 unum
2403 5180 2564 5236 nobis
2595 5182 3007 5251 conjiciendum
3039 5190 3225 5248 restat,
3260 5185 3482 5253 quando
3512 5179 3736 5251 quidem

2116 5268 2298 5324 serius
2325 5269 2473 5341 apud
2502 5280 2753 5326 sanctum
2787 5271 3186 5327 Theodericum
3220 5270 3474 5327 monachi
3504 5269 3737 5325 restitud

2116 5366 2264 5425 sunt,
2317 5366 2377 5415 ut
2434 5358 2670 5414 inferius
2724 5359 3061 5416 videbimus.
3108 5361 3248 5416 Poro
3297 5361 3354 5415 in
3412 5359 3734 5415 Altivarensi

2120 5452 2453 5507 monasterio
2507 5451 2765 5506 abbatem
2824 5450 2997 5506 fuisse
3069 5451 3406 5515 Rotmarum,
3472 5451 3562 5507 cui
3613 5466 3737 5507 cum

2117 5538 2408 5596 Hincmaro
2472 5540 2769 5596 commissa
2826 5546 2913 5594 est
2966 5555 3097 5594 cura
3129 5541 3322 5596 restitu
3352 5539 3536 5596 tendaa
3592 5540 3737 5612 apud

2117 5641 2363 5686 sanctum
2392 5632 2641 5688 Basolum
2661 5630 2973 5702 disciplinae
2998 5633 3334 5698 monasticae,
3359 5630 3566 5686 evincit
3599 5647 3741 5703 pras-

2117 5719 2300 5775 dictus
2352 5720 2514 5775 index
2556 5719 3039 5789 Altivillarensium
3092 5721 3511 5786 monachorum,
3573 5736 3736 5791 quem

3670 5895 3772 5965 ’Ν

3646 5946 3657 5959 Ι

3599 5977 3764 6057 θα

3760 6037 3865 6127 ,η
