4038 6166
353 324 424 379 t3
1685 333 1948 397 NOTI’I‘IA
1990 335 2354 402 HISTORICA.
3627 370 3696 425 u

360 459 628 514 nabemus
657 474 722 512 ex
752 471 1067 530 pervetusto
1121 466 1314 522 codice
1361 469 1704 543 Bemigiano,
1763 474 1817 526 in
1869 490 1977 546 quo
1997 473 2056 544 Α
2080 479 2258 533 manis
2284 479 2520 537 edimus.
2546 483 2606 536 ln
2639 483 2724 538 his
2753 484 2909 542 libris
2957 488 3170 562 integra
3211 499 3341 548 sunt
3369 502 3491 551 acta
3517 501 3694 557 sancti

361 551 648 607 Rotmarus
687 561 742 608 et
799 554 1065 612 Bodulfus
1120 559 1354 616 abbates
1395 574 1771 621 recensentur.
1821 567 1976 625 Unde

355 645 636 713 conjicere
691 647 838 714 licet,
895 651 1210 708 Botmarum
1267 657 1509 712 cmnobii
1567 661 1741 715 sancti
1798 662 1972 718 Basoli

353 750 563 801 curam,
599 737 817 795 favente
874 741 1162 800 Hincmaro
1214 747 1432 815 abbate,
1491 749 1819 823 imposuisse
1849 753 1973 809 Flo-

354 827 565 886 doardo
596 837 867 892 monacho
895 853 1016 893 suo.
1052 840 1157 894 Sed
1182 841 1298 897 haec
1320 843 1538 917 longius
1567 863 1668 903 nos
1700 848 1899 905 ferunt.

425 921 716 980 Flodoardi
747 927 960 983 obitum
991 947 1138 987 anno
1169 934 1272 988 966
1322 939 1621 1012 contigisse
1679 942 1841 997 docet
1868 944 1976 1015 Ap-

353 1014 562 1082 pendix
583 1017 650 1070 ad
679 1018 799 1085 ejus
845 1020 1157 1079 Chronicon
1207 1027 1290 1080 his
1319 1029 1505 1085 verbis
1532 1051 1547 1086 :
1583 1054 1611 1083 α
1647 1035 1773 1104 Ipso
1804 1014 1972 1100 anno,

351 1105 614 1162 videlicet
641 1109 766 1176 966,
796 1113 880 1167 vir
909 1113 1033 1169 vitae
1089 1120 1426 1175 venerabilis
1465 1131 1520 1177 et
1549 1124 1841 1180 Remensis
1872 1144 1970 1183 ec-

352 1197 534 1252 clesiae
559 1201 870 1272 presbyter,
917 1208 1141 1262 nomine
1198 1211 1554 1280 Flodoardus,
1603 1218 1812 1274 honore
1842 1235 1972 1274 san-

351 1290 556 1344 ctitatis
585 1297 956 1360 venerandus,
1001 1302 1271 1358 castitatis
1308 1307 1607 1376 splendore
1669 1313 1970 1384 angelicas,

353 1381 565 1458 fulgore
590 1388 878 1457 sapientiae
925 1394 1170 1459 cmlicus,
1234 1405 1665 1474 czeterarumque
1713 1405 1972 1462 virtutum

352 1477 668 1550 insignibus
696 1481 1045 1542 abundanter
1074 1490 1334 1560 oppletus
1361 1497 1724 1564 prmeedentis
1775 1499 1969 1568 libelli,

349 1566 700 1640 aliorumque
757 1573 992 1630 dictator
1060 1582 1366 1656 egregius,
1450 1587 1643 1658 quinta
1702 1566 1973 1648 Kalendas

349 1660 567 1730 Apriles
617 1670 849 1721 terrena:
897 1674 1363 1746 peregrinationis
1406 1680 1730 1754 relinquens
1757 1686 1968 1754 exsilia,

2076 572 2250 628 Patris
2276 575 2449 630 nostri
2507 577 2788 634 Benedicti
2845 588 2901 635 et
2952 583 3128 638 sancti
3171 584 3495 645 Columbani
3551 591 3694 649 alio-

2077 683 2308 739 rumque
2373 678 2728 738 sanctorumt,
2797 689 3030 746 quorum
3098 677 3394 754 Gregorius
3465 683 3694 758 Magnus

2077 771 2131 818 et
2159 764 2217 818 in
2242 765 2483 841 Dialogis
2511 769 2766 824 meminit
2819 769 3144 828 Columbani
3188 775 3365 832 Vitam
3395 779 3538 836 hanc
3566 797 3691 837 me-

2076 858 2265 913 tricam
2307 867 2362 914 et
2411 876 2633 916 carmen
2686 861 2756 917 de
2811 862 2864 918 S.
2918 863 3216 922 Benedicto
3278 868 3472 926 damus
3525 873 3689 932 infra.

2077 947 2364 1004 Browerus
2390 949 2447 1002 in
2501 950 2804 1006 Annalibus
2850 952 3273 1011 Trevirensibus
3322 959 3686 1034 fragmentum

2075 1035 2143 1090 de
2173 1036 2439 1092 Pontifice
2466 1038 2650 1093 Leone
2681 1040 2770 1095 Vll
2803 1040 2969 1097 refert
2999 1058 3064 1097 ex
3108 1045 3300 1101 codice
3354 1048 3689 1120 Trevirensi,

2076 1123 2221 1179 idem
2253 1126 2532 1181 mimirum
2565 1128 2710 1198 quod
2741 1136 3000 1200 superius
3048 1133 3417 1191 exhibuimus.
3443 1137 3691 1211 Denique

2075 1211 2413 1266 Flodoardus
2459 1214 2714 1271 versibus
2775 1217 2939 1272 etiam
2983 1220 3188 1276 cecinit
3223 1224 3486 1281 miracula
3539 1245 3694 1300 quie-

2075 1303 2200 1356 dam
2232 1303 2408 1360 beatae
2437 1305 2638 1375 Mariae,
2680 1308 2748 1364 de
2778 1310 2984 1381 quibus
3013 1314 3127 1387 agit
3170 1315 3226 1368 in
3257 1315 3512 1373 Historiae
3557 1335 3692 1387 suae,

2074 1395 2172 1451 lib.
2205 1415 2285 1464 ui,
2322 1414 2442 1470 cap.
2475 1399 2510 1454 6
2563 1401 2857 1458 Batherius
2887 1405 3527 1481 Vcronensisepiscopus
3556 1413 3692 1468 tanti

2074 1504 2198 1542 eum
2227 1488 2373 1559 fecit,
2436 1502 2496 1548 ut
2534 1509 2704 1565 opera
2752 1512 2850 1550 sua
2889 1496 2994 1568 ipsi
3035 1501 3384 1557 emendanda
3436 1505 3692 1571 traderet,

2074 1585 2215 1633 teste
2247 1580 2513 1638 Folcuino
2542 1582 2599 1637 in
2640 1583 2894 1641 Chronici
2928 1586 3273 1657 Laubiensis,
3307 1607 3430 1664 cap.
3462 1592 3553 1660 20,
3596 1593 3692 1649 ubi

2073 1672 2361 1742 epistolam
2395 1674 2700 1732 Flodoardo
2727 1678 2984 1734 Remensi
3016 1697 3047 1734 a
3075 1681 3334 1739 Batherio
3355 1685 3610 1758 scriptam
3637 1687 3692 1742 in

349 1748 544 1811 civica,
578 1760 638 1805 ut
667 1756 967 1823 credimus,
998 1762 1231 1833 adeptus
1279 1777 1362 1822 ρει
1383 1767 1527 1836 jura,
1571 1748 1596 1821 ζ,
1630 1748 1968 1831 modoad“,
1992 1791 2050 1863 Β
2073 1761 2402 1818 Laubiensis
2433 1767 2752 1823 monasterii
2782 1768 3002 1824 scriniis
3029 1786 3128 1826 suo
3161 1780 3409 1844 tempore
3439 1791 3694 1831 asserva-

349 1839 465 1863 2..--
508 1842 586 1863 J2-
625 1845 666 1863 Is
699 1862 702 1863 ,
736 1845 749 1863 ι
794 1855 803 1863 .
910 1851 920 1860 -
1022 1854 1062 1863 ι-
1201 1858 1212 1863 -
1297 1859 1308 1863 ,
1476 1860 1487 1863 _
2077 1861 2082 1863 _
2235 1855 2268 1863 ..
2313 1857 2323 1863 .

349 1839 470 1910 ipsa
502 1842 592 1897 die
625 1845 879 1902 laudatur
907 1851 962 1905 in
1021 1854 1347 1931 Necrologio
1378 1860 1625 1919 ecclesiae
1656 1863 1965 1926 Bernensis.

348 1934 490 2022 teste
522 1931 842 2002 Sirmundo,
876 1940 973 1994 sed
1003 1942 1126 1997 sine
1157 1946 1301 2000 tituli
1333 1951 1602 2021 gradusve
1631 1953 1964 2022 adjectione.

347 2016 499 2072 Alius
532 2019 716 2111 itaque
747 2029 1060 2085 censendus
1105 2041 1189 2086 est
1245 2016 1578 2095 Flodoardus
1611 2016 1892 2111 presbyter
1918 2051 1968 2098 et

342 2109 655 2172 canonicus,
692 2112 786 2182 qui
835 2115 890 2168 in
921 2117 1266 2195 Necrologiis
1291 2125 1540 2182 ecclesiae
1595 2109 1882 2185 Bernensis
1913 2139 1968 2186 et

345 2191 670 2267 Bemigiano
723 2208 944 2258 notatur
989 2224 1076 2261 xw
1130 2191 1236 2264 1ξαί
1289 2215 1460 2270 Junii.
1521 2217 1578 2271 ln
1612 2235 1714 2272 ms.
1773 2220 1966 2275 codice

344 2283 447 2339 PP.
478 2287 891 2350 Carmelitarum
913 2297 1359 2359 Excalceatorum
1414 2309 1561 2378 apud
1593 2309 1832 2366 Parisios
1863 2312 1966 2366 hoc

337 2376 462 2443 ejus
501 2379 844 2452 epitaphium
894 2392 1309 2458 quatuordecim
1354 2376 1513 2451 libris
1541 2400 1848 2453 carminum
1897 2401 1966 2455 ab

333 2466 536 2521 eodem
567 2470 792 2541 scriptis
837 2475 1192 2544 subjunctum
1226 2492 1328 2549 est,
1363 2484 1486 2555 ipso
1547 2487 1876 2555 Flodoardo,
1909 2497 1968 2544 ut

333 2555 573 2622 videtur,
607 2570 832 2618 auctore
863 2581 876 2618 :

400 2645 492 2724 Hii;
510 2648 639 2724 jacet
665 2650 905 2714 indignus
927 2655 1236 2724 Flodoardus
1259 2660 1445 2724 honore
1467 2663 1712 2724 sacerdos,

462 2709 661 2781 Arbiter
682 2709 974 2781 exspectans
994 2721 1192 2769 caalicus
1215 2731 1270 2771 ut
1295 2709 1593 2773 it’dééiw
1609 2709 1629 2729 ἡ

402 2769 619 2848 Hocsibi
646 2769 865 2848 conti'sus
886 2781 1084 2848 veniam
1114 2769 1679 2848 miserantem—rendam,

463 2833 555 2884 Sit]
580 2836 673 2884 icet
698 2839 930 2890 admissis
953 2843 1145 2893 obsitus
1169 2833 1465 2897 innumeris.

399 2895 616 2974 Qu'i‘sque
637 2900 756 2972 legis
780 2903 998 2974 titulum,
1025 2908 1170 2956 sortis
1203 2895 1394 2960 memor
1411 2912 1518 2974 ipse
1545 2912 1744 2972 iutursz,

463 2960 650 3037 Eapete
680 2960 748 3010 sic
779 2960 1044 3037 Dominum
1076 2980 1278 3037 propter
1306 2960 1448 3037 humi
1473 2960 1708 3037 positum,

398 3020 592 3100 Ch'riste
617 3033 701 3096 tuo
720 3020 1186 3100 _servo_Flodoalrd():
1209 3020 1370 3100 parce?
1387 3020 1618 3100 hanigno,

461 3084 522 3133 Et
546 3101 636 3148 pro
644 3088 832 3149 judicio
854 3091 916 3139 da
935 3093 1132 3142 veniam
1159 3084 1366 3146 fainulo.

406 3165 485 3217 Ad
516 3167 719 3237 scripta
749 3170 869 3238 ejus
925 3174 1071 3244 quod
1129 3176 1346 3244 attinet,
1403 3195 1512 3233 non
1571 3181 1704 3235 satis
1745 3182 1956 3237 laudari

2071 1861 2179 1910 tam
2216 1855 2371 1914 dicit.

2142 1967 2406 2038 Superest
2437 1975 2495 2022 ut
2524 1968 2785 2043 Adelgagi
2813 1970 3101 2040 epistolam
3154 1974 3337 2030 eidem
3384 1975 3691 2033 Flodoardo

2068 2055 2358 2121 directam,
2386 2073 2510 2128 quae
2544 2074 2575 2112 a
2605 2057 2926 2116 Colveuerio
2959 2061 3218 2131 primum,
3249 2063 3413 2120 deide
3444 2064 3516 2120 ab
3541 2068 3687 2134 aliis,

2069 2145 2235 2199 etiam
2267 2161 2298 2198 a
2321 2144 2480 2200 Binio
2510 2145 2565 2200 in
2602 2146 2941 2203 Bibliotheca
2960 2149 3180 2204 Patrum
3211 2151 3431 2225 vulgata
3461 2162 3567 2222 est,
3600 2156 3690 2212 hic

2071 2246 2555 2309 repraesentemus.
2591 2265 2614 2287 «ι
2640 2240 2937 2315 Adelagus,
2966 2243 3528 2304 miserationedivina
3559 2249 3690 2304 Bre—

2069 2332 2279 2387 mensis
2300 2332 2553 2387 ecclesize
2590 2349 2802 2400 servus,
2851 2335 3157 2392 Flodoardo
3207 2337 3346 2393 Patri
3401 2339 3687 2410 Remensi,

2068 2424 2299 2478 verbum
2330 2424 2500 2494 pacis.
2537 2425 2637 2490 Qui
2665 2427 2875 2482 dudum
2902 2427 3210 2498 deposuisti
3244 2429 3602 2500 beneficium,
3631 2442 3690 2491 ut

2069 2519 2248 2566 tecum
2280 2513 2576 2569 mundana:
2627 2515 2820 2587 gloriae
2875 2523 3312 2587 contemptorem
3351 2521 3595 2577 animum
3628 2523 3687 2577 in

2065 2603 2422 2661 solitudinem
2486 2613 2540 2661 et
2596 2607 2916 2661 monasterii
2978 2607 3241 2664 latebram
3309 2610 3578 2678 deferres,
3619 2629 3686 2668 ex

2065 2701 2192 2750 voto
2233 2711 2344 2751 non
2393 2703 2524 2751 ante
2580 2695 2747 2751 ﬁnem
2779 2697 3146 2765 discessurus,
3197 2701 3330 2772 quid
3383 2703 3496 2771 jam
3529 2703 3687 2760 doles

2066 2785 2166 2840 tibi
2191 2785 2320 2841 inde
2337 2801 2447 2842 non
2467 2787 2634 2842 licere
2651 2788 2838 2860 egredi
2853 2789 2921 2844 ad
2939 2789 3286 2862 episcOpium
3308 2794 3682 2862 ascendendo,

2064 2876 2213 2947 quod
2241 2878 2522 2949 subripuit
2551 2879 2872 2935 Fulcherius
2902 2880 2930 2935 ?
2959 2882 3077 2937 Stas
3129 2892 3184 2941 et
3215 2900 3326 2940 non
3371 2893 3484 2941 stas
3515 2885 3543 2939 τ
3573 2888 3684 2944 Deo

2065 2967 2366 3036 promisisti
2399 2968 2468 3022 de
2501 2968 2826 3037 stabilitate,
2858 2979 2918 3026 ut
2946 2972 2992 3026 si
3019 2973 3318 3045 aliquando
3349 2975 3508 3030 aliter
3536 2975 3687 3034 fece-

2063 3057 2156 3124 ris,
2190 3057 2258 3111 ab
2291 3074 2358 3113 eo
2389 3067 2442 3112 te
2461 3056 2836 3114 damnandum
2895 3062 3069 3116 scires
3115 3080 3281 3135 quem
3339 3063 3598 3134 irriseris,
3627 3076 3686 3124 et

2055 3147 2168 3215 jam
2197 3159 2382 3204 tamen
2419 3151 2646 3205 vacillas
2675 3151 2702 3204 ?
2746 3151 2875 3207 Esto
2930 3151 3120 3209 ﬁrmus
3179 3155 3232 3210 in
3286 3157 3374 3212 via
3411 3157 3531 3224 Dei,
3556 3167 3611 3214 et
3652 3176 3682 3213 a

333 3265 517 3327 potest
573 3258 862 3316 Remensis
911 3241 1167 3329 Historia,
1223 3241 1463 3340 quatuor
1494 3271 1652 3326 libris
1704 3273 1772 3327 ab
1834 3275 1954 3344 ipso
1983 3241 2330 3344 CT”???
2359 3243 2658 3344 “833",”
2713 3250 2954 3344 “3mm.
2983 3263 3108 3344 qui?
3154 3256 3304 3344 .sum-
3353 3249 3583 3344 honoris,
3628 3258 3682 3306 et

331 3359 490 3402 eruta
574 3360 627 3404 et
710 3362 963 3411 contexta
1057 3375 1121 3412 ex
1202 3362 1429 3415 vetustis
1492 3362 1640 3417 illius
1708 3365 1957 3421 ecclesias

333 3440 577 3495 archivis
619 3482 636 3509 ,
712 3447 1073 3502 conciliorum
1143 3451 1280 3506 actis
1333 3495 1348 3517 ,
1416 3455 1588 3527 gestis
1656 3464 1955 3527 martyrum

333 3531 681 3605 aliorumque
798 3546 1112 3596 sanctorum
1157 3583 1170 3609 ,
1277 3544 1528 3615 epistolis
1631 3547 1953 3618 pontificum

331 3625 572 3696 aliisque
603 3633 979 3685 monumentis
1011 3651 1024 3698 ;
1056 3651 1219 3705 quam
1279 3636 1562 3692 historiam
1599 3642 1662 3694 R.
1701 3643 1952 3709 praesuli,

333 3717 386 3770 id
419 3725 520 3779 est,
555 3726 612 3772 ut
643 3721 968 3778 Sirmundus
1010 3726 1426 3798 interpretatur,
1474 3731 1702 3798 ΒοώιίΓο
1729 3735 1955 3789 Lauda-

330 3809 484 3859 πίνηςί
515 3812 874 3880 nuncupavit.
911 3814 1164 3882 Ejusdem
1221 3825 1304 3871 est
1363 3817 1484 3871 sine
1540 3819 1711 3874 dubio
1767 3824 1949 3897 magni

331 3899 598 3952 momenti
616 3899 944 3967 Chronicon,
966 3903 1070 3957 sub
1096 3905 1216 3973 ejus
1239 3907 1950 3982 nomineprimojvulgatum

331 4004 361 4040 a
383 3987 608 4054 Pithzeo,
639 3989 734 4059 qui
764 4007 832 4044 an
890 3991 1036 4046 idem
1070 4004 1216 4050 esset
1244 4005 1433 4051 auctor
1464 3998 1740 4054 immerito
1789 4001 1952 4054 dubi-

334 4075 483 4140 tavit,
513 4084 573 4130 ut
632 4094 696 4131 ex
753 4087 940 4135 mutua
992 4085 1406 4154 comparatione
1451 4087 1739 4142 evidenter
1781 4104 1950 4158 supra

331 4163 676 4237 collegimus,
711 4167 778 4222 de
810 4186 919 4240 quo
961 4171 1075 4226 haec
1104 4172 1362 4246 leguntur
1383 4175 1438 4228 in
1471 4174 1740 4231 Chronico
1767 4177 1953 4231 Ande—

329 4256 579 4327 gaveusi,
612 4266 762 4314 ῑοῐηο
794 4262 811 4313 Ι
867 4262 1222 4319 Bibliotheca:
1274 4266 1602 4334 Labbeanaa,
1635 4284 1758 4342 pag.
1792 4269 1899 4324 285
1935 4288 1946 4324 :

327 4349 482 4402 Anno
511 4350 616 4402 9l7
644 4353 862 4407 initium
894 4355 1172 4410 Chronica?
1193 4357 1492 4413 Flodoardi
1521 4378 1536 4424 ;
1572 4369 1626 4415 et
1652 4363 1815 4416 Anno
1845 4362 1952 4418 965

325 4441 451 4506 ﬁnis
485 4440 761 4497 Chronica
791 4446 1100 4501 Flodoardi.
1137 4448 1362 4504 Duobus
1393 4452 1555 4507 annis
1580 4452 1834 4507 mutilum
1870 4463 1951 4509 est

329 4529 637 4587 Chronicon
658 4535 712 4588 in
725 4536 907 4591 editis.
930 4538 1196 4594 Henricus
1215 4541 1521 4597 Bunderius
1557 4544 1950 4601 Dominicanus

2059 3332 2348 3402 dignitatis
2395 3334 2747 3389 obliviscere.
2782 3335 2957 3391 Orasti
2996 3355 3010 3392 :
3045 3338 3118 3408 (a)
3149 3339 3383 3410 Suscipe
3433 3358 3540 3406 me,
3570 3343 3681 3399 Do-

2057 3425 2230 3490 mine,
2260 3427 2566 3482 secundum
2589 3428 2870 3500 eloquium
2903 3439 3058 3486 tuum
3088 3440 3144 3487 et
3172 3433 3678 3505 vivam.Eloquium

2057 3515 2152 3570 Dei
2186 3525 2268 3571 est
2301 3534 2315 3571 :
2345 3516 2530 3571 Omnis
2563 3533 2629 3571 ex
2653 3518 2812 3573 vobis
2843 3521 2936 3590 qui
2968 3535 3078 3576 non
3110 3522 3392 3578 renuntiat
3420 3523 3680 3579 omnibus

2057 3621 2180 3676 quae
2206 3606 2474 3676 possidet,
2501 3622 2611 3661 non
2640 3614 2822 3678 potest
2853 3625 3009 3664 meus
3040 3626 3163 3666 esse
3195 3610 3520 3683 discipulus.
3560 3613 3678 3667 Sal-

2055 3697 2334 3753 vabuntur
2362 3699 2456 3769 qui
2495 3698 2736 3774 fugerint
2762 3700 2831 3754 ab
2863 3700 2964 3766 eis,
2999 3709 3054 3756 et
3082 3709 3246 3757 erunt
3284 3703 3340 3758 in
3393 3704 3678 3759 montibus

2055 3791 2200 3846 sicut
2247 3791 2522 3846 columbae
2574 3792 2926 3849 convallium.
2960 3793 3105 3848 Vidit
3155 3795 3299 3849 Deus
3325 3795 3459 3850 boni
3491 3797 3677 3866 operis

2055 3881 2111 3933 in
2141 3888 2193 3935 te
2233 3878 2510 3944 aii'ectum,
2539 3880 2858 3947 exercendi,
2901 3881 3158 3950 priestitit
3208 3882 3543 3947 facultatem,
3580 3899 3676 3938 cx—

2054 3967 2266 4022 audivit
2314 3983 2546 4037 preces:
2597 3983 2667 4020 ne
2720 3967 2930 4031 dubita,
2983 3970 3404 4024 consummandi
3455 3969 3676 4026 afferret

2052 4058 2334 4113 auxilium.
2389 4057 2495 4112 Sed
2549 4057 2730 4112 dicis:
2763 4057 3043 4132 Negotiari
3097 4059 3306 4116 volenti
3359 4062 3674 4118 commodat

2052 4149 2195 4202 Deus
2226 4148 2511 4214 talentum,
2563 4147 2840 4202 lucrantes
2899 4147 3047 4205 beat.
3097 4149 3177 4204 An
3228 4149 3409 4206 nescis
3465 4160 3672 4222 quanto

2052 4242 2178 4314 quis
2197 4243 2360 4298 altius
2376 4250 2602 4298 evectus
2638 4249 2742 4307 est,
2776 4249 2928 4296 tanto
2959 4241 3189 4312 prOpius
3216 4258 3338 4297 esse
3365 4259 3434 4297 ne
3461 4243 3621 4299 cadat
3646 4241 3673 4295 τ

2055 4338 2278 4411 Ignoras
2307 4337 2540 4393 honoris
2567 4336 2796 4411 gradum
2855 4335 3136 4407 superbia;
3191 4352 3312 4391 esse
3353 4335 3673 4392 irritamen-

2053 4435 2188 4494 tum,
2217 4444 2343 4483 esse
2385 4426 2569 4482 inanis
2609 4427 2803 4501 gteriie
2858 4425 3142 4480 materiam
3174 4425 3203 4479 ?
3243 4425 3385 4480 Cave
3440 4441 3509 4480 ne
3569 4423 3669 4480 tibi

2052 4516 2377 4584 blandiaris,
2410 4532 2480 4571 ne
2505 4515 2776 4584 justitiam
2829 4522 2978 4569 tuam
3011 4513 3189 4570 facere
3241 4514 3528 4569 desideres
3576 4529 3672 4570 co-

326 4617 656 4689 Gandensis,
685 4624 778 4694 qui
810 4641 952 4680 anno
985 4626 1124 4681 1555
1153 4628 1310 4696 vim,
1340 4630 1394 4684 in
1427 4647 1526 4686 suo
1559 4631 1743 4688 indice
1773 4605 2028 4689 iibmJ)
2050 4625 2166 4663 ram
2197 4607 2541 4673 hominibus,
2573 4614 2634 4661 ut
2687 4606 2929 4661 vndearis
2983 4607 3050 4660 ab
3105 4622 3204 4661 eis.
3256 4606 3361 4696 Fac
3397 4614 3449 4661 te
3481 4613 3666 4676 aptum

328 4729 446 4765 rum
510 4730 644 4768 mss.
712 4716 1055 4791 Belgicorum
1124 4721 1229 4774 alia
1311 4731 1599 4779 enumerat
1657 4725 1942 4781 Flodoardi

325 4805 594 4874 epuseula
622 4807 704 4862 his
732 4810 950 4864 verbis:
977 4837 1000 4858 «
1036 4811 1373 4869 Flodoardus
1405 4815 1695 4889 presbyter
1721 4819 1946 4890 scripsit

324 4896 392 4950 de
449 4899 749 4970 triumphis
813 4901 1014 4958 Italicis
1078 4914 1375 4977 martyrum
1446 4915 1500 4963 et
1561 4909 1942 4967 confessorum

324 4990 555 5044 metrice
620 4989 793 5045 libros
831 4992 1173 5062 quindecim,
1229 4996 1637 5067 manuscriptos
1692 4999 1943 5054 Treveris

325 5079 377 5131 in
423 5095 641 5132 summo
689 5080 894 5151 templo
953 5081 1023 5136 de
1088 5083 1386 5154 triumphis
1427 5085 1628 5141 Christi
1681 5097 1733 5142 et
1779 5105 1941 5144 sanc-

326 5179 503 5223 torum
552 5167 857 5226 Palaestinae
899 5173 1127 5228 metrice
1156 5173 1330 5228 libros
1375 5182 1486 5229 tres
1529 5178 1940 5249 manuscriptos

325 5260 590 5324 ibidem;
645 5262 808 5316 tertio
877 5261 948 5316 de
1007 5263 1304 5334 triumphis
1369 5265 1566 5320 Christi
1628 5276 1682 5322 et
1750 5269 1938 5324 Antio-

318 5351 458 5405 chiae
517 5352 689 5425 gestis
755 5351 981 5407 metrice
1038 5353 1210 5408 libros
1269 5354 1408 5409 duos
1473 5371 1572 5408 ms.
1635 5356 1864 5412 ibidem.
1912 5380 1935 5408 ι)

318 5444 557 5510 Priores,
630 5459 738 5498 non
803 5444 1166 5516 quindecim,
1231 5446 1328 5500 sed
1394 5454 1603 5502 tantum
1670 5457 1938 5520 quatuor-

316 5533 496 5588 decim
555 5531 684 5586 libri
742 5542 955 5588 exstant
1010 5533 1066 5587 in
1125 5542 1465 5606 pervetusto,
1525 5546 1585 5591 ut
1629 5538 1741 5606 jam
1801 5539 1937 5605 dixi,

313 5625 531 5691 codice,
559 5625 654 5696 qui
687 5625 852 5680 modo
886 5633 971 5680 est
1011 5625 1108 5680 PP.
1143 5625 1556 5683 Carmelitarum
1585 5627 1939 5686 Excalceato-

315 5729 436 5768 rum
473 5731 486 5767 :
517 5713 721 5784 quibus
750 5730 816 5770 ex
848 5713 1006 5769 libris
1036 5715 1301 5771 nonnulla
1333 5716 1402 5770 de
1433 5716 1796 5774 Pontiﬁcibus
1824 5719 1942 5774 Bo-

385 5830 472 5901 (a)
513 5829 882 5887 Benedictinae
903 5830 1270 5902 professionis
1302 5831 1565 5894 formula.

2048 4713 2220 4773 regno
2251 4697 2372 4763 Dei,
2400 4696 2707 4772 negotiare.
2751 4696 2966 4751 lucrare
3011 4711 3178 4766 super
3224 4695 3501 4750 destinato
3532 4696 3666 4750 bra-

2046 4789 2266 4843 viotuaa
2290 4787 2597 4843 vocationis
2644 4789 2701 4841 in
2745 4786 2961 4842 Christo
3018 4785 3168 4840 Jesu.
3227 4785 3324 4850 Qui
3368 4795 3418 4840 te
3477 4794 3667 4857 aptum

2046 4880 2237 4936 dicunt
2262 4879 2518 4952 dignitati
2553 4878 2770 4948 majori,
2804 4878 2911 4950 ipsi
2943 4887 3014 4942 te,
3049 4877 3240 4942 frater,
3274 4877 3578 4948 decipiunt,
3613 4885 3668 4932 et

2043 4973 2188 5027 viam
2215 4987 2504 5043 gressuum
2529 4980 2748 5026 tuorum
2773 4969 3090 5026 consultore
3129 4969 3354 5024 diabolo
3398 4978 3668 5024 conantur

2043 5064 2335 5134 dissipare.
2371 5063 2566 5117 Fateor
2593 5063 2740 5116 enim
2801 5062 2896 5134 qui
2931 5061 3192 5132 prodesse
3251 5076 3360 5115 non
3407 5075 3663 5131 praeesse,

2043 5154 2136 5226 qui
2157 5152 2627 5208 contradictiones
2684 5167 2793 5208 non
2853 5152 3115 5214 honores,
3166 5150 3258 5220 qui
3306 5149 3526 5203 labores
3555 5164 3666 5202 non

2042 5242 2291 5308 delicias,
2323 5241 2418 5313 qui
2451 5256 2592 5311 opus
2620 5256 2732 5297 non
2749 5255 2885 5312 Opes
2917 5239 3214 5310 episcOpus
3241 5236 3541 5304 desiderat,
3564 5235 3667 5290 bo-

2044 5350 2174 5389 num
2215 5348 2356 5404 opus
2383 5332 2705 5387 desiderare
2737 5351 2748 5387 :
2780 5331 2878 5386 sed
2922 5331 2978 5385 iu
3019 5329 3279 5386 omnibus
3341 5329 3662 5384 interiorem

2040 5424 2256 5480 discute
2288 5421 2558 5489 animum,
2593 5431 2647 5476 et
2676 5421 2829 5476 disce
2858 5420 3132 5474 Christum
3160 5435 3273 5474 non
3303 5420 3662 5488 semetipsum

2041 5515 2371 5573 clarificasse
2399 5523 2458 5571 ut
2505 5513 2752 5586 pontifex
2787 5511 2966 5568 fieret.
3001 5511 3255 5568 Ofﬁcium
3289 5511 3511 5582 quidem
3538 5506 3663 5576 epi-

2039 5606 2260 5676 scopale
2291 5604 2681 5676 suscepimus;
2711 5603 2811 5658 sed
2839 5618 2980 5674 opus
3005 5600 3176 5658 officii
3209 5616 3321 5656 non
3347 5596 3662 5668 implemus.

2042 5699 2100 5752 ln
2133 5697 2381 5752 atfectata
2437 5695 2858 5767 praeminentia
2908 5695 3042 5751 latet
3089 5694 3417 5766 periculum.
3463 5688 3665 5743 Horrec
