4038 6166
440 304 506 366 15
1490 298 1917 355 FLODOARDUS
1957 301 2326 358 CANONICUS
2368 303 2707 358 REMENSIS.
3697 315 3767 372 16

429 440 626 492 notare
679 429 827 503 quod
877 429 1014 484 dixit
1064 436 1303 494 sanctus,
1375 429 1658 500 rescripsit
1711 436 1934 485 sanctus
1967 446 1980 483 :
2019 452 2038 480 ιι
2061 435 2118 502 Α
2146 431 2366 486 dinatus
2403 440 2758 487 memoratur.
2785 431 3026 488 Jacobus
3058 433 3254 490 Vassor
3284 437 3339 491 in
3373 438 3602 495 historia
3651 442 3765 498 No-

432 523 795 578 N‘nnc‘essem
821 521 889 575 de
938 536 1166 577 numero
1197 522 1603 588 damnatorum,
1637 522 1683 576 si
1721 521 1946 578 fuissem
1977 521 2046 576 de

433 626 665 667 numero
699 609 1112 680 episc0porum.
1153 632 1172 660 ι
1210 611 1333 666 Haec
1362 611 1552 682 accipe
1582 611 1652 665 ab
1683 627 1749 667 eo
1780 613 1874 683 qui
1921 619 2046 666 tuus

431 711 535 764 est,
579 707 633 755 et
663 699 811 767 jacta
853 707 1004 754 tuum
1036 699 1091 754 in
1121 699 1354 756 Domino
1401 701 1700 774 cogitatum
1735 719 1748 754 :
1782 701 2046 772 patientia

430 799 523 847 tua
551 809 662 847 non
688 792 898 864 peribit
926 792 980 847 in
1010 791 1198 848 finem.
1232 793 1388 848 Fient
1419 792 1473 845 in
1503 791 1924 857 desolationem,
1952 808 2047 847 su-

429 881 545 936 bito
576 880 860 950 deficient,
891 881 1156 953 peribunt
1185 890 1409 953 propter
1439 881 1761 952 iniquitates
1790 899 1918 937 suas
1949 883 2041 954 qui

429 979 482 1026 te
513 972 771 1028 oderunt.
806 973 1179 1048 Cognoscetur
1207 973 1474 1028 Dominus
1496 973 1711 1041 judicia
1738 973 1965 1041 faciens,
1989 983 2045 1029 et

428 1061 486 1116 in
514 1063 779 1133 operibus
808 1080 1071 1119 manuum
1101 1079 1323 1119 suarum
1376 1063 1884 1134 comprehendetur
1907 1080 2042 1134 pec-

426 1160 598 1210 cator.
659 1154 760 1209 Ora
803 1171 901 1226 pro
957 1171 1066 1210 me.
1119 1155 1392 1226 Scriptum
1452 1155 1632 1227 pridie
1683 1156 1796 1211 Kal.
1849 1155 2038 1211 Octob.

427 1261 572 1302 anno
600 1246 725 1302 951.
774 1269 790 1292 ο

499 1334 771 1390 Hactenus
792 1335 1052 1406 epistola,
1083 1334 1141 1389 in
1187 1351 1296 1406 qua
1326 1334 1539 1390 Bulaeus
1591 1351 1690 1407 pro
1736 1352 1883 1392 anno
1933 1337 2026 1392 951

424 1439 632 1480 annum
652 1425 756 1479 955
778 1425 1158 1496 reponendum
1189 1432 1365 1496 putat,
1399 1441 1599 1498 nempe
1628 1436 1686 1480 ut
1717 1426 1773 1481 id
1802 1427 2037 1500 quadret

425 1531 549 1571 cum
573 1532 721 1572 anno
746 1517 873 1581 954,
901 1531 1012 1590 quo
1042 1517 1324 1574 Fulcarius
1347 1519 1495 1590 apud
1539 1519 1904 1576 Flodoardum
1946 1536 2038 1577 or-

2144 519 2449 575 viomensis
2478 520 2735 576 Ecclesize
2759 520 2960 576 retinet
2988 524 3473 594 annum‘priorem.
3496 529 3764 584 Caeterum

2146 625 2330 677 nemo,
2363 619 2423 666 ut
2470 627 2656 683 spero,
2687 612 2917 668 moleste
2959 613 3114 676 feret,
3145 617 3294 686 quod
3352 619 3420 673 de
3468 619 3762 676 Flodoardi

2144 703 2475 758 monachatu
2503 702 2624 758 fuse
2681 703 3060 772 disseruerim,
3093 721 3202 760 non
3235 716 3345 762 tam
3401 709 3652 768 absolute
3690 713 3762 768 de

2144 805 2211 845 eo
2249 791 2639 861 pronuntians,
2679 808 2844 864 quam
2877 793 2968 847 alii
3006 803 3276 862 auctores,
3333 813 3566 868 quorum
3621 800 3761 855 nihil

2145 880 2395 939 interest.
2410 883 2682 955 Equidem
2695 884 2900 938 Natalis
2915 885 3242 954 Alexander,
3263 888 3347 942 vir
3359 888 3572 957 doctus,
3591 892 3763 946 relata

2143 972 2403 1049 Adelgagi
2428 976 2664 1046 epistola
2696 977 2838 1045 (tom.
2868 976 2971 1044 XV,
2999 994 3133 1046 pag.
3168 978 3314 1048 308).
3357 1001 3379 1030 α
3409 981 3481 1035 Ex
3511 983 3611 1037 hac
3640 983 3765 1054 epi-

2142 1064 2303 1131 stola,
2366 1066 2566 1138 inquit,
2619 1067 2934 1138 perspicum
2988 1076 3068 1123 est
3127 1069 3494 1128 Flodoardum
3562 1090 3759 1130 mona-

2141 1153 2304 1207 chum
2343 1153 2528 1210 fuisse.
2564 1179 2589 1202 ››
2623 1157 2812 1227 Itaque
2863 1172 2973 1212 non
3026 1158 3300 1215 immerito
3355 1178 3619 1236 arguerer
3658 1181 3762 1219 ne-

2141 1243 2333 1318 glectae
2359 1245 2570 1301 ordinis
2599 1248 2770 1301 nostri
2803 1248 3110 1321 dignitatis,
3143 1249 3189 1305 si
3229 1251 3444 1318 saltem,
3487 1270 3610 1324 quae
3665 1271 3758 1308 ar-

2137 1340 2400 1404 gumenta
2461 1341 2672 1389 tantum
2739 1336 2914 1391 virum
2972 1336 3135 1391 nobis
3195 1338 3481 1394 vindicare
3537 1358 3764 1413 quoquo

2137 1424 2302 1479 modo
2365 1432 2616 1495 possunt,
2673 1442 2782 1482 non
2841 1426 3095 1483 aﬂ'errem
3154 1429 3212 1484 in
3243 1431 3513 1500 medium,
3571 1433 3765 1490 relicto

2135 1515 2310 1588 aequis
2336 1517 2639 1574 lectoribus
2676 1519 2986 1575 decretorio
3020 1520 3256 1588 judicio.

423 1692 3734 1719 __________.________________________________

1379 1778 1384 1784 ’
1452 1851 2041 1989 NOTITlA

2148 1855 2712 1955 ALTERA

540 2019 645 2084 Em
676 2018 856 2085 libris
887 2019 1190 2085 Historia:
1219 2015 1533 2087 Hemensis
1565 2023 1860 2088 Ecclesiae
1886 2034 1946 2090 et
1975 2024 2234 2092 aliunde
2265 2027 2622 2113 conscripta
2656 2045 2775 2113 per
2807 2027 3145 2112 Georgium
3177 2031 3631 2102 Colvener-ium.

1219 2167 1313 2228 (Ex
1340 2175 1472 2218 tomo
1492 2166 1627 2219 XVII
1650 2167 1968 2218 Bibliotheca
1995 2167 2202 2220 Patrum
2233 2169 2351 2221 edit.
2383 2170 2634 2235 Lugdun.,
2670 2186 2781 2236 pag.
2810 2172 2942 2232 500.)

1871 2341 2286 2372 υ-ο-Θσ-οο--υ

487 2479 551 2535 Ut
579 2495 609 2534 a
640 2478 868 2536 nomine
896 2477 1198 2547 ordiamur,
1232 2478 1507 2553 integrum
1555 2479 1797 2534 auctoris
1821 2495 2025 2534 nomen
2051 2482 2102 2550 Β
2129 2477 2319 2534 Fuisse
2347 2479 2514 2534 etiam
2542 2481 2841 2553 aliquando
2879 2493 3144 2540 rectorem
3173 2502 3269 2542 seu
3323 2495 3596 2558 pastorem
3631 2487 3758 2543 Col-

413 2571 539 2638 fuit,
561 2576 621 2624 ut
651 2568 1002 2635 arbitramur,
1037 2568 1432 2631 Flodohardus,
1466 2585 1567 2624 seu
1589 2569 2031 2638 Flodoardus,ex

413 2675 525 2732 quo
542 2675 641 2730 per
664 2673 965 2729 syncopem
982 2657 1185 2712 factum
1206 2664 1289 2712 est
1319 2656 1643 2724 Flohardus,
1669 2667 1723 2714 et
1744 2660 2027 2719 Floardus.

413 2753 567 2817 Quod
596 2752 876 2822 posterius
903 2750 962 2804 in
991 2750 1199 2805 nostris
1237 2749 1353 2805 fere
1387 2750 1794 2820 exemplaribus
1820 2756 2032 2826 reperi-

412 2849 520 2906 tur,
537 2840 817 2911 quomodo
840 2840 974 2894 item
1000 2839 1137 2914 legit
1163 2839 1406 2895 Joannes
1431 2840 1632 2895 Savaro
1659 2841 1715 2896 in
1739 2844 1886 2899 notis
1915 2846 2032 2900 suis

409 2931 481 2984 ad
517 2930 810 2985 Sidonium
867 2929 1276 3000 Appolinarem.
1313 2929 1634 3005 Sigebertus
1674 2932 2028 3004 Flawaldum,

410 3028 744 3084 Trithemius
786 3029 1101 3085 Flavaldum
1139 3029 1407 3085 nominat.
1453 3030 1647 3086 Petrus
1693 3031 1941 3086 Pithceus
1974 3031 2031 3085 in

411 3118 706 3174 duodecim
731 3119 1048 3175 auctoribus
1071 3118 1436 3185 simuleditis,
1455 3119 1708 3190 Papirius
1723 3119 2026 3188 Massonus,

409 3224 618 3282 eosque
666 3217 888 3265 secutus
929 3209 1333 3264 illustrissimus
1365 3208 1663 3263 cardinalis
1713 3207 1890 3264 Caesar
1919 3210 2026 3264 Ba-
2059 3255 2062 3258 .

408 3302 601 3357 ronius
623 3299 994 3356 Frodoardum
1035 3298 1335 3370 appellant.
1364 3296 1471 3350 Sed
1503 3313 1602 3367 pro
1634 3295 1815 3352 littera
1843 3299 1882 3363 l,
1916 3313 2026 3354 non

409 3410 456 3457 r,
491 3394 545 3448 in
576 3393 756 3465 prima
775 3391 986 3464 syllaba
1008 3391 1158 3460 facit,
1189 3391 1337 3462 quod
1369 3390 1466 3444 lib.
1501 3407 1535 3445 ιι
1567 3390 1732 3458 hujus
1754 3390 2022 3454 Historiae,

407 3498 530 3553 cap.
554 3483 608 3547 3,
644 3481 962 3536 meminerit
1010 3479 1296 3544 Flawardi,
1358 3478 1495 3544 sive,
1547 3487 1608 3534 ut
1657 3479 1823 3534 habet
1872 3479 2024 3534 aliud

406 3574 708 3645 exemplar,
734 3572 980 3628 Flavardi
1003 3571 1258 3627 avunculi
1287 3570 1476 3625 matris
1511 3585 1646 3634 suae,
1681 3579 1735 3626 et
1766 3571 1823 3624 in
1855 3569 2026 3626 Chro-

407 3665 533 3721 nico
557 3681 678 3729 suo,
713 3680 860 3721 anno
893 3665 998 3720 953
1031 3681 1046 3730 ;
1079 3662 1299 3734 nepotis
1346 3662 1431 3716 sui
1486 3661 1801 3728 Flodoardi,
1857 3670 1918 3717 ut
1944 3662 2020 3716 ibi

405 3757 540 3832 legit
569 3757 870 3813 correctius
898 3755 1178 3826 exemplar
1206 3755 1560 3810 Divionense.
1611 3753 1766 3809 Unde
1797 3761 1853 3808 et
1883 3770 2024 3824 prae-

404 3848 585 3903 dictus
638 3847 882 3901 Pithoeus
946 3845 1004 3899 in
1069 3843 1343 3898 Glossario
1401 3842 1797 3914 Capitularium
1839 3842 2018 3898 Karoli

403 3936 582 4011 Magni
611 3943 666 3991 et
696 3935 953 3990 Ludovici
990 3934 1089 4000 Pii,
1115 3933 1266 4004 quod
1295 3940 1513 3987 auctum
1548 3932 1823 4004 posterius
1852 3931 1910 3986 in
1931 3933 2018 3986 lu-

402 4048 522 4086 cem
585 4029 790 4095 emisit,
847 4035 1118 4098 perpetuo
1169 4026 1533 4080 Flodoardum
1603 4024 1873 4089 nominat,
1938 4025 2017 4080 uti

402 4128 458 4174 et
511 4119 691 4173 Josias
755 4117 1024 4170 Simlerus
1104 4113 1157 4166 in
1236 4112 1559 4182 praefatione
1617 4128 1716 4166 seu
1784 4113 2017 4181 epistola

403 4212 744 4267 dedicatoria
771 4206 1215 4280 Cosmographise
1247 4196 1466 4270 xEthici',
1507 4204 1657 4275 quod
1694 4211 1751 4258 et
1800 4219 1901 4258 nos
1927 4220 2019 4259 se-

402 4315 652 4372 quemur.
706 4298 882 4353 Patria
919 4296 970 4350 ei
1024 4294 1130 4350 fuit
1189 4294 1528 4364 Sparnacum
1583 4292 1848 4363 oppidum
1905 4308 2014 4348 non

403 4392 595 4464 procul
642 4390 825 4446 Remis
878 4388 1154 4444 dissitum.
1222 4386 1367 4440 Vixit
1422 4385 1524 4439 sub
1581 4384 2016 4456 archiepiscopis

403 4483 768 4541 Remensibus
801 4482 1068 4547 Hseriveo,
1099 4479 1304 4544 Seulfo,
1348 4477 1570 4533 Artoldo
1629 4484 1684 4533 et
1739 4477 2010 4534 Odalrico.

399 4577 512 4632 Sub
547 4575 770 4631 Artoldo
800 4591 927 4630 eum
959 4574 1063 4628 hoc.
1092 4587 1233 4644 Opus
1256 4569 1654 4640 conscripsisse
1673 4575 1828 4640 patet
1859 4585 1924 4623 ex
1943 4569 2014 4623 1i-

398 4667 498 4722 bro
531 4681 612 4732 m,
639 4681 760 4736 cap.
790 4663 846 4717 6.
872 4662 1016 4716 Vixit
1054 4661 1157 4715 sub
1180 4659 1406 4734 regibus
1436 4658 1763 4712 Francorum
1796 4647 2010 4724 Carolo,

396 4755 680 4826 Simplice,
734 4751 1008 4806 Ludovico
1044 4748 1430 4803 Transmarino
1475 4754 1531 4802 et
1558 4745 1812 4801 Lothario
1860 4746 2012 4816 ejus-

395 4846 521 4898 dem
554 4841 814 4897 Ludovici
860 4838 995 4905 filio,
1015 4853 1179 4908 quem
1215 4837 1272 4890 in
1303 4852 1486 4909 regem
1519 4835 1848 4890 Francorum
1879 4851 2014 4890 con-

392 4936 629 4991 secravit
667 4932 924 4987 Artoldus
951 4945 1097 4984 anno
1139 4930 1264 4984 954.
1322 4928 1510 4982 Fuisse
1543 4927 1926 4998 presbyterum
1957 4938 2012 4984 et

393 5024 720 5080 canonicum
783 5019 1041 5075 Ecclesiae
1111 5018 1396 5074 Remensis
1462 5024 1731 5072 testantur
1789 5017 2011 5075 codices

393 5111 679 5166 Remensis
731 5117 785 5164 et
837 5107 1194 5182 lgniacensis,
1257 5106 1349 5178 qui
1387 5105 1536 5160 illum
1569 5106 1657 5160 his
1686 5105 1860 5161 titulis
1915 5121 2009 5162 or—

394 5211 544 5267 nant,
595 5203 703 5256 imo
733 5202 920 5256 omnia
950 5207 1136 5255 nostra
1184 5199 1517 5270 exemplaria
1548 5215 1713 5254 manu
1765 5207 2004 5264 exarata,

2133 2566 2379 2622 misciaci
2408 2569 2514 2624 vici
2544 2576 2776 2625 testatur
2798 2571 2916 2642 ipse
2944 2573 3088 2628 libro
3119 2592 3191 2646 ιν,
3219 2591 3341 2646 cap.
3371 2577 3461 2631 28.
3513 2581 3576 2630 At
3604 2587 3759 2647 post-

2132 2659 2357 2714 modum
2379 2660 2501 2717 vitm
2531 2678 2707 2736 genus
2755 2671 3020 2733 mutasse,
3079 2674 3134 2721 ct
3173 2666 3362 2723 relicto
3427 2657 3757 2725 canonicatu

2131 2751 2450 2806 monasticae
2477 2755 2683 2828 regulae
2714 2770 2837 2810 sese
2886 2757 3222 2826 subdidisse,
3257 2766 3312 2813 et
3341 2759 3547 2816 deinde
3578 2759 3756 2814 abba-

2131 2849 2240 2896 tem
2277 2841 2479 2898 factum
2509 2861 2652 2913 esse,
2693 2855 2840 2902 certa
2892 2855 3021 2902 sunt
3053 2849 3386 2906 documenta
3424 2867 3486 2906 ex
3515 2851 3756 2922 epistola

2130 2935 2356 3006 Adelagi
2386 2938 2698 2993 Bremeusis
2729 2939 3156 3012 archiepiSCOpi,
3189 2959 3355 3013 quam
3388 2944 3559 2999 habes
3587 2943 3746 2998 infra.

2131 3025 2264 3082 Item
2289 3043 2355 3082 ex
2387 3042 2453 3083 eo
2483 3028 2633 3099 quod
2659 3029 2727 3083 de
2758 3044 2817 3083 se
2845 3029 3039 3085 scribit
3064 3031 3122 3084 in
3155 3031 3423 3088 Chronico
3456 3048 3600 3089 anno
3624 3033 3750 3095 963,

2131 3119 2218 3174 his
2247 3120 2433 3176 verbis
2461 3139 2474 3175 :
2509 3145 2535 3167 ‹‹
2571 3121 2681 3194 Ego
2712 3137 2842 3176 vero
2896 3121 3098 3178 fractus
3123 3130 3306 3190 aetate,
3339 3133 3398 3180 et
3421 3126 3640 3180 attritus
3667 3125 3755 3179 in-

2129 3205 2411 3276 firmitate,
2439 3219 2493 3264 et
2522 3210 2830 3265 ministerio
2881 3227 2968 3265 me
3001 3211 3251 3266 abdicavi
3286 3213 3593 3283 praelatum}
3651 3229 3750 3269 co-

2129 3313 2244 3352 ram
2276 3298 2473 3354 eodem
2501 3300 2732 3369 praesule
2776 3299 3010 3370 (scilicet
3051 3300 3323 3367 Odalrico,
3384 3303 3591 3358 Artoldi
3623 3319 3754 3358 suc-

2129 3390 2363 3457 cessore)
2392 3387 2600 3459 quique
2631 3404 2717 3442 me
2775 3389 2880 3444 hoc
2937 3388 3232 3444 absolvens
3285 3389 3443 3463 jugo,
3487 3391 3755 3462 imposuit

2127 3477 2264 3532 illud
2314 3493 2412 3548 per
2451 3477 2781 3533 electionem
2833 3477 3059 3533 fratrum
3100 3493 3371 3546 meorum,
3406 3479 3592 3551 nepoti
3628 3494 3754 3534 meo

2126 3569 2453 3637 Flodoardo,
2487 3571 2896 3644 septuagesimo
2921 3570 3096 3626 aetatis
3113 3587 3251 3626 meae
3281 3587 3445 3626 anno.
3489 3592 3514 3621 υ
3547 3572 3635 3626 Sic
3652 3571 3752 3626 ibi.

2126 3659 2276 3714 Idem
2307 3659 2634 3715 confirmant
2673 3677 2866 3715 versus
2922 3661 3132 3729 Gallici,
3168 3663 3224 3715 in
3253 3661 3446 3716 codice
3504 3660 3756 3730 peranti-

2073 3806 2098 3829 Ἰ
2124 3765 2232 3820 quo
2263 3767 2366 3804 ms.
2403 3750 2631 3822 reperti,
2657 3767 2685 3804 a
2715 3750 2877 3805 nobis
2926 3750 2979 3804 in
3010 3750 3357 3822 frontispicio
3385 3750 3573 3821 positi,
3605 3766 3750 3821 quo-

2123 3854 2242 3892 rum
2275 3839 2392 3894 limo
2422 3848 2504 3894 est
2533 3839 2916 3911 interpretatio
2943 3857 2955 3892 :
2990 3861 3018 3890 ι)
3064 3840 3120 3893 Si
3152 3841 3233 3894 vis
3262 3840 3404 3894 scire
3448 3840 3751 3894 Rcmenses

2123 3927 2440 4000 episcopos,
2471 3929 2592 4004 lege
2624 3929 2931 3984 Chronicon
2961 3928 3252 3983 Flodoardi
3307 3929 3477 3984 docti.
3513 3929 3563 3983 ls
3599 3945 3750 3983 mor-

2121 4022 2247 4072 tuus
2297 4027 2381 4073 est
2431 4027 2675 4091 tempore
2741 4018 2974 4074 Odalrici
3015 4017 3285 4089 episcopi,
3347 4020 3614 4073 oriundus
3672 4035 3738 4073 ex

2117 4108 2415 4179 Sparnaco.
2464 4111 2611 4166 Vixit
2641 4120 2823 4166 castus
2865 4110 3120 4177 clericus,
3173 4109 3356 4165 bonus
3410 4110 3736 4174 monachus,

2117 4204 2315 4258 melior
2340 4203 2533 4270 abbas,
2564 4203 2632 4257 ab
2664 4202 2896 4275 Agapito
2924 4218 3066 4272 papa
3105 4201 3212 4257 fuit
3242 4201 3418 4257 factus
3456 4202 3734 4256 sacerdos.

2121 4295 2191 4348 Ex
2223 4295 2341 4363 ejus
2373 4294 2600 4362 historia
2651 4294 2822 4349 multa
2862 4310 3000 4349 nova
3049 4295 3274 4362 scies,et
3335 4293 3390 4348 in
3443 4294 3536 4349 illa
3568 4291 3734 4350 totam

2115 4386 2500 4458 antiquitatem
2544 4385 2784 4441 hauries.
2829 4408 2850 4437 ι
2913 4387 3062 4441 Idem
3104 4387 3345 4458 denique
3377 4387 3643 4458 probatur
3669 4404 3737 4440 ex

2115 4475 2431 4530 testimonio
2463 4475 2732 4531 Dominici
2757 4475 2998 4530 Grimani
3029 4475 3345 4541 cardinalis,
3382 4477 3531 4548 quod
3565 4475 3736 4530 infra-

2114 4565 2420 4635 posuimus.
2454 4565 2576 4620 Fuit
2607 4573 2790 4620 autem
2840 4565 3142 4620 monachus
3187 4574 3242 4620 et
3307 4564 3479 4619 abbas
3522 4564 3738 4620 ordinis

2113 4653 2168 4708 S.
2209 4654 2495 4710 Benedicti
2546 4653 2731 4709 Remis
2773 4655 2828 4708 in
2878 4653 3212 4710 monasterio
3259 4654 3432 4709 sancti
3475 4653 3732 4727 Remigii.

2113 4745 2288 4810 Quare
2320 4759 2430 4799 non
2454 4743 2680 4806 fallitur,
2713 4759 2816 4799 nec
2842 4743 3048 4813 injuste
3079 4743 3235 4798 illum
3273 4759 3374 4799 suo
3395 4743 3578 4799 ordini
3611 4743 3736 4797 vin-

2113 4836 2259 4891 dicat
2305 4835 2636 4890 Trithemius
2680 4835 3028 4910 Sigebertum
3085 4843 3327 4902 secutus,
3383 4835 3523 4889 libro
3582 4853 3617 4888 ιι
3661 4835 3734 4889 De

2111 4924 2254 4978 Viris
2285 4924 2593 4979 illustribus
2640 4925 2852 4980 ordinis
2895 4924 3069 4980 sancti
3104 4923 3410 4990 Benedicti,
3467 4940 3589 4994 cap.
3641 4924 3734 4992 68,

2112 5021 2164 5068 et
2208 5013 2264 5067 in
2319 5013 2575 5087 Catalogo
2629 5014 2962 5086 scriptorum
3019 5013 3550 5079 ecclesiasticarum,
3607 5029 3732 5067 cum

2109 5101 2246 5156 dicit
2277 5117 2401 5156 eum
2433 5101 2603 5156 fuisse
2631 5103 2959 5158 monachum
2992 5103 3319 5157 Remensem
3357 5101 3570 5157 ordinis
3594 5117 3730 5156 san-

2027 5152 2086 5221 D
2110 5191 2181 5245 cti
2207 5189 2507 5245 Benedicti.
2543 5192 2688 5256 Quos
2743 5192 2875 5247 item
2903 5191 3154 5262 sequitur
3202 5192 3486 5246 Co'nradus
3522 5191 3734 5244 Gesne-

391 5292 445 5345 in
472 5307 707 5364 quorum
732 5293 882 5346 calce
911 5290 1114 5362 legitur
1141 5307 1156 5342 :
1189 5290 1429 5358 Explica
1478 5289 1740 5344 Floardus
1775 5289 1856 5342 υει
1885 5289 2008 5344 F10-
2111 5296 2203 5334 rus
2233 5280 2289 5333 in
2321 5296 2420 5333 sua
2451 5279 2811 5346 Bibliotheca,
2844 5289 2899 5336 et
2921 5281 3194 5336 Arnoldus
3210 5281 3372 5336 Wion
3404 5280 3545 5335 libro
3566 5297 3602 5334 ιι
3632 5279 3727 5333 Li-

387 5387 594 5440 hardus
646 5385 925 5455 presbyter
977 5388 1024 5437 et
1056 5383 1329 5438 Remensis
1385 5382 1692 5435 canonicus.
1741 5379 2009 5436 Similiter
2107 5371 2200 5444 gni
2229 5371 2384 5438 Vitae,
2413 5371 2592 5442 capite
2617 5373 2684 5428 67
2720 5391 2732 5428 :
2766 5374 2864 5428 sed
2906 5374 2995 5429 hic
3027 5374 3083 5427 in
3130 5381 3289 5430 aetate
3350 5374 3470 5443 ejus
3525 5373 3733 5427 fallitur

386 5475 568 5531 dictus
587 5474 763 5530 losias
792 5471 1176 5544 presbyterum
1208 5478 1387 5531 vocat,
1440 5480 1495 5524 et
1521 5468 1764 5525 Joannes
1799 5468 2004 5524 Filesa-
2107 5469 2327 5516 centum
2358 5477 2534 5532 prope
2592 5461 2772 5529 annis,
2827 5461 3079 5517 scribens
3108 5477 3234 5516 eum
3276 5461 3531 5517 ﬂoruisse
3583 5476 3730 5516 anno

382 5585 478 5624 cus
507 5566 834 5624 Parisiensis
864 5565 1156 5637 theologus
1194 5564 1248 5618 in
1277 5562 1482 5618 veteris
1536 5561 1795 5618 Ecclesia:
1824 5562 1997 5618 Galli-
2101 5551 2225 5606 870-
2259 5551 2483 5607 Fallitur
2508 5565 2731 5622 quoque
2780 5551 3050 5606 Ᾱηίοηίυε
3078 5550 3412 5606 Ροδεθνίηυδ
3450 5551 3506 5604 in
3547 5552 3734 5622 APPa“

377 5671 532 5714 eam;
581 5657 816 5724 Querela
841 5654 1171 5711 canonicum
1226 5654 1577 5720 aemensem,
1619 5651 1698 5707 ιιιί
1749 5660 1804 5706 ει
1829 5651 2000 5707 ,Ιοειη-
2101 5649 2220 5696 ratu
2251 5656 2428 5709 sacro,
2463 5641 2519 5695 in
2549 5655 2616 5696 eo
2676 5640 2824 5711 quod
2883 5639 3198 5696 Flavaldum
3256 5655 3287 5693 a
3337 5639 3644 5695 Flodoardo
3675 5647 3731 5694 et

381 5763 483 5801 nes
509 5747 758 5816 Nolanus
787 5746 844 5801 in
873 5745 994 5800 Nat.
1027 5744 1119 5800 SS.
1172 5742 1347 5815 Belgii
1373 5742 1464 5798 die
1507 5741 1701 5814 quinta
1743 5741 1992 5813 Augusti.
2098 5735 2413 5792 Frodoardo
2451 5735 2777 5806 distinguat,
2825 5741 3085 5806 tanquam
3139 5733 3387 5791 diversos
3443 5741 3723 5789 auctores»
