4038 6166
305 241 366 295 Π

1686 220 1952 277 NOTITIA
1991 217 2244 276 ALTERA

3573 230 3640 285 18

302 365 612 424 Frodoardo
642 361 992 419 solummodo
1029 358 1284 414 tribuens
1339 353 1672 420 Chronicon,
1698 350 1768 406 de
1798 364 1910 421 quo
1930 351 1986 421 Α
2012 355 2102 403 tur
2121 348 2271 407 dicto
2310 366 2401 405 an.
2435 350 2562 419 845,
2593 369 2891 410 recensens
2929 355 3140 411 ibidem
3191 357 3440 428 diploma
3465 356 3644 416 Caroli
3680 384 3686 387 ι

303 457 460 523 infra,
487 453 797 509 Flodoardo
845 457 1028 505 autem
1058 450 1202 502 hanc
1231 443 1586 500 Remensium
1616 440 1913 512 episcOpo-

304 566 417 603 rum
442 545 742 603 Historiam
771 543 900 600 :sed
920 557 1043 612 qua
1067 541 1122 594 in
1141 537 1450 610 appendice
1473 536 1726 591 nonnihil
1747 535 1923 592 corri-

300 642 395 716 git.
421 638 691 694 Similiter
721 636 901 691 dictus
943 634 1102 688 Wion
1133 631 1190 685 in
1232 617 1508 698 adjunctis
1560 628 1628 682 ad
1689 625 1920 699 Lignum

299 732 452 797 Vita,
477 747 606 804 pag.
645 729 771 792 909,
822 725 1189 782 Flodoardum
1247 739 1278 777 a
1317 721 1573 776 Flavaldo
1619 734 1729 774 non
1778 726 1923 774 recte

301 822 614 895 distinguit.
648 821 919 876 Praterea
975 817 1183 871 fallitur
1224 815 1476 886 Papirius
1524 813 1808 868 Massonus
1868 811 1923 865 in

299 912 560 985 Catalogo
587 917 892 964 auctorum.
928 906 1131 978 quibus
1159 921 1292 959 usus
1337 911 1422 958 est
1464 903 1521 956 in
1553 902 1669 957 suis
1696 895 1954 955 Annali-3

299 1002 426 1065 bus,
451 1000 584 1053 dum
633 1006 794 1053 vocat
851 1012 978 1051 eum
1031 995 1360 1050 Remensem
1393 991 1734 1064 pontiﬁcem.
1769 990 1924 1056 Quod

297 1099 526 1146 secutus
579 1097 663 1143 est
720 1085 986 1141 Baronius
1038 1099 1184 1138 anno
1231 1083 1360 1149 983,
1419 1081 1527 1136 nisi
1579 1081 1635 1136 in
1692 1080 1924 1136 Baronio

298 1181 564 1237 mendum
585 1181 678 1245 sit,
702 1188 757 1233 et
787 1194 888 1250 pro
913 1181 1148 1233 Remensi
1166 1177 1584 1245 archiepiscopo,
1627 1173 1922 1247 legendum

298 1277 389 1339 sit,
419 1276 692 1330 Remensis
723 1272 1178 1341 archiepiscopus,
1237 1277 1296 1322 ut
1346 1269 1414 1322 ad
1469 1265 1748 1321 Artaldum
1781 1265 1926 1320 refe-

301 1373 470 1418 ratur.
504 1361 637 1416 Nam
659 1375 804 1415 anno
826 1359 931 1413 948
959 1367 1118 1414 vocat
1166 1374 1292 1413 eum
1347 1356 1634 1412 Remensis
1667 1354 1922 1410 Ecclesia

297 1459 704 1531 presbyterum,
736 1456 881 1511 sicut
903 1462 958 1509 et
987 1455 1105 1525 ipse
1136 1453 1411 1524 Papirius,
1442 1451 1537 1506 lib.
1563 1468 1624 1518 ιι,
1644 1450 1700 1503 in
1731 1449 1923 1504 Carolo

295 1549 582 1619 Simplice,
626 1554 684 1601 ut
711 1563 812 1617 per
839 1544 1300 1600 inadvertentiam
1347 1541 1668 1614 pontiﬁcem
1698 1556 1923 1596 vocasse

296 1640 576 1695 videatur.

371 1732 511 1786 lllud
543 1730 763 1784 interim
789 1745 979 1784 verum
997 1737 1100 1794 est,
1132 1736 1350 1784 mortuo
1381 1726 1636 1794 Rodolfo,
1667 1727 1736 1782 ab
1768 1737 1924 1782 utro-

294 1838 408 1894 que
477 1819 742 1891 capitulo,
807 1819 1180 1885 Noviomeasi,
1239 1826 1294 1873 et
1350 1817 1798 1884 Tornacensi,die
1853 1816 1924 1872 20

291 1912 428 1967 Julii
462 1927 608 1966 anno
623 1911 728 1967 950
775 1911 1013 1965 electum
1055 1911 1228 1965 fuisse
1276 1911 1332 1964 in
1364 1910 1690 1981 episcopum
1721 1909 1925 1964 Novio-

291 2021 546 2060 mensem
580 2012 633 2059 et
659 2005 1082 2060 Tornacensem.
1114 2004 1230 2060 Non
1262 2003 1368 2059 fuit
1393 2012 1576 2058 tamen
1619 2001 1921 2057 confirma-

292 2111 405 2164 tus,
437 2100 570 2170 quia
629 2099 936 2154 Ludovicus
979 2099 1398 2153 Transmarinus
1451 2114 1544 2152 rex
1590 2096 1920 2150 Francorum

288 2191 552 2255 subdole,
583 2190 722 2245 clam
754 2198 807 2244 et
824 2189 914 2245 via
944 2190 1382 2245 extraordinaria
1403 2189 1460 2242 in
1481 2189 1684 2242 sedem
1715 2186 1925 2241 utrius-

291 2297 409 2354 que
467 2282 724 2338 Ecclesia
782 2281 1005 2337 inlrusit
1053 2280 1433 2336 etintroduxit
1481 2279 1758 2350 impurum
1807 2290 1928 2330 mo-

289 2374 538 2429 nachum
585 2381 640 2428 et
681 2373 1048 2428 simoniacum
1107 2371 1369 2427 clericum
1425 2369 1774 2433 Fulcherum,
1838 2366 1924 2421 sui

287 2465 655 2539 archimagiri
704 2454 894 2520 Kentii
934 2463 1110 2519 ﬁlium
1147 2463 1404 2519 nothum.
1465 2461 1619 2526 Quod
1681 2458 1926 2514 resciens

286 2560 592 2631 Adelagus,
639 2559 748 2624 vel,
802 2565 862 2612 ut
914 2565 1072 2613 vocat
1122 2556 1375 2610 Albertus
1418 2553 1707 2608 Krantzius
1740 2551 1796 2606 in
1829 2567 1928 2606 sua

288 2653 640 2724 metropoli,
696 2653 1008 2726 Adaldagus
1065 2647 1376 2705 Bremensis
1438 2645 1928 2716 archiepiscopus,

289 2744 621 2817 apostolica
673 2743 823 2798 sedis
876 2743 1112 2817 legatus,
1145 2739 1202 2792 in
1258 2739 1374 2792 hac
1403 2735 1575 2791 verba
1632 2733 1928 2804 prorupit:

288 2838 656 2903 Cognoscetur
685 2832 1156 2900 Dominusjudicia
1183 2830 1413 2896 faciens.
1476 2825 1688 2879 Deinde
1726 2839 1929 2879 conso-

289 2927 552 2981 latoriam
579 2924 870 2994 epistolam
925 2923 1105 2978 eidem
1140 2919 1446 2976 transmisit
1478 2919 1618 2975 (vide
1670 2932 1840 2984 supra
1871 2917 1932 2969 in

290 3019 503 3071 notitia
543 3032 612 3070 ea:
657 3014 1023 3076 Mabillonio.)
1075 3011 1196 3066 Hac
1225 3026 1289 3064 ex
1320 3025 1450 3062 mss.
1481 3006 1693 3072 Quibus
1723 3003 1930 3059 habent

288 3123 546 3164 consona
576 3106 645 3160 de
698 3105 966 3160 Fulchero
998 3103 1237 3158 Jacobus
1281 3100 1529 3170 Meyerus
1577 3105 1634 3153 et
1661 3095 1931 3152 Antonius

295 3195 679 3251 Demochares
729 3193 783 3247 in
840 3191 1045 3247 tabulis
1083 3191 1472 3262 episc0porum
1503 3186 1928 3242 Tornacensium

297 3288 386 3342 his
411 3284 602 3340 verbis
636 3301 648 3337 :
683 3309 704 3329 -
744 3283 832 3336 44.
883 3281 1183 3335 Fulcharus
1241 3279 1358 3333 sive
1408 3276 1706 3332 Fulcherus
1737 3289 1932 3328 mona-

293 3383 443 3435 chus
466 3373 884 3432 Suessionensis
911 3372 1083 3428 sancti
1111 3370 1378 3435 Medardi,
1409 3368 1662 3439 sepultus
1703 3366 1757 3420 in
1792 3373 1933 3420 tem-

301 3475 400 3544 plo
435 3470 610 3525 sancti
640 3467 816 3540 Elegii
858 3474 1010 3521 extra
1055 3479 1240 3519 muros
1280 3461 1518 3518 civitatis
1547 3458 1932 3515 Noviomensis

296 3566 373 3620 de
397 3579 512 3636 quo
543 3561 735 3617 scribit
758 3560 1010 3631 Meyerus
1061 3571 1206 3612 anno
1232 3555 1357 3611 955.
1417 3553 1716 3608 Fulclierus
1759 3551 1930 3607 homo

295 3655 550 3729 spurius,
575 3653 723 3708 ﬁlius
750 3651 1093 3707 existimatus
1122 3648 1392 3722 principis
1414 3661 1716 3717 coquorum
1749 3644 1932 3700 Ludo-

297 3752 412 3807 vici
446 3749 617 3824 regis,
678 3745 1171 3818 Noviomagensem
1225 3741 1388 3797 malis
1436 3739 1648 3794 artibus
1693 3736 1932 3807 adeptus

297 3843 713 3914 episcopatum.
763 3838 950 3894 omnia
1000 3836 1131 3892 fecit
1160 3833 1456 3895 deteriora,
1490 3828 1928 3886 administravit-

299 3949 416 4005 que
438 3946 659 3984 menses
688 3927 918 3982 omnino
954 3927 1021 3980 18
1053 3945 1068 3979 :
1103 3924 1297 3980 morbo
1329 3922 1656 3993 absumptus
1699 3919 1934 3990 pedicu-

301 4022 408 4075 lari
447 4029 502 4073 et
525 4016 838 4088 phthiriasi,
865 4031 1123 4088 magnum
1153 4014 1466 4084 exemplum
1491 4010 1670 4082 puniti
1689 4009 1933 4064 ambitus

301 4118 362 4166 et
383 4107 660 4171 simonia,
680 4106 724 4160 si
748 4121 849 4160 nos
869 4103 1074 4175 posteri
1095 4103 1419 4158 timeremus
1449 4101 1621 4155 Deum
1657 4120 1678 4149 ι

1946 1669 2000 1738 Β

1955 3037 2007 3106 C

2020 441 2191 510 Calvi,
2221 432 2332 513 quo
2360 441 2531 498 edicit
2588 453 2647 500 ut
2707 444 2998 501 Hincmaro
3047 444 3409 502 restituantur
3455 451 3643 505 omnia

2022 532 2168 588 bona
2197 531 2554 603 episcopatus
2617 533 2925 598 Remensis,
2957 536 3105 606 quod
3152 535 3387 591 habetur
3417 537 3517 592 lib.
3557 556 3640 604 n.,

2022 639 2071 677 c.
2098 623 2150 676 4.
2185 623 2259 677 De
2285 638 2398 694 quo
2441 639 2551 678 non
2600 623 2719 678 sine
2751 624 2959 680 ratione
2988 626 3064 680 ait
3112 627 3354 682 Pithoeus
3408 628 3464 682 in
3494 628 3641 684 dicto

2025 710 2318 778 Glossario,
2377 711 2548 768 verbo
2604 715 2955 783 Beneﬁciario
3004 714 3182 784 jure:
3240 715 3416 771 Nolim
3462 716 3640 772 virum

2024 805 2210 860 multa
2245 804 2504 860 lectionis
2547 821 2614 860 ex
2668 804 3121 876 interpretatione
3167 805 3389 873 Gallica,
3446 806 3642 862 alienis

2023 911 2056 950 a
2110 910 2277 949 sensu
2337 895 2544 961 verbis,
2607 895 2712 950 hoc
2751 895 2897 949 idem
2946 894 3190 965 diploma
3219 896 3490 952 retulisse.
3544 897 3643 952 Ve-

2027 1004 2146 1042 rum
2176 987 2246 1042 ab
2278 1004 2368 1042 an.
2401 987 2506 1043 865
2565 988 2758 1059 incipit
2788 989 2906 1060 ipsa
2933 988 3102 1043 verba
3137 988 3324 1043 Latina
3354 986 3642 1044 Plodoardi

2023 1078 2286 1153 allegare,
2309 1077 2406 1132 sed
2439 1094 2506 1133 ex
2523 1078 2691 1134 unico
2722 1079 3042 1150 exemplari,
3077 1093 3257 1149 eoque
3286 1086 3434 1148 Sape
3458 1079 3644 1133 incor-

2025 1177 2174 1223 recto
2213 1176 2270 1222 et
2299 1169 2620 1239 depravato.
2654 1177 2715 1223 ut
2745 1170 2944 1229 eodem
2991 1184 3156 1234 anno,
3209 1167 3340 1222 item
3359 1169 3484 1234 871,
3514 1169 3642 1235 8‘77,

2024 1257 2149 1323 892,
2176 1256 2304 1324 893,
2327 1265 2384 1313 et
2410 1258 2542 1314 alibi
2571 1258 2759 1314 videre
2775 1265 2877 1313 est.
2905 1259 3171 1313 Caterum
3203 1273 3314 1312 non
3337 1258 3456 1313 sine
3481 1259 3644 1314 laude

2025 1345 2483 1417 ipsiusmeminit,
2514 1357 2576 1405 ut
2625 1366 2715 1405 an.
2762 1348 2890 1413 933,
2918 1365 3122 1404 vocans
3151 1357 3468 1404 accuratum
3499 1349 3645 1404 illius

2026 1439 2291 1510 temporis
2330 1439 2677 1511 scriptorem,
2734 1440 2823 1494 cui
2881 1449 3089 1494 tantam
3147 1439 3312 1493 fidem
3345 1438 3554 1506 tribuit,
3586 1449 3646 1494 ut

2023 1547 2170 1587 anno
2200 1532 2308 1587 954
2354 1548 2419 1586 ex
2478 1547 2546 1587 eo
2593 1532 2731 1587 alios
2783 1546 2978 1586 omnes
3024 1531 3295 1586 mendacii
3329 1532 3642 1606 redarguat.

2024 1622 2250 1686 Quanta
2303 1637 2434 1676 vero
2484 1622 2824 1678 auctoritatis
2876 1622 3077 1688 fuerit,
3138 1639 3204 1678 ex
3261 1639 3327 1677 eo
3382 1623 3646 1678 discimus

2024 1713 2173 1784 quod
2195 1712 2263 1766 ad
2291 1711 2599 1786 legationes
2655 1720 2711 1767 et
2731 1711 2954 1783 publica
2983 1712 3206 1787 negotia
3236 1713 3513 1768 interdum
3544 1712 3646 1767 ad-

2026 1805 2235 1860 hibitus
2264 1805 2352 1861 sit.
2407 1805 2562 1860 Unde
2593 1805 2734 1861 libro
2769 1805 2971 1877 primo,
3001 1806 3184 1877 capite
3233 1805 3326 1866 20.
3358 1821 3418 1861 se
3453 1805 3646 1861 scribit

2025 1895 2092 1949 ab
2120 1895 2340 1952 Artaldo
2391 1895 2655 1967 episc0po
2686 1896 2916 1951 missum
2972 1905 3198 1967 propter
3228 1913 3316 1951 res
3380 1897 3645 1968 quasdam

2025 1985 2314 2040 Remensis
2339 1986 2598 2041 Ecclesia
2627 1985 2696 2040 ab
2729 1985 3022 2042 Otthonem
3045 2001 3234 2060 regem
3256 1995 3311 2040 et
3336 1983 3646 2041 Conradum

2025 2074 2246 2129 ducem.

2099 2165 2163 2220 Ut
2183 2180 2317 2221 vero
2345 2165 2415 2221 ad
2472 2166 2678 2235 scripta
2718 2165 2842 2234 ejus
2883 2166 3189 2221 veniamus.
3216 2168 3460 2233 Quatuor
3484 2166 3650 2235 hujus

2024 2257 2212 2327 operis
2240 2258 2411 2314 libros
2441 2274 2564 2314 esse
2605 2259 2944 2314 demonstrat
2982 2259 3222 2314 auctoris
3253 2259 3534 2332 prologue,
3591 2259 3646 2314 in

2026 2364 2137 2418 quo
2157 2359 2314 2405 vocat
2342 2350 2723 2420 quadriﬁdam
2771 2351 2972 2404 laboris
3001 2354 3090 2405 sui
3117 2367 3271 2422 opus.
3303 2353 3651 2424 QuaprOpter

2027 2440 2169 2495 male
2199 2439 2552 2505 Trithemius,
2581 2445 2637 2494 et
2665 2438 2760 2510 qui
2787 2455 2915 2494 eum
2941 2449 3271 2511 sequuntur,
3305 2450 3417 2496 tres
3435 2442 3648 2497 solum-

2030 2533 2193 2588 modo
2216 2538 2528 2588 numerant.
2557 2530 2761 2587 Prater
2790 2532 2893 2586 hos
2937 2539 3176 2602 quatuor
3199 2532 3370 2588 libros
3400 2534 3648 2589 Historia

2031 2625 2319 2681 Remensis
2346 2623 2624 2689 Ecclesiae,
2672 2623 2789 2680 sive
2851 2631 2912 2679 ut
2939 2624 3031 2678 alii
3096 2633 3313 2692 vocant,
3355 2626 3430 2681 De
3473 2627 3651 2682 Gestis

2034 2714 2386 2770 Remensium
2443 2711 2788 2786 pontificum,
2842 2713 2898 2768 in
2953 2712 3158 2785 quibus
3208 2714 3380 2770 multa
3434 2714 3540 2771 alia
3578 2716 3650 2771 de

2031 2811 2236 2870 sanctis
2267 2817 2322 2865 et
2353 2805 2704 2863 monasteriis
2743 2806 2996 2876 ejusdem
3045 2805 3278 2862 civitatis
3307 2813 3362 2861 et
3393 2806 3650 2863 diacesis

2031 2899 2330 2958 interserit.
2401 2896 2630 2968 Scripsit
2690 2897 2852 2951 etiam
2921 2895 3230 2951 Chronicon
3297 2895 3472 2951 atatis
3535 2913 3649 2952 sua

2031 2995 2439 3052 exactissimum
2485 2991 2554 3046 ab
2612 3005 2757 3046 anno
2800 2989 3016 3046 Domini
3053 2988 3158 3044 919
3193 3005 3370 3061 usque
3399 2989 3468 3044 ad
3522 2988 3649 3058 966,

2031 3087 2180 3162 quod
2208 3087 2266 3141 in
2313 3087 2493 3142 lucem
2540 3081 2771 3155 protulit
2799 3081 2992 3136 Petrus
3043 3079 3290 3136 Pithoeus
3336 3078 3480 3134 inter
3508 3079 3652 3134 duo-

2033 3179 2212 3235 decim
2239 3176 2897 3247 scriptores_coataneos
2952 3170 3243 3226 Annalium
3297 3179 3355 3226 et
3409 3168 3652 3225 historia

2032 3269 2386 3324 Francorum.
2421 3263 2690 3318 Excusum
2752 3270 2836 3317 est
2882 3277 3025 3332 Opus
3074 3260 3129 3314 in
3182 3266 3374 3316 octavo
3432 3259 3653 3314 Parisiis

2034 3358 2190 3425 1588,
2241 3363 2296 3412 et
2327 3353 2667 3410 Francofurti
2723 3353 2881 3408 1594.
2927 3351 3165 3407 Tametsi
3227 3352 3283 3406 in
3328 3349 3652 3423 prafatione

2031 3449 2249 3504 dubitet
2279 3447 2424 3502 idem
2474 3444 2720 3500 Pithoeus
2763 3443 2906 3498 sitne
2964 3441 3213 3511 ejusdem
3270 3439 3529 3496 auctoris.
3565 3438 3653 3493 Sic

2032 3541 2178 3594 enim
2201 3537 2276 3593 ait
2310 3556 2323 3591 :
2357 3561 2378 3584 α
2413 3536 2532 3590 Jam
2564 3535 2632 3589 de
2662 3533 2960 3589 Frodoardi
2991 3530 3262 3588 Chronico
3295 3530 3426 3603 (sive
3457 3529 3504 3585 is
3531 3527 3653 3584 Fla-

2031 3632 2225 3688 valdus
2253 3629 2342 3686 vel
2368 3627 2634 3684 Floardus
2677 3627 2748 3682 sit
2798 3624 3089 3681 Remensis
3128 3623 3383 3681 Ecclesia
3417 3621 3655 3694 presby-

2031 3731 2134 3787 ter,
2168 3720 2263 3794 qui
2292 3717 2838 3789 archiepiscopornm
2868 3731 3094 3771 suorum
3125 3714 3272 3770 Vitas
3300 3730 3331 3768 a
3377 3715 3434 3769 Β.
3470 3711 3652 3769 Remi-

2032 3813 2122 3888 gio
2139 3812 2208 3866 ad
2255 3810 2557 3868 Artaldum,
2609 3807 2828 3862 diverso
2860 3806 3023 3876 plane
3057 3804 3200 3874 stylo
3259 3802 3568 3872 descripsit)
3600 3813 3654 3857 et

2034 3907 2140 3960 hoc
2169 3919 2399 3959 monere
2418 3901 2595 3954 visum
2633 3907 2734 3963 est,
2775 3914 2839 3951 ea
2885 3912 3008 3967 qua
3051 3895 3119 3949 ad
3140 3894 3511 3948 Virdunenses
3533 3895 3655 3965 epi-

2033 4012 2232 4067 scopos
2251 3993 2550 4066 pertinent,
2574 3991 2672 4046 sed
2697 3997 2752 4044 et
2771 3989 2878 4044 alia
2900 3987 3153 4060 quadam
3173 3987 3400 4060 virgulis
3416 3985 3649 4051 inclusa,

2037 4104 2104 4143 ex
2135 4086 2311 4142 tribus
2339 4083 2506 4140 unius
2537 4098 2658 4138 esse
2688 4080 2837 4152 quod
2865 4078 3194 4136 Divionense
3231 4077 3650 4148 appellavimus,

381 4201 507 4256 Fuit
529 4166 1046 4270 porroFlodo'ardus
1075 4195 1160 4250 vir
1188 4194 1388 4249 litteris
1419 4199 1473 4248 et
1493 4191 1744 4248 moribus
1773 4205 1938 4266 egre-
2037 4193 2383 4270 quamquam”
2419 4173 2682 4270 Vgir‘iduni‘
2732 4171 2918 4243 Ροῐίιιε
2973 4169 3319 4270 ’δεδοτίρξιπη
3385 4166 3653 4270 “figatur.-

304 4291 402 4366 gie
441 4258 756 4353 exernalus,
807 4293 868 4340 ut
919 4284 1201 4338 declarant
1244 4283 1581 4348 testimonia,
1632 4296 1754 4352 qua
1794 4258 1937 4334 infra
2038 4270 2292 4343 Quisquis
2334 4269 2422 4324 ille
2446 4267 2548 4322 fuit
2581 4265 2834 4338 scriptor,
2876 4263 3077 4319 multas
3107 4259 3352 4334 profecto
3385 4259 3546 4316 nobis
3565 4258 3652 4315 sui

302 4379 734 4452 subjungemus,
763 4383 818 4430 et
867 4374 1014 4446 quod
1047 4374 1102 4427 in
1127 4372 1393 4427 historico
1436 4373 1776 4443 pracipuum
1829 4379 1932 4438 est,

2037 4361 2224 4420 saculi
2253 4358 2496 4415 historia
2529 4357 2786 4412 tenebras
2831 4354 3110 4419 discutiat,
3161 4373 3192 4402 ι
3218 4358 3324 4408 etc.
3369 4352 3444 4405 De
3466 4351 3568 4405 hac
3597 4365 3657 4404 re

303 4441 477 4524 varia
509 4441 778 4527 factionis.
815 4441 1026 4539 magna
1056 4463 1362 4538 diligentia
1401 4441 1456 4518 et
1482 4441 1744 4517 indefessi
1777 4452 2309 4523 Iabo—DPithaum
2368 4467 2479 4506 non
2531 4451 2630 4505 abs
2684 4467 2739 4505 re
2772 4449 3055 4504 dubitasse
3116 4446 3192 4500 ait
3248 4445 3303 4498 in
3335 4441 3657 4516 prafatione

307 4559 408 4613 ris.
443 4557 578 4611 Hinc
597 4557 672 4610 ait
693 4556 748 4609 in
781 4553 1102 4626 prafatione
1120 4553 1286 4622 hujus
1313 4551 1583 4617 Historia,
1619 4575 1641 4595 ι·
1671 4566 1811 4622 opus
1830 4551 1936 4604 hoc

305 4651 686 4720 undecunque
704 4648 1031 4703 collectume
1049 4662 1137 4700 sse
1159 4663 1202 4699 :n
1222 4645 1482 4700 videlicet
1495 4660 1560 4698 ex
1572 4642 1937 4715 scriptoribus

305 4740 485 4793 sacris
513 4748 570 4792 et
601 4736 872 4808 profanis,
903 4735 1076 4810 gestis
1105 4744 1405 4805 martyrum
1437 4742 1498 4788 et
1536 4733 1675 4788 Vitis
1702 4732 1936 4788 aliorum

306 4839 651 4894 sanctorum,
700 4829 839 4883 actis
872 4828 1257 4894 conciliorum,
1315 4836 1370 4881 et
1425 4826 1676 4897 epistolis
1704 4822 1938 4896 pontifi-

308 4938 460 4984 cum,
495 4919 797 4990 prasertim
850 4917 1224 4974 Remensium.
1287 4933 1425 4989 quas
1479 4933 1543 4970 ex
1575 4913 1812 4970 archivis
1840 4913 1941 4968 Ec-

311 5011 501 5066 clesia
519 5025 632 5062 sua
663 5008 1026 5079 deprompsit.
1083 5007 1223 5061 Sane
1254 5023 1285 5060 a
1318 5005 1596 5077 pradictis
1626 5019 1751 5058 eum
1783 5019 1943 5059 com-

317 5102 586 5158 mendant
617 5100 788 5154 nostri
820 5099 1007 5155 saculi
1036 5098 1341 5154 doctissimi
1387 5097 1680 5152 Annalium
1707 5097 1944 5167 scripto-

319 5212 407 5250 res
439 5194 706 5249 Baronius
737 5201 790 5248 et
823 5193 1072 5264 Papirius
1124 5192 1430 5256 Massonus,
1465 5190 1558 5262 qui
1598 5205 1728 5246 suos
1758 5191 1944 5245 Anna-

317 5286 399 5338 les
430 5300 493 5338 ex
543 5285 718 5354 ipsius
749 5282 968 5353 scriptis
1008 5279 1306 5352 plurimum
1345 5286 1770 5334 exornaverunt.
1823 5277 1946 5334 Me-

319 5377 478 5430 minit
523 5376 700 5447 ipsius
752 5373 1202 5445 frequentissime
1256 5372 1522 5427 Baronius
1572 5380 1702 5426 tom.
1766 5371 1831 5437 X,
1875 5369 1944 5424 ab

320 5485 466 5522 anno
493 5469 600 5522 845
629 5483 807 5536 usque
852 5467 921 5520 ad
948 5482 1076 5519 ann.
1145 5464 1269 5518 962.
1303 5463 1410 5516 Sed
1445 5463 1590 5534 quod
1622 5463 1943 5530 dolendum,

319 5574 384 5610 ea
400 5557 649 5629 allegans
671 5572 794 5626 qua
821 5571 886 5609 ex
935 5553 1140 5608 Gallico
1177 5553 1478 5624 exemplari
1526 5553 1723 5609 mutilo
1755 5562 1810 5608 et
1841 5553 1947 5607 im-

327 5645 567 5714 perfecto
589 5645 800 5698 curavit
835 5644 890 5697 in
937 5642 1184 5697 Latinum
1216 5640 1521 5710 transferri,
1556 5650 1616 5696 ut
1650 5643 1771 5712 ipse
1803 5641 1946 5696 fate-

2036 4544 2381 4608 Sirmondus,
2406 4541 2656 4596 adhibito
2687 4539 2849 4596 etiam
2898 4541 3004 4594 hoc
3042 4544 3387 4613 argumento.
3420 4531 3569 4603 quod
3601 4531 3655 4586 in

2038 4645 2224 4693 vetere
2249 4631 2576 4689 Kalendario
2626 4632 2678 4687 S.
2713 4631 2892 4686 Maria
2935 4628 3223 4684 Remensis
3273 4625 3568 4682 adnotatas
3589 4621 3660 4676 sit

2039 4729 2226 4786 obitus
2270 4725 2358 4780 his
2383 4723 2606 4779 verbis:
2638 4740 2724 4778 xvr
2774 4722 3044 4778 Kalendas
3073 4719 3269 4774 Iunias
3325 4710 3659 4770 Βιοάοωσάω

2038 4824 2318 4895 presbyter
2348 4826 2398 4874 et
2426 4821 2715 4873 ca-nonicus
2747 4834 2761 4882 ;
2796 4831 2922 4871 cum
2953 4820 3233 4868 auctorem
3256 4804 3508 4862 Chronici
3538 4802 3662 4859 Flo-

2042 4893 2312 4968 doardum
2342 4926 2375 4964 v
2400 4907 2672 4964 Kalendas
2700 4905 2914 4976 Apriles
2937 4903 3046 4958 vita
3077 4899 3326 4955 functum
3344 4910 3465 4951 esse
3492 4893 3663 4948 Chro-

2049 5003 2155 5058 nici
2179 4999 2456 5073 appendix
2475 4998 2690 5052 doceat.
2711 4994 2913 5048 Verum
2925 4992 3068 5047 scire
3093 4997 3314 5061 Oportet
3338 5002 3450 5042 non
3466 4985 3660 5040 iisdem

2045 5095 2264 5158 diebus,
2291 5091 2496 5164 quibus
2512 5087 2789 5159 aliquisex
2801 5086 2904 5140 hac
2923 5084 3033 5138 vita
3062 5080 3316 5146 discedit,
3348 5076 3664 5133 anniversa-

2044 5190 2178 5245 riam
2231 5180 2814 5241 commemorationem
2853 5177 3040 5232 obitus
3104 5173 3276 5246 ipsius
3305 5167 3576 5225 celebrari
3606 5166 3660 5220 in

2047 5277 2321 5344 Ecclesiis,
2350 5283 2411 5330 ut
2459 5273 2661 5345 passim
2719 5277 2952 5326 tertatur
3009 5284 3161 5332 usus,
3209 5265 3375 5336 idque
3413 5261 3484 5318 ob
3517 5257 3665 5315 varia

2049 5371 2444 5443 impedimenta
2474 5375 2528 5420 et
2572 5363 2918 5436 potissimum
2962 5361 3106 5416 circa
3137 5369 3354 5428 tempus
3385 5351 3662 5426 paschale,

2049 5478 2159 5534 quo
2187 5461 2288 5514 iste
2337 5457 2590 5530 migravit
2620 5470 2648 5507 e
2706 5453 2835 5508 vita.
2879 5453 3224 5522 Quapropter
3253 5445 3510 5500 eumdem
3543 5449 3665 5534 esse

2050 5525 2338 5620 utriusque
2370 5525 2553 5617 operis
2577 5551 2857 5598 auctorem
2907 5557 3015 5596 non
3045 5539 3222 5596 solum
3264 5536 3463 5590 fatetur
3495 5525 3664 5620 Papi-

2052 5639 2187 5706 rius,
2221 5637 2318 5692 lib.
2355 5653 2388 5690 ιι
2408 5614 2698 5690 Annalium
2727 5631 3057 5713 Francorum
3084 5629 3138 5682 in
3165 5625 3357 5681 Carolo
3386 5614 3669 5688 Simplice,
