4038 6166
354 307 427 361 23
1477 302 1845 388 FLODOABDI
1885 302 2187 360 CANONICI
2228 300 2555 357 REMENSIS
3615 296 3683 352 9.4

357 435 452 491 lib.
478 454 515 490 ι.
549 435 665 489 Alia
695 434 921 505 insuper
941 431 1114 486 multa
1133 430 1426 502 scripsisse
1465 430 1691 498 dicitur,
1734 448 1857 504 qua:
1902 433 1972 487 ad
2000 437 2047 505 Α
2070 430 2292 505 fundus,
2317 435 2472 505 gesta
2492 427 2847 505 Remensium
2873 425 3216 505 pontificum,
3247 424 3316 505 ab
3339 423 3478 505 urbe
3506 423 3687 505 Remis

360 506 612 564 notitiam
637 521 812 561 meam
838 519 949 559 non
970 511 1261 558 venerunt.

1118 594 1209 647 III.

360 687 667 743 Dominicus
711 684 1005 741 Grimanus
1043 682 1346 737 cardinalis
1386 683 1444 738 S.
1485 684 1661 739 Marci
1714 685 1773 738 in
1810 685 1978 738 Dario

429 757 505 811 ad
540 760 657 811 Des.
691 756 996 826 Erasmumi
1025 769 1146 808 can.
1177 754 1354 826 ordin.
1396 754 1452 826 gS.
1492 756 1817 823 Augustini,’
1834 755 1980 826 quod

429 843 683 883 exettsum
735 828 814 880 est
848 825 1082 880 Basilum
1126 840 1271 880 anno
1317 825 1478 893 1508,
1533 826 1683 896 apud
1736 825 1977 881 Michae-

429 899 531 952 lem
589 899 894 952 Furterium
960 900 1012 951 et
1061 898 1320 952 Joannem
1375 897 1615 965 Scotum,
1672 898 1805 965 folio
1864 896 1932 953 32
1962 937 1977 965 ,

429 974 559 1024 nota
591 969 678 1024 13.

429 1060 568 1141 Ilum
602 1058 794 1142 llemis
829 1073 1083 1142 agerem,
1137 1057 1340 1142 obtulit
1392 1057 1646 1142 mihinl).
1708 1059 1981 1142 Robertus

363 1130 686 1187 Briconetus
735 1128 1115 1200 archiepiscop
1197 1128 1405 1187 clariss.
1464 1129 1650 1186 Galliae
1703 1131 1979 1186 cancella-

364 1202 805 1278 rius‘registrum
833 1199 951 1278 [ηεξ
978 1199 1272 1278 continens
1301 1208 1536 1273 quatuor
1564 1201 1740 1278 l_i_bros
1799 1202 1980 1278 Histo-

363 1274 457 1329 riae
490 1270 780 1329 Remensis
832 1270 1109 1336 Ecclesiae,
1140 1270 1365 1326 auctore
1407 1279 1463 1328 et
1504 1272 1796 1328 collectore
1848 1272 1980 1329 Flo-

364 1346 593 1412 doardo,
643 1344 792 1399 illius
818 1342 1097 1416 quondam
1129 1342 1415 1416 canonico,
1456 1345 1656 1416 exinde
1687 1345 1976 1400 monacho.

364 1417 587 1473 Mutatio
616 1423 811 1481 status,
838 1414 907 1470 'et
946 1430 1010 1467 ex
1042 1414 1310 1470 canonico
1341 1414 1549 1471 factum
1581 1415 1751 1471 tuisse
1780 1432 1981 1470 mona-

364 1489 551 1547 chum.
587 1488 794 1559 indicat
836 1485 1252 1559 pietatemyiri.
1289 1487 1458 1559 Docte
1504 1486 1731 1559 scripsit
1760 1486 1982 1559 etdili-

364 1557 869 1633 genter.i_Plurima
896 1563 1044 1611 enim
1086 1556 1215 1612 ilius
1245 1556 1461 1632 registri
1502 1557 1571 1633 i_is_
1614 1556 1830 1633 contuli
1862 1575 1985 1633 qum

366 1628 457 1686 hic
488 1631 543 1685 in
594 1630 849 1701 Vaticana
878 1635 1248 1701 asservantur,
1282 1628 1460 1701 eaque
1500 1628 1738 1701 fideliter
1776 1629 1986 1684 exseri-

368 1712 458 1773 pta
491 1700 718 1758 inveni:
749 1701 906 1756 abest
934 1699 1002 1754 ab
1034 1714 1101 1754 eo
1127 1699 1511 1775 _vctera_torum
1545 1700 1765 1775 rubigo,
1799 1710 1856 1755 et
1882 1717 1986 1775 no-

367 1770 557 1828 vorum
618 1778 916 1843 auctorum,
961 1770 1247 1841 asperitas.
1300 1771 1377 1843 Et.
1417 1771 1463 1825 si
1503 1770 1987 1843 nostri'temporis

367 1859 676 1900 aerumnosa
734 1841 958 1898 miseria
1012 1857 1125 1897 non
1174 1841 1458 1913 praeferret
1504 1843 1690 1897 studio
1741 1841 1986 1899 historiae

369 1916 583 1997 lucrum
623 1914 766 1997 sitat,
819 1930 921 1997 nec
951 1913 1127 1997 magis
1177 1913 1493 1997 consuleret
1514 1913 1775 1997 avaritia:
1820 1930 1983 1987 quam

368 1985 714 2059 antiquitatis
744 1984 977 2050 notitiae,
1010 1984 1212 2059 dignus
1241 1992 1386 2041 esset
1411 1985 1564 2056 prelo
1595 1994 1807 2041 auctor.

1142 2073 1227 2128 IV.

369 2164 686 2221 Guiltetmus
740 2164 1072 2232 Eysengrein
1103 2165 1164 2216 in
1194 2162 1443 2231 Catalogo
1480 2165 1695 2218 testium
1744 2165 1991 2218 ueritatis

759 2234 1072 2288 orthodoxe
1105 2236 1300 2288 matris
1327 2234 1597 2292 Ecclesiae.

443 2323 774 2404 Flavaldus,_
826 2321 1153 2404 Bemepsis
1186 2322 1562 2404 Benedictintp
1626 2322 1992 2404 professionis

373 2395 696 2461 monachus,
724 2393 942 2466 Virtam
983 2393 1187 2466 divinis
1224 2409 1392 2466 quam
1422 2393 1671 2466 profanis
1699 2394 1991 2466 scripturis

373 2466 638 2533 eruditus,
673 2463 967 2521 historicus
1021 2463 1318 2536 perfectus,
1359 2463 1654 2538 theologus
1699 2463 1830 2521 vero
1862 2481 1994 2536 pro-

2075 494 2521 567 conditafquam
2554 498 2757 553 milites
2788 494 2942 553 Remi
2975 513 3006 551 a
3044 496 3210 551 fratre
3253 494 3482 567 Romulo
3510 495 3689 549 necati

2078 518 2322 567 condita,
2398 518 2521 555 nam
2554 518 2757 553 mllllCS
2788 518 2942 553 nem!
2975 518 3006 551 ξι
3044 518 3210 551 Iratre
3253 518 3482 550 nummo
3511 518 3689 549 necati

2078 574 2313 646 fugatos,
2336 518 2408 628 0(1)
2434 570 2757 646 memoriam
2789 568 3007 624 Domini
3038 567 3126 623 sui
3150 566 3521 646 construxisse
3543 581 3691 646 eom-

2077 637 2406 709 mEmorant,
2449 658 2624 713 usque
2668 643 2735 696 ad
2766 648 3143 713 suatcmpora
3187 637 3365 713 tribus
3393 637 3691 713 volumini-

2077 717 2203 782 bus,
2234 707 2796 787 quibusgeo'mplures
2828 712 2922 767 SS.
2964 707 3263 781 martyrum
3303 707 3562 763 historias
3599 722 3692 764 re-

2079 788 2228 854 citat,
2254 785 2508 842 deduxit.
2861 855 2900 908 ν

2081 949 2341 1019 Papirius
2370 949 2650 1003 Massonus
2703 934 2797 1000 lia.
2841 962 2879 999 ιι
2936 944 3244 999 Annalium
3278 944 3613 997 Francorum
3639 942 3701 993 in

2649 1035 2864 1090 Canem
2914 1033 3128 1088 MAGNO.

2151 1123 2499 1179 Frodoardus
2527 1123 2627 1177 sub
2687 1122 3171 1195 Caroloﬁimplice
3201 1127 3256 1176 et
3284 1118 3562 1195 Ludovico
3590 1116 3699 1195 _ﬂo-

2082 1195 2214 1275 ruit,
2238 1194 2495 1320 Vitasque
2525 1194 2846 1265 pontificum
2887 1189 3239 1275 Remensium
3272 1189 3700 1271 diligentissime

2082 1274 2313 1320 scriptas
2355 1283 2384 1320 a
2457 1275 2705 1320 posteros
2737 1272 3056 1320 transmlsn.
3099 1281 3260 1320 cmus
3286 1279 3473 1320 oneris
3504 1277 3697 1316 exem-

2081 1272 2313 1337 seriptas
2355 1272 2422 1321 ad
2457 1275 2705 1337 posteros
2737 1272 3056 1337 transmisit,
3099 1272 3260 1334 cujus
3286 1279 3473 1334 operis
3504 1277 3697 1316 exem-

2083 1335 2258 1409 plaria
2286 1335 2498 1410 aliquot
2526 1336 2757 1392 Lutetiae
2787 1335 3046 1392 vidimus.

2844 1428 2928 1482 VI.

2509 1520 2656 1574 Idem
2678 1521 2737 1572 in
2762 1518 2976 1573 Canem
3002 1518 3276 1572 Smruee.

2156 1609 2423 1683 Sequensi
2454 1626 2598 1683 anno
2626 1611 2747 1683 (hoc
2766 1618 2848 1664 est
2876 1608 3001 1683 920)
3025 1607 3216 1683 magni
3238 1614 3416 1683 motus
3446 1603 3707 1683 in__Gal_l_ia

2085 1691 2213 1737 sunt
2243 1676 2549 1762 exortiLde
2580 1682 2792 1762 quibus
2814 1676 3575 1762 etaliis-publicis.negotiis
3608 1676 3701 1762 di:

2085 1770 2272 1809 eemus
2320 1769 2387 1808 ex
2416 1747 2699 1808 Chronicis
2747 1752 2995 1820 ejusdem
3028 1747 3326 1806 Frodoardi
3374 1747 3556 1820 (quem
3608 1747 3704 1820 alii

2016 1810 2452 1900 BFlodoardum
2493 1831 2706 1883 vocanti
2743 1810 3030 1900 Bernensis
3071 1821 3327 1900 Ecclesiae
3352 1810 3702 1900 “presbyteri.

2090 1897 2140 1950 ls
2169 1897 2318 1950 enim
2351 1902 2541 1952 auctor
2572 1903 2773 1965 praeter
2804 1895 2951 1949 Vitas
2991 1892 3704 1965 pontitieueremensium

2087 1967 2311 2037 scripsit
2367 1962 2629 2040 chronica
2686 1966 2754 2020 ab
2805 1983 2950 2021 anno
2991 1962 3434 2040 'nongentesimo
3491 1962 3710 2040 decimo

2089 2033 2236 2094 nono
2263 2055 2445 2110 usque
2470 2038 2539 2093 ad
2563 2054 2766 2113 annum
2791 2033 3710 2113 nongentesifnumsexagesiQO

2089 2117 2323 2175 sextum,
2353 2104 2471 2181 quo
2501 2110 2798 2181 cxcessitie
2827 2104 2939 2163 vita
2970 2107 3164 2179 quinto
3199 2104 3476 2181 Kalendas
3508 2104 3711 2176 Aprilis

2090 2176 2500 2254 septuagesimo
2531 2187 2684 2254 sexto
2739 2176 3042 2254 [dicendum
3086 2178 3268 2254 tertio]
3319 2176 3494 2254 aetatis
3525 2191 3709 2254 ango:

2093 2247 2320 2323 nosqué'
2336 2251 2488 2307 illum
2533 2247 2856 2323 scriptorem
2916 2252 3184 2323 deinCeps
3240 2247 3546 2323 in_(2arolo,
3598 2247 3710 2302 Bo-

2093 2320 2273 2404 bertfo,
2300 2320 2657 2404 .Boéslplaa;
2682 2322 2983 2404 .Ludovisz?
3033 2320 3713 2404 etqbotarie..seqsemler

2095 2393 2391 2520 praeteritis
2420 2390 2758 2475 Vitiehindo,
2801 2403 2856 2450 et
2885 2394 3007 2449 aliis
3037 2392 3270 2449 minoris
3312 2390 3614 2466 diligentiae
3644 2390 3716 2443 de

2115 2466 2226 2520 idei
2262 2465 2651 2520 senatoribus.

2115 2465 2226 2520 idei
2262 2465 2651 2537 seaiptoribus.

1240 2786 2855 2948 FLODOARDI

1713 3022 2024 3079 CANONICI
2066 3022 2394 3079 REMENSIS

605 3173 1481 3321 HISTORIA}:
1624 3175 2492 3320 REMENSIS
2639 3175 3513 3322 ECCLESUE

1526 3455 1877 3557 LIBRI
1952 3459 2605 3582 QUATUOR.

407 3655 615 3748 Opera
653 3666 710 3748 et
763 3655 989 3748 studio
1025 3656 1278 3748 Georgii
1325 3648 1695 3737 Cdloenerii,
1748 3660 1815 3725 S.
1857 3660 2178 3746 theologica
2222 3663 2495 3728 doctoris
2540 3674 2596 3729 et
2654 3664 2813 3748 regii
2838 3681 2917 3729 ac
2964 3663 3285 3728 ordinarii
3325 3659 3720 3748 professoris,

494 3744 837 3835 collegiatw
863 3746 1132 3835 ecclesice
1160 3747 1226 3811 S.
1261 3748 1438 3813 Petri
1458 3748 1790 3835 prtepositi
1832 3760 1889 3817 et
1938 3744 2299 3817 Academice
2351 3753 2692 3819 Duaccnsis
2721 3744 3130 3828 "caitceltarii,
3185 3753 3251 3816 in
3305 3744 3506 3818 lucem
3547 3750 3719 3821 editi,

495 3834 764 3901 Scholiis
789 3845 846 3901 et
873 3834 1036 3901 notis
1063 3836 1472 3923 amplissimis
1500 3837 1844 3905 illustrati.

1604 3986 1936 4049 (Bibliotheca
1962 3988 2183 4048 Patrum,
2211 3997 2331 4041 tom.
2358 3990 2531 4055 XVII.)

1268 4255 1890 4344 PRZEFATIO
1958 4258 2118 4345 ΑΙ)
2184 4256 2851 4347 LECTOREM.

463 4436 738 4493 Benevole
798 4436 991 4505 lector,
1033 4438 1167 4512 quid
1205 4455 1237 4495 a
1291 4439 1453 4496 nobis
1492 4441 1803 4513 praestitum
1852 4440 1924 4496 sit
1958 4440 2014 4495 in
2038 4443 2089 4514 (ζ
2114 4440 2236 4513 plar
2267 4441 2589 4497 monasterii
2620 4440 2674 4496 8.
2711 4441 2966 4516 Remigii,
3007 4442 3153 4515 qood
3193 4443 3372 4499 littera
3400 4458 3431 4497 r
3460 4440 3731 4516 designa-

393 4527 558 4597 hujus
587 4527 826 4584 auctoris
855 4528 1106 4586 editione
1145 4530 1337 4602 paucis
1364 4531 1576 4605 accipe.
1610 4530 1841 4588 Collatio
1870 4530 2014 4586 facta

392 4624 476 4672 est
501 4616 560 4672 in
589 4616 909 4674 universum
941 4620 1009 4674 ad
1058 4628 1272 4692 septem
1305 4623 1659 4696 exemplaria.
1711 4623 1838 4678 Tria
1865 4623 2013 4678 enim

395 4706 542 4763 inter
599 4721 661 4762 se
689 4707 923 4764 contulit
967 4709 1072 4781 piae
1113 4712 1392 4767 memoriae
1447 4713 1706 4769 dominus
1756 4713 2014 4769 Nieolaus

397 4801 703 4872 Chesneau,
736 4803 980 4860 decanus
1016 4812 1072 4861 et
1117 4807 1421 4864 canonicus
1452 4808 1505 4863 8.
1539 4808 1924 4882 Symphoriani
1956 4808 2014 4863 in

397 4890 537 4947 urbe
567 4888 849 4963 Remensi,
882 4894 976 4967 qui
1004 4895 1145 4951 hanc
1168 4896 1474 4964 historiam,
1503 4914 1601 4954 seu
1624 4899 1810 4955 verius
1838 4898 2017 4955 histo-

399 4979 496 5036 riae
525 4980 691 5052 huius
720 4980 925 5039 bonam
952 4992 1166 5056 partem
1194 4985 1251 5041 in
1283 4985 1540 5043 Gallicam
1562 4987 1806 5063 linguam
1836 4997 2017 5044 trans-

400 5068 549 5139 tulit,
585 5079 642 5128 et
671 5072 867 5129 eadem
911 5073 1101 5148 lingua
1128 5075 1303 5132 edidit
1331 5077 1519 5135 Remis
1557 5094 1836 5148 excusem,
1869 5095 2016 5135 anno

400 5159 562 5229 1581,
603 5176 706 5232 per
731 5162 1003 5220 Joannem
1040 5164 1271 5239 Foygni.
1308 5165 1481 5237 Hujus
1509 5167 1707 5224 decani
1737 5168 2020 5239 exemplar

401 5248 654 5305 Latinum
684 5252 1140 5326 manuscriptum,
1171 5269 1235 5310 ex
1285 5271 1396 5330 quo
1427 5256 1520 5314 ille
1548 5257 1713 5314 vertit
1743 5257 1799 5312 in
1851 5256 2020 5312 Galli-

402 5353 551 5411 cum,
581 5340 763 5399 attulit
794 5343 862 5397 ad
898 5358 987 5399 me
1015 5343 1250 5401 Thomas
1286 5344 1468 5403 Witus
1495 5347 1546 5404 J.
1591 5345 1650 5403 U.
1684 5346 2022 5415 licentiatus,

403 5431 657 5489 tradente
717 5432 769 5490 ei
820 5434 884 5490 Β.
934 5434 1053 5493 viro
1091 5437 1315 5495 domino
1374 5439 1628 5496 Antonio
1667 5439 2023 5494 Beauehesne

407 5521 694 5580 Reniensis
715 5524 964 5583 ecclesia:
987 5527 1257 5584 canonico
1277 5535 1334 5583 et
1357 5528 1696 5595 suecentori,
1721 5528 1817 5599 qui
1847 5535 2022 5584 testa-

406 5611 575 5668 menti
606 5611 859 5685 praedieti
913 5605 1124 5671 domini
1167 5615 1453 5672 Chesneau
1510 5617 1687 5672 fuerat
1715 5627 2019 5674 exsecutor.

2114 4544 2258 4597 mus,
2293 4530 2362 4585 ad
2393 4530 2676 4602 exemplar
2703 4530 2950 4586 ecclesia
2990 4531 3426 4602 metropolitanae
3468 4531 3523 4584 Β.
3554 4529 3737 4584 Mariae

2116 4630 2171 4677 et
2196 4621 2264 4676 ad
2288 4621 2531 4686 tertium,
2556 4622 2705 4693 quod
2722 4622 3038 4685 particulari
3058 4622 3284 4678 nomine
3315 4637 3427 4677 non
3457 4620 3735 4695 designat,

2115 4713 2212 4768 sed
2243 4714 2413 4769 credo
2441 4713 2609 4768 fuisse
2636 4712 2977 4787 lgniaeense.
3013 4714 3085 4768 Ex
3107 4713 3194 4767 his
3223 4713 3530 4768 secundum
3555 4711 3739 4766 diver-

2116 4819 2237 4859 sum
2266 4804 2371 4862 fuit
2399 4803 2468 4859 ab
2498 4820 2566 4860 eo
2596 4804 2745 4876 quod
2772 4805 2840 4859 ad
2871 4821 2959 4859 me
2991 4810 3183 4876 postea
3211 4803 3597 4858 transmissum
3631 4808 3736 4869 est,

2119 4896 2189 4952 de
2219 4912 2329 4969 quo
2356 4894 2516 4952 infra.
2558 4896 2690 4951 Nam
2714 4911 2863 4969 saepe
2893 4904 3047 4952 notat
3072 4895 3127 4950 in
3157 4895 3407 4969 margine
3439 4894 3601 4949 aliter
3628 4893 3738 4968 legi

2122 4988 2175 5043 in
2196 4987 2495 5060 exemplari
2516 4988 2575 5043 Β.
2603 4987 2787 5043 Maria:
2803 5004 2967 5060 quam
2995 4987 3264 5043 habeatur
3284 4986 3341 5041 in
3360 5002 3427 5041 eo
3466 4983 3616 5056 quod
3639 5001 3742 5039 nos

2122 5078 2418 5135 babnimus
2463 5088 2521 5134 ut
2551 5080 2789 5150 exempli
2819 5078 2995 5152 gratia
3024 5078 3122 5133 lib.
3157 5095 3194 5141 ι,
3246 5094 3297 5133 e.
3327 5078 3418 5143 20,
3452 5077 3509 5131 in
3548 5076 3740 5131 codice

2120 5170 2457 5243 metropolit.
2494 5169 2629 5225 dicit
2657 5169 2768 5245 legi
2786 5185 2935 5226 secus
2964 5186 3175 5225 amnem
3204 5170 3420 5234 Soram,
3443 5183 3567 5224 eum
3591 5166 3647 5221 in
3674 5182 3743 5223 eo

2123 5260 2270 5332 quod
2296 5257 2592 5315 habuimus
2643 5260 2859 5331 legatur
2894 5261 3111 5314 Parnm.
3150 5258 3267 5313 Lib.
3303 5274 3384 5324 ιιι,
3415 5272 3463 5311 e.
3497 5256 3551 5322 4,
3594 5261 3745 5310 notat

2126 5351 2234 5426 legi
2279 5351 2543 5418 Algardis
2568 5350 2866 5410 abbatissa,
2899 5349 2977 5402 uti
3006 5356 3060 5403 et
3089 5347 3145 5403 in
3175 5348 3367 5404 codice
3397 5348 3450 5403 S.
3485 5345 3742 5419 Remigii,

2124 5457 2248 5498 cum
2282 5439 2336 5494 in
2358 5446 2551 5495 nostro
2576 5438 2649 5493 sit
2674 5436 3013 5510 Adalgardls.
3051 5436 3284 5502 Ibidem,
3317 5453 3365 5492 e.
3385 5437 3440 5501 7,
3473 5434 3609 5490 dicit
3634 5433 3743 5509 legi

2123 5531 2181 5585 in
2210 5528 2400 5585 codice
2431 5527 2466 5581 S
2519 5526 2700 5582 Maria
2731 5533 2785 5580 et
2805 5525 2860 5580 S.
2885 5524 3119 5601 Remigii
3146 5541 3269 5581 cum
3290 5526 3515 5596 palmis,
3548 5524 3603 5578 in
3634 5521 3744 5578 alio

2125 5630 2306 5677 autem
2346 5616 2649 5690 exemplari
2697 5633 2816 5673 eum
2844 5619 3093 5689 psalmis,
3127 5616 3405 5690 quomodo
3438 5614 3605 5669 etiam
3637 5613 3741 5668 ha-

405 5699 518 5758 lioc
544 5710 801 5762 notamus
828 5702 1015 5764 littera
1040 5722 1087 5762 c.
1120 5706 1287 5763 Porro
1316 5705 1575 5766 collatum
1613 5714 1697 5764 est
1723 5708 1794 5763 ad
1836 5724 2024 5765 exem-
2043 5693 2105 5763 Ι)
2125 5710 2296 5767 bebat
2324 5716 2573 5767 nostrum
2595 5708 2654 5764 Β.
2672 5707 2875 5764 Mariae.
2906 5707 3017 5764 Iloe
3044 5707 3208 5783 igitur
3227 5704 3511 5776 exemplar
3530 5702 3743 5758 domini
