4040 6176
262 292 333 354 25
688 316 708 329 -
866 293 1184 351 HISTORIA)
1222 289 1559 348 ECCLESIE
1597 289 1897 375 REMENSl

2006 295 2161 351 .IBRI
2203 296 2531 364 QUATUOB.
2562 321 2641 333 ·-
2678 289 3041 351 ΡΒΑΞΡΑΤΙΟ.
3567 284 3640 342 26

262 425 563 480 Chesneau
596 424 787 480 curavi
815 425 954 480 meis
984 422 1295 494 sumptibus
1327 418 1590 480 describi.
1619 426 1678 473 et
1706 428 1911 491 postea
1933 430 1988 496 Α
2083 427 2143 480 In
2172 424 2576 499 orthographia
2606 423 2748 478 nihil
2777 421 2943 476 etiam
2973 415 3329 482 mutavimus,
3360 413 3467 469 nisi
3518 431 3634 481 eas,

264 524 463 572 exacte
491 516 692 591 relegi.
724 517 926 571 Verum
952 514 1376 587 deprehendens
1406 510 1746 583 quibusdam
1764 512 1909 569 locis

262 605 548 660 nonnulla
575 605 799 672 deesse,
832 621 1080 677 quarere
1110 603 1250 674 coepi
1283 600 1387 655 alia
1436 599 1782 673 exemplaria
1837 617 1905 655 ex

258 697 477 769 quibus
510 697 735 768 impleri
771 705 996 768 possent
1024 697 1140 751 ista
1169 696 1396 750 lacuna.
1456 693 1587 746 Tum
1629 693 1775 747 mihi
1804 710 1908 765 op-

262 795 538 856 portune,
568 801 741 857 opera
760 785 894 840 dicti
922 786 1132 841 domini
1151 784 1299 850 Witi,
1316 785 1423 838 duo
1437 782 1543 836 alia
1559 783 1906 855 exemplaria

262 875 496 948 integra
528 875 720 929 Remis
761 875 1090 930 transmissa
1142 882 1289 941 sunt,
1345 888 1513 928 unum
1567 887 1637 925 ex
1664 872 1907 928 archivis

260 969 530 1024 ecclesia
588 968 1037 1039 métropolitana
1101 969 1158 1024 Β.
1215 967 1415 1033 Maria,
1468 964 1526 1019 in
1574 965 1908 1020 membrana

260 1062 508 1132 antiqua
554 1077 728 1116 manu
761 1069 1068 1127 exaratum,
1126 1060 1268 1132 quod
1301 1060 1584 1132 signamus
1618 1057 1807 1113 littera
1831 1075 1902 1125 m,

262 1155 511 1207 alterum
545 1152 785 1218 recenti,
820 1168 965 1207 anno
995 1151 1255 1207 videlicet
1279 1150 1437 1215 1596,
1475 1149 1820 1220 descriptum
1849 1149 1905 1203 in

262 1247 484 1310 charta,
539 1262 606 1299 ex
639 1245 847 1300 eodem
878 1245 1048 1299 veteri
1103 1243 1396 1315 exemplari
1453 1258 1551 1312 per
1614 1242 1905 1298 dominum

2009 530 2134 585 qua
2168 515 2473 570 insolentes
2490 520 2546 570 et
2574 510 2883 584 depravatae
2914 512 3238 572 censentur,
3262 512 3322 560 ut
3346 505 3635 574 dompnus,

2009 603 2347 673 dampnatio,
2381 617 2659 673 sompmts,
2691 600 3045 664 contempnet,
3077 596 3447 664 solempm'tas,
3477 593 3639 648 ebdo-

2008 708 2149 757 mas,
2175 693 2504 761 parrochus,
2560 685 2878 760 parrochia,
2920 689 3100 748 curta,
3152 686 3501 749 summittere,
3524 684 3635 739 Ni-

2007 786 2248 852 cholaus,
2276 787 2585 851 Nichosius,
2622 780 2914 844 subiciens,
2951 778 3218 843 adiciens,
3276 778 3548 841 exeritum,
3583 781 3639 828 et

2008 877 2240 932 similes.
2278 880 2336 933 In
2367 879 2490 933 aliis
2516 874 2726 950 placuit
2752 871 3089 943 scripturam
3118 871 3214 925 illo
3240 877 3488 940 tempore
3518 867 3639 923 usi-

2010 977 2175 1025 tatam
2243 970 2488 1044 relinqui
2548 971 2605 1024 in
2660 965 2894 1038 gratiam
2962 963 3356 1036 antiquitatis,
3416 971 3478 1019 ut
3532 962 3640 1016 Ka-

2008 1058 2160 1114 rolus
2191 1099 2206 1124 ,
2261 1060 2654 1120 Karlomanus,
2689 1054 2984 1127 Pippinius
3024 1100 3039 1124 ,
3096 1054 3435 1112 Theodulfus
3459 1096 3472 1123 ,
3526 1054 3641 1109 Ro-

2008 1151 2215 1206 dulfus.

2081 1239 2274 1293 Omnia
2313 1242 2615 1312 scriptura
2653 1238 2775 1295 loca
2832 1258 2955 1314 qua
3009 1243 3270 1304 citantur,
3312 1242 3649 1314 plerumque

264 1338 576 1411 Georgium
608 1337 969 1411 Montgerard
1027 1336 1264 1407 priorem
1302 1334 1541 1390 cauobii
1579 1334 1635 1388 S.
1689 1333 1906 1389 Martini
2008 1328 2176 1383 etiam
2207 1342 2272 1381 ea
2301 1329 2373 1382 ad
2409 1346 2540 1402 qua
2559 1329 3443 1408 respicitur,marginiadjecimus
3481 1327 3652 1383 Simi-

262 1426 713 1497 Spamacensis,
746 1426 949 1496 partim
973 1424 1256 1492 correctis,
1311 1423 1503 1495 partim
1536 1423 1768 1479 mutatis
1820 1422 1911 1478 hic
2009 1418 2137 1473 liter
2164 1426 2218 1473 et
2245 1434 2309 1473 ea
2342 1436 2481 1490 qua
2544 1433 2613 1472 ex
2670 1421 2793 1477 aliis
2850 1424 3096 1481 citantur
3149 1424 3490 1490 auctoribus,
3527 1438 3653 1495 qua

262 1527 317 1572 et
358 1518 442 1572 ibi
506 1518 699 1573 verbis
758 1516 1116 1588 quibusdam.
1173 1516 1462 1591 Signamus
1513 1515 1700 1571 littera
1751 1531 1798 1581 ε,
1857 1522 1911 1570 et
2008 1507 2195 1563 omnia
2226 1508 2291 1560 ad
2352 1507 2674 1581 originalia
2723 1514 3084 1584 contulimus,
3146 1524 3199 1571 et
3252 1514 3461 1587 sapius
3489 1512 3658 1568 exiis

266 1615 579 1678 utrumque
614 1606 735 1661 fere
763 1606 1218 1677 semperjunctis
1246 1606 1390 1673 notis
1416 1621 1515 1660 ms.
1549 1603 1909 1676 quandoqui-
2010 1596 2475 1652 emendavimus.
2506 1599 2770 1664 Quadam
2800 1611 2983 1661 tamen
3040 1607 3271 1680 reperiri
3320 1622 3431 1662 non
3465 1613 3659 1677 potue-

262 1700 400 1753 dem
433 1707 491 1752 et
527 1714 630 1769 pro
663 1698 1102 1769 unoexemplari
1131 1696 1383 1753 habenda
1411 1697 1523 1752 sint
1549 1698 1667 1752 hac
1699 1696 1906 1762 duo,eo

2010 1696 2154 1746 runt,
2186 1686 2301 1751 Qua
2334 1687 2578 1743 ratione
2608 1694 2873 1748 nonnulla
2904 1704 3035 1752 sunt
3068 1698 3382 1764 emendata,
3402 1714 3525 1769 qua:
3547 1697 3660 1753 alio

264 1745 400 1753 η---
437 1745 491 1752 ν-
527 1745 579 1769 ,--
599 1745 625 1753 -
668 1745 775 1753 -..ν
795 1745 1102 1769 -.--.--,.-_--
1131 1745 1383 1753 --πμ-η
1411 1745 1522 1752 --_-
1549 1745 1667 1752 --.π
1703 1745 1897 1762 πη--

262 1790 421 1860 quod
453 1789 744 1859 posterius
775 1805 842 1844 ex
864 1789 1038 1859 priori
1069 1789 1143 1844 sit
1171 1789 1541 1858 desumptum.
1573 1789 1692 1844 Duo
1723 1795 1897 1843 tamen

2142 1745 2146 1746 ν
2193 1745 2226 1751 __
2906 1745 3035 1752 η---
3071 1745 3382 1764 “una”,
3406 1745 3522 1769 τη
3548 1745 3657 1753 _---

2009 1776 2105 1848 qui
2132 1774 2221 1831 vix
2250 1778 2567 1834 emendari
2587 1782 2922 1851 potuissent,
2953 1803 3079 1842 cum
3105 1787 3444 1859 exemplaria
3465 1797 3660 1845 aucto-

264 1894 662 1944 numeramus,
695 1877 832 1949 quia
864 1878 1055 1933 multis
1086 1878 1224 1933 locis
1252 1877 1518 1932 correctio
1549 1884 1644 1932 aut
1676 1876 1907 1932 mutatio

261 1971 410 2025 facta
444 1978 530 2024 est
586 1970 682 2024 llis
711 1970 963 2040 acceptis
990 1970 1224 2043 integris
1249 1968 1676 2041 exemplaribus,
1704 1968 1908 2038 depre-

266 2058 440 2113 hendi
492 2058 550 2111 in
582 2058 895 2128 exemplari
951 2058 1088 2113 dicti
1143 2058 1358 2113 Domini
1416 2059 1690 2114 Chesneau
1745 2055 1906 2111 facile

259 2146 468 2201 deesse
495 2153 755 2216 quartam
787 2153 1003 2215 partem
1034 2145 1244 2216 operis.
1304 2146 1646 2217 Quapropter
1693 2144 1906 2198 descri-

263 2239 383 2308 ptis
411 2238 548 2293 locis
569 2237 818 2309 singulis
846 2253 973 2307 qua
1003 2237 1256 2304 deerant,
1290 2253 1432 2293 novo
1479 2238 1671 2293 labore
1703 2244 1899 2304 totum,

260 2327 554 2396 exemplar
584 2342 776 2381 meum
804 2326 883 2381 ita
939 2326 1260 2396 suppletum
1315 2326 1546 2394 contuli,
1602 2338 1657 2382 et
1688 2328 1903 2400 integre

257 2419 437 2491 relegi
470 2435 601 2473 cum
633 2417 925 2489 pradictis
954 2417 1178 2473 duobus
1204 2418 1436 2492 integris
1467 2420 1898 2491 exemplaribus,

252 2517 305 2563 et
332 2508 703 2579 postmodum
745 2523 914 2578 quam
948 2506 1070 2562 fieri
1102 2508 1285 2578 potuit
1341 2509 1752 2565 accuratissime
1805 2510 1896 2564 di-

252 2596 486 2669 spunxi.
515 2596 599 2649 Ad
626 2596 749 2650 hac
779 2611 885 2667 pro
917 2595 1117 2665 majori
1146 2595 1268 2652 luce
1298 2598 1463 2653 etiam
1516 2598 1586 2652 ad
1617 2599 1898 2670 exemplar

255 2687 534 2740 Gallicum
563 2685 757 2739 omnia
784 2685 1065 2748 recensui,
1099 2694 1155 2740 et
1182 2702 1250 2741 ex
1280 2702 1347 2741 eo
1377 2687 1707 2759 plerumque
1722 2689 1899 2759 patria

252 2774 446 2848 lingua
481 2772 814 2829 obscuriora
845 2773 1076 2829 nomina
1105 2774 1331 2845 pr0pria
1362 2775 1416 2828 in
1445 2776 1696 2851 margine
1723 2778 1899 2833 adno-

256 2868 387 2931 tavi,
421 2865 626 2921 lectori
659 2872 881 2940 gratum
914 2866 972 2920 id
1005 2865 1127 2921 fore
1154 2881 1267 2920 non
1294 2866 1573 2922 dubitans.
1610 2868 1683 2922 Ex
1713 2869 1897 2923 omni-

256 2955 356 3009 bus
375 2962 575 3009 autem
607 2955 917 3010 correctius
942 2955 1122 3009 visum
1155 2961 1240 3009 est
1267 2956 1547 3027 exemplar
1574 2957 1893 3013 monasterii

251 3048 285 3101 S
338 3046 615 3120 Remigii,
644 3062 712 3101 ex
742 3062 854 3118 quo
901 3046 1194 3117 exemplar
1240 3048 1678 3118 metropolitana
1705 3049 1893 3104 eccle-

252 3135 373 3200 siae,
408 3135 627 3207 alioqui
650 3135 788 3191 satis
817 3144 1161 3202 correctum,
1224 3135 1410 3191 multis
1466 3136 1605 3192 locis
1644 3137 1893 3209 suppleri

253 3224 481 3289 debuit,
515 3239 627 3279 non
660 3231 875 3279 tantum
936 3224 995 3278 in
1050 3223 1262 3287 verbis,
1318 3226 1417 3279 sed
1464 3225 1628 3280 etiam
1662 3225 1896 3300 integris

252 3316 580 3382 sententiis,
612 3332 737 3388 qua
767 3316 991 3371 omissa
1019 3315 1261 3371 fuerant.
1296 3316 1550 3372 Sciebam
1583 3317 1808 3373 Parisiis
1839 3327 1896 3375 et

250 3404 382 3458 alibi
421 3406 586 3476 plura
634 3414 852 3460 exstare
913 3405 1132 3460 calamo
1183 3404 1464 3477 descripta
1527 3407 1891 3478 exemplaria.

256 3496 673 3554 Commemorat
713 3498 863 3552 enim
892 3497 1151 3569 Papirius
1209 3497 1492 3554 Massonus
1538 3499 1638 3554 lib.
1672 3518 1711 3555 ii
1764 3518 1895 3560 suo-

254 3609 378 3648 rum
408 3590 734 3657 Annalium,
767 3606 829 3645 se
859 3590 1077 3663 aliquot
1130 3590 1253 3659 ejus
1307 3591 1644 3663 exemplaria
1690 3593 1895 3654 vidisse

258 3685 513 3741 Lutetia.
547 3682 659 3737 Sed
689 3682 824 3755 quio
854 3681 1113 3753 puriores
1139 3697 1207 3737 ex
1235 3682 1356 3754 ipso
1386 3682 1541 3739 fonte
1564 3685 1773 3740 hauriri
1803 3704 1896 3745 so-

256 3774 373 3828 lent
402 3787 593 3844 aqua,
626 3770 834 3826 idcirco
851 3786 919 3825 ex
949 3769 1193 3826 archivis
1224 3771 1596 3828 Remensibus
1617 3791 1683 3829 ea
1706 3777 1895 3847 potius

256 3864 503 3935 petenda
533 3879 663 3918 esse
687 3863 956 3932 judicavi,
994 3878 1096 3935 pro
1130 3862 1337 3936 quibus
1368 3881 1597 3940 magnas
1634 3883 1738 3941 ago
1767 3886 1895 3942 gra-

258 3956 364 4011 tias
393 3954 765 4010 thesaurariis
798 3961 854 4009 et
886 3954 1241 4011 archivorum
1267 3956 1430 4012 dicta
1454 3958 1894 4029 metropolitana

255 4047 514 4102 ecclesia
546 4045 850 4119 magistris,
882 4046 977 4119 qui
1034 4062 1101 4102 ea
1131 4047 1366 4103 duorum
1400 4064 1674 4103 annorum
1712 4053 1893 4122 spatio

254 4139 394 4193 mihi
426 4138 642 4194 utenda
700 4138 1200 4194 communicarunt.
1270 4140 1554 4196 Pradictis
1600 4144 1893 4200 exantlatis

256 4229 910 4301 laboribus,prodiithoc
935 4246 1075 4303 Opus
1105 4231 1230 4286 sine
1260 4232 1388 4287 ullis
1420 4241 1603 4287 tamen
1629 4235 1776 4290 notis
1797 4244 1893 4291 aut

255 4323 517 4378 scholiis.
556 4321 786 4377 Parisiis
811 4339 953 4377 anno
1010 4324 1172 4386 1611,
1222 4341 1356 4379 cura
1402 4332 1452 4380 et
1490 4326 1673 4381 studio
1702 4329 1769 4383 Β.
1827 4332 1886 4383 Ρ.

251 4416 452 4470 Jacobi
478 4415 770 4471 Sirmondi
792 4416 1050 4471 Soc.Jesu
1075 4417 1394 4486 presbyteri.
1425 4418 1581 4484 Quod
1612 4421 1895 4492 exemplar

257 4515 463 4563 nactus
494 4507 704 4572 denuo,
732 4508 800 4561 ad
834 4508 1014 4579 capite
1043 4509 1111 4563 ad
1165 4509 1393 4577 calcem,
1451 4510 1638 4566 omnia
1669 4528 1790 4567 cum
1825 4529 1891 4569 eo

256 4596 435 4668 relegi
469 4614 483 4649 :
516 4602 573 4650 et
603 4596 749 4651 sicut
777 4596 925 4651 illius
958 4613 1065 4668 ope
1095 4613 1205 4653 non
1238 4615 1447 4669 paucas
1501 4601 1732 4656 mendas
1762 4620 1889 4658 sus-

255 4685 385 4749 tuli,
415 4685 501 4739 sic
533 4684 610 4738 ibi
640 4685 953 4756 complures
967 4703 1090 4742 esse
1112 4687 1405 4743 derelictas
1433 4689 1804 4759 deprehendi,
1837 4700 1891 4749 et

254 4790 676 4845 nonnunquam
709 4774 953 4848 integras
983 4777 1159 4832 lineas
1190 4776 1407 4833 deesse.
1470 4779 1585 4834 Hoc
1609 4783 1891 4853 exemplar

254 4872 531 4920 notamus
562 4864 750 4919 littera
782 4867 822 4920 l.

326 4957 611 5011 Caterum
643 4957 783 5011 nihil
836 4965 922 5013 est
974 4974 1005 5013 a
1060 4959 1223 5015 nobis
1283 4960 1654 5029 immutatum,
1712 4966 1797 5020 vel
1833 4967 1889 5022 in

257 5053 417 5100 textu
449 5046 720 5116 positum,
754 5047 902 5118 quod
935 5063 1044 5103 non
1075 5057 1196 5104 erat
1226 5050 1282 5104 in
1336 5052 1769 5123 exemplaribus,
1804 5058 1889 5112 vel

260 5134 313 5187 in
348 5133 734 5209 originalibus
792 5134 848 5189 in
905 5136 971 5191 iis
1028 5154 1152 5209 qua
1207 5139 1433 5195 aliunde
1491 5141 1747 5211 citantur,
1782 5146 1887 5201 nisi

262 5225 519 5296 idipsum
551 5243 818 5298 expresse
846 5228 900 5282 in
929 5230 1197 5302 margine,
1220 5232 1308 5286 vel
1349 5232 1404 5287 in
1425 5234 1656 5290 scholiis
1674 5237 1891 5312 signiﬁ-

255 5317 605 5382 caverimus,
638 5318 725 5372 vel
754 5319 850 5373 ubi
883 5322 1223 5392 exploratum
1252 5330 1371 5379 erat
1398 5326 1660 5382 mendum
1684 5337 1891 5397 esse,et

255 5405 488 5474 lapsum
515 5406 823 5476 scriptoris,
851 5425 1017 5464 unam
1060 5411 1299 5467 litteram
1357 5431 1455 5485 pro
1509 5417 1617 5472 alia
1645 5419 1892 5475 scriben-

254 5498 349 5551 tis.
390 5496 495 5550 Ubi
528 5497 750 5553 diversa
781 5508 896 5555 erat
923 5502 1106 5566 lectio,
1141 5519 1244 5559 nec
1266 5513 1415 5562 certo
1447 5509 1736 5565 constabat
1766 5528 1889 5583 qua

252 5603 397 5639 vera
443 5594 610 5653 esset,
636 5588 1069 5657 probabiliorem
1096 5591 1154 5646 in
1194 5601 1343 5649 textu
1376 5596 1726 5666 retinuimus,
1751 5601 1890 5656 alte-

252 5691 386 5729 ram
428 5675 752 5749 plerumque
773 5679 838 5732 ad
865 5694 1015 5734 oram
1048 5682 1429 5755 relegavimus.

1912 4463 1972 4533 D

2010 1870 2084 1923 ris
2113 1868 2301 1922 multis
2335 1868 2496 1925 locis
2533 1872 2741 1929 fuerint
2772 1875 3096 1947 depravata,
3130 1889 3187 1935 et
3218 1897 3331 1951 pra
3360 1888 3657 1948 vetustate,

2008 1960 2311 2035 legentium
2345 1964 2556 2019 oculos
2584 1965 2875 2039 fugientia.

2080 2053 2208 2115 Qua
2238 2052 2417 2107 tertio
2448 2054 2595 2110 libro
2626 2056 2910 2113 habentur
2939 2060 3056 2131 (qui
3092 2068 3239 2116 totus
3270 2068 3355 2115 est
3383 2061 3454 2115 de
3480 2063 3654 2134 gestis

2008 2147 2063 2194 et
2093 2140 2318 2210 scriptis
2345 2141 2650 2214 Hincmari)
2686 2148 2900 2203 contuli
2943 2149 3013 2203 ad
3069 2150 3340 2221 Opuscula
3395 2158 3451 2205 et
3482 2152 3649 2223 epist.

2004 2231 2253 2300 ejusdem
2284 2233 2593 2302 Hincmari,
2630 2244 2739 2292 tam
2766 2255 2798 2293 a
2834 2239 2974 2295 ΚΡ.
3003 2241 3221 2296 Joanne
3239 2243 3453 2309 Busao,
3484 2260 3652 2314 quam

2004 2340 2035 2378 a
2060 2324 2274 2378 Joanne
2305 2324 2580 2383 Cordesio
2612 2329 2882 2386 Ecclesia
2924 2332 3344 2389 Lemovicensis
3376 2335 3649 2393 canonico

2004 2417 2172 2472 edita.

2075 2508 2152 2562 Ad
2186 2509 2305 2564 hac
2337 2511 2563 2568 collatio
2596 2511 2738 2568 facta
2778 2515 2950 2569 estad
2980 2523 3162 2570 tomos
3185 2514 3558 2572 Conciliorum
3584 2529 3645 2576 et

2001 2596 2265 2668 epistolas
2297 2598 2676 2656 Romanorum
2738 2601 3094 2673 pontificum,
3155 2602 3251 2657 ubi
3278 2602 3348 2657 de
3383 2605 3642 2663 conciliis

1998 2689 2196 2762 agitur.
2232 2690 2367 2745 Item
2401 2708 2525 2747 cum
2583 2694 2895 2750 Annalibus
2949 2694 3348 2750 ecclesiasticis
3402 2694 3637 2753 Casaris

2000 2780 2241 2845 Baronii,
2277 2791 2332 2836 et
2361 2784 2661 2855 pracipuis
2702 2787 2891 2843 Gallia
2921 2802 2987 2842 ac
3026 2786 3198 2861 Belgii
3262 2785 3637 2861 historiogra-

1998 2873 2165 2943 phis,
2216 2872 2465 2946 Gregorii
2529 2877 2879 2943 Turonensi,
2942 2878 3241 2945 Aimoino,
3305 2878 3628 2951 Sigeberto,

1997 2967 2307 3024 Christiano
2362 2970 2607 3039 Massao,
2666 2973 2875 3029 Jacobo
2928 2974 3141 3044 Meyeo,
3200 2973 3420 3043 Papirio
3477 2974 3628 3030 Mas-

1996 3075 2157 3127 sono,
2190 3068 2244 3115 et
2269 3061 2410 3117 aliis.
2437 3064 2507 3118 Ex
2539 3064 2744 3135 quibus
2772 3066 3098 3121 auctoribus
3129 3065 3458 3136 plerumque
3472 3075 3630 3123 certa

1999 3152 2267 3223 temporis
2300 3154 2568 3227 cujusque
2624 3156 2701 3211 rei
2763 3164 2930 3229 gesta
2988 3165 3118 3211 nota
3147 3163 3233 3210 est
3289 3155 3506 3223 adjecta
3566 3155 3626 3211 in

1997 3241 2263 3315 margine,
2300 3244 2384 3298 vel
2437 3244 2491 3298 in
2545 3244 2777 3300 scholiis
2832 3250 2958 3316 post
3015 3244 3221 3299 calcem
3274 3241 3464 3312 Operis
3517 3244 3625 3297 ad-

1998 3334 2227 3406 positis.

2067 3426 2189 3483 Hac
2218 3427 2366 3483 enim
2390 3429 2446 3482 iu
2467 3428 2679 3484 scholia
2694 3429 2923 3485 omnino
2940 3427 3258 3485 necessaria
3269 3440 3394 3481 esse
3401 3425 3625 3494 judica-

1997 3517 2178 3574 vimus
2208 3539 2224 3574 :
2261 3528 2371 3575 tum
2398 3520 2545 3592 quod
2578 3521 2819 3576 auctoris
2860 3521 3031 3576 dictio
3063 3519 3135 3574 ob
3166 3520 3273 3573 hoc
3294 3516 3624 3588 frequenter

1998 3606 2239 3663 obscura
2269 3608 2521 3680 sit,quod
2545 3609 2740 3683 longas
2771 3616 2940 3664 textat
2972 3607 3252 3680 periodos,
3273 3622 3395 3677 qua
3428 3604 3623 3675 impli-

1997 3706 2191 3754 cantur
2215 3700 2478 3755 varietate
2509 3708 2563 3756 et
2584 3700 2942 3756 multitudine
2961 3716 3151 3756 eorum
3170 3714 3291 3769 qua
3320 3696 3621 3769 contigerit

1996 3799 2051 3845 et
2074 3790 2356 3846 interserit
2383 3810 2396 3858 ;
2432 3800 2544 3847 tum
2579 3793 2745 3848 etiam
2769 3792 2913 3865 quod
2940 3792 3218 3847 interdum
3248 3796 3432 3843 utatur
3450 3803 3618 3843 voca-

1997 3882 2143 3937 bulis
2165 3882 2261 3938 illo
2292 3885 2517 3955 quidem
2550 3901 2668 3940 avo
2708 3883 3031 3950 tritissimls,
3063 3882 3161 3936 sed
3191 3879 3431 3952 quajam
3454 3878 3615 3933 abie-

1996 3979 2124 4027 runt
2150 3972 2203 4025 in
2237 3972 2693 4027 desuetudinem:
2720 3973 2843 4028 Hac
2874 3971 3060 4027 indice
3113 3973 3367 4039 separato
3424 3982 3614 4020 recen-

1996 4060 2232 4117 suimus.
2264 4060 2515 4132 Denique
2575 4078 2674 4132 per
2730 4062 2837 4117 hoc
2895 4060 3121 4115 multam
3176 4055 3384 4113 auctori
3433 4056 3611 4111 lucem

1994 4149 2245 4207 attulisse
2274 4150 2575 4215 credimus,
2617 4150 2764 4223 quod
2798 4150 2854 4204 in
2885 4149 2970 4204 his
3007 4147 3236 4204 scholiis
3262 4161 3612 4218 quacunque

1994 4247 2223 4312 possent
2275 4239 2332 4293 in
2390 4239 2621 4295 dubium
2653 4240 2793 4296 verti
2824 4239 3258 4312 explicuerimus
3289 4255 3303 4302 ;
3345 4238 3611 4308 pleraque

1993 4330 2157 4385 etiam
2174 4329 2414 4385 auctoris
2428 4330 2571 4385 dicta
2585 4330 2816 4386 aliorum
2845 4330 3164 4386 testimonio
3187 4327 3610 4395 tirmaverimus,

1993 4427 2048 4475 et
2078 4421 2229 4474 unde
2255 4419 2411 4490 plura
2429 4419 2487 4473 in
2504 4435 2626 4474 eam
2655 4436 2770 4475 rem
2798 4420 2867 4475 de
2895 4436 3006 4491 qua
3025 4419 3210 4494 agitur
3228 4418 3344 4490 peti
3375 4417 3609 4491 possint,

1996 4511 2450 4567 indicaverimus.

2067 4602 2353 4657 Postremo
2395 4602 2704 4677 catalogum
2738 4601 2987 4657 omnium
3022 4600 3375 4656 Remensium
3417 4599 3607 4654 archi-

1990 4690 2387 4765 episcoporum
2403 4694 2845 4763 adjecimus,non
2864 4694 2981 4749 sola
3002 4693 3228 4749 nomina
3250 4701 3610 4748 recensentes

1989 4783 2087 4837 sed
2114 4790 2168 4838 et
2198 4791 2418 4854 tempus
2471 4784 2740 4839 sessionis
2766 4800 2956 4839 eorum
2986 4791 3040 4839 et
3098 4784 3384 4849 decessus,
3442 4800 3607 4853 quam

1990 4875 2271 4947 potuimus
2291 4883 2440 4931 certa
2498 4874 2631 4944 fide,
2666 4885 2720 4932 et
2753 4876 3084 4948 principalia
3115 4890 3306 4933 eorum
3341 4876 3529 4949 gesta.
3553 4876 3606 4931 Si

1992 4973 2176 5019 tamen
2215 4965 2269 5019 in
2333 4974 2603 5037 tempore,
2633 4966 2689 5020 in
2743 4973 2895 5021 tanta
2926 4972 3221 5033 vetustate,
3275 4966 3606 5037 scriptorum

1994 5054 2234 5120 raritate,
2269 5063 2324 5110 et
2354 5055 2682 5126 Opinionum
2716 5054 3057 5118 diversitate,
3117 5070 3345 5127 scopum
3394 5055 3607 5128 ubique

1993 5161 2103 5201 non
2136 5147 2440 5221 attigimus,
2464 5147 2681 5203 veniam
2707 5148 2863 5204 dabit
2883 5164 3076 5220 aquus
3103 5149 3279 5205 lector
3293 5158 3348 5205 et
3370 5149 3607 5215 candide

1992 5236 2328 5291 emendabit.
2366 5237 2425 5291 ln
2458 5238 2562 5293 hoc
2608 5239 2857 5314 catagolo
2886 5239 3184 5310 plurimum
3220 5239 3392 5309 adjuti
3420 5255 3609 5294 sumus

1992 5327 2061 5383 iis
2086 5345 2210 5400 qua
2242 5328 2405 5386 nobis
2452 5331 2862 5386 communicare
2917 5331 3177 5405 dignatus
3234 5340 3318 5388 est
3347 5330 3608 5387 Claudius

1991 5420 2252 5493 Despretz
2283 5422 2534 5487 Atrebas,
2568 5423 2827 5479 dominus
2852 5424 2920 5479 de
2949 5424 3246 5492 Queant,J.
3284 5425 3343 5479 U.
3381 5425 3436 5477 L.
3471 5437 3606 5477 con-

1990 5510 2346 5579 sultissimus,
2400 5512 2747 5584 depromptis
2777 5530 2844 5569 ex
2870 5515 3040 5570 variis
3066 5512 3487 5586 antiquitatibus
3518 5510 3603 5564 lo-

1990 5618 2181 5662 corum
2231 5602 2436 5668 Gallia,
2472 5605 2671 5677 partim
2724 5623 2880 5673 mss.,
2936 5607 3135 5679 partim
3181 5603 3442 5660 excussls.
3500 5601 3599 5666 Qui

1984 5692 2153 5748 etiam
2186 5693 2350 5748 nobis
2377 5695 2756 5767 suppeditavit
2784 5702 2965 5752 statua
2992 5692 3278 5767 synodalia
3307 5689 3601 5764 perdomi~
