4038 6166
378 328 447 383 27
1485 327 1851 383 FLODOARDI
1893 327 2199 383 CANONICI
2238 327 2565 382 REMENSIS
3622 319 3694 375 28

378 469 508 506 num
540 452 894 513 Sonnacium,
928 452 1216 522 epistolam
1246 450 1469 524 Adelagi
1498 451 1567 505 ad
1598 450 1983 516 Flodoardum,
2011 455 2060 522 Α
2087 449 2186 515 Qui
2215 456 2270 504 et
2297 448 2342 503 si
2374 463 2551 519 usque
2578 448 2645 501 ad
2677 445 3199 518 quinquagesimum
3231 448 3483 513 quartum
3514 440 3698 495 archi-

377 549 431 593 et
459 540 723 594 nonnulla
743 540 851 594 alia
880 540 949 593 de
974 555 1163 594 eorum
1185 539 1499 594 testimonia
1541 539 1691 593 Juvit
1721 547 1988 609 praeterea

378 632 661 702 catalogus
687 632 753 684 ad
784 632 990 686 calcem
1018 631 1359 701 exemplaris
1391 630 1640 685 ecclesiae
1661 630 1988 700 metropoli-

382 732 520 777 tanae
568 724 625 776 Il.
680 722 857 778 Mariae
916 722 1201 777 Remensis
1241 724 1458 777 diversa
1491 740 1653 777 manu
1686 723 1978 793 ascriptus.

2089 541 2412 610 episc0pum
2432 553 2542 593 non
2567 537 2771 591 habeat
2794 534 2901 589 nisi
2922 535 3068 588 nuda
3095 533 3339 597 nomina,
3370 532 3425 585 in
3451 546 3698 602 sequen-

2086 630 2237 685 tibus
2268 637 2353 683 est
2379 628 2677 699 cepiosior.

1322 1037 2021 1129 PROLOGUS
2099 1036 2774 1127 AUCTORIS
2841 1082 2845 1089 ε

1736 1224 1815 1263 ΑΙ)
1861 1221 1919 1261 R.
1968 1220 2330 1265 EPISCOPUM.

454 1471 683 1525 Domino
714 1472 1043 1536 venerabili,
1075 1480 1128 1525 et
1155 1473 1210 1525 in
1262 1472 1459 1526 Christi
1492 1473 1759 1527 charttate
1788 1474 1985 1528 admo-

2092 1474 2299 1529 nimum
2321 1474 2377 1527 in
2406 1474 2750 1529 correctione
2781 1489 3029 1528 meorum
3059 1482 3235 1526 terere
3252 1486 3435 1525 moras
3465 1485 3707 1540 epuscu-

381 1564 508 1615 dum
543 1562 1098 1637 diligibili,prazclaro
1131 1565 1348 1634 praesuli
1376 1565 1435 1619 R.
1464 1565 1834 1630 FLODOARDUS,
1860 1574 1988 1621 tan-
2016 1579 2067 1647 B
2091 1564 2289 1628 lorum,
2324 1580 2446 1617 cum
2480 1573 2724 1617 veterum
2758 1562 3006 1617 nonnulli
3067 1561 3396 1630 scriptorum
3439 1560 3614 1629 magis
3643 1559 3702 1612 in

383 1660 448 1703 ue
477 1650 838 1725 benignitatis
878 1651 1131 1721 famulus,
1178 1668 1371 1708 omnes
1400 1665 1712 1709 sanctarum
1731 1655 1991 1711 virtutum

383 1738 437 1792 in
469 1739 682 1794 Christo
712 1742 995 1813 gaudium.

455 1828 814 1884 Creberrimis
881 1830 1320 1885 admonitionum
1393 1841 1695 1887 vestrarum
1752 1834 1993 1888 stimulis

393 1916 708 1991 instigatus,
742 1919 994 1973 discusso
1024 1920 1246 1973 tandem
1279 1921 1508 1975 desidiae
1541 1921 1859 1995 pigritantis
1881 1930 1993 1976 tor-

390 2009 896 2082 porc,abjectisque
914 2012 1253 2079 diversarum
1266 2029 1519 2067 curarum
1533 2013 1995 2083 occupationibus

390 2101 575 2173 relego
604 2102 869 2156 ferventis
898 2104 1066 2157 studii
1110 2104 1276 2157 vestri
1331 2104 1568 2159 solertia:
1598 2103 1992 2175 quadrifidum,

388 2191 554 2243 nostri
583 2190 786 2245 laboris
823 2208 963 2260 opus
1008 2193 1380 2263 undecunque
1411 2192 1723 2256 collectum,
1757 2204 1811 2247 et
1840 2194 1996 2264 capi-

391 2283 624 2349 tulatim,
656 2290 817 2355 prout
841 2284 1040 2351 jubere
1067 2285 1277 2356 dignati
1306 2285 1460 2351 estis,
1516 2285 1867 2355 dispositum,
1897 2302 1998 2340 no-

388 2387 515 2431 stra:
544 2378 755 2433 scilicet
789 2377 1042 2433 Ecclesiae
1076 2377 1360 2431 Remensis
1392 2377 1738 2432 historiarum
1771 2377 1991 2433 librum.

388 2470 538 2524 Haud
572 2470 756 2523 mirari
785 2470 868 2525 vel
903 2486 1140 2541 cumque
1170 2468 1717 2539 potenssanctitalem
1743 2468 1997 2523 culminis

386 2563 552 2617 vestri
582 2579 753 2635 super
806 2563 905 2618 hac
961 2563 1423 2617 rememoratione
1479 2560 1734 2632 obsequii
1792 2561 1990 2624 nostri,

387 2658 579 2720 utpote
611 2652 846 2706 diversis
885 2651 1349 2722 occupationibus
1400 2649 1714 2721 praepediti,
1772 2649 1994 2703 hiemali

387 2759 610 2813 quoque
632 2742 877 2815 glacialis
905 2742 1030 2817 gelu
1065 2742 1262 2815 rigoris
1283 2742 1998 2807 obstricti,charaaatorum

394 2833 621 2903 insuper
660 2834 967 2906 indigentia
989 2834 1270 2888 coarctati.
1316 2834 1504 2905 Neque
1530 2833 1752 2897 mirum,
1786 2849 1875 2887 me
1900 2832 1999 2886 mi-

2093 1653 2479 1708 retractatione
2513 1668 2763 1722 suorum,
2822 1667 2987 1722 quam
3035 1649 3395 1704 meditatione
3427 1648 3702 1703 demorati

2095 1746 2341 1799 ferantur
2369 1745 2626 1799 liborum.
2660 1743 2769 1797 Sed
2823 1758 2926 1798 nec
2971 1744 3154 1797 adhuc
3202 1757 3396 1797 omnes
3448 1742 3515 1796 ad
3573 1758 3702 1812 per—

2094 1838 2296 1892 fectum
2336 1853 2423 1891 me
2476 1845 2610 1908 puto
2664 1835 2980 1890 eliminasse
3036 1835 3313 1897 mendas;
3373 1842 3425 1887 et
3477 1833 3522 1887 si
3581 1849 3705 1904 quae

2095 1929 2445 1999 reperientur
2474 1927 2763 1998 scriptoris
2788 1927 2928 1983 forte
2973 1926 3127 1992 vitia,
3188 1926 3475 1979 industriae
3513 1934 3710 1979 vestrm

2096 2029 2359 2091 poterunt
2404 2019 2697 2091 expurgari
2724 2019 2962 2091 sagacia.
3011 2019 3126 2073 Non
3159 2017 3309 2072 enim
3356 2033 3446 2071 me
3483 2018 3557 2071 ita
3585 2033 3713 2086 per-

2099 2110 2300 2164 fectum
2333 2125 2460 2164 reor
2487 2108 2554 2162 ad
2579 2123 2821 2181 unguem
2841 2106 2957 2162 fore
2982 2114 3466 2178 perscrutatorem,
3491 2114 3548 2161 ut
3571 2104 3714 2160 ferre

2098 2202 2269 2256 nolim
2301 2205 2346 2255 si
2376 2218 2539 2273 quem
2568 2200 3050 2273 diligentioremin
3082 2198 3438 2253 eliminandis
3457 2198 3610 2251 vitiis
3631 2198 3712 2251 in-

2096 2309 2302 2348 venero
2358 2299 2750 2347 correctorem.
2809 2291 2981 2364 Igitur
3008 2290 3139 2361 quia
3178 2289 3484 2345 sanctitatis
3515 2298 3712 2344 vestrae

2097 2380 2243 2436 circa
2289 2381 2593 2436 tantitatem
2643 2387 2830 2435 nostra
2877 2378 3102 2450 profusa
3136 2379 3358 2434 videtur
3377 2378 3711 2433 exuberasse

2097 2473 2341 2538 dilectio,
2375 2474 2523 2527 hunc
2551 2472 2717 2527 studii
2767 2471 2936 2526 nostri
2967 2471 3225 2538 fructum,
3286 2471 3448 2524 vestri
3478 2471 3710 2544 dignum

2096 2564 2223 2617 duxi
2258 2564 2543 2618 tutaminis
2565 2564 2820 2637 delegare
2838 2563 3167 2634 patrocinio,
3201 2570 3259 2616 ut
3289 2578 3412 2634 quae
3464 2579 3495 2616 a
3523 2570 3712 2617 nostra

2097 2658 2225 2704 sunt
2255 2651 2401 2705 dicta
2430 2651 2486 2704 in
2517 2651 2766 2705 tenebris
2809 2651 3139 2716 humilitate,
3173 2650 3242 2705 ab
3299 2650 3583 2705 industria:
3609 2667 3709 2704 ve-

2099 2749 2224 2797 strm
2255 2743 2598 2798 sublimitate
2620 2743 2874 2798 dicantur
2894 2743 2951 2797 in
2980 2742 3208 2797 lumine.

1552 3174 1954 3262 LIBER
2043 3175 2546 3263 PRIMUS
2594 3117 2602 3125 ’

932 3491 1141 3546 CAPUT
1170 3492 1447 3548 PRIMUM.

729 3607 803 3658 De
842 3606 1146 3660 conditione
1196 3607 1348 3662 urbis
1395 3609 1685 3663 Remmtsis.

474 3714 624 3769 Fidei
656 3723 856 3769 nostra:
915 3715 1239 3770 fundamina
1295 3716 1634 3786 proditurus,
1688 3734 1751 3771 ac
1810 3725 2011 3774 nostra:

398 3802 587 3856 Patres
626 3803 882 3858 Ecclesiae
938 3812 1324 3871 memoratrus,
1372 3805 1638 3860 mcenium
1696 3814 2009 3862 nostrorum

399 3891 670 3947 locatores
706 3892 792 3948 vel
824 3892 1186 3948 instructores
1238 3894 1569 3966 exquisisse,
1629 3912 1739 3950 non
1797 3898 1862 3951 ad
1892 3914 2006 3952 rem

395 3981 535 4035 adeo
565 3982 842 4051 pertinere
892 3983 1193 4049 videbitur,
1226 4000 1350 4038 cum
1409 3983 1515 4055 ipsi
1562 3983 1756 4038 salutis
1788 3992 2007 4040 zeternze

400 4068 475 4122 nil
508 4070 670 4124 nobis
716 4071 1041 4140 contulisse,
1088 4072 1340 4143 quinimo
1393 4073 1596 4127 erroris
1644 4073 1728 4129 sui
1777 4075 2007 4148 vestigia

398 4157 677 4228 lapidibus
708 4160 982 4231 insculpta
1039 4162 1330 4231 reliquisse
1370 4162 1694 4216 doceantur.
1755 4163 1829 4217 De
1853 4164 2008 4219 urbis

389 4236 639 4319 inanique
666 4258 867 4304 nostra:
893 4250 1204 4306 fundatore.
1232 4268 1301 4305 eu
1334 4251 1577 4304 nominis
1600 4251 1864 4320 inditore,
1895 4268 2006 4308 non

399 4341 793 4396 omnimodisa
846 4343 1010 4398 nobis
1061 4343 1422 4415 approbanda
1473 4343 1694 4417 vulgata
1752 4351 2010 4400 censetur

403 4431 617 4501 opinio,
649 4449 774 4504 quae
795 4435 1023 4490 Remum
1049 4436 1263 4491 Romuli
1282 4435 1526 4495 fratrem.
1578 4435 1816 4491 civitatis
1847 4437 2009 4506 hujus

406 4520 778 4577 institutorem
801 4539 866 4580 ac
886 4525 1130 4581 nominis
1170 4526 1334 4581 tradit
1380 4534 1689 4593 auctorem,
1716 4542 1841 4580 cum
1872 4527 2009 4582 urbe

406 4613 571 4664 Roma
600 4612 839 4684 geminis
876 4614 1219 4681 auctoribus,
1258 4615 1487 4671 Romulo
1521 4615 1801 4686 Remoque
1823 4655 1837 4679 ,
1868 4615 1999 4670 fun-

401 4705 545 4771 data,
578 4704 762 4759 fratris
782 4706 1053 4761 militibus
1078 4707 1302 4761 Remum
1326 4706 1491 4762 certis
1512 4707 1848 4778 accipiamus
1868 4708 2003 4763 scri-

406 4796 676 4862 ptoribus,
707 4797 1077 4863 interfectum;
1100 4814 1202 4852 nec
1228 4798 1380 4853 illum
1410 4798 1564 4869 prius
1585 4815 1615 4852 a
1638 4797 1800 4852 fratre
1826 4814 2010 4853 reces-

2033 3501 2082 3569 C
2112 3515 2248 3570 fore.
2306 3517 2607 3573 Intervenit
2660 3519 2863 3574 deinde
2914 3520 3000 3574 his
3044 3520 3471 3594 cogitationibus
3517 3524 3720 3579 avitum

2112 3606 2338 3671 malum,
2373 3608 2528 3680 regni
2555 3610 2779 3679 cupido,
2812 3617 2976 3681 atque
3006 3609 3133 3664 inde
3199 3609 3405 3665 fcedum
3438 3622 3719 3668 certamen

2111 3708 2358 3754 coortum
2382 3716 2412 3753 a
2445 3702 2579 3756 satis
2612 3702 2728 3756 miti
2763 3704 3054 3774 principio.
3090 3704 3353 3768 Quoniam
3385 3706 3594 3780 gemini
3634 3723 3723 3761 es-

2111 3800 2253 3857 sent,
2289 3810 2392 3849 nec
2417 3794 2597 3850 aetatis
2624 3796 2960 3850 verecundia
2985 3796 3282 3852 discrimen
3332 3796 3515 3852 facere
3538 3808 3725 3868 posset

2112 3890 2169 3939 ut
2191 3882 2289 3950 dii,
2316 3900 2549 3955 quorum
2582 3886 2767 3939 tutela:
2793 3902 2858 3940 ea
2885 3886 3003 3940 loca
3030 3896 3234 3952 essent,
3291 3886 3535 3959 auguriis
3564 3888 3718 3960 lege-

2113 3984 2233 4030 rent
2255 3977 2348 4047 qui
2372 3992 2572 4032 nomen
2601 3992 2754 4032 nova:
2788 3978 2912 4033 urbi
2930 3979 3109 4043 daret,
3128 3978 3222 4049 qui
3237 3978 3515 4033 conditam
3540 3978 3720 4049 impe-

2110 4066 2192 4121 rio
2227 4077 2397 4139 reget,
2459 4066 2762 4121 Palatinum
2813 4068 3097 4133 Romulus,
3156 4068 3358 4122 Remus
3384 4068 3713 4122 Aventinum

2084 4156 2175 4209 ad
2205 4156 2641 4227 inaugurandum
2671 4157 2876 4227 templa
2906 4157 3149 4226 capiunt.
3182 4156 3354 4212 Priori
3388 4156 3559 4212 Remo
3611 4173 3717 4211 au-

2108 4245 2326 4319 gurium
2358 4245 2575 4301 venisse
2605 4246 2778 4302 fertur
2798 4264 2893 4301 sex
2923 4249 3186 4302 vultures:
3208 4248 3435 4319 jamque
3468 4248 3718 4303 nuntiato

2110 4337 2366 4410 augurio,
2395 4353 2518 4392 cum
2532 4338 2735 4408 duplex
2762 4355 3023 4393 numerus
3037 4338 3267 4394 Romulo
3283 4355 3342 4394 se
3359 4339 3716 4402 ostendisset,

2110 4438 2405 4499 utrumque
2429 4446 2613 4504 regem
2645 4447 2744 4484 sua
2773 4430 3067 4486 multitudo
3097 4431 3536 4486 consalutaverat
3576 4438 3718 4485 tem-

2114 4537 2248 4592 pore
2279 4521 2356 4575 illi
2381 4528 2682 4592 praecepto:
2707 4530 2761 4577 at
2792 4522 2847 4576 hi
2880 4539 3110 4578 numero
3138 4523 3320 4577 avium
3354 4539 3583 4597 regnum
3609 4530 3721 4577 tra-

2112 4613 2337 4669 hebant.
2373 4614 2507 4669 lnde
2529 4630 2652 4669 cum
2671 4614 3030 4670 altercatione
3045 4615 3323 4689 congressi
3372 4631 3403 4669 a
3424 4615 3723 4670 certamine

2109 4706 2311 4759 irarum
2342 4704 2409 4758 ad
2440 4705 2645 4759 caedem
2678 4710 2982 4759 vertuntur.
3019 4704 3097 4757 lbi
3128 4705 3185 4757 in
3218 4702 3377 4758 turba
3416 4704 3560 4759 ictus
3617 4704 3723 4758 Re-

2113 4810 2234 4847 mus
2263 4793 2465 4848 cecidit
2519 4793 2801 4863 Vulgatior
2829 4801 3011 4847 autem
3038 4792 3181 4846 fama
3211 4800 3312 4859 est,
3335 4791 3577 4847 ludibrio
3611 4792 3723 4845 fra-

403 4885 565 4950 sisse,
597 4887 726 4940 dum
759 4902 869 4941 uno
900 4896 1059 4957 partu
1092 4886 1244 4954 editi,
1266 4895 1321 4941 et
1350 4886 2008 4956 interpastoreseducati,
2033 4874 2087 4941 Ι)
2114 4883 2212 4937 tris
2244 4883 2471 4937 Remum
2505 4898 2678 4937 novos
2703 4881 3046 4936 transiluisse
3087 4897 3292 4936 muros.
3324 4882 3459 4935 Inde
3488 4881 3556 4936 ab
3584 4881 3723 4937 irato

404 4980 813 5053 latrociniisque
845 4982 1241 5048 dediti,urbem
1273 4982 1624 5036 constituisse
1646 4982 2011 5052 reperiantur;

406 5080 634 5142 ortaque
664 5070 940 5126 simultate
969 5088 1032 5126 ac
1078 5071 1246 5127 Remo
1271 5070 1437 5125 fratre
1461 5071 1771 5134 interfecto,
1810 5071 2014 5126 civitati

410 5164 674 5237 Romulus
696 5179 760 5218 ex
783 5164 1006 5219 nomine
1026 5180 1128 5219 suo
1152 5180 1353 5219 nomen
1377 5163 1595 5218 dedisse
1619 5164 1851 5237 legatur.
1881 5163 2012 5216 Nam

408 5235 468 5310 ut
496 5251 601 5309 Titi
635 5255 767 5309 Livii
796 5255 978 5311 verbis
1008 5264 1227 5311 utamur
1257 5256 1470 5324 (decad.
1508 5256 1549 5319 Ι,
1578 5235 1747 5319 ιὶὺίι)
1834 5275 1858 5303 α
1904 5254 2016 5308 Νυ-

408 5347 591 5403 mitori
649 5347 858 5402 Albana
915 5348 1182 5418 permissa
1212 5364 1294 5415 re,
1347 5348 1638 5401 Romulum
1671 5346 2016 5416 Remumque

407 5438 612 5508 cupido
642 5436 808 5508 cepit,
835 5438 889 5491 in
922 5436 1007 5492 his
1036 5437 1171 5491 locis
1195 5436 1289 5491 ubi
1308 5436 1541 5507 espositi
1564 5435 1770 5506 ubique
1798 5434 2017 5488 educati

406 5535 584 5590 erant,
607 5525 760 5580 urbis
787 5526 1112 5592 condendis,
1139 5534 1193 5580 ct
1217 5533 1507 5595 supererat
1528 5521 1824 5576 multitudo
1856 5521 2018 5574 Alba-

412 5634 610 5673 norum
643 5618 1102 5688 Latinorumque;
1138 5617 1204 5670 ad
1234 5616 1286 5670 id
1313 5623 1557 5685 pastores
1588 5628 1806 5683 quoque
1829 5629 2018 5667 acces-

408 5719 611 5777 serant,
644 5710 737 5781 qui
770 5726 965 5765 omnes
993 5708 1149 5762 facile
1180 5723 1335 5777 Spem
1369 5706 1635 5771 facerent,
1679 5721 1899 5775 parvam
1927 5704 2019 5759 Al-

411 5801 558 5868 bam,
581 5819 809 5873 parvum
834 5800 1254 5869 Laviniumque:
1271 5816 1336 5854 ea
1365 5798 1499 5854 urbe
1514 5815 1637 5869 quae
1660 5799 2016 5860 conderetur,

2118 4975 2347 5031 Romulo
2370 4978 2518 5042 (cum
2551 4974 2734 5028 verbis
2763 4985 2985 5045 qunque
3018 4974 3356 5044 increpitans
3378 4973 3674 5041 adjecissct
3710 4989 3724 5023 :

2115 5066 2205 5119 Sic
2232 5066 2459 5131 deinde,
2494 5066 2814 5137 quicunque
2846 5065 2988 5121 alius
3029 5064 3304 5121 transiliet
3348 5081 3470 5119 mea
3502 5064 3723 5131 mmnia;

2117 5155 2485 5210 interfectum.
2522 5154 2599 5207 Ita
2621 5154 2771 5209 solus
2802 5161 3006 5224 potitus
3036 5154 3270 5224 imperio
3292 5153 3574 5217 Romulus,
3593 5168 3729 5206 con-

2117 5248 2231 5303 dita
2258 5247 2390 5302 urbs
2417 5247 2722 5302 conditoris
2752 5246 2973 5301 nomine
3002 5246 3279 5317 appellata
3332 5266 3359 5294 υ
3413 5244 3489 5299 Ita
3521 5242 3726 5297 Livius.

2119 5339 2468 5394 Probabilius
2508 5354 2640 5412 ergo
2662 5336 3063 5407 videtur,quod
3097 5352 3129 5388 a
3159 5334 3428 5390 militibus
3459 5333 3611 5388 Remi
3633 5350 3731 5403 pa-

2119 5432 2221 5486 tria
2253 5431 2501 5505 profugis
2528 5430 2660 5484 urbs
2681 5438 2865 5485 nostra
2885 5427 3124 5484 condita.
3149 5426 3233 5480 vel
3271 5426 3560 5482 Remorum
3593 5440 3732 5495 gens

2120 5520 2367 5575 instituta
2391 5527 2629 5591 putatur,
2663 5535 2786 5574 cum
2835 5528 2889 5571 et
2916 5516 3121 5570 mwnia
3172 5514 3434 5571 Romanis
3462 5511 3731 5581 auspiciis

2123 5612 2407 5686 insignita,
2438 5621 2491 5665 et
2538 5610 2741 5666 editior
2772 5619 2926 5680 porta
2971 5608 3153 5663 Martis
3206 5608 3462 5663 Romanis
3518 5603 3730 5673 stirpis,

2118 5712 2368 5762 veterum
2400 5702 2688 5774 Opinione,
2722 5702 3107 5775 propagatoris
3131 5717 3193 5755 ex
3219 5698 3446 5753 nomine
3472 5695 3731 5754 vocitata.

2124 5793 2360 5865 priscum
2395 5792 2461 5847 ad
2496 5793 2610 5847 haec
2638 5808 2860 5862 quoque
2890 5800 3071 5846 nostra
3125 5802 3432 5861 cognomen
3480 5799 3731 5840 reserva-
