4038 6166
281 315 349 370 ‘29
488 372 493 379 ,
946 312 985 367 H
996 312 1273 368 ISTORl/E
1314 311 1649 368 ECCLESIAE
1689 311 1915 368 REMEN

2056 309 2233 365 LIBRI
2271 304 2689 372 QUATUOR.-—-
2728 297 2851 353 LIB.
2895 295 2933 349 I.
3529 271 3601 330 30

280 442 419 499 verit
444 449 715 513 tempora.
747 441 914 511 Cujus
933 442 1098 497 etiam
1157 442 1450 509 fornicem,
1483 440 1891 514 prodeuntibus
1911 456 1966 526 Α
1995 448 2188 514 perata
2217 439 2421 499 facere,
2452 441 2509 489 et
2537 424 3055 526 Oppidisﬁrecipere,
3090 422 3148 471 et
3176 411 3463 526 fluminio

281 536 584 599 dexterum,
613 533 760 605 lupae
786 534 957 590 Remo
978 535 1331 609 Romuloque
1352 536 1536 606 parvis
1553 534 1726 589 ubera
1745 550 1892 604 prae-

280 627 688 694 bentisfabula,
720 628 1002 683 cernimus
1050 630 1395 693 innotatum;
1447 629 1664 683 medius
1713 634 1896 683 autem

277 716 574 772 duodecim
602 717 899 782 mensium,
945 716 1106 786 juxta
1130 717 1536 773 Romaneorum
1570 714 1921 791 dispositio“

280 824 427 874 nem,
460 807 724 878 panditur
752 807 1107 863 ordinatione
1140 792 1517 895 despuimus},
1544 798 1760 883 tertius;
1780 812 1898 897 agni
1932 870 1937 879 ι
1966 862 1973 867 ,

278 908 334 953 et
363 896 593 953 sinister
619 912 926 971 cygnorum
948 897 1035 952 vel
1062 888 1320 961 ansert’un
1345 888 1897 974 ﬁgurauisauspicio.

278 990 468 1045 Nautas
494 988 773 1060 siquidem
804 1006 1042 1064 cygnum
1075 990 1278 1046 bonam
1314 989 1635 1071 prognosim
1658 988 1925 1073 prodere:

282 1080 486 1146 ferunt,
512 1088 575 1135 ut
595 1081 672 1136 ait
692 1080 974 1136 tEmilius:
1133 1102 1155 1149 ε
1374 1106 1388 1124 ο
1420 1110 1441 1141 η
1552 1094 1604 1149 ,.
1658 1102 1679 1143 τ

434 1167 639 1237 Cygnus
665 1168 718 1217 in
748 1169 987 1233 auspiciis
1005 1152 1499 1237 sempsrlaitissinms
1522 1168 1640 1237 ales.
1672 1166 1681 1178 ³
1707 1228 1719 1237 _
1772 1153 1785 1167 ³

483 1228 580 1279 unc
599 1238 777 1293 optant
806 1228 989 1291 nautae,
1011 1228 1129 1296 quia
1147 1228 1201 1281 se
1218 1246 1318 1280 non
1344 1230 1520 1293 mergit
1541 1230 1593 1279 in
1617 1228 1795 1278 undas.

287 1314 521 1368 Anseres
546 1329 770 1385 quoque
798 1323 1099 1371 nocturnas
1125 1314 1388 1370 excubias
1423 1313 1730 1377 celebrant,
1762 1328 1901 1383 quas

286 1413 477 1459 cantus
502 1404 829 1461 assiduitate
859 1413 1149 1461 testantur.
1180 1406 1429 1478 Denique
1473 1405 1715 1460 Romana
1735 1404 1900 1459 etiam

288 1496 548 1567 capitolia
579 1496 731 1552 Gallo
756 1512 1003 1553 servasse
1033 1498 1326 1553 traduntur
1346 1497 1414 1553 ab
1435 1498 1613 1553 hoste.

357 1588 468 1643 Nec
494 1587 692 1642 mirum
722 1598 929 1656 tamen,
961 1590 1119 1644 urbis
1152 1596 1352 1644 nostra:
1405 1587 1786 1643 conditionem
1816 1586 1902 1641 vel

284 1680 559 1753 originem
592 1696 703 1736 non
727 1681 783 1735 in
808 1682 1104 1752 propatulo
1133 1681 1273 1747 dari,
1306 1697 1428 1736 cum
1465 1680 1535 1734 de
1564 1678 1740 1750 ipsius
1762 1694 1902 1751 gen-

286 1773 444 1834 tium.
499 1774 586 1827 vel
640 1772 793 1828 orbis
818 1773 1059 1829 dominae
1088 1774 1273 1829 Romae
1308 1772 1650 1835 conditione,
1688 1770 1903 1825 Isidoro

286 1872 430 1919 teste
462 1865 517 1926 tl.
572 1882 639 1919 xv
666 1866 976 1934 Originum,
1034 1882 1155 1937 cap.
1189 1867 1266 1932 I),
1328 1864 1542 1920 oriatur
1578 1865 1904 1936 plerumque

286 1953 590 2023 dissensio,
610 1962 669 2009 ut
687 1955 808 2024 ejus
837 1954 1133 2028 diligenter
1152 1953 1375 2027 agnosci
1400 1969 1507 2009 non
1522 1954 1701 2025 possit
1725 1952 1903 2025 origo.

288 2042 421 2096 Nam
454 2042 745 2098 Sallustius
774 2046 864 2111 (In
895 2044 1134 2113 Catilin.)
1169 2063 1185 2097 :
1218 2066 1233 2090 ο
1268 2042 1490 2108 Urbem,
1549 2043 1751 2114 inquit,
1787 2042 1907 2098 Ro-

290 2152 458 2201 mam,
491 2136 656 2191 sicuti
686 2152 791 2211 ego
823 2137 1035 2208 accepi,
1069 2135 1370 2192 condidere
1397 2143 1562 2207 atque
1583 2135 1906 2191 habitavere

289 2227 451 2283 initio
482 2216 727 2297 Trojaui,
777 2229 893 2300 qui,
918 2229 1085 2284 IEnea
1110 2228 1274 2296 duce,
1297 2227 1525 2283 sedibus
1554 2227 1783 2283 incertis
1806 2244 1905 2281 va-

285 2320 579 2393 gabantur.
618 2342 645 2370 ιο
671 2320 774 2375 Alii
813 2321 1007 2376 dicunt
1034 2320 1103 2375 ab
1132 2320 1383 2375 Evandro
1413 2320 1724 2375 secundum
1757 2319 1905 2389 quod

290 2411 554 2487 Virgilius
586 2413 820 2480 (Eneid.
847 2419 959 2481 vm)
1003 2432 1016 2467 :

444 2505 584 2553 Tunc
607 2518 692 2553 rex
717 2504 981 2555 Evandrus
1010 2506 1247 2555 Romanae
1269 2504 1496 2554 conditor
1526 2504 1669 2552 arcis.

356 2583 667 2656 Eutropius
684 2601 907 2658 quoque
931 2586 988 2640 in
1010 2585 1156 2641 libro
1180 2585 1542 2641 Historiarum
1564 2584 1645 2638 sic
1665 2583 1910 2655 loquitur

285 2673 485 2727 dicens
515 2690 529 2726 ε
565 2694 590 2724 α
626 2674 911 2740 Romulus,
941 2690 1071 2729 cum
1103 2674 1250 2730 inter
1280 2681 1529 2744 pastores
1548 2673 1911 2728 Iatrocinare-

283 2770 395 2827 tur,
423 2769 550 2816 octo
576 2761 768 2817 decem
796 2762 957 2817 annis
986 2771 1167 2828 natus,
1197 2762 1391 2818 urbem
1414 2764 1669 2837 exiguam
1700 2762 1757 2816 in
1782 2762 1911 2816 Par-

279 2854 458 2909 latino
480 2860 676 2908 monte
697 2855 1003 2916 constituit.
1030 2856 1308 2911 conditam
1332 2855 1611 2910 civitatem
1637 2870 1705 2909 ex
1730 2853 1910 2910 nomi-

283 2958 352 2997 ne
373 2957 480 2997 suo
511 2941 739 2997 Romam
763 2944 997 2999 vocavit.
1047 2943 1184 3000 Post
1238 2945 1386 2999 hunc
1436 2944 1623 2999 Tullus
1648 2942 1910 2998 Hostilius

284 3051 434 3101 eam,
465 3034 687 3104 adjecto
717 3034 888 3091 Coelio
918 3046 1133 3101 monte,
1171 3036 1473 3108 ampliavit.
1509 3036 1755 3108 Indeque
1798 3052 1910 3091 cae-

288 3124 394 3179 teri
428 3123 668 3178 diversis
687 3123 892 3180 diversi
926 3125 1269 3198 temporibus
1299 3124 1609 3197 principes,
1640 3124 1759 3196 ejus
1789 3124 1911 3180 edi-

289 3228 444 3275 tores
501 3217 589 3273 vel
617 3185 1056 3290 amplificatores.
1100 3185 1357 3274 extitere.
1423 3238 1448 3268 ››
1484 3185 1688 3273 .Urbis'
1724 3224 1908 3273 autem
1937 3185 1987 3255 C

291 3320 501 3369 nostra:
526 3326 731 3367 nomen
757 3312 1189 3369 Durocortorum
1220 3312 1508 3383 quondam
1534 3310 1769 3375 dictum,
1789 3308 1914 3364 Cae-

291 3402 436 3458 saris
457 3400 729 3457 astruitur
747 3400 1007 3470 Historia,
1029 3402 1088 3456 in
1106 3417 1215 3473 qua
1238 3400 1383 3455 libro
1403 3408 1557 3455 sexto
1577 3399 1659 3454 sic
1677 3397 1913 3473 legitur:

297 3514 319 3541 .
352 3491 608 3547 Vastatis
638 3490 980 3566 regionibus,
1014 3490 1315 3547 exercitum
1356 3488 1538 3544 Caesar
1567 3487 1921 3543 Durocorto-

295 3598 420 3637 rum
451 3581 749 3635 Remorum
779 3580 1015 3643 reducit,
1062 3578 1417 3650 concilioque
1474 3578 1531 3631 in
1577 3593 1704 3633 eum
1738 3577 1919 3632 locum

298 3670 490 3725 Gallia:
516 3668 748 3731 indicto,
782 3669 853 3723 de
883 3669 1273 3739 conjuratione
1303 3668 1587 3724 Senonum
1630 3674 1686 3722 et
1718 3667 1925 3722 Carnu-

300 3769 415 3816 tum
444 3758 812 3831 quzestionem
857 3759 1064 3815 habere
1102 3758 1368 3813 instituit.
1425 3779 1447 3807 ι
1484 3758 1731 3813 ιΕιὴίθιιε
1760 3758 1923 3813 etiam

303 3855 357 3908 in
393 3852 829 3923 Cosmographia
866 3853 947 3909 sic
977 3860 1251 3909 memorat
1285 3871 1298 3907 :
1336 3874 1361 3903 α
1418 3855 1458 3907 Α
1484 3853 1797 3909 Mediolano
1826 3869 1927 3924 per

303 3944 467 4014 Alpes
499 3942 713 3999 Cottias
740 3943 1006 3999 Viennam
1040 3943 1105 3997 Μ.
1169 3944 1225 3997 Ρ.
1262 3942 1519 3999 CCCIZIX.
1564 3946 1697 4000 Inde
1746 3946 1927 3999 Duro-

304 4039 611 4096 cortorum,
643 4029 711 4083 M.
731 4030 789 4085 P.
824 4030 1322 4105 CCCXXXIII,qua:
1342 4032 1484 4088 fiunt
1505 4034 1681 4104 leuga?
1713 4032 1925 4088 CCXXI.

310 4122 447 4176 Item
462 4138 495 4176 a
516 4123 886 4180 Durocortoro
906 4124 1241 4181 Divodorum
1263 4141 1464 4196 usque,
1486 4124 1777 4182 M.P.LX|I.
1796 4125 1927 4179 Item

307 4210 416 4266 alio
454 4212 664 4266 itinere
700 4229 731 4266 a
768 4212 1143 4270 Durocortoro
1171 4215 1485 4270 Dividorum
1519 4231 1714 4287 usque,
1751 4214 1818 4269 M.
1864 4213 1927 4270 Ρ.

310 4299 626 4354 LXXXVIII.
656 4302 789 4355 Item
805 4319 835 4356 a
856 4303 1223 4359 Durocortoro
1241 4305 1507 4360 Treveros
1524 4321 1700 4377 usque
1719 4305 1929 4374 Bagaco

311 4387 679 4444 Nervicorum
700 4390 1178 4467 Durocortoleugae
1191 4393 1361 4447 XCIX.
1378 4394 1512 4448 Item
1530 4409 1558 4447 a
1572 4395 1781 4466 Bagaco
1794 4395 1930 4448 Ner-

1999 494 2246 603 ierisque
2276 526 2443 582 rebus
2482 523 2697 594 juvare.
2750 516 3015 585 Reliquos
3067 518 3267 603 omnes
3307 498 3507 603 Belgas
3544 494 3602 603 in

1997 586 2173 678 armis
2197 632 2342 682 esse,
2366 586 2802 677 Germanosque,
2836 600 2933 672 qui
2957 598 3108 668 ripas
3146 589 3321 647 Rheni
3352 586 3607 642 incolunt

1998 724 2125 772 sae
2143 725 2277 773 cum
2308 694 2397 765 bis
2433 696 2807 772 coniunxisse.
2870 694 3364 773 tantumqueesse
3410 689 3604 773 eorum

1996 765 2556 867 mgnibmlhrorem,
2583 797 2647 845 ut
2669 803 2743 842 ne
2790 784 3099 837 Suessones
3129 770 3378 843 quidem,
3408 765 3609 819 fratres

1998 892 2558 968 consanguineosque
2586 896 2740 946 suos,
2770 875 2867 948 qui
2892 868 3090 928 eodem
3115 866 3262 934 jure,
3284 858 3607 968 eisdem‘le-

1984 982 2163 1061 sumis
2193 954 2757 1047 {tanturgimumque
2780 965 3163 1034 magistratum
3375 956 3483 1011 illis
3510 954 3608 1052 ha-

1984 1050 2497 1146 deterrere
2531 1063 2838 1139 potuerint,
2892 1056 3030 1132 quin
3059 1068 3183 1106 cum
3211 1050 3297 1104 his
3326 1050 3609 1146 conss-nti-

2002 1134 2146 1225 rent.
2245 1166 2378 1220 Item
2409 1134 2588 1229 (Ιὸίά.)
2616 1174 2629 1209 :
2654 1175 2684 1205 α
2705 1153 2908 1221 Caesar,
2941 1150 3232 1223 postquam
3263 1153 3461 1197 omnes
3484 1134 3608 1229 Bel-

2000 1276 2194 1334 garum
2218 1227 2492 1327 copiasin
2522 1264 2694 1305 unum
2725 1247 2905 1301 locum
2964 1248 3186 1298 coactas
3232 1235 3302 1290 ad
3331 1247 3390 1287 se
3421 1227 3611 1334 venire

2002 1323 2158 1418 vidit,
2181 1323 2369 1421 neq-ue
2394 1347 2507 1418 jam
2539 1344 2707 1409 longe
2737 1339 2958 1403 abesse,
2983 1334 3051 1389 ab
3079 1332 3182 1397 his,
3204 1342 3347 1400 quos
3362 1323 3610 1421 miserat,

2005 1416 2456 1518 exploratoribus
2486 1444 2545 1492 et
2574 1434 2643 1489 ab
2668 1430 2852 1487 Remis
2887 1425 3169 1498 cognovit,
3195 1514 3204 1518 μ
3226 1421 3437 1518 ﬂumen
3469 1416 3613 1468 Axo-

2004 1511 2130 1593 nain
2204 1533 2406 1604 (Aisne)
2438 1571 2452 1590 .
2523 1526 2672 1598 quod
2729 1531 2814 1579 est
2855 1522 2910 1575 in
2976 1514 3241 1573 extremis
3317 1511 3612 1604 Remorum

2004 1595 2229 1692 ﬁnibus,
2297 1622 2599 1679 exercitum
2647 1616 2936 1671 traducere
2992 1604 3288 1664 maturavit
3310 1609 3480 1670 atque
3537 1595 3613 1650 ibi

2006 1729 2184 1776 castra
2232 1716 2435 1787 posuit.
2493 1713 2622 1777 Quae
2673 1724 2759 1762 res
2817 1713 2872 1759 et
2892 1704 3033 1758 latus
3085 1712 3258 1753 unum
3307 1699 3613 1747 castrorum

1931 1828 1983 1895 Β
2006 1810 2142 1882 ripis
2162 1785 2409 1862 ﬂuminis
2437 1800 2711 1856 munitum
2742 1802 2796 1850 et
2817 1802 2943 1865 post
2964 1806 3091 1846 eum
3124 1801 3249 1895 qua:
3287 1788 3473 1895 Erant,
3499 1785 3616 1832 tuta

2008 1873 2076 1959 ab
2103 1900 2359 1957 hostibus
2383 1893 2675 1956 reddebat,
2723 1897 2780 1942 et
2809 1892 3150 1942 commeatus
3189 1877 3258 1933 ab
3287 1873 3488 1935 Remis,
3523 1886 3613 1924 re-

2009 1992 2285 2064 liquisque
2309 1982 2645 2046 civitatibus,
2677 1987 2739 2034 ut
2759 1977 2882 2032 sine
2915 1970 3161 2045 periculo
3192 1968 3259 2021 ad
3309 1978 3436 2017 eum
3478 1975 3612 2064 per:

2010 2050 2113 2140 tari
2131 2050 2383 2153 possent,
2418 2074 2713 2131 efficiebat.
2750 2071 2807 2124 In
2850 2082 2917 2122 eo
2939 2063 3171 2153 flumine
3202 2050 3615 2153 popae-raudbi

2008 2144 2327 2246 praesidium
2356 2165 2535 2240 ponti,
2550 2172 2607 2218 et
2624 2164 2680 2218 in
2703 2160 2878 2215 altera
2899 2162 3058 2226 parte
3080 2147 3326 2246 ﬂuminis
3353 2144 3619 2246 'ILitu-rium

2007 2235 2273 2320 Sabinum
2290 2235 2532 2331 legatum
2543 2271 2666 2311 cum
2680 2269 2774 2308 sex
2788 2235 3550 2311 cohortibusreliquit.Castra
3563 2235 3620 2283 in

2008 2330 2363 2412 altitudinem
2386 2351 2589 2423 pedum
2603 2344 2897 2401 duodecim
2914 2340 3236 2405 fossamque
3250 2330 3457 2423 pedum
3466 2332 3624 2379 octo-

2008 2446 2187 2502 decim
2219 2416 2437 2497 munire
2454 2438 2637 2506 jubet.
2660 2434 2739 2488 Ab
2766 2431 2903 2502 ipsis
2922 2427 3120 2483 castris
3136 2419 3403 2492 oppidum
3426 2416 3624 2470 Remo-

2011 2534 2400 2602 rum,nomine
2431 2531 2649 2592 Bibrax,
2690 2522 2841 2596 quod
2895 2520 3093 2574 aberat
3130 2512 3301 2569 millia
3361 2520 3621 2602 passuum

2010 2597 2314 2682 octodecim
2344 2622 2512 2691 (Orig
2544 2662 2557 2684 ,
2584 2616 2728 2683 octo)
2775 2629 2840 2666 ex
2894 2610 3115 2669 itinere,
3165 2614 3367 2675 magno
3410 2597 3623 2666 impetu

2011 2715 2192 2789 Belgae
2208 2690 2534 2784 oppugnare
2564 2710 2876 2775 cmperunt.
2909 2698 3071 2770 Egre
3092 2709 3160 2749 eo
3200 2691 3292 2789 die
3307 2690 3625 2789 sustentata

2010 2773 2407 2860 est‘BalI-orurrn
2437 2805 2605 2868 atque
2650 2773 2940 2865 Belgarum
2972 2780 3320 2858 oppugnatio
3350 2773 3625 2868 Ilaec._Ubi

2009 2893 2367 2961 circumiecta
2414 2863 2775 2942 multitudine
2834 2877 3120 2935 hominum
3166 2869 3300 2927 totis
3324 2863 3624 2926 moenibus,

2008 2983 2263 3056 undique
2294 2982 2352 3036 in
2371 2992 2598 3035 murum
2620 2972 2835 3045 lapides
2853 2967 2962 3040 jaci
2983 2963 3128 3056 coepi
3146 2966 3303 3056 sunt,
3321 2968 3629 3056 murusque

2011 3049 2410 3130 defensoribus
2451 3067 2700 3123 nudatus
2752 3068 2858 3125 est,
2908 3052 3193 3113 testudine
3245 3050 3394 3105 facta
3452 3049 3629 3115 portis

2012 3160 2342 3227 succedunt,
2376 3170 2711 3226 murumque
2758 3150 3066 3212 subruunt,
3094 3141 3245 3214 quod
3279 3150 3423 3206 tms.,
3452 3131 3628 3202 aditu)

2014 3264 2131 3311 tum
2158 3253 2319 3309 facile
2338 3250 2527 3306 ﬁebat.
2551 3249 2801 3317 Namque
2819 3250 2972 3299 tanta
3009 3233 3307 3292 multitudo
3336 3226 3551 3301 lapides
3567 3241 3631 3280 ac

2017 3347 2127 3403 tela
2150 3344 2544 3417 conjiciebant,
2575 3350 2636 3396 ut
2693 3340 2751 3394 in
2799 3349 2958 3391 muro
2997 3324 3347 3417 consistendi
3380 3327 3632 3417 potestas

2020 3409 2342 3492 essetnulli.
2365 3432 2499 3487 Cum
2514 3429 2682 3485 tinem
2704 3419 3069 3499 oppugnandi
3084 3434 3192 3475 nox
3206 3409 3632 3499 fecisset,lccius

2022 3525 2247 3590 Remus,
2270 3537 2488 3577 summa
2517 3516 2813 3574 nobilitate
2839 3495 2898 3569 et
2953 3510 3132 3586 gratia
3179 3508 3321 3562 inter
3348 3516 3501 3590 suos,
3536 3495 3631 3590 qui

2023 3585 2362 3686 tumoppido
2391 3610 2704 3683 praefuerat,
2736 3622 2884 3661 unus
2930 3585 2999 3657 ex
3036 3600 3145 3663 his,
3197 3594 3291 3667 qui
3340 3589 3515 3686 legati
3564 3585 3635 3686 de

2025 3702 2158 3779 price
2185 3707 2255 3763 ad
2284 3708 2555 3761 Caesarem
2583 3706 2877 3765 venerant,
2910 3694 3171 3751 nuntium
3196 3688 3265 3744 ad
3287 3702 3414 3742 eum
3447 3680 3633 3779 mittit,

2025 3772 2132 3852 nisi
2157 3796 2474 3853 subsidium
2501 3793 2607 3848 sibi
2631 3792 2900 3849 mittatur,
2934 3800 3057 3840 sese
3094 3778 3305 3835 diutius
3357 3772 3636 3828 sustin--re

2027 3903 2142 3942 non
2165 3903 2345 3958 posse.
2384 3886 2457 3939 Eo
2477 3884 2546 3937 de
2576 3880 2758 3936 media
2779 3885 2943 3932 nocte
2964 3874 3163 3931 Caesar,
3186 3865 3381 3958 iisdem
3402 3858 3636 3958 ducibus

2028 3946 2182 4041 usus,
2201 3976 2295 4046 qui
2315 3972 2494 4028 nuntii
2516 3971 2584 4025 ab
2615 3969 2755 4023 Iccio
2779 3970 3062 4025 venerant,
3115 3952 3397 4046 Numidas
3431 3957 3485 4002 ct
3513 3946 3637 4045 Cre-

2030 4076 2116 4123 tas
2133 4042 2446 4140 sagittarios
2468 4073 2523 4120 et
2551 4061 2861 4118 funditores
2905 4054 3158 4140 Baleares
3185 4042 3439 4140 subsidio
3472 4042 3636 4109 Oppi-

2031 4135 2406 4212 denis-mittit.
2438 4155 2683 4221 Quorum
2733 4149 2981 4203 adventu
3011 4148 3066 4197 et
3126 4135 3309 4225 Remis
3358 4146 3489 4225 cum
3539 4140 3639 4225 spe

2031 4246 2376 4304 defensionis
2396 4244 2643 4300 studium
2675 4231 3067 4311 propugnandi
3100 4224 3350 4289 accessit,
3383 4230 3439 4275 et
3471 4220 3643 4311 hosti-

2032 4343 2138 4396 bus
2157 4339 2353 4395 eadem
2374 4338 2443 4392 de
2485 4351 2658 4392 causa
2676 4309 2807 4404 spes
2851 4321 3105 4399 potiundi
3142 4315 3333 4391 Oppidi
3365 4309 3637 4368 discessit.

2034 4432 2223 4502 Itaque
2254 4429 2537 4501 paulisper
2571 4420 2717 4495 apud
2774 4416 3041 4490 Oppidum
3096 4405 3643 4502 niorati,nagrosque

310 4479 561 4533 vicorum
582 4479 1008 4536 Durocortorum
1030 4482 1333 4537 Remorum
1360 4499 1560 4555 usque,
1585 4483 1651 4537 Μ.
1674 4483 1732 4538 P.
1756 4482 1919 4537 LIII.»
1952 4508 2011 4577 D
2034 4479 2744 4586 aggl'o'rgglwdggopﬁlaﬁ,
2774 4479 3036 4563 canibus
3069 4498 3228 4563 vicis,
3258 4490 3643 4560 adiﬁciisque,

959 4610 1179 4668 CAPUT
1220 4614 1288 4670 Il.

494 4702 570 4753 De
592 4703 841 4756 amicitia
868 4706 1232 4760 Romanorum
1262 4711 1425 4775 atque
1453 4707 1749 4760 Remorum.

386 4791 617 4847 Constat
646 4792 838 4865 itaque
865 4795 1167 4852 Remorum
1197 4797 1464 4868 p0pulum
1499 4797 1703 4869 populo
1728 4797 1933 4851 Roma-

320 4896 519 4935 norum
555 4883 911 4940 tenacissima
941 4886 1139 4957 priscis
1181 4885 1314 4941 olim
1349 4886 1701 4956 temporibus
1730 4886 1932 4941 amici-

319 4972 397 5027 tia
420 4974 703 5042 junctum,
734 4977 1037 5046 praelibatm
1057 4977 1196 5033 Julii
1220 4978 1449 5035 Caesaris
1489 4979 1741 5034 Historiae
1771 4978 1934 5033 libris

322 5065 378 5125 (ι.
413 5082 448 5119 ιι
483 5068 634 5132 init.)
684 5067 791 5123 hoc
822 5067 1002 5139 ipsum
1043 5070 1498 5140 astipulantibus.
1533 5070 1625 5125 ubi
1684 5071 1928 5144 legitur:

328 5177 347 5203 ι
382 5157 481 5217 Eo.
530 5157 749 5214 scilicet
775 5159 844 5214 ad
903 5158 1047 5217 ﬁnes
1094 5162 1408 5231 Belgarum,
1445 5162 1566 5232 ipso
1611 5162 1824 5217 Caesare
1866 5161 1936 5215 de

330 5241 659 5316 improviso,
721 5248 1074 5322 celeriusque
1112 5251 1369 5306 omnium
1425 5250 1716 5322 Opinione,
1740 5265 1937 5323 perve—

330 5337 561 5403 niente,
616 5340 855 5406 Remos,
919 5341 1158 5411 proximi
1211 5341 1398 5398 Gallia:
1446 5360 1512 5398 ex
1577 5343 1756 5411 Belgis
1809 5349 1940 5396 sunt

328 5427 396 5480 ad
429 5443 561 5482 eum
606 5427 820 5501 legatos
872 5429 1071 5486 Iccium
1117 5439 1171 5487 et
1218 5431 1665 5507 Andebrogium,
1724 5432 1939 5503 primos

326 5516 571 5571 civitatis
591 5534 729 5585 suae,
763 5519 1001 5587 misisse,
1023 5530 1081 5577 et
1101 5537 1161 5576 se
1180 5538 1394 5594 suaque
1432 5522 1627 5577 omnia
1641 5522 1943 5577 offerentes

331 5608 391 5662 in
449 5609 614 5666 ﬁdem
666 5621 838 5683 atque
890 5614 1197 5669 amicitiam
1231 5615 1421 5687 populi
1457 5615 1685 5670 Romani
1715 5615 1942 5670 o'nnino

330 5701 672 5773 conjurasse,
700 5715 1035 5779 paratosque
1066 5723 1188 5763 esse
1220 5717 1276 5763 et
1296 5708 1523 5765 obsides
1552 5710 1710 5775 dare,
1742 5716 1802 5764 et
1831 5707 1940 5763 im-

2035 4626 2147 4681 quo
2174 4608 2328 4663 adire
2350 4579 2628 4677 pote-rant,
2662 4594 2921 4660 incensis,
2951 4590 3017 4646 ad
3049 4596 3233 4644 castra
3262 4579 3489 4638 Caesaris
3517 4593 3646 4633 oui-

2033 4704 2202 4760 nibus
2233 4700 2409 4772 capiis
2447 4694 2877 4758 contenderunt,
2911 4699 2966 4745 et
2994 4706 3026 4743 a
3077 4685 3325 4741 millibus
3377 4692 3643 4753 passuum

2024 4795 2218 4859 minus
2246 4790 2463 4846 duabus
2491 4798 2671 4845 castra
2704 4793 3029 4858 posuerunt.
3066 4802 3092 4832 ι)
3164 4780 3233 4836 Εῑ
3262 4788 3387 4851 post
3424 4790 3643 4847 pauca:

2038 4910 2062 4939 ι
2099 4888 2293 4942 Hostes
2313 4885 2567 4956 protinus
2589 4900 2654 4937 ex
2670 4897 2737 4937 eo
2768 4881 2890 4935 loco
2906 4878 2975 4934 ad
2992 4878 3199 4934 flumen
3218 4876 3483 4932 Axonam
3505 4886 3645 4927 con-

2036 4980 2356 5044 tenderunt,
2388 4976 2540 5050 quod
2566 4991 2689 5031 esse
2705 4977 2866 5031 ctiam
2900 4982 3027 5046 post
3075 4982 3266 5029 nostra
3314 4977 3498 5026 castra
3548 4965 3649 5021 de-

2037 5078 2404 5128 monstratum
2438 5076 2540 5123 est.
2565 5067 2646 5122 lbi
2674 5065 2831 5121 vadis
2858 5065 3114 5136 repertis,
3132 5070 3343 5135 partem
3363 5060 3649 5133 copiarum

2036 5179 2258 5220 suarum
2290 5158 2647 5216 transducere
2676 5158 2862 5214 conati
2890 5164 3040 5235 sqnt,
3072 5170 3138 5211 eo
3165 5153 3417 5217 consilio,
3463 5161 3543 5214 ut,
3604 5149 3651 5203 si

2040 5264 2289 5327 possent,
2318 5252 2631 5317 castellum,
2689 5250 2777 5306 cui
2835 5256 3069 5321 praeerat
3118 5246 3359 5311 Quintus
3408 5241 3654 5298 Titurius

2040 5348 2666 5421 legatus,expugnarent
2682 5349 3021 5414 pontemque
3035 5336 3437 5394 interciderent
3458 5336 3624 5403 (Orig.
3637 5372 3651 5393 .

2042 5438 2192 5493 inter
2217 5434 2575 5494 scinderent).
2600 5434 2655 5488 Si
2685 5432 2869 5487 minus
2888 5430 3202 5502 potuissent
3234 5441 3397 5500 agros
3447 5424 3649 5477 Remo-

2044 5547 2164 5585 rum
2195 5527 2611 5600 p0pularentur,
2637 5525 2731 5597 qui
2754 5538 2956 5597 magno
2976 5521 3140 5577 nobis
3168 5519 3289 5574 usui
3328 5516 3396 5572 ad
3437 5512 3648 5567 bellum

2042 5618 2344 5686 gerendum
2363 5620 3013 5683 erant,commeatusque
3033 5617 3258 5665 nostros
3278 5600 3651 5661 sustinebant.

2045 5706 2242 5774 Caesar,
2264 5706 2466 5763 certior
2491 5705 2722 5761 factusa
2767 5700 3000 5765 Titurio,
3059 5710 3280 5753 omnem
3332 5690 3654 5762 azquitatem
