4040 6176
382 318 445 374 31
1499 311 1868 389 FLQDOARDI
1907 304 2214 366 CANONlCl
2254 299 2581 360 REMENSIS
3632 281 3701 335 32

386 456 442 503 et
456 445 602 509 lenis
618 453 908 503 armaturae
937 442 1540 511 Numidas,funditores
1558 438 1874 514 sagittarios
1889 454 1996 510 que
2020 443 2069 509 Α

386 549 613 611 pontem
645 539 902 603 traducit,
926 547 1093 609 atque
1122 535 1191 592 ad
1224 553 1320 592 eos
1350 533 1658 592 contendit.
1703 533 1914 588 Acriter
1936 531 1994 585 in

385 648 452 687 eo
485 632 604 687 loco
642 639 941 705 pugnatum
975 639 1076 685 est.
1124 629 1317 684 Hostes
1348 627 1647 698 impeditos
1672 623 1882 715 .nostri
1937 624 1991 678 in

388 719 617 773 flumine
648 718 912 793 aggressi,
934 733 1203 790 magnum
1234 732 1422 771 eorum
1454 705 1994 799 numeﬂnh’qéiﬂ?
2055 739 2073 785 ε

390 816 532 863 runt.
545 808 647 864 Per
674 825 865 864 eorum
892 823 1124 878 corpora
1154 807 1399 878 reliquos
1415 787 2068 877 audacﬁsiiieitiariinf

385 900 464 954 ire
486 909 776 966 conantes,
803 898 1163 953 multitudine
1195 899 1429 953 telorum
1481 905 1539 963 et
1565 894 1805 975 audacia
1826 909 1997 963 repu-

386 993 588 1046 lerunt:
607 991 813 1062 primos
836 991 928 1062 qui
946 989 1298 1053 iransierant,
1317 966 1787 1069 equitaiu:
1802 978 2003 1063 jejuna.

388 1060 803 1138 interfecerunt.
841 1060 867 1129 »ξ
899 1085 1031 1138 Item
1054 1083 1111 1137 in
1138 1081 1336 1137 eadem
1357 1060 1768 1136 Histdria'lilirb
1794 1060 1996 1135 ieitiotf

393 1194 415 1222 ι
451 1173 631 1228 Caesar
649 1173 990 1229 Labiennum
1013 1174 1257 1245 legatum
1279 1189 1334 1226 1n
1354 1172 1629 1240 Treviros,
1647 1170 1742 1242 qui
1764 1168 1997 1240 proximi

392 1265 584 1320 Rheno
606 1275 755 1331 sunt,
780 1283 904 1321 cum
953 1267 1200 1338 equitatu
1231 1266 1419 1320 mittit.
1468 1266 1602 1320 Huic
1637 1265 1867 1319 mandat
1893 1264 2000 1318 Re-

391 1370 514 1409 mos
533 1356 888 1427 reliquosque
909 1355 1103 1430 Belgas
1123 1355 1304 1421 adeat,
1328 1362 1493 1426 atque
1521 1355 1578 1409 in
1601 1352 1788 1409 officio
1815 1351 2000 1408 conti-

392 1454 540 1501 neat.
576 1469 601 1493 ι»
629 1448 760 1501 ltem
792 1448 848 1501 in
870 1464 899 1500 v
924 1465 936 1501 :
959 1468 980 1497 ι
1005 1447 1503 1502 Tantamomnium
1534 1445 1832 1502 voluntatis
1848 1459 2002 1500 com-

392 1537 777 1601 mutationem,
803 1535 982 1591 Ctesar
1002 1536 1236 1599 scilicet,
1260 1536 1461 1603 attulit,
1489 1544 1548 1591 ut
1566 1542 1764 1607 praeter
1782 1534 2001 1589 Heduos

392 1632 448 1678 et
476 1624 673 1680 Remos
699 1640 840 1696 quos
859 1625 1141 1696 pmcipuo
1199 1641 1419 1697 semper
1449 1625 1660 1681 honore
1685 1623 1866 1679 Caesar
1893 1624 1999 1677 ha—

394 1714 550 1778 huit;
584 1715 787 1769 alteros
816 1730 916 1784 pro
939 1722 1124 1769 vetere
1160 1731 1223 1770 ac
1267 1723 1536 1786 perpetua
1575 1730 1706 1786 erga
1726 1713 2001 1785 papulum

397 1806 699 1860 Romanum
730 1804 879 1870 fide;
910 1806 1114 1861 alteros
1153 1823 1251 1877 pro
1283 1807 1602 1862 recentibus
1645 1807 1779 1862 belli
1810 1806 2000 1861 Gallici
2027 1812 2078 1879 Β

394 1896 592 1951 ofliciis
620 1895 768 1950 nulla
793 1895 909 1951 fere
940 1896 1134 1951 civitas
1163 1896 1327 1951 fuerit
1349 1912 1460 1951 non
1492 1903 1749 1967 suspecta
1777 1895 2000 1951 nobis.»

398 1990 527 2044 ltem
561 1990 615 2043 in
650 2006 700 2042 Vl
729 2006 741 2042 :
778 2009 803 2039 (ι
838 1988 1349 2060 Carnuteslegatos.
1383 1971 1724 2061 obsidesque
1752 1989 2000 2054 mittunt,

394 2080 474 2134 usi
495 2079 979 2151 deprecationibus
999 2079 1201 2145 Remis,
1223 2078 1277 2133 in
1296 2095 1529 2150 quorum
1546 2086 1707 2133 erant
1721 2076 2001 2133 clientela.

396 2172 597 2227 Eadem
632 2173 814 2227 ferunt
862 2187 1119 2243 respons,
1161 2188 1281 2244 quae
1312 2170 1578 2226 videlicet
1601 2171 1868 2235 Senones,
1891 2168 2002 2224 ob-

392 2261 607 2316 sidibus
646 2262 945 2333 imperatis.
980 2282 1008 2311 ιι

470 2354 845 2426 Principatum
879 2370 1105 2426 quoque
1139 2354 1337 2409 Remos
1364 2352 1669 2423 antiquitus
1724 2352 1870 2406 inter
1898 2350 2006 2407 sibi

378 2442 664 2518 ﬁnitimos
694 2445 937 2499 tenuisse
967 2450 1187 2499 constat
1239 2441 1348 2497 Sed
1379 2451 1436 2497 et
1466 2440 1612 2513 apud
1644 2442 1919 2497 Romanos
1949 2441 2006 2497 id

401 2535 576 2605 ipsum
605 2536 937 2602 obtinuisse,
970 2544 1304 2607 auctumque
1332 2535 1440 2590 sibi
1492 2535 1694 2609 legitur
1748 2535 1806 2590 in
1857 2550 2005 2605 prte-

400 2626 585 2694 missa,
613 2633 718 2680 tam
744 2626 856 2694 jus,
889 2642 1053 2697 quam
1093 2626 1286 2690 decus,
1317 2625 1571 2691 historia,
1610 2632 1669 2679 ut
1713 2624 1769 2678 in
1811 2625 2007 2679 eodem

400 2717 603 2772 librovt
630 2735 643 2770 :
674 2739 694 2765 «
720 2718 960 2788 Sequani
984 2716 1358 2787 principatum
1371 2715 1720 2782 dimiserant;
1740 2716 1794 2769 in
1818 2732 2008 2771 eorum

400 2809 579 2864 locum
614 2809 766 2864 Remi
787 2825 928 2864 succ
952 2816 1182 2863 sserant.
1210 2832 1236 2856 η
1262 2808 1499 2878 Semper
1516 2807 1685 2873 enim,
1727 2818 1781 2862 et
1812 2808 1867 2862 in
1890 2823 2013 2862 om-

403 2902 570 2956 nibus
588 2902 753 2957 bellis
774 2901 931 2956 Remi
952 2900 1117 2956 fidem
1164 2901 1428 2957 Romanis
1457 2908 1827 2956 servaverant.
1864 2900 1927 2955 Et
1956 2900 2012 2954 in

402 3008 498 3057 vn,
530 2991 694 3046 etiam
715 2990 938 3063 quando
970 2992 1140 3046 totius
1162 3006 1305 3062 pene
1334 2989 1521 3045 Gallia:
1543 2988 1735 3061 p0puli
1751 2989 2015 3043 adversus

2157 431 2486 497 thima_gens
2516 425 2659 478 ﬂexis
2673 424 2728 497 in
2752 434 2925 497 agrum
2952 418 3181 497 sequana
3202 413 3373 472 frenis,

2161 483 2223 544 Εἰ
2244 483 2419 543 docilis
2436 498 2588 541 recter
2613 483 2809 537 rostrati
2829 483 2975 547 Belga
2995 483 3192 548 covini.
3350 537 3383 548 η

2630 550 2827 605 Lucan.
2862 539 2939 602 De
2964 545 3107 601 Bello
3144 541 3317 607 civili,
3350 539 3445 594 lib.
3485 554 3523 595 1.

2734 654 2950 713 CAPUT
2991 654 3081 707 lll.

2153 748 2287 834 ς
2329 774 2386 834 ,ι
2417 755 2491 805 De
2504 745 2901 834 prunisjtujtts
2922 743 3074 797 urbis
3103 742 3383 811 episcopis.

2111 818 2281 902 ίξὴοέ
2292 818 2920 923 εόιιῐεφὲῥιὶάξὲξὶᾠὶοοε
2941 844 3072 890 tunc
3093 832 3359 903 temporis
3379 831 3516 887 tanti
3546 831 3707 887 habi-

2097 947 2211 992 tum
2242 909 2859 1001 néméfﬁh‘pobmam,
2884 924 3018 996 quin
3046 932 3099 977 et
3129 921 3276 993 apud
3300 920 3710 993 primosEccle-

2028 1006 2191 1101 sia:
2212 1022 2308 1110 Q91
2322 1029 2742 1110 Μεμψθῆ
2759 1025 2930 1110 atque
2954 1032 3057 1087 per
3078 1014 3436 1085 Evangelium
3470 1012 3526 1067 in
3550 1012 3706 1067 Chri-

2019 1090 2181 1172 :“sto
2950 1104 3249 1177 provincia:
3306 1111 3508 1158 nostra:
3561 1102 3710 1157 sedis

2101 1204 2390 1279 pontifices
2411 1186 2627 1257 constat
2652 1186 2873 1271 semper:
2897 1198 3109 1252 honore
3130 1196 3444 1261 decoratos,
3482 1194 3622 1248 adeo
3652 1202 3713 1247 ut

2101 1302 2219 1371 ipse
2253 1294 2607 1351 beatissimus
2634 1290 2893 1345 Ecclesiae
2924 1288 3124 1342 Christi
3186 1286 3471 1357 princeps,
3521 1285 3714 1340 Petrus

2099 1387 2403 1460 apostolus,
2452 1382 2577 1437 urbi
2607 1386 2807 1434 nostra;
2837 1377 3058 1432 beatum
3112 1375 3324 1429 Sixtum
3346 1391 3379 1428 a
3416 1389 3479 1427 se
3531 1371 3714 1427 archi-

2100 1476 2423 1547 episcOpum
2457 1469 2794 1535 ordinatum,
2832 1482 2957 1521 cum
3012 1462 3486 1536 sulfraganeorum
3517 1461 3715 1515 auxilio

2102 1564 2380 1622 censuerit
2409 1560 2797 1636 delegandum,
2828 1557 3063 1612 idoneos
3090 1556 3142 1610 ei
3168 1571 3233 1609 ac
3287 1552 3635 1608 necessarios
3660 1552 3715 1606 in

2101 1659 2296 1714 eadem
2320 1653 2601 1727 provincia
2623 1650 2909 1706 destinans
2934 1647 3135 1714 socios,
3166 1654 3416 1700 sanctum
3445 1643 3717 1699 Sinicium

2101 1750 2380 1813 videlicet,
2409 1743 2753 1801 Suessonica:
2780 1741 2931 1796 sedis
2973 1739 3173 1811 primo,
3231 1744 3480 1793 nostrum
3528 1744 3719 1806 postea

2104 1841 2418 1916 praesulem,
2465 1854 2529 1893 ac
2572 1837 2797 1891 beatum
2826 1833 3162 1897 Memmium,
3185 1828 3546 1886 Catalaunicaa
3566 1828 3722 1883 urbis

2106 1940 2372 1987 rectorem
2448 1927 2679 1981 Sanctus
2727 1938 2857 1979 vero
2920 1920 3103 1975 Sixtus
3158 1920 3454 1973 Remorum
3513 1916 3722 1988 primus

2105 2016 2608 2091 episcopus,etiam
2625 2010 3013 2069 Suessonicam
3044 2008 3307 2062 fundasse
3337 2006 3509 2062 fertur
3536 2005 3720 2060 eccle-

2104 2111 2265 2172 siam,
2299 2116 2353 2162 et
2393 2106 2617 2160 beatum
2649 2101 2912 2157 Sinicium
2935 2097 3393 2154 collaboratorem
3425 2104 3480 2149 et
3510 2108 3722 2164 c00pe-

2107 2206 2343 2253 ratorem
2368 2210 2530 2250 suum
2553 2190 2693 2245 inibi
2712 2186 3088 2251 constituisse;
3107 2185 3315 2257 quique
3334 2190 3456 2255 post
3474 2181 3724 2250 ejusdem

2107 2291 2291 2346 Sancti
2314 2287 2449 2343 Sixti
2473 2286 2788 2348 decessum,
2808 2289 3012 2351 nepote
3031 2293 3153 2344 suo,
3194 2285 3253 2331 ut
3297 2274 3499 2340 ferunt,
3531 2281 3727 2327 sancto

2106 2382 2395 2437 Divitiano
2420 2375 2684 2433 Suessoni
2715 2390 2747 2428 a
2767 2390 2826 2427 se
2858 2369 3123 2443 pontifice
3152 2368 3429 2430 ordinato,
3459 2364 3729 2438 quoniam

2110 2474 2326 2529 noviter
2383 2469 2633 2525 instituta
2680 2463 2969 2520 Remensis
3017 2460 3252 2516 ecclesia
3328 2459 3467 2513 lacte
3525 2456 3726 2521 adhuc,

2111 2571 2302 2619 tenera
2319 2561 2460 2616 forte
2488 2555 2712 2613 fovebat
2732 2553 2987 2628 pignora,
3020 2549 3258 2604 necdum
3288 2546 3360 2600 ad
3396 2560 3540 2600 onus
3585 2558 3731 2615 pon-

2111 2654 2313 2710 tiﬁcalc
2345 2649 2736 2724 perferendum
2766 2644 3012 2710 robusta,
3056 2639 3245 2695 Remis
3271 2635 3732 2707 archiepiscopa-

2112 2748 2219 2802 lcm
2267 2749 2353 2812 (ea
2404 2751 2638 2817 cogente
2676 2737 3024 2805 necessitate)
3046 2732 3223 2789 subiit
3248 2729 3588 2786 cathedram.
3626 2728 3731 2782 Ubi

2116 2852 2213 2907 pro
2236 2836 2544 2890 animarum
2573 2831 2751 2885 salute
2791 2825 3030 2880 ﬁdeliter
3057 2821 3374 2888 elaboraus,
3404 2818 3734 2888 bonumque

2115 2936 2395 2983 certamen
2421 2927 2730 2984 decertans,
2764 2935 2887 2975 cum
2916 2917 3229 2980 decessore,
3262 2920 3323 2967 ut
3360 2911 3422 2966 in
3445 2910 3624 2977 caelis,
3656 2909 3737 2963 ita

2117 3021 2279 3075 etiam
2311 3018 2514 3073 meruit
2571 3016 2626 3068 in
2671 3011 2834 3068 terris
2891 3008 3098 3063 habere
3147 3004 3514 3068 consortium,
3565 3001 3738 3057 unius

404 3085 681 3183 Romanos
692 3082 1483 3183 “9959i?“°'°°“°i_““mq“?
1495 3081 1743 3136 Bibulae
1758 3080 2016 3183 ᾒξδυίῗεζθ
2043 3114 2092 3181 (ἶ
2118 3112 2483 3181 ejusdemque
2501 3105 2691 3177 templi
2707 3102 3024 3173 tumbaeque
3040 3098 3271 3154 sortitus
3282 3093 3736 3151 cumbeatoSixto

405 3177 686 3253 leguntur,
719 3177 800 3231 illi
820 3176 1137 3232 nullatenus
1166 3178 1367 3231 adesse
1387 3176 1634 3240 voluere,
1665 3172 1815 3245 quod
1828 3173 2017 3228 amici-

409 3271 536 3326 tiam
578 3272 953 3326 Romanorum
1006 3268 1403 3341 sequebantur.
1474 3268 1535 3321 ln
1593 3265 2019 3321 necessitatibus

407 3374 590 3419 autem
605 3364 791 3435 c0pias
803 3380 899 3419 eos
916 3346 1658 3423 Romanorum,sustentasse
1679 3357 2020 3430 proditur,ut

407 3453 461 3508 in
484 3454 679 3525 quinto
698 3454 861 3522 hujus
880 3452 1126 3507 historiae
1148 3451 1289 3506 libro
1308 3467 1322 3503 :
1340 3475 1364 3496 ιι
1381 3449 1498 3514 Quo
1514 3464 1660 3504 anno
1676 3447 2018 3503 frumentum

411 3554 636 3616 propter
659 3542 936 3598 siccitates
965 3540 1607 3615 angustiusprovenerat,
1626 3545 1854 3592 coactus
1876 3545 2011 3598 εει.»

415 3634 592 3689 Caesar
612 3631 848 3697 scilicet,
888 3652 909 3679 ι
951 3630 1130 3685 aliter.
1161 3644 1224 3683 ac
1241 3627 1624 3698 superioribus
1644 3626 1828 3691 annis,
1863 3642 2013 3681 exer-

416 3724 582 3777 citum
616 3722 670 3776 in
702 3719 956 3775 hibernis
971 3719 1266 3779 collocare,
1324 3716 1690 3789 legionesque
1749 3716 1803 3769 in
1832 3718 2023 3786 plures

413 3812 661 3867 civitates
689 3808 1040 3864 distribuere.
1067 3807 1140 3860 Ex
1171 3806 1255 3859 his
1274 3821 1440 3860 unam
1464 3805 1519 3858 in
1550 3804 1789 3859 Morinos
1810 3807 2023 3861 ducen-

413 3903 559 3966 dam,
594 3901 649 3955 C.
682 3901 849 3955 Fabio
880 3899 1082 3973 Legato
1112 3897 1268 3952 dedit
1300 3897 1567 3962 ;a|teram
1616 3894 1671 3948 in
1710 3897 1938 3952 Nervios
1957 3902 2019 3965 ρ.

409 3995 659 4050 Ciceroni
694 4013 709 4059 ;
752 3994 969 4048 tertiam
1002 3991 1057 4045 in
1083 3991 1289 4047 Essuos
1321 3994 1375 4046 L.
1405 3990 1602 4047 Roscio
1639 4008 1653 4055 ;
1686 4000 1939 4064 quartam
1963 3994 2023 4049 in

416 4088 604 4142 Remis
632 4104 756 4142 cum
783 4088 844 4141 Τ.
877 4087 1119 4140 Labieno
1142 4086 1198 4141 in
1230 4087 1474 4142 conﬁnio
1497 4087 1850 4143 Trevirorum
1898 4088 2021 4141 hie-

416 4195 565 4233 mare
590 4178 774 4245 jussit.
812 4201 832 4218 -
869 4177 1002 4230 ltem
1030 4176 1088 4229 in
1124 4194 1197 4230 vn
1223 4195 1236 4229 :
1267 4198 1285 4224 ι
1319 4177 1376 4230 C.
1400 4177 1628 4231 Fabium
1665 4186 1719 4231 et
1742 4178 1799 4231 L.
1843 4177 2024 4229 Minn-

420 4271 554 4325 tium
577 4285 701 4323 cum
728 4266 1044 4342 legionibus
1094 4266 1311 4321 duabus
1365 4269 1418 4322 in
1475 4267 1660 4321 Remis
1703 4267 2024 4322 collocat.»

421 4365 649 4433 Insuper
677 4370 732 4416 et
754 4376 931 4431 usque
947 4357 1016 4413 ad
1042 4360 1480 4415 internecionem
1499 4375 1643 4429 pene
1676 4359 1876 4414 Remos
1898 4374 2030 4429 pro-

2116 3204 2456 3274 sepulcrum.
2491 3201 2734 3265 Quorum
2761 3192 3110 3266 postmodum
3136 3188 3349 3244 meritis
3368 3186 3619 3241 basilica:
3642 3186 3741 3241 do-

2117 3313 2241 3351 mus
2271 3296 2518 3366 ipsorum
2564 3291 2727 3347 claris
2784 3287 3050 3342 illustrata
3103 3279 3402 3342 miraculis,
3451 3278 3742 3334 nonnullis
3840 3298 3849 3305 -

2118 3389 2302 3445 dotata
2329 3388 2538 3442 ditatur
2561 3380 2911 3443 muneribus,
2942 3376 3088 3452 agris
3116 3389 3339 3446 quoque
3358 3372 3740 3443 domibusque

2118 3494 2181 3531 ac
2210 3476 2389 3531 vineis
2417 3472 2772 3543 locupletata,
2812 3468 3141 3523 clericorum
3169 3462 3377 3534 pariter
3398 3460 3601 3515 enituit
3630 3459 3741 3514 mi-

2120 3569 2365 3625 nisteriis
2391 3568 2669 3621 decorata.
2703 3564 2945 3627 Quorum
2978 3571 3379 3626 nonnunquam
3408 3552 3736 3620 duodecim,

2121 3675 2519 3731 nonnunquam
2540 3657 2823 3713 decem.ut
2849 3654 2976 3707 dom
2986 3651 3038 3704 ni
3058 3647 3309 3703 Sonnatii
3330 3645 3746 3718 pmsulistem-

2126 3768 2279 3823 pore,
2300 3749 2504 3805 ibidem
2535 3744 2809 3815 reperitur
2834 3738 3321 3813 congregationem
3344 3735 3539 3799 fuisse,
3560 3734 3748 3789 donec

2124 3843 2390 3898 moderno
2403 3834 2998 3909 tempore,abundante
3011 3829 3307 3900 iniquitate
3317 3837 3373 3883 et
3384 3827 3745 3901 refrigescen-

2124 3944 2178 3990 te
2193 3933 2480 3995 charitate,
2508 3923 3021 3983 deficereDeoinibi
3045 3921 3402 3977 militantium
3433 3921 3659 3984 chorus,
3690 3928 3751 3973 et

2126 4018 2624 4092 uniusipsumctepi
2635 4027 2653 4071 t
2664 4031 2784 4071 esse
2799 4007 3752 4084 templumpresbyteri[al.,presby-

2128 4103 2937 4181 terii]titulus.Quocircaetiam
2953 4102 3201 4172 ipsorum
3214 4096 3607 4169 nuperabinde
3620 4112 3750 4150 ossa

2127 4200 2407 4263 translata,
2437 4198 2494 4250 in
2516 4194 2754 4250 ecclesia
2771 4189 2921 4245 beati
2952 4187 3187 4260 Remigii
3212 4196 3339 4257 post
3364 4186 3534 4240 altare
3565 4184 3751 4239 sancti

2129 4288 2297 4348 Petri,
2323 4284 2645 4341 earumdem
2677 4276 3053 4351 praeceptoris,
3102 4284 3392 4331 servantur
3438 4273 3748 4329 recondita.

2131 4376 2251 4431 Nec
2273 4390 2369 4429 eos
2424 4370 2722 4426 Ecclesiam
2783 4375 3023 4422 nostram
3075 4363 3458 4419 tantummodo
3506 4361 3576 4416 ab
3608 4361 3751 4416 urbe

417 4455 1296 4551 saluteRomanorumcertasse,
1344 4452 1566 4508 Orosius
1587 4451 1751 4505 etiam
1780 4451 1923 4506 libro
1951 4468 2026 4515 vi,
2048 4482 2107 4551 D
2130 4465 2302 4519 Roma
2330 4468 2546 4517 constat
2574 4457 2838 4513 habuisse
2866 4464 3052 4526 patres
3095 4454 3181 4506 vel
3229 4452 3572 4516 fundatores,
3623 4465 3753 4521 qua».

421 4546 771 4620 astipulalur,
803 4562 871 4601 eo
893 4544 1090 4616 prtulio
1119 4545 1267 4616 quod
1293 4543 1587 4609 Bellovaci,
1633 4550 1756 4614 post
1790 4551 2028 4599 caetero-

422 4661 545 4699 rum
579 4642 888 4706 Gallorum,
922 4637 1017 4709 qui
1048 4653 1197 4691 arma
1228 4642 1421 4692 contra
1450 4635 1729 4691 Romanos
1758 4636 2029 4701 tulerant,

421 4734 696 4789 devictum
718 4732 1043 4795 exercitum,
1100 4729 1553 4787 instauraverant,
1607 4740 1867 4800 magnam
1928 4725 2034 4779 Re-

425 4839 642 4879 morum
672 4837 917 4886 manum,
946 4835 1071 4890 qua:
1091 4818 1294 4874 auxilio
1323 4815 1587 4871 Romanis
1616 4823 1732 4870 erat
1778 4830 2034 4869 asserens

424 4913 773 4969 trucidatam.
796 4912 997 4966 Remos
1018 4910 1261 4981 denique
1281 4907 1484 4981 praeliis
1512 4905 1703 4970 fortes,
1763 4906 2034 4978 optimos-

424 5019 530 5075 que
554 5004 726 5059 fuisse
747 5004 1084 5075 jaculatores
1110 5001 1244 5054 :sed
1275 5007 1330 5054 et
1353 5000 1421 5053 ad
1452 4997 1601 5052 bella
1615 4998 1801 5052 civilia
1827 4997 2035 5068 quibus

426 5096 692 5167 Pompeio
721 5100 1003 5165 superato,
1034 5091 1409 5145 monarchiam
1470 5088 1657 5151 totius,
1717 5096 1779 5142 ut
1836 5086 2032 5151 fertur,

425 5186 577 5242 orbis
596 5183 855 5249 obtinuit,
889 5182 1104 5237 Caesare
1129 5180 1401 5235 invitante
1439 5177 1735 5250 profectos,
1782 5176 2036 5230 Lucanus

428 5275 570 5329 libro
597 5274 777 5346 primo
797 5272 1030 5328 testatur
1045 5271 1133 5325 his
1162 5269 1423 5326 versibus
1455 5286 1470 5322 :

1360 5382 1495 5431 Rnra
1515 5378 1731 5428 Nemetis

486 5448 583 5507 Qui
604 5456 738 5498 tenet
759 5455 809 5496 et
834 5447 971 5510 ripas
993 5446 1301 5510 Satyri,an
1325 5444 1669 5510 littore-renuo

495 5506 710 5562 Molliter
735 5506 1003 5559 admissum
1034 5506 1229 5558 claudit
1240 5506 1549 5555 Tarbellicus
1572 5518 1758 5562 aequor,

492 5576 645 5642 Signa
660 5581 840 5642 movet,
869 5574 1147 5642 gaudetque
1173 5577 1338 5642 amoto
1353 5568 1603 5642 Santonus
1624 5568 1779 5642 hoste:
1994 5625 2003 5633 .

495 5628 693 5697 Enim.
714 5636 753 5699 j,
775 5628 990 5697 Bitures)
1035 5628 1248 5683 Biturix.
1291 5631 1548 5694 longisque
1580 5629 1712 5678 leves
1742 5628 1962 5753 Agriani:
1990 5628 2043 5674 in

1807 5703 1984 5744 armis,

493 5763 723 5826 Optimus
741 5776 946 5811 excusso
969 5760 1160 5811 Leucus
1180 5758 1463 5821 Remusque
1492 5754 1687 5803 lacerto.

2134 4553 2468 4626 martyribus
2507 4554 2671 4606 etiam
2705 4548 2983 4611 redimita,
3012 4561 3321 4616 eorumque
3371 4549 3582 4597 sacrata
3614 4558 3752 4595 san-

2132 4647 2301 4721 guine
2328 4653 2495 4716 atque
2522 4641 2840 4712 triumphis,
2867 4639 2970 4693 sub
3000 4637 3122 4708 ipso
3144 4635 3466 4691 Neronianae
3489 4649 3757 4705 persecu-

2136 4739 2302 4795 tionis
2330 4737 2587 4801 articulo,
2612 4735 2873 4788 decorata
2905 4729 3190 4801 probatur,

2775 4822 2985 4877 CAPUT
3015 4822 3099 4875 IV.

2389 4923 2460 4974 De
2484 4918 2685 4987 primis
2706 4913 2943 4983 ejusdem
2970 4910 3305 4978 martyribus
3326 4909 3497 4961 urbis.

2208 5011 2404 5064 Beatus
2429 5006 2705 5078 siquidem
2724 5002 3071 5066 Timotheus,
3100 4999 3167 5052 ab
3199 4997 3442 5052 Orientis
3496 4995 3762 5067 partibus

2135 5101 2204 5155 ad
2228 5102 2369 5153 hanc
2396 5099 2725 5151 Remensem
2774 5091 2966 5147 urbem
3001 5087 3355 5161 perveniens,
3387 5085 3517 5139 Jesu
3555 5083 3761 5138 Christi

2138 5191 2355 5248 Domini
2390 5188 2613 5261 publice
2637 5202 2745 5241 non
2766 5184 2974 5238 veritus
2996 5190 3077 5237 est
3108 5179 3407 5252 praedicare
3436 5176 3758 5231 veritatem.

2141 5286 2293 5340 Unde
2324 5290 2377 5337 et
2403 5298 2432 5336 a
2465 5278 2701 5352 praeside
2727 5274 3045 5346 Lampadio,
3071 5272 3164 5344 qui
3199 5280 3330 5326 tunc
3358 5275 3593 5341 praeerat
3632 5267 3767 5322 huic

2142 5375 2369 5449 populo,
2386 5381 2571 5428 tentus
2597 5380 2672 5436 et,
2696 5367 2843 5441 quod
2866 5381 3021 5421 nova?
3041 5365 3181 5438 legis
3207 5362 3547 5434 propositum
3576 5358 3767 5414 homi-

2143 5448 2309 5519 nibus
2336 5462 2612 5527 suaderet,
2645 5464 2965 5513 eonventus.
3005 5455 3135 5507 Hinc
3151 5451 3319 5505 minis
3344 5449 3661 5521 principum
3681 5448 3767 5501 le-

2143 5572 2382 5630 gumque
2404 5553 2694 5608 severitate
2727 5555 2973 5611 vexatus,
3006 5561 3173 5615 opum
3215 5557 3436 5615 quoque
3476 5539 3764 5612 pollicita-

2146 5629 2295 5705 tione
2353 5653 2613 5707 tentalus,
2683 5655 3008 5711 responsum
3039 5636 3188 5708 quod
3221 5635 3354 5690 olim
3393 5634 3463 5688 ab
3506 5629 3768 5686 Ecclesiae

2148 5735 2397 5808 principe
2421 5734 2709 5797 didicerat,
2734 5727 2990 5799 improbo
3017 5727 3298 5782 incussum
3327 5736 3584 5793 superna:
3615 5736 3768 5775 nun—
