4040 6176
445 293 516 347 35

1509 226 1515 232 .
1572 270 1939 331 FLODOARDI
1978 268 2285 331 CANONICI
2323 276 2651 339 REMENSIS
3713 300 3776 361 36

443 414 615 471 nostri
644 414 773 469 .lesu
806 409 1026 466 Christi.
1074 407 1275 461 Eorum
1304 418 1434 458 vero
1463 418 1697 475 corpora
1736 404 1917 459 donus
1947 398 2337 469 Til-Avicum
2352 407 2550 463 horum
2596 419 2909 468 constructa
2964 414 3165 472 decore
3201 427 3517 478 sanctorum
3551 426 3773 486 basilica

442 508 612 579 pinus
640 503 1089 573 archiepiscOpus
1117 495 1289 553 veteri
1343 510 1675 565 promovens
1705 496 1935 561 tumulo,
1968 513 2059 553 se-
2157 508 2477 569 martyrum,
2502 516 2827 574 magnorum
2859 505 3193 573 praedicatur
3218 509 3436 567 radiare
3462 515 3644 572 nitore
3661 535 3774 574 nta-

440 597 691 669 pulcrum
713 594 959 664 ipsorum
974 590 1237 643 decenter
1261 590 1489 658 argento
1516 584 1798 639 decoravit
1823 592 1877 639 et
1897 602 2049 642 auro.

439 684 617 739 Altare
660 680 901 750 denique
958 676 1109 749 quod
1152 682 1281 729 ante
1314 672 1558 729 tumbam
1590 674 1911 729 eorumdem
1948 685 2056 731 stat

436 776 704 841 medium,
727 772 900 827 sancti
934 769 1103 824 Mauri
1154 768 1328 822 fertur
1360 766 1611 838 reliquiis
1648 775 1705 822 et
1730 768 1940 824 honore
1972 770 2053 826 dit

433 875 637 932 catum,
670 865 767 938 qui
791 864 989 920 eodem
1014 876 1124 933 quo
1156 858 1366 931 prwfati
1421 867 1691 930 tempore,
1715 876 1814 931 pro
1836 860 2052 918 Christo

432 975 608 1016 caesus
645 958 848 1028 capite,
901 956 1148 1026 ipsorum
1196 952 1400 1006 meruit
1452 951 1732 1006 consortio
1786 953 2046 1010 renitere.

433 1052 599 1122 Cujus
628 1066 753 1106 ossa
798 1050 855 1104 in
885 1046 1120 1103 ecclesia
1155 1044 1305 1100 beati
1336 1043 1540 1099 Celsini
1566 1053 1855 1100 servantur
1876 1046 2051 1118 depo-

430 1145 554 1199 sita.
589 1143 763 1214 Caput
820 1149 1002 1197 autem
1047 1138 1189 1193 infra
1219 1137 1495 1193 civitatem
1542 1137 1687 1192 intra
1738 1138 1916 1194 beatae
1949 1140 2044 1195 Dei

429 1236 718 1310 genitricis
741 1235 923 1290 Mariae
944 1232 1227 1287 basilicam
1250 1231 1308 1285 in
1339 1247 1463 1286 arca
1483 1246 1644 1286 secus
1669 1230 1838 1285 altare
1869 1248 2046 1287 vene-

429 1334 580 1380 ratur
603 1323 969 1380 reconditum.
1005 1322 1127 1391 Ipsa
1159 1320 1327 1375 etiam
1377 1321 1790 1390 praemissorum
1814 1321 2049 1376 ecclesia

428 1426 728 1489 martyrum
756 1414 1087 1491 pignoribus
1123 1413 1489 1483 complurium
1534 1412 2049 1487 traditurinsignita

424 1516 760 1563 sanctorum.
786 1510 845 1561 In
872 1507 1031 1575 cujus
1051 1506 1277 1560 dextera
1308 1510 1462 1574 parte
1481 1510 1796 1558 sanctorum
1839 1503 2045 1558 Silvani

424 1607 478 1653 et
507 1598 760 1653 Silviani‘
798 1598 860 1669 [j,
906 1594 1214 1664 Silviniani]
1252 1611 1266 1659 ;
1300 1593 1357 1647 in
1415 1593 1640 1648 sinistra
1686 1607 1819 1647 vero
1870 1593 2044 1647 sancti

420 1689 673 1743 Tonantii
705 1696 759 1743 et
782 1686 959 1742 sancti
988 1685 1169 1740 Jovini
1202 1684 1455 1739 feruntur
1486 1682 1753 1737 reservari
1784 1697 2038 1752 corpora.

422 1784 519 1838 Hic
547 1784 713 1837 etiam
759 1783 812 1836 in
862 1781 1057 1837 eadem
1100 1785 1414 1834 sanctorum
1448 1776 1675 1831 basilica
1706 1776 1901 1831 beatus
1932 1776 2038 1832 Re-

418 1872 624 1945 migius
645 1870 917 1926 tumulum
965 1871 1072 1926 sibi
1096 1869 1276 1941 parari
1308 1868 1639 1940 precepisse
1658 1867 1952 1939 reperitur,
1976 1875 2037 1922 ut

422 1977 546 2039 post
566 1968 844 2023 conditam
862 1965 1174 2023 testamenti
1192 1964 1276 2019 sui
1298 1961 1695 2019 continentiam
1718 1960 2034 2029 subintulit,

417 2060 654 2115 addens:
677 2083 697 2110 ι
719 2061 847 2115 Post
870 2057 1154 2114 conditum
1170 2061 1577 2117 testamentum,
1610 2053 1720 2106 imo
1736 2051 2034 2124 signatum,

415 2149 655 2203 occurrit
680 2148 940 2203 sensibus
970 2145 1128 2211 meis,
1161 2151 1223 2199 ut
1252 2142 1494 2197 basilicae
1524 2142 1853 2197 domnorum
1887 2157 2037 2195 mar-

416 2245 593 2308 tyrum
622 2239 896 2294 Timothei
919 2245 974 2293 et
1002 2235 1336 2309 Apollinaris
1372 2234 1687 2290 missorium
1711 2241 2032 2305 argenteum

411 2349 504 2388 sex
544 2334 809 2389 librarum
843 2335 921 2389 ibi
973 2335 1260 2406 deputem,
1310 2339 1371 2388 ut
1417 2349 1485 2387 ex
1536 2347 1603 2387 eo
1655 2331 1818 2386 sedes
1850 2330 2034 2388 futura

410 2438 660 2477 meorum
717 2425 924 2479 ossium
965 2432 1346 2494 componatur.
1377 2446 1400 2467 »ι
1435 2422 1541 2477 Sed
1588 2431 1643 2478 et
1688 2423 1745 2476 in
1785 2423 1907 2493 ipso
1945 2430 2031 2481 te-

407 2522 680 2571 stamento
710 2533 832 2583 suo,
874 2516 1170 2572 duodecim
1219 2517 1428 2573 solidos
1471 2517 1538 2572 ad
1569 2516 1745 2588 ipsius
1783 2515 2029 2570 basilicae

406 2620 679 2659 cameram
712 2607 1031 2661 struendam
1083 2607 1322 2674 jusserat
1360 2606 1501 2660 dari.
1563 2607 1771 2661 Diversi
1803 2622 2028 2681 quoque

407 2692 643 2747 diversis
672 2693 819 2748 idem
864 2694 1273 2764 locupletavere
1323 2694 1550 2750 dotibus
1578 2697 1848 2766 templum
1883 2713 1897 2761 ;
1929 2697 2023 2752 ubi

404 2781 643 2836 domnus
688 2782 1093 2846 Gondebertus,
1136 2783 1221 2836 vir
1276 2782 1634 2847 clarissimus,
1682 2800 1806 2839 cum
1855 2802 2025 2842 uxore

402 2885 501 2924 sua
534 2870 752 2935 Bertha,
784 2871 971 2925 villam
1000 2870 1057 2924 in
1089 2886 1229 2943 pago
1276 2871 1540 2926 Vontinse
1570 2872 1752 2937 sitam,
1799 2872 2025 2929 Perthas

401 2958 651 3026 nomine,
710 2959 884 3015 dedit.
946 2960 1240 3030 Reperitur
1282 2970 1464 3015 autem
1532 2962 2021 3035 congregationem

401 3047 612 3101 ibidem
642 3064 1039 3121 nonnunquam
1077 3048 1292 3123 viginti.
1315 3064 1712 3120 nonnunquam
1726 3049 2020 3106 duodecim

400 3136 574 3191 fuisse
601 3137 951 3203 clericorum,
985 3146 1045 3192 ut
1073 3137 1131 3190 in
1190 3147 1437 3208 tempore
1468 3137 1797 3192 Theodorici
1850 3142 2016 3213 regis,

398 3225 623 3295 quando
649 3225 717 3279 ad
757 3226 1009 3280 eamdem
1057 3225 1343 3281 basilicam
1400 3227 1733 3296 praediorum
1790 3228 2019 3284 donaria

400 3317 559 3387 plura
579 3316 845 3391 leguntur
875 3317 1092 3373 tradita.
1123 3317 1187 3371 Et
1216 3333 1395 3389 usque
1439 3318 1505 3372 ad
1565 3318 1809 3373 recentia
1838 3336 2019 3391 nuper

398 3417 650 3479 tempora
680 3410 903 3481 (quibus
951 3410 1220 3482 religione
1271 3409 1586 3475 deﬁciente,
1642 3411 1711 3465 ad
1742 3411 1907 3467 unius
1933 3421 2017 3468 est

396 3501 619 3555 redacta
655 3502 963 3573 presbyteri
996 3503 1239 3569 titulum)
1274 3503 1396 3558 Deo
1442 3503 1806 3557 servientium
1844 3514 2011 3571 cmtu,

393 3589 740 3663 dignoscitur
781 3591 1047 3664 insignita
1086 3590 1352 3645 virorum.
1387 3590 1676 3645 Nonnullis
1702 3591 1869 3645 etiam
1888 3593 2013 3647 aliis

393 3679 599 3749 templa
651 3679 804 3742 locis,
863 3694 1053 3734 eorum
1110 3678 1406 3749 splendent
1462 3680 1672 3733 honore
1730 3679 2008 3749 decorata,

390 3771 652 3842 quoniam
674 3772 849 3844 signis
876 3770 1129 3841 pluribus
1149 3770 1232 3824 eis
1251 3770 1383 3825 olim
1404 3770 1842 3839 coruscantibus,
1861 3788 2012 3827 ama-

390 3868 537 3915 tores
564 3860 763 3916 Christi
818 3862 1102 3916 memoriis
1154 3862 1403 3932 ipsorum
1434 3877 1563 3916 suas
1611 3862 1863 3917 excolere
1888 3871 2009 3918 stu-

385 3952 625 4004 duerunt
653 3960 818 4022 atque
845 3950 1060 4005 munire
1076 3951 1473 4021 possessiones.
1490 3950 1731 4015 Quorum
1755 3952 2004 4023 quidam,

384 4058 485 4096 ceu
518 4043 813 4115 Gregorius
850 4043 1189 4096 Turonensis
1232 4042 1529 4112 episc0pus
1579 4042 1634 4095 in
1667 4043 1809 4098 libro
1841 4044 2004 4099 Mira-

382 4134 631 4188 culorum
662 4134 853 4199 refert,
884 4149 1075 4188 eorum
1140 4133 1423 4203 reliquias,
1477 4132 1748 4189 aedificata
1807 4136 2000 4191 horum

381 4224 590 4279 honore
616 4225 867 4289 basilica,
896 4225 1131 4278 devotus
1152 4224 1403 4293 expetiit.
1437 4224 1581 4288 Quas
1602 4224 1864 4296 pontifice
1896 4227 1999 4282 loci

379 4404 530 4462 idem
579 4406 872 4478 presbyter
919 4414 1130 4479 ageret,
1179 4406 1248 4460 ab
1304 4405 1469 4460 obvia
1496 4406 1732 4477 quadam
1765 4407 1997 4464 muliere

375 4495 663 4563 salutatus,
717 4494 923 4550 obnixe
972 4492 1399 4565 importuneque
1430 4493 1500 4548 ab
1549 4509 1614 4549 ea
1644 4502 1868 4569 rogatus
1891 4505 1995 4561 est,

376 4590 436 4637 ut
462 4583 657 4638 horum
713 4583 822 4639 sibi
877 4582 1141 4655 quiddam
1172 4582 1465 4656 pignorum
1497 4583 1837 4639 condonaret
1890 4586 1991 4650 Qui

372 4661 469 4728 diu
501 4676 734 4730 nutatim
779 4673 1062 4741 differens,
1108 4673 1360 4729 mulieris
1391 4673 1746 4744 improbitate
1771 4675 1992 4730 tandem

371 4767 641 4835 devictus,
692 4782 975 4823 sacrorum
1019 4766 1270 4822 cinerum
1330 4766 1655 4837 particulam
1706 4768 1872 4822 tradit
1898 4784 1990 4823 ro-

368 4860 541 4933 ganti.
590 4862 941 4930 Ascensoque
985 4858 1222 4925 caballo,
1265 4858 1574 4927 injunctum
1606 4859 1712 4914 sibi
1753 4860 1990 4915 moliens

369 4951 474 5006 iter
512 4950 797 5021 expedire,
838 4951 1157 5005 nullatenus
1211 4966 1339 5005 eum
1380 4951 1660 5021 percussis
1688 4950 1986 5006 admodum

367 5038 654 5105 lateribus,
684 5039 1036 5094 valetitineri
1067 5054 1412 5110 promovere.
1444 5039 1675 5110 Insuper
1701 5040 1819 5110 ipse
1849 5056 1991 5110 quo-

363 5147 473 5202 que
494 5131 574 5185 sic
613 5132 835 5185 interim
866 5139 1239 5205 praegravatus
1269 5131 1622 5202 opprimitur,
1668 5138 1728 5185 ut
1775 5131 1862 5185 vix
1886 5149 1986 5187 va-

364 5225 500 5278 leret
530 5223 781 5279 attollere
812 5232 997 5294 caput.
1034 5225 1109 5277 lta
1149 5224 1373 5279 demum
1407 5223 1854 5278 animadvertens
1871 5224 1984 5277 vir-

360 5323 472 5369 tute
491 5331 549 5370 se
568 5316 810 5369 detineri
842 5325 1169 5385 martyrum,
1203 5323 1386 5370 motus
1421 5315 1748 5385 paenitentia
1777 5316 1988 5386 recepit

354 5412 689 5475 opportune,
715 5404 1067 5477 quodlargiri
1087 5402 1780 5476 praesumpsitincongrue,
1806 5403 1988 5457 redhi-

352 5495 580 5567 bitaque
611 5511 892 5551 sacrorum
946 5511 1111 5566 quam
1169 5496 1484 5564 dempserat
1538 5495 1812 5565 portione,
1846 5495 1989 5550 liber

350 5587 419 5641 ad
445 5588 600 5657 jussa
631 5588 911 5642 relaxatur
938 5587 1112 5641 abire.
1147 5586 1305 5657 Apud
1327 5586 1732 5641 Duodeciacum
1761 5602 1986 5658 quoque

427 5711 499 5781 (1)
562 5714 701 5770 Otho
743 5714 786 5780 l,
826 5712 919 5783 qui
958 5719 1013 5768 et
1050 5712 1297 5786 Magnus.

2154 587 2423 659 gualium,
2452 588 2799 661 optabilique
2834 591 3106 667 refulgere
3136 598 3315 670 gratia
3344 601 3641 659 sanitatum

2227 680 2377 734 Beati
2409 680 2652 752 denique
2669 681 2938 738 Timothei
2971 701 3115 756 ossa,
3150 704 3246 743 rex
3273 689 3412 747 Otho
3443 693 3536 763 (1),
3579 712 3774 755 conce-

2156 768 2324 822 dente
2355 768 2574 823 Artaldo
2598 770 3042 844 archiepiscopo,
3074 777 3355 834 transferri
3398 780 3530 838 fecit
3577 785 3633 839 iu
3679 787 3771 843 Sa-

2154 856 2397 923 xoniam,
2425 864 2479 912 et
2506 860 2900 916 monasterium
2956 866 3353 923 monachorum
3383 870 3438 925 in
3464 872 3587 941 ejus
3618 874 3771 932 insti-

2152 944 2508 1001 tuithonore.
2542 947 2601 1001 In
2621 964 2728 1019 qua
2761 952 3121 1009 translatione
3156 959 3329 1013 multa
3358 960 3497 1016 mira
3527 961 3773 1022 feruntur

2152 1044 2393 1092 ostensa.
2419 1036 2552 1091 Nam
2575 1045 2636 1092 ut
2668 1040 2825 1096 Anno
2852 1048 2983 1099 tunc
3023 1044 3219 1112 abbas,
3267 1066 3414 1107 nunc
3457 1053 3767 1127 episcopus,

2153 1127 2295 1206 mihi.
2322 1128 2534 1195 retulit,
2567 1145 2601 1183 a
2646 1146 2757 1201 quo
2802 1133 2995 1188 eadem
3044 1151 3200 1193 sacra
3245 1140 3479 1214 pignora
3512 1146 3769 1206 translata

2152 1228 2300 1287 sunt,
2332 1221 2651 1291 praeteralia
2673 1223 2831 1294 plura
2853 1227 3120 1292 remedia,
3147 1229 3606 1290 duodeciminter
3623 1239 3770 1296 clau-

2154 1312 2255 1367 dos
2275 1319 2331 1367 et
2359 1329 2537 1369 caecos
2552 1313 2708 1369 fuere
2736 1316 2933 1373 curati.
2953 1318 3153 1375 Beatus
3181 1337 3406 1394 quoque
3422 1326 3765 1400 Apollinaris,

2152 1400 2374 1456 ossibus
2402 1403 2518 1457 suis
2566 1402 2622 1457 in
2653 1403 2964 1461 Orbacense
2999 1407 3198 1478 [Orbay
3253 1410 3337 1465 vel
3370 1412 3525 1484 Orbe]
3584 1431 3769 1474 mona-

2150 1493 2381 1547 sterium
2414 1495 2714 1563 translatis,
2748 1499 3032 1553 nonnullis
3073 1499 3215 1554 inibi
3265 1500 3464 1558 florere
3492 1516 3769 1576 spectatur

2148 1584 2450 1657 gratiarum
2478 1586 2814 1660 insignibus.

2805 1679 3016 1735 CAPUT
3049 1681 3109 1738 V.

2322 1773 2398 1826 De
2427 1773 2823 1828 successoribus
2841 1776 3249 1844 prmissorum
3274 1781 3597 1848 praesidum.

2213 1857 2623 1930 Frequentibus
2655 1861 2825 1933 igitur
2854 1864 3306 1933 persecutionum
3340 1870 3600 1938 procellis
3629 1871 3767 1929 into-

2142 1948 2427 2011 nantibus,
2471 1950 2729 2005 Ecclesiae
2762 1952 2967 2022 puppis
3017 1964 3220 2009 nostrae
3243 1955 3468 2024 jactata,
3505 1959 3765 2017 diversis-

2140 2054 2251 2109 que
2282 2053 2550 2109 Oppressa
2576 2038 2858 2107 ﬂuctibus,
2892 2042 3156 2112 quoniam
3202 2052 3370 2116 caput
3390 2046 3477 2101 vix
3509 2050 3760 2107 attollere

2143 2135 2382 2197 poterat,
2421 2136 2627 2200 quanto
2661 2129 2823 2184 sedes
2869 2130 2990 2202 ipsa
3043 2140 3293 2204 tempore
3348 2143 3562 2193 rectore
3591 2155 3760 2196 vacua

2138 2216 2312 2290 digno
2344 2217 2634 2282 resederit,
2664 2218 2809 2272 haud
2867 2218 3027 2274 facile
3058 2221 3341 2291 panditur,
3381 2223 3521 2279 adeo
3549 2235 3609 2280 ut
3637 2237 3760 2298 post

2136 2310 2450 2380 pmmissos
2481 2318 2681 2366 nostra;
2710 2309 2840 2365 fidei
2873 2311 3083 2381 Patres,
3112 2313 3337 2370 beatum
3353 2316 3564 2372 Sixtum
3593 2329 3757 2391 atque

2133 2402 2424 2469 Sinicium,
2487 2419 2659 2458 unum
2725 2403 2991 2458 duntaxat
3054 2406 3348 2476 praesulem
3408 2408 3757 2467 inveniamus

2130 2490 2467 2545 Armarsium
2489 2491 2558 2545 ad
2589 2490 2885 2561 imperium
2916 2508 3095 2564 usque
3132 2492 3498 2565 Constantini,
3520 2499 3623 2554 sub
3645 2518 3755 2572 quo

2131 2581 2420 2637 Betausius
2447 2584 2741 2653 reperitur,
2786 2582 2881 2655 qui
2940 2600 3067 2640 cum
3116 2584 3493 2662 Primogenito
3522 2591 3754 2648 diacone

2129 2689 2250 2739 suo,
2291 2674 2504 2745 primus
2533 2691 2599 2728 ex
2630 2675 2731 2730 hac
2759 2675 2977 2750 Belgica
3007 2678 3293 2748 provincia
3339 2680 3541 2753 legitur
3566 2683 3756 2739 Arela-

2131 2766 2270 2820 tensi
2303 2765 2496 2837 primte
2544 2766 2861 2822 interfuisse
2894 2768 3108 2838 sydono
3138 2771 3323 2827 relatae
3354 2789 3454 2843 per
3482 2774 3750 2830 Marinum

2127 2858 2451 2929 episcopum
2476 2857 2800 2914 beatissimo
2830 2876 2988 2931 papae
3037 2861 3323 2929 Silvestro,
3368 2864 3666 2922 Volusxano
3696 2877 3753 2922 et

2125 2949 2337 3005 Aniano
2365 2949 2707 3006 consulibus.
2746 2951 2871 3007 Post
2900 2969 3065 3024 quem
3096 2954 3261 3025 Aper,
3286 2955 3419 3011 inde
3458 2957 3753 3014 Maternia-

2126 3058 2251 3108 nus,
2281 3042 2442 3111 cujus
2487 3042 2754 3114 reliquias
2781 3043 2989 3100 ossium
3038 3044 3275 3101 domnus
3302 3047 3629 3104 Hincmarus
3658 3067 3752 3105 ar-

2048 3095 2515 3201 Cchiepiscopus
2546 3130 2823 3187 Ludovico
2870 3132 2985 3203 regi
3041 3132 3501 3203 Trausrhenensi,
3557 3154 3619 3192 se
3661 3139 3751 3193 di-

2121 3220 2331 3275 rexisse
2358 3230 2754 3278 commemorat
2802 3223 2859 3277 in
2891 3223 3127 3294 epistola
3169 3241 3266 3296 pro
3296 3225 3568 3296 ejusdem,
3602 3230 3748 3286 alio-

2122 3324 2352 3381 rumque
2402 3319 2718 3366 sanctorum
2778 3312 3108 3385 pignoribus
3147 3314 3215 3369 ad
3247 3316 3506 3371 eumdem
3556 3333 3745 3391 regem

2119 3398 2456 3453 transmissa.
2526 3399 2663 3454 Hinc
2734 3400 3072 3456 Donatianus
3136 3404 3345 3458 exstitit
3422 3405 3742 3478 episcopus,

2116 3486 2276 3553 cujus
2322 3486 2488 3542 etiam
2520 3488 2752 3561 pignora
2786 3489 3092 3544 maritimas
3136 3491 3193 3544 in
3243 3500 3430 3562 partes
3468 3494 3741 3565 episcopii

2116 3573 2570 3647 Noviomagensis
2588 3577 2673 3631 vel
2712 3577 3079 3633 Tornaceusis
3108 3580 3338 3649 perlata,
3364 3580 3517 3636 vario
3550 3582 3747 3654 signo-

2117 3682 2235 3720 rum
2285 3678 2664 3723 memorantur
2709 3668 3006 3739 splendore
3038 3670 3298 3727 decorata
3343 3673 3514 3737 Quem
3542 3674 3745 3730 beatus

2111 3754 2394 3809 Viventius
2451 3764 2559 3810 tam
2615 3756 2797 3811 celsus
2848 3757 3077 3813 illustris
3106 3759 3231 3816 vitaz
3282 3762 3516 3828 meritis,
3564 3779 3737 3834 quam

2109 3843 2257 3899 claro
2307 3844 2640 3915 pontificalis
2686 3847 2941 3917 sequitur
2985 3848 3185 3904 ordine
3237 3849 3516 3905 culminis.
3565 3851 3738 3920 Cujus

2107 3932 2274 3987 etiam
2299 3950 2452 3989 sacra
2480 3935 2733 3989 membra
2763 3935 2968 3992 domno
2998 3937 3187 3993 Ebone
3229 3940 3478 3995 antistite
3540 3950 3733 3996 nostro

2106 4025 2409 4095 deferente,
2451 4042 2621 4097 super
2671 4027 2896 4082 fluvium
2929 4028 3131 4085 Mosam
3186 4032 3469 4099 translata,
3499 4033 3735 4105 Braquis

2105 4118 2371 4174 instructa
2420 4119 2678 4187 ecclesia,
2736 4120 3120 4194 dispositaque
3169 4121 3584 4180 famulariorum
3637 4142 3733 4182 ca-

2105 4216 2256 4263 terva
2286 4210 2633 4278 clericorum,
2690 4210 2882 4266 debito
2941 4213 3302 4284 deponuntur
3348 4217 3557 4272 honore
3604 4234 3729 4273 ser-

380 4330 479 4384 pe,
535 4315 916 4387 presbyterum
998 4312 1299 4369 honoriﬁce
1356 4314 1652 4386 dirigenle’
1708 4315 1838 4370 dum
1898 4317 2002 4371 iter
2044 4297 2322 4387 ggvanda.
2355 4298 2456 4387 Ubi
2512 4299 2679 4354 etiam
2728 4300 2985 4370 pluribus
3043 4303 3175 4359 olim
3213 4305 3482 4361 renituise
3524 4307 3732 4377 praedi-

2019 4374 2257 4468 gcatur
2310 4385 2644 4462 insignibus,
2696 4387 2910 4444 θίδυάίδ
2961 4407 3237 4466 gressum'
3283 4395 3452 4450 comis
3500 4374 3731 4468 duoque

2014 4444 2075 4513 D
2097 4472 2404 4530 reformaus
2432 4484 2737 4547 aspectum,
2763 4478 2853 4534 cui
2883 4444 3152 4537 sugcessit
3175 4484 3431 4540 Severus.

2734 4583 2946 4640 CAPUT
2992 4587 3076 4641 VI.

2627 4675 2702 4727 De
2734 4680 2920 4730 sancto
2943 4677 3180 4733 Nicasio.

2163 4766 2294 4821 Post
2331 4765 2650 4836 praemissos
2704 4767 2975 4836 praesules
3027 4768 3226 4823 beatus
3283 4768 3528 4826 Nicasius
3566 4774 3725 4829 cultu

2091 4860 2346 4928 sequitur
2371 4856 2749 4928 pontificatus,
2775 4875 2991 4932 magna:
3021 4861 3107 4915 vir
3139 4860 3445 4930 charitatis,
3479 4881 3729 4939 magnae-

2091 4963 2200 5017 que
2239 4949 2586 5014 constantiae,
2624 4949 2726 5003 sub
2786 4949 3081 5006 Vandalica
3128 4951 3186 5004 in
3235 4952 3423 5008 Galliis
3453 4970 3727 5024 persecu-

2091 5038 2263 5105 tione,
2310 5050 2515 5096 sanctaa
2573 5040 2683 5096 sibi
2736 5042 3047 5098 commissa;
3101 5043 3475 5100 validissimus
3536 5059 3728 5104 rector

2092 5132 2370 5201 Ecclesiae,
2412 5133 2468 5187 in
2520 5149 2654 5204 pace
2679 5134 2905 5205 quidem
2940 5135 3267 5192 nobilitator
3307 5153 3372 5193 ac
3400 5140 3721 5207 decoratur,

2086 5221 2146 5275 in
2178 5221 2440 5292 periculis
2468 5239 2600 5278 vero
2650 5225 2967 5279 moderator
2995 5232 3048 5280 et
3107 5232 3276 5281 tutor.
3311 5226 3419 5298 piis
3446 5229 3719 5298 populum

2088 5314 2357 5369 doctrinis
2372 5322 2427 5370 et
2456 5317 2726 5386 exemplis
2756 5316 3075 5386 instituens,
3105 5318 3720 5392 decoremquectnlibis

2088 5422 2307 5477 sponsae
2338 5408 2535 5464 Christi
2569 5409 2810 5475 Ecclsiae,
2845 5409 3070 5466 fabricis
3115 5417 3172 5464 et
3207 5411 3496 5468 ornatibus
3534 5414 3715 5469 attol-

2092 5495 2229 5551 lens.
2264 5497 2313 5551 ls
2336 5512 2573 5568 namque
2609 5499 2761 5552 sedis
2814 5499 2977 5567 hujus
3022 5506 3226 5555 sancta;
3257 5500 3487 5555 basilica
3518 5500 3573 5555 in
3605 5502 3718 5557 ho-

2094 5603 2229 5642 nore
2263 5598 2548 5660 perpetuae
2575 5589 2811 5663 virginis
2843 5590 2940 5645 Dei
2971 5592 3264 5665 genitricis
3283 5593 3487 5661 Maria,
3517 5593 3714 5650 divina
