4038 6166
360 278 431 332 37
1039 270 1365 326 HlSTORI/E
1404 264 1731 326 ECCLESIE
1770 262 2096 323 REMENSIS
2134 265 2309 321 LIBRI
2350 268 2672 333 QUATUOR.
2700 302 2771 311 —
2812 272 2933 326 ΜΒ.
2978 275 3015 326 Ι.
3631 280 3701 331 38
3739 230 3759 251 ο

360 408 594 464 traditur
620 404 933 460 admonitus
963 403 1299 457 revelatione
1330 402 1613 467 fundasse,
1654 416 1817 472 quam
1852 415 1977 469 pro—
2003 401 2054 468 Α
2081 399 2274 453 urbem
2311 400 2625 467 Remorum,
2667 403 3035 475 universaque
3067 406 3292 479 regione
3339 408 3698 481 depOpulata,

358 500 481 570 prio
513 513 732 570 quoque
764 495 1105 550 consecravit
1154 494 1446 565 sanguine.
1509 493 1776 547 Cathedra
1806 492 1981 562 siqui-

356 590 485 643 dem
521 586 855 658 pontificalis
883 584 1183 655 antiquitus
1210 584 1264 637 in
1313 583 1567 646 ecclesia,
1594 598 1718 652 quae
1744 582 1811 635 ad
1835 584 1983 651 Apo-

354 681 529 736 stolos
559 679 781 743 dicitur,
841 677 1113 731 exstitisse
1173 676 1363 731 fertur.
1401 675 1494 730 Hic
1522 675 1717 729 beatus
1754 674 1984 728 antistes

355 770 609 845 angelica
674 766 1095 839 praemonitione
1154 766 1473 830 instructus,
1541 764 1776 817 futuram
1820 763 1982 835 longe

357 869 487 915 ante
512 857 797 930 praescisse
843 856 1076 909 docetur
1100 853 1555 919 internecionem,
1583 850 1983 923 perniciosam-

356 964 467 1019 que
498 944 883 1018 prosperitatis
928 943 1314 1019 redarguendo
1367 942 1743 1005 securitatem,
1802 940 1983 994 immi-

358 1048 588 1094 nentem
609 1038 781 1094 divini
800 1037 1120 1109 praedixisse
1140 1035 1386 1090 verberis
1414 1034 1700 1089 ultionem.
1727 1033 1984 1089 Portabat

355 1143 545 1189 autem
578 1131 863 1187 cbaritatis
903 1128 1147 1184 humeris
1175 1130 1369 1183 anxius
1400 1136 1753 1197 peccatorum
1785 1126 1979 1180 crediti

356 1227 468 1282 sibi
498 1224 681 1299 gregis
711 1223 950 1294 pondus,
1011 1220 1147 1275 mori
1213 1226 1432 1291 paratus
1463 1234 1560 1289 pro
1608 1216 1888 1280 omnibus,
1921 1225 1981 1272 ut

367 1314 915 1389 iramindignationis
974 1313 1068 1367 Dei
1124 1329 1156 1366 a
1201 1312 1409 1382 populo
1464 1316 1756 1364 averteret.
1808 1308 1978 1361 autin

370 1411 486 1481 ipsa
506 1417 650 1464 certe
668 1407 933 1473 vindicta,
960 1405 1241 1460 caelestem
1264 1404 1609 1459 clementiam
1654 1400 1981 1455 humilitatis

361 1498 561 1567 Spiritu
579 1506 634 1552 et
658 1497 842 1550 animo
870 1494 1107 1550 contrito
1138 1494 1401 1564 placeret,
1437 1507 1505 1545 ne
1528 1507 1705 1562 usque
1738 1488 1806 1543 ad
1854 1489 1977 1543 ani-

359 1605 530 1653 mam,
572 1587 700 1640 licet
718 1583 1060 1655 temporalis,
1107 1593 1165 1636 at
1210 1597 1320 1636 non
1359 1580 1636 1635 mternalis
1666 1578 1980 1650 perveniret

354 1681 605 1753 gladius.
642 1678 747 1732 Sed
775 1677 868 1748 qui
906 1675 1061 1730 verbi
1093 1673 1187 1729 Dei
1213 1688 1405 1728 semen
1452 1672 1507 1725 in
1538 1670 1716 1741 spinis
1758 1668 1980 1724 divitia-

357 1786 489 1823 rum
533 1768 828 1822 suﬂocatur
887 1764 1181 1828 consitum,
1242 1770 1768 1832 prosperantesque,
1808 1765 1885 1811 et)
1923 1756 1978 1809 in

356 1863 606 1916 vanitate
635 1858 819 1913 saeculi
849 1857 1171 1931 gloriantes,
1203 1855 1412 1908 monita
1428 1849 1982 1920 salutis,aurecordis

357 1952 430 2005 ad
469 1948 881 2004 frutiﬁcandum
937 1962 1049 2002 non
1080 1945 1373 2000 admittunt
1403 1959 1417 1995 :
1449 1942 1559 1995 imo
1594 1940 1980 2011 periturisim-

365 2042 553 2114 plicite
583 2039 1061 2112 occupationibus,
1095 2054 1199 2091 nec
1226 2050 1351 2089 vera
1383 2034 1525 2099 vitae,
1563 2033 1695 2103 quin
1729 2030 1982 2086 lethifera

366 2134 599 2206 peccati,
666 2132 969 2204 mortisque
1007 2128 1285 2200 stipendia
1348 2134 1664 2197 sequentes,
1721 2125 1981 2195 quoniam

366 2223 607 2294 perfecte
636 2223 780 2277 mala
810 2236 920 2275 non
950 2219 1203 2283 oderant,
1249 2231 1377 2270 vera
1405 2214 1603 2269 sectari
1635 2213 1783 2268 bona
1816 2212 1982 2286 digne

372 2328 474 2367 non
496 2312 776 2366 valebant.
829 2309 978 2362 Piam
1026 2307 1256 2376 insuper
1302 2303 1625 2374 religionem
1676 2300 1980 2375 negligere,

365 2400 665 2455 divinitatis
705 2404 982 2470 praecepta
1027 2404 1387 2466 postponere,
1423 2390 1758 2446 vanitatibus
1804 2391 1983 2444 inser-

364 2494 502 2559 vire,
541 2489 1010 2562 concupiscentia:
1057 2488 1204 2542 vitiis
1260 2486 1529 2540 inhaerere
1558 2526 1573 2549 ,
1636 2484 1984 2539 schismatica

364 2584 625 2639 scandala
680 2583 967 2643 suscitare,
1020 2581 1327 2651 Deumque,
1385 2577 1521 2648 proh
1554 2575 1756 2631 dolor!
1789 2576 1843 2630 in
1899 2574 1984 2628 his

363 2673 624 2727 omnibus
650 2672 795 2726 haud
853 2670 1176 2725 metuebant
1204 2666 1507 2723 offendere.
1546 2665 1605 2719 Et
1636 2680 1768 2719 ecce
1797 2664 1983 2718 subito

364 2765 615 2833 ejusdem
640 2762 1024 2835 prosperitatis
1053 2760 1423 2832 temporibus,
1454 2758 1775 2813 animositas
1818 2757 1984 2811 diris-

363 2854 629 2907 simarum
659 2851 906 2926 gentium
946 2858 1238 2915 commota,
1286 2849 1380 2903 Dei
1412 2845 1734 2902 offensionis
1763 2846 1897 2900 iram
1928 2845 1985 2898 iu

368 2945 609 2999 diversas
660 2944 1008 2999 vindicatura
1062 2941 1398 3013 provincias,
1433 2939 1745 2993 intentione
1799 2945 1987 2991 trucu-

367 3033 533 3097 lenta,
565 3031 959 3087 Wandalorum
988 3030 1283 3085 multitudo
1300 3035 1665 3100 properanter
1693 3027 1985 3090 accelerat,

363 3121 647 3175 subversis
667 3121 965 3174 multarum
992 3118 1399 3174 munitionibus
1420 3117 1639 3171 urbium
1687 3116 1987 3189 gladioque

364 3209 713 3279 interemptis
770 3208 1054 3280 utriusque
1118 3223 1283 3262 sexus
1354 3204 1805 3278 progenitoribus
1860 3220 1986 3257 cum

363 3300 518 3368 filiis,
550 3318 661 3357 non
684 3302 848 3356 aliam
879 3302 1165 3376 dignitatis
1188 3300 1442 3374 gloriam,
1474 3313 1583 3353 non
1614 3297 1765 3351 aliud
1781 3296 1986 3366 aliquid

366 3395 420 3446 in
454 3394 1034 3463 temporalibuslucris
1050 3400 1159 3448 tam
1191 3392 1574 3447 desideranter
1588 3389 1983 3459 concupiscere

363 3481 716 3546 cernebatur,
736 3498 901 3552 quam
934 3482 1233 3535 humanum
1264 3481 1487 3535 haurire
1518 3495 1582 3534 ac
1603 3479 1834 3533 fundere
1855 3494 1986 3530 san-

361 3573 615 3647 guinem,
661 3583 717 3627 et
762 3573 1194 3628 Christianorum
1253 3574 1515 3627 duntaxat
1553 3572 1707 3625 sitire
1738 3571 1985 3624 interne-

359 3667 601 3721 cionem.
635 3666 748 3721 Sub
780 3666 946 3735 hujus
960 3681 1091 3721 vero
1124 3664 1467 3735 tempestatis
1498 3661 1982 3733 turbine,gloriosi

361 3755 684 3810 renitebant
729 3756 787 3808 in
845 3755 1035 3808 Galliis
1090 3754 1237 3807 inter
1267 3752 1560 3823 episcopos
1588 3753 1714 3816 viri,
1746 3751 1983 3804 sanctis-

360 3844 538 3900 simus
586 3845 883 3899 Remorum
949 3843 1151 3914 przesul
1206 3840 1475 3905 Nicasius,
1529 3847 1584 3894 et
1630 3839 1985 3894 beatissimus

359 3934 848 3988 Aurelianensium
898 3932 1146 4003 pontifex
1201 3932 1467 3997 Anianus,
1498 3938 1722 3984 sanctus
1760 3944 1983 3999 quoque

360 4027 552 4096 Lupus
579 4026 954 4088 Trecassinus,
986 4032 1042 4079 et
1092 4024 1291 4078 beatus
1318 4023 1599 4077 Servatius
1646 4019 1986 4092 Tungrensis

367 4120 621 4184 antistes,
653 4119 858 4189 aliique
916 4116 1166 4173 nonnulli
1218 4116 1512 4172 virtutibus
1566 4113 1833 4187 insignes,
1890 4113 1983 4183 qui

362 4215 510 4267 hanc
541 4211 940 4284 indignationis
989 4211 1103 4279 Dei,
1152 4210 1268 4265 suis
1325 4209 1537 4265 meritis
1590 4224 1652 4262 ac
1704 4206 1982 4278 precibus,

364 4305 505 4358 iram
528 4305 622 4358 diu
654 4303 876 4359 differre
903 4311 1272 4369 certaverunt,
1304 4311 1363 4357 ut
1392 4302 1652 4357 omnibus
1678 4299 1985 4355 haeresibus

358 4402 423 4448 et
442 4393 808 4464 pravitatibus
833 4394 1025 4465 populi
1053 4392 1351 4459 restinctis,
1381 4392 1449 4446 ad
1500 4390 1826 4446 catholicam
1855 4390 1987 4443 reli-

2084 503 2247 541 neces
2278 494 2487 541 tantum
2528 488 2664 543 inibi
2730 491 3097 547 habitantium
3131 496 3533 553 ferventissime
3567 517 3697 569 per-

2080 585 2376 632 tractantes
2425 578 2879 636 Christianorum.
2942 584 3048 638 Hos
3098 587 3265 641 veluti
3310 589 3540 645 deorum
3571 609 3706 647 suo-

2084 687 2204 723 rum
2249 670 2523 737 inimicos,
2573 679 2627 726 et
2680 674 2928 729 moribus
2964 692 3300 749 paganorum
3368 684 3694 751 contrarios,

2085 761 2423 826 interimere,
2456 763 2787 835 penitusque
2830 765 2901 820 de
2950 774 3095 821 terra
3131 770 3315 826 delere
3353 774 3696 832 ambiebant.

2086 850 2279 905 Beatus
2309 850 2495 921 itaque
2550 851 2802 907 Nicasius
2830 854 3067 909 animam
3096 873 3250 912 suam
3283 878 3381 930 pro
3412 863 3693 932 fratribus,

2084 941 2285 997 Christi
2312 959 2552 1014 sequens
2583 945 2919 1015 exemplum,
2963 963 3168 1018 ponere
3226 961 3465 1022 paratus,
3507 958 3694 1031 elegit,

2083 1033 2399 1103 obnixeque
2446 1035 2754 1104 proposuit,
2814 1036 2922 1090 sibi
2979 1039 3331 1095 commissum
3390 1045 3702 1101 nullatenus

2085 1123 2339 1176 omittere
2372 1137 2621 1196 gregem,
2648 1139 2875 1194 prorsus
2926 1126 3181 1194 instituit,
3214 1140 3309 1184 aut
3338 1147 3461 1186 cum
3489 1136 3571 1187 eis
3605 1153 3701 1206 pa-

2080 1210 2217 1264 riter
2243 1211 2559 1277 vivere,aut
2585 1212 2979 1285 pariter,quod
3017 1232 3115 1272 eos
3164 1218 3556 1287 paterfamilias
3579 1241 3704 1294 per-

2082 1301 2195 1370 peti
2224 1300 2409 1368 vellet,
2443 1300 2695 1367 sufferre,
2729 1319 2800 1357 ne
2856 1304 3142 1376 fugiendo,
3195 1308 3391 1364 Christi
3423 1311 3703 1367 videretur

2080 1392 2228 1463 (sine
2251 1409 2362 1463 quo
2386 1409 2497 1449 non
2537 1403 2768 1464 possunt
2818 1396 3073 1451 homines
3125 1400 3209 1453 vel
3254 1402 3439 1456 vivere
3465 1406 3548 1457 vel
3580 1403 3699 1459 fieri

2080 1484 2394 1555 Christiani)
2450 1487 2707 1540 deserere
2781 1487 3167 1543 ministerium.
3231 1491 3384 1547 Unde
3444 1504 3498 1548 et
3546 1496 3702 1562 juxta

2080 1576 2230 1630 beati
2289 1577 2579 1650 Augustini
2633 1579 2966 1633 sententiam
3025 1584 3203 1650 (epist.
3256 1587 3368 1648 δυ),
3438 1588 3701 1654 majorem

2081 1665 2363 1719 cbaritatis
2393 1666 2598 1736 reperit
2651 1666 2886 1721 fructum
2935 1685 3099 1740 quam
3153 1671 3248 1741 qui
3308 1690 3419 1728 non
3477 1686 3704 1747 propter

2081 1751 2296 1821 fratres,
2327 1755 2425 1810 sed
2448 1763 2674 1826 propter
2702 1758 2948 1827 seipsum
2980 1758 3218 1831 fugiens,
3259 1772 3426 1833 atque
3450 1780 3703 1835 compre-

2086 1848 2291 1902 hensus
2322 1864 2433 1903 non
2467 1849 2688 1922 negavit
2744 1850 3037 1916 Christum,
3079 1855 3440 1927 succepitque
3498 1867 3703 1929 marty-

2085 1940 2247 1995 rium.
2278 1941 2552 1996 Metuebat
2599 1942 2745 1996 enim
2801 1945 2988 2014 potius
3045 1946 3274 2001 antistes
3301 1950 3698 2011 sanctissimus.

2082 2049 2153 2087 ne
2181 2048 2240 2087 se
2262 2033 2573 2099 deserente,
2627 2034 2839 2105 lapides
2866 2036 2971 2090 vivi
3008 2038 3509 2114 exstinguerentur,
3539 2060 3702 2114 quam

2083 2138 2154 2177 ne
2186 2123 2397 2193 lapides
2415 2132 2470 2177 et
2500 2123 2647 2195 ligna
2677 2134 3023 2180 terrenarum
3081 2127 3439 2195 zedificorum,
3470 2148 3531 2185 se
3560 2149 3703 2203 prie-

2084 2222 2261 2280 sente,
2316 2215 2767 2285 incenderentur,
2823 2218 2998 2292 magis
3054 2219 3276 2287 timens,
3343 2238 3413 2276 ne
3442 2224 3705 2281 destituta

2085 2308 2282 2362 Christi
2315 2308 2562 2378 corporis
2625 2310 2873 2395 membra
2901 2312 3134 2381 spiritali
3174 2314 3319 2369 victu
3356 2326 3702 2381 necarentur,

2085 2416 2248 2471 quam
2281 2416 2350 2453 ne
2372 2400 2621 2454 membra
2670 2402 2923 2471 corporis
2973 2404 3057 2456 sui
3102 2405 3284 2459 hostili
3306 2422 3573 2477 oppressa
3604 2412 3707 2464 im-

2086 2500 2247 2562 pectu
2289 2499 2695 2563 torquerentur.
2721 2494 2946 2547 Paratus
2967 2495 3034 2548 ad
3059 2503 3376 2567 utrumque,
3410 2509 3491 2566 ut,
3524 2501 3702 2556 sinon

2085 2590 2271 2651 posset
2301 2580 2388 2634 hic
2410 2580 2547 2635 calix
2592 2580 2847 2646 transire,
2878 2582 3303 2640 tieretvoluntas
3331 2588 3452 2654 ejus
3482 2590 3702 2657 (Matth.

2086 2685 2230 2733 xxw,
2258 2668 2365 2734 42),
2405 2670 2501 2739 qui
2554 2669 2683 2723 mali
2738 2669 2945 2741 aliquid
3006 2687 3115 2725 non
3173 2683 3353 2743 potest
3395 2678 3559 2731 velle.
3591 2678 3700 2732 Nec

2086 2760 2403 2831 requirebat
2430 2776 2554 2832 quae
2575 2777 2675 2814 sua
2700 2768 2847 2824 sunt,
2870 2762 2969 2815 sed
2994 2762 3213 2817 imitans
3250 2782 3378 2820 eum
3405 2767 3498 2838 qui
3526 2768 3662 2824 dixit
3690 2787 3702 2823 :

2087 2850 2202 2903 Non
2225 2850 2574 2920 quaeroquud
2606 2850 2739 2903 mihi
2773 2850 2904 2904 utile
2934 2861 3036 2915 est,
3071 2853 3172 2906 sed
3221 2856 3370 2925 quod
3410 2857 3617 2923 multis,
3648 2867 3707 2913 ut

2087 2943 2220 2997 salvi
2250 2941 2451 3011 tiant(1
2480 2943 2580 2998 Cor
2638 2959 2691 3008 x,
2724 2942 2833 3009 33).
2890 2944 2951 2998 Et
2996 2961 3063 2999 ne
3103 2946 3278 3019 magis
3306 2947 3572 3019 fugiendo
3603 2949 3708 3005 ob-

2088 3044 2233 3089 esset
2262 3034 2533 3104 exemplo,
2555 3050 2719 3105 quam
2742 3034 2978 3090 vivendo
3007 3038 3297 3106 prodesset
3320 3038 3528 3105 officio,
3561 3040 3708 3096 nulla

2088 3125 2298 3179 ratione
2329 3124 2614 3178 consensit
2645 3140 2768 3178 esse
2818 3123 3168 3197 fugiendum.
3203 3127 3392 3197 Neque
3430 3138 3709 3200 tempora-

2089 3218 2194 3271 lem
2218 3224 2451 3270 mortem
2482 3222 2622 3285 (qua:
2676 3217 3012 3288 quandoque
3069 3228 3302 3272 ventura
3354 3226 3457 3286 est,
3487 3221 3706 3276 etiamst

2086 3311 2382 3374 caveatur),
2414 3309 2511 3363 sed
2536 3319 2798 3364 aeternam
2830 3320 2969 3381 (qua:
2994 3317 3174 3380 potest
3222 3311 3266 3364 si
3308 3327 3419 3365 non
3449 3323 3709 3367 caveatur

2085 3401 2299 3469 venire,
2326 3409 2382 3454 et
2429 3409 2610 3472 potest
2653 3402 2698 3456 si
2731 3410 2990 3456 caveatur
3019 3402 3183 3456 etiam
3217 3418 3326 3456 non
3361 3404 3571 3463 venire)
3597 3404 3710 3460 for-

2084 3490 2300 3544 midans
2331 3507 2345 3554 ;
2376 3506 2486 3544 non
2530 3489 2634 3543 sibi
2697 3490 2937 3560 placens,
2992 3505 3095 3545 nec
3127 3506 3419 3560 personam
3466 3509 3620 3547 suam
3655 3496 3707 3548 in

2086 3578 2252 3633 tantis
2282 3579 2539 3650 periculis
2563 3578 2691 3653 fuga
2717 3578 3049 3653 digniorem,
3102 3588 3293 3649 utpote
3322 3582 3498 3658 gratia
3530 3584 3714 3637 excel-

2085 3670 2316 3733 lentem,
2350 3668 2630 3736 judicans,
2663 3683 2731 3721 ne
2780 3667 3146 3723 ministerium
3214 3669 3268 3722 in
3329 3670 3416 3723 his
3472 3673 3707 3728 maxime

2084 3757 2343 3827 periculis
2395 3756 2787 3821 necessarium,
2847 3772 2909 3811 ac
2962 3756 3234 3820 debitum,
3284 3758 3704 3814 subtraheretur
3790 3772 3807 3777 “

2087 3849 2360 3904 Ecclesiae.
2381 3848 2519 3913 Non,
2554 3858 2612 3901 ut
2641 3846 3019 3902 mercenarius
3040 3848 3234 3901 videns
3263 3848 3455 3918 lupum
3475 3851 3705 3905 venien-

2089 3947 2218 4000 tem.
2248 3937 2492 3991 dimissis
2544 3936 2741 3990 ovibus
2794 3934 2953 4009 fugit,
2994 3936 3094 3988 sed
3148 3945 3208 3989 ut
3261 3946 3448 4006 pastor
3501 3939 3681 3994 bonus

2089 4041 2188 4097 pro
2209 4042 2378 4098 grege
2418 4025 2526 4079 sibi
2562 4024 2773 4079 credito
2801 4025 3044 4078 animam
3085 4026 3471 4094 paratissimus
3502 4028 3707 4086 obtulit

2086 4120 2263 4187 (Joau.
2300 4135 2352 4183 x,
2376 4119 2592 4186 11,12).
2632 4118 2693 4171 Et
2716 4118 2866 4189 quod
2898 4118 3099 4173 melius
3150 4119 3430 4193 agendum
3462 4120 3709 4178 invenire

2087 4212 2279 4283 potuit.
2301 4212 2522 4266 sedulas
2551 4210 2620 4264 ad
2652 4211 2943 4266 Dominum
2980 4227 3078 4282 pro
3110 4228 3170 4267 se
3200 4211 3429 4283 suisque
3477 4212 3709 4270 fundere

2087 4321 2281 4376 preces
2308 4304 2492 4377 elegit.
2527 4304 2784 4379 Fatigatis
2824 4304 2993 4378 igitur
3021 4305 3243 4359 tandem
3306 4304 3713 4374 praeliatoribus

2088 4393 2503 4464 impugnatione
2534 4393 2818 4456 continua,
2851 4394 3102 4448 excubiis
3131 4401 3187 4449 et
3238 4393 3442 4460 inedia,
3482 4395 3714 4451 furenti-

358 4486 591 4557 gionem
605 4497 658 4541 et
682 4503 876 4541 verum
906 4487 1000 4541 Dei
1053 4487 1259 4542 cultum
1283 4502 1382 4557 per
1413 4483 1794 4555 penitentiam
1828 4497 1988 4537 revo-
2013 4464 2068 4532 D
2087 4486 2304 4557 busque
2334 4487 2762 4557 circumquaque
2785 4486 3057 4552 hostibus,
3078 4502 3141 4541 ac
3163 4485 3378 4541 fortiter
3403 4486 3550 4543 bello
3581 4504 3711 4544 con-

360 4590 581 4644 carent,
628 4596 692 4634 ac
739 4587 903 4634 tantae
950 4578 1352 4650 persecutionis
1387 4585 1442 4632 et
1486 4576 1685 4631 divinae
1737 4576 1990 4630 animad-

360 4670 642 4724 versionis
667 4671 911 4744 gladium
941 4670 1011 4724 ab
1044 4670 1299 4725 Ecclesia:
1338 4668 1646 4724 cervicibus
1674 4676 1986 4723 avocarent.

360 4758 502 4824 Sed,
526 4760 663 4828 proh
686 4757 841 4813 nefas
874 4757 887 4810 Ξ
941 4760 1169 4828 Impius,
1216 4768 1273 4813 ut
1324 4758 1589 4829 scriptum
1645 4766 1749 4819 est,
1782 4773 1900 4811 cum
1932 4758 1988 4808 in

354 4851 705 4920 profundum
751 4855 1093 4920 peccatorum
1146 4853 1373 4920 venerit,
1443 4852 1731 4905 contemnit
1803 4852 1984 4915 (Prov.

361 4954 521 5000 xviii,
574 4937 650 5004 3),
705 4937 1037 4992 salutaribus
1090 4954 1281 4993 eorum
1334 4938 1625 5010 praeceptis
1677 4938 1989 4992 nullatenus

360 5026 848 5096 obtemperabant.
885 5028 950 5081 At
979 5026 1060 5080 vir
1090 5027 1442 5082 beatissimus
1492 5026 1739 5081 Nicasius
1769 5028 1986 5096 prassul,

364 5117 703 5173 instantibus
729 5118 950 5185 studiis,
992 5119 1381 5190 continuisque
1420 5118 1686 5174 doctrinis
1715 5134 1779 5173 ac
1810 5117 1991 5188 preci-

370 5210 495 5274 bus,
523 5210 790 5281 p0pulum
839 5210 936 5264 Dei
991 5211 1061 5265 ad
1094 5211 1474 5281 pmnitentiam
1504 5227 1602 5265 seu
1645 5209 1986 5281 patientiam,

374 5311 430 5354 et
452 5301 787 5373 triumphum
816 5302 1061 5373 martyrii
1101 5303 1453 5374 provocabat.
1487 5319 1551 5357 Ill.
1579 5318 1719 5373 quos
1769 5302 1989 5356 incauta

367 5393 705 5464 prosperitas
732 5394 801 5448 ad
826 5393 1153 5451 offensionis
1193 5395 1484 5467 impulerat
1513 5395 1751 5461 foveam,
1783 5394 1984 5449 adver-

363 5483 542 5538 sitatis
571 5483 773 5538 devota
802 5485 1113 5552 tolerantia,
1158 5499 1268 5541 non
1293 5484 1564 5552 judicium
1595 5482 1983 5551 damnationis,

363 5577 465 5631 sed
495 5577 726 5651 gratiam
756 5577 1118 5650 purgationis,
1142 5594 1476 5649 causamque
1505 5578 1697 5632 salutis
1718 5575 1981 5634 efﬁceret.

368 5665 584 5721 Interea
639 5673 1100 5723 castrametantur
1150 5667 1370 5741 agmina
1400 5666 1792 5723 Wandalorum
1839 5666 1985 5721 circa

2089 4578 2428 4634 cutientibus
2454 4577 2666 4643 urbem,
2702 4577 2870 4633 nimio
2906 4579 3128 4633 terroris
3167 4578 3329 4634 taedio
3363 4579 3557 4635 civitas
3585 4583 3714 4636 uni-

2090 4687 2245 4726 versa
2275 4668 2546 4741 perculsa,
2572 4671 2641 4725 ad
2683 4669 3091 4725 sanctissimum
3150 4669 3419 4724 Nicasium
3473 4670 3527 4725 in
3586 4688 3713 4728 ora-

2089 4765 2333 4819 tionibus
2361 4771 2689 4834 prostratum
2741 4764 3060 4828 decurrunt,
3094 4761 3333 4817 futuram
3369 4779 3709 4835 paganorum

2088 4853 2370 4908 victoriam
2406 4852 2878 4923 pertimescentes,
2934 4862 2989 4907 et
3018 4852 3281 4906 auxilium
3316 4853 3712 4910 consolationis

2089 4946 2252 5000 abeo
2279 4946 2427 5001 velut
2482 4961 2514 4999 a
2569 4955 2722 5015 patre
2776 4944 2896 5012 filii,
2948 4945 3310 5016 requirentes.
3368 4946 3713 5020 lnterrogant

2091 5038 2224 5107 quid
2252 5038 2441 5092 utilius
2470 5037 2688 5092 consilii
2743 5036 3056 5092 faciendum
3107 5038 3392 5103 decernat,
3423 5046 3518 5093 aut
3537 5039 3711 5093 servi-

2093 5126 2191 5179 tuti
2212 5128 2461 5199 gentium
2486 5141 2608 5180 sese
2634 5126 2875 5192 tradere,
2925 5134 3017 5180 aut
3043 5126 3111 5180 ad
3139 5134 3371 5181 mortem
3402 5143 3582 5198 usque
3608 5144 3708 5198 pro

2090 5215 2266 5268 salute
2296 5214 2452 5268 urbis
2483 5214 2765 5268 dimicare.
2813 5215 3009 5269 Beatus
3066 5224 3251 5270 autem
3313 5215 3564 5270 Nicasius
3593 5231 3709 5271 ca)-

2090 5306 2219 5360 litus
2248 5305 2434 5359 divina
2452 5306 2749 5376 praasciens
2766 5306 3120 5371 revelatione,
3150 5306 3444 5363 Remorum
3468 5308 3706 5363 subver-

2087 5396 2307 5451 tendam
2368 5394 2663 5459 civitatem,
2732 5397 3026 5451 consolans
3079 5411 3196 5461 eos,
3290 5396 3707 5468 infatigabiliter

2089 5483 2301 5539 Domini
2332 5484 2684 5554 supplicabat
2724 5484 3058 5552 clementiae,
3082 5493 3357 5556 quatenus
3384 5486 3502 5539 haec
3528 5482 3702 5536 tribu-

2086 5573 2213 5628 latio
2247 5574 2435 5627 mortis
2478 5574 2847 5644 temporariae,
2902 5591 3009 5629 non
3055 5575 3125 5629 ad
3172 5574 3463 5642 judicium,
3496 5570 3594 5625 sed
3635 5568 3703 5622 ad

2086 5660 2508 5733 indulgentiam,
2551 5662 2977 5733 persistentibus
3034 5663 3090 5717 in
3129 5678 3257 5719 vera
3313 5659 3440 5714 fidei
3488 5656 3709 5714 confes—
