4040 6176
386 184 401 197 ⁴
464 233 535 288 39
1589 218 1955 280 FLOBOARDI
1994 214 2301 280 amoma
2339 218 2668 283 assensu
2704 292 2709 299 ,
3736 236 3811 296 ,ιο

463 368 623 422 sione
653 366 946 438 proﬁceret
978 381 992 427 ;
1024 377 1123 434 pro
1170 361 1367 415 animae
1412 373 1658 433 pugnare
1713 357 1910 422 salute,
1964 369 2076 409 non
2103 357 2288 426 Aque
2346 356 2845 428 triumphatoribus
2917 362 3144 430 sanctis,
3186 362 3420 435 adipisci
3477 368 3804 435 promeruit-

459 456 626 511 armis
650 453 980 519 visibilibus,
1028 451 1124 506 sed
1157 448 1346 521 probis
1396 446 1603 501 docens
1649 444 1919 508 moribus,
1962 458 2072 498 non
2176 441 2350 497 Fuere
2380 442 2657 516 siquidem
2708 448 2984 514 nonnulli,
3046 457 3153 505 tam
3206 467 3269 506 ex
3315 452 3486 519 clero,
3540 470 3706 525 quam
3739 472 3806 510 ex

456 542 823 613 corporalium
858 540 1058 597 tiducia
1077 539 1296 604 virium,
1345 536 1443 591 sed
1486 534 1817 606 spiritalium
1851 532 2070 588 exerci-
2175 533 2355 589 laicali
2389 545 2555 602 coetu,
2591 538 2919 595 constantia:
2955 540 3119 609 hujus
3159 551 3568 600 consectatores
3596 562 3660 601 ac
3708 562 3809 603 co-

460 633 669 687 tatione
690 633 974 686 virtutum.
1020 629 1170 684 Hanc
1197 642 1493 698 supernam
1517 625 1664 693 justo
1690 623 1785 677 Dei
1833 622 2070 691 judicio,
2175 625 2355 691 mites,
2391 627 2487 697 qui
2512 644 2614 698 per
2640 632 2929 698 praesentis
2950 633 3256 690 tolerantiae
3288 633 3797 707 participationem,

458 723 805 792 peccantium
834 719 1141 776 sceleribus
1179 717 1470 772 excitatam
1510 714 1895 769 demonstrans
1920 710 2068 771 indi-
2171 722 2395 770 aeterna:
2434 715 2796 773 beatitudinis
2825 736 2949 774 cum
2984 722 3088 776 hoc
3116 721 3439 779 beatissimo
3507 725 3666 781 Patre
3697 742 3800 783 suo

455 812 756 886 gationem.
787 812 1006 867 Certum
1048 808 1242 864 salutis
1294 808 1350 861 id
1381 805 1689 877 praedicans
1721 818 1842 858 esse
1886 802 2071 858 consi-
2171 802 2437 873 consequi
2480 811 2763 860 certavere
2828 809 3410 867 communicationem.
3464 813 3613 868 Inter
3656 830 3801 886 quos

456 901 609 965 lium.
637 903 683 957 si
714 902 782 956 ad
816 900 1003 955 divina
1045 896 1362 968 compuncti
1419 893 1636 968 flagella
1683 898 2072 948 converterent
2172 893 2483 951 Florentius
2506 896 2792 963 diaconus,
2854 907 2909 956 et
2957 901 3153 957 beatus
3201 903 3487 961 Jocundus
3516 906 3796 963 exstitisse

452 995 720 1061 animum,
752 991 1120 1063 suscipientes
1151 991 1269 1044 haec
1295 1003 1408 1043 non
1448 984 1605 1041 inviti
1632 992 1725 1040 aut
1760 983 2065 1055 desperan—
2166 986 2456 1043 clarissimi
2487 987 2801 1045 referuntur
2832 1009 2847 1056 ;
2896 1008 3130 1065 quorum
3186 997 3369 1067 capita
3423 997 3610 1054 Remis
3669 1009 3797 1070 post

451 1090 554 1145 tes,
589 1092 649 1138 ut
677 1081 985 1155 iniquitatis
1010 1078 1109 1133 ﬁlii
1136 1096 1150 1145 ;
1179 1078 1315 1149 quin
1361 1076 1635 1147 patientes
1660 1089 1723 1128 ac
1767 1073 2062 1141 mansueti,
2164 1078 2337 1134 altare
2366 1089 2570 1137 sanctae
2590 1082 2688 1138 Dei
2716 1083 3002 1158 genitricis
3055 1086 3236 1142 Mariae
3268 1088 3536 1143 tumulata
3566 1104 3797 1144 servan-

448 1190 549 1229 ceu
597 1174 695 1229 ﬁlii
749 1172 988 1246 pietatis,
1020 1170 1292 1242 promissa
1339 1167 1495 1240 regni
1544 1166 1784 1221 ccelestis
1836 1165 2063 1237 praemia
2163 1172 2269 1220 tur.
2303 1168 2571 1224 Barbaros
2628 1170 2800 1244 igitur
2841 1173 2909 1228 de
2931 1176 3241 1231 constantia
3270 1176 3523 1252 virginis,
3566 1186 3621 1233 et
3664 1195 3797 1250 pro-

448 1267 780 1339 percepturi.
823 1266 1127 1321 Exhortans
1150 1277 1270 1331 eos,
1295 1276 1393 1332 spe
1422 1260 1616 1315 salutis
1669 1266 1891 1315 aeternae
1918 1274 2061 1329 prae-
2162 1254 2272 1310 fani
2304 1258 2666 1328 speculatoris
2694 1260 2988 1317 subitanea
3026 1265 3384 1320 mulctatione
3427 1264 3790 1337 stupefactos,

444 1368 658 1414 sentem
689 1357 1044 1414 devotissime
1083 1352 1313 1410 sufferre
1338 1351 1773 1417 tribulationem,
1801 1351 2059 1421 ultroque
2162 1346 2383 1416 expleta
2438 1348 2587 1403 aede
2641 1365 2797 1404 sacro
2855 1352 3158 1407 mundanle
3223 1368 3453 1419 cruore.
3524 1354 3794 1411 terribilis

442 1452 658 1523 seipsos
696 1451 766 1506 ad
788 1452 931 1505 hanc
966 1447 1161 1505 offerre
1218 1454 1658 1501 momentaneam
1709 1458 1922 1510 necem,
1949 1457 2058 1514 quo
2161 1451 2356 1493 Omnes
2387 1440 2584 1495 horror
2626 1441 2844 1508 invasit,
2903 1444 3060 1516 quasi
3111 1445 3365 1501 caelestes
3420 1445 3567 1501 acies
3618 1448 3792 1503 dimi-

444 1542 690 1598 debitam
755 1541 1003 1597 rentibus
1057 1548 1339 1611 perpetuae
1393 1536 1765 1592 damnationis
1822 1535 2058 1591 evadere
2159 1538 2370 1598 cantes,
2394 1532 2540 1588 tanti
2571 1534 2798 1589 sceleris
2828 1535 3076 1593 vindices
3115 1537 3472 1609 aspicientes,
3504 1538 3624 1610 ipsa
3648 1556 3789 1611 quo-

443 1642 790 1690 mererentur
816 1633 1107 1698 ultionem,
1161 1638 1436 1703 quatenus
1490 1630 1571 1684 eis
1617 1644 1766 1685 mors
1794 1644 2055 1700 presens,
2165 1635 2273 1691 que
2305 1621 2586 1677 horrendo
2618 1622 2881 1680 reboante
2906 1623 3137 1681 basilica
3156 1626 3361 1682 sonitu.
3396 1626 3624 1682 Relictis
3650 1644 3787 1702 ergo

443 1740 553 1781 non
578 1725 932 1797 supplicium,
954 1723 1051 1779 sed
1074 1722 1378 1777 animarum
1410 1720 1569 1777 fieret
1587 1736 1835 1791 perenne
1880 1736 2062 1775 reme-
2088 1767 2136 1797 η
2163 1713 2366 1782 Passim
2397 1714 2634 1786 spolliis,
2697 1716 2887 1772 territa
2934 1718 3323 1774 Wandalorum
3373 1719 3615 1794 agmina,
3651 1720 3783 1775 dum

440 1814 615 1870 dium.
648 1814 752 1869 Pro
772 1812 1015 1867 inimicis
1037 1827 1134 1867 eos
1162 1810 1329 1866 etiam
1372 1810 1681 1865 admonens
1720 1825 1968 1877 exorare,
1999 1818 2059 1867 ut
2085 1804 2139 1835 υ
2158 1804 2402 1861 diVinam
2432 1814 2689 1864 metuunt
2725 1809 3014 1877 Ultionem.
3064 1810 3505 1868 irrevocabilitel‘
3550 1829 3652 1884 Per
3698 1813 3788 1867 di-

440 1904 663 1958 tandem
719 1900 1020 1973 aliquando
1079 1900 1472 1971 resipiscerent
1527 1897 1595 1953 ab
1672 1897 2057 1970 iniquitatibus
2160 1913 2314 1953 versa
2339 1897 2636 1970 fugientes,
2685 1901 2928 1957 invasam
2957 1902 3160 1974 trepidi
3186 1904 3450 1959 deserunt
3481 1905 3783 1961 civitatem.

437 1991 575 2055 suis,
616 1998 672 2047 et
722 1990 817 2062 qui
861 1989 1097 2043 ministri
1163 1994 1293 2043 tunc
1345 1985 1678 2042 videbantur
1730 1986 2051 2057 impietatis,
2155 1989 2270 2054 Qua
2296 1991 2391 2047 diu
2451 1993 2532 2048 sic
2576 2001 2834 2049 manente
2890 1994 3157 2061 solitaria,
3216 1994 3544 2050 Christianis
3586 1996 3678 2067 qui
3712 1996 3782 2051 ad

436 2091 665 2154 possent
694 2083 935 2137 cultores
953 2096 1350 2152 nonnunquam
1379 2079 1620 2150 pietatis,
1642 2086 2054 2151 seclatoresque
2156 2081 2497 2137 munitiones
2528 2084 2799 2140 montium
2832 2084 3111 2159 fugerant,
3151 2085 3503 2142 incursiones
3534 2104 3783 2162 pagano-

435 2173 554 2229 fieri
587 2173 850 2230 veritatis.
877 2173 1131 2243 Seipsum
1162 2180 1412 2244 paratum
1442 2187 1563 2227 esse
1592 2171 1957 2243 depromens,
1994 2181 2053 2227 ut
2153 2187 2272 2226 rum
2304 2172 2730 2244 trepidantibus,
2762 2174 2996 2249 paganis
3036 2190 3167 2230 vero
3225 2175 3479 2231 cmlestes
3528 2192 3668 2249 quos
3698 2176 3778 2247 ibi

434 2265 640 2322 bonum
668 2266 828 2322 decet
858 2273 1153 2337 pastorem,
1205 2281 1306 2336 pro
1335 2265 1535 2320 ovibus
1562 2265 1802 2320 animam
1841 2281 2048 2336 ponere
2150 2261 2492 2331 pertulerant
2547 2263 2805 2319 horrores
2858 2263 3401 2334 pertimescentibus,
3458 2265 3560 2319 sub
3592 2265 3783 2320 divina

430 2361 679 2425 (Joan.x,
718 2359 823 2427 11),
856 2365 1294 2430 pmsentemque
1323 2358 1488 2414 vitam
1509 2368 1888 2422 contemnere,
1914 2375 2052 2430 qua—
2151 2354 2419 2409 duntaxat
2464 2355 2827 2429 angelicaque
2882 2356 3155 2425 custodia,
3211 2365 3524 2412 sanctorum
3579 2373 3779 2412 serva-

428 2458 591 2504 tenus
616 2449 722 2521 ipsi
751 2457 1102 2520 peccatorum
1134 2449 1353 2504 veniam
1382 2458 1439 2504 et
1456 2449 1691 2505 salutem
1721 2466 1908 2505 secum
1932 2466 2050 2505 me-
2150 2446 2354 2502 bantur
2383 2447 2520 2502 inibi
2553 2457 2853 2520 martyrum
2883 2464 3116 2520 corpora
3144 2467 3160 2516 ;
3192 2449 3268 2505 ita
3321 2456 3381 2504 ut
3410 2448 3466 2503 in
3519 2449 3783 2505 noctibus

431 2549 687 2597 rerentur
727 2548 990 2597 aeternam
1021 2542 1298 2613 accipere.
1339 2542 1539 2597 Aderat
1563 2542 1729 2597 etiam
1788 2559 2052 2617 germana
2151 2539 2377 2614 alonge
2404 2540 2653 2596 coelestia
2672 2550 3033 2596 cernerentur
3078 2540 3308 2606 lumina,
3351 2550 3406 2596 et
3460 2542 3780 2598 suavissimi

428 2648 528 2687 sua
593 2633 755 2688 beata
818 2633 1097 2703 EutrOpia,
1176 2632 1333 2705 virgo
1390 2632 1590 2687 Christi
1651 2635 2045 2702 sacratissima,
2149 2628 2386 2684 sidereis
2410 2646 2774 2701 supernarum
2807 2631 2928 2687 soni
2974 2630 3239 2686 virtutum
3280 2630 3498 2685 choreis
3542 2631 3786 2688 dulciter

428 2739 550 2795 quae
583 2723 656 2779 ob
682 2723 953 2779 castitatis
982 2724 1370 2785 munitionem,
1395 2724 1797 2779 sanctissimum
1828 2742 2049 2796 semper
2149 2717 2529 2785 reboantihus,
2561 2720 2888 2776 audirentur
2916 2737 2946 2775 a
2996 2719 3281 2776 nonnullis
3318 2721 3582 2775 carmina.
3620 2722 3782 2777 Unde

430 2814 701 2871 imitando
734 2825 789 2870 et
842 2817 1179 2871 adhaerendo
1227 2815 1569 2886 sequebatur
1611 2818 1957 2888 episcopum,
1988 2827 2048 2872 ut
2148 2821 2203 2868 et
2222 2812 2466 2868 crelestis
2514 2813 2758 2869 victoriae
2803 2813 3144 2869 revelatione
3197 2812 3492 2869 confortati
3546 2815 3776 2870 tandem

426 2906 565 2961 etab
598 2905 944 2976 spiritalibus
997 2906 1179 2961 aliena
1227 2906 1492 2979 nequitiis
1534 2924 1564 2962 a
1598 2908 1830 2964 Domino
1861 2925 2048 2963 serva—
2146 2905 2427 2970 concives,
2450 2904 2544 2976 qui
2586 2905 2652 2960 ad
2683 2905 3009 2976 sepelienda
3046 2914 3361 2962 sanctorum
3406 2923 3662 2978 corpora,
3687 2910 3783 2964 di-

427 3003 580 3051 retur
622 2994 835 3067 puritas
880 2994 1105 3061 mentis,
1151 3002 1206 3049 et
1253 3011 1285 3049 a
1331 2996 1634 3050 carnalium
1689 2998 2044 3069 corruptione
2060 3038 2115 3069 ρ
2145 2994 2273 3050 vina
2302 3001 2684 3048 remanserant
2713 2994 3083 3064 providentia,
3112 3011 3235 3050 cum
3267 3011 3493 3066 precum
3531 2998 3675 3052 votis
3703 3001 3776 3054 ad

427 3038 567 3051 μη...
622 3038 835 3067 pm"..-
881 3038 1105 3061 .......-...,
1152 3038 1206 3049 ν.
1253 3038 1285 3049 ..
1333 3038 1634 3050 ν..............
1689 3038 2044 3069 cunarum...
2155 3038 2273 3050 ......
2302 3038 2314 3047 .
2335 3038 2683 3048 ν.......υν......
2714 3038 3083 3064 r.-....-......,
3113 3038 3235 3050 η...
3267 3038 3492 3066 μνη...
3703 3038 3775 3054 ι...

425 3083 857 3139 delectationum
882 3083 1441 3157 tegereturimmunis
1463 3083 1748 3156 integritas
1772 3086 2041 3157 corporis.
2060 3038 2117 3109 Ο
2146 3086 2340 3140 urbem
2356 3085 3189 3157 regredientesinaastimabilem
3211 3088 3500 3145 suavitatis
3519 3090 3776 3162 odorem,

424 3174 597 3231 Ambo
630 3175 819 3247 itaque
866 3173 1089 3245 plebem
1123 3174 1225 3228 ‘Dei
1258 3190 1356 3245 pro
1404 3174 1616 3229 viribus
1671 3175 1738 3230 ad
1784 3192 2045 3235 coronam
2150 3174 2246 3229 ubi
2273 3181 2591 3229 sanctorum
2622 3174 3027 3230 decorabantur
3056 3174 3780 3254 fumera,herariunt,gau-

424 3265 670 3335 martyrii
695 3265 802 3342 piis
832 3266 1310 3322 exhortationibus
1338 3267 1679 3334 animabant,
1730 3277 1784 3324 et
1811 3285 2045 3344 agonem
2148 3267 2354 3341 dioque
2408 3269 2805 3340 permiscentes
2870 3268 3160 3342 gemitum,
3221 3269 3543 3341 lacrymosis
3582 3272 3779 3328 Domi-

424 3355 667 3412 victoria:
705 3374 819 3412 sum
843 3357 1101 3414 'Domino
1135 3360 1397 3431 precibus
1427 3361 1906 3417 commendabant.
1955 3364 2052 3429 Dei
2154 3373 2285 3412 num
2318 3357 2577 3412 laudibus
2601 3356 2973 3431 magnificam,
3015 3365 3069 3413 et
3098 3357 3166 3411 ad
3206 3359 3588 3416 tumulandum
3614 3378 3777 3419 sacra

422 3448 647 3503 tandem
680 3450 902 3505 decreto
947 3451 1161 3520 judicio
1214 3451 1541 3523 irruptionis
1581 3453 1693 3521 die,
1725 3455 1855 3510 dum
1880 3472 2052 3528 paga-
2151 3461 2211 3501 se
2234 3454 2612 3518 praeparantes
2650 3445 2905 3519 pignora,
2936 3447 3198 3519 congruis
3222 3463 3286 3501 ea
3317 3447 3462 3504 circa
3489 3449 3777 3507 civitatem

422 3552 617 3592 norum
650 3537 1007 3595 furibundum
1060 3541 1252 3597 beatus
1303 3543 1506 3612 ριιεεευι
1555 3543 1802 3600 Nicasius
1833 3545 2042 3601 iri-uere
2150 3534 2287 3591 locis
2325 3543 2656 3591 veneranter
2686 3535 3012 3591 recondunt.
3063 3536 3372 3591 Beatissimi
3404 3554 3535 3594 vero
3567 3540 3775 3597 Nicasii

419 3630 693 3700 comperit
722 3631 1012 3702 impetum,
1031 3633 1206 3687 sancti
1228 3633 1471 3704 Spiritus
1498 3634 1700 3691 virtute
1724 3637 2014 3694 roboratus

2182 3624 2392 3680 rzesulis
2421 3641 2485 3680 ac
2505 3624 2711 3680 sororis
2750 3624 2888 3693 ejus,
2939 3624 3307 3680 sacratissima
3332 3624 3676 3683 'solemniter
3711 3630 3771 3684 in

418 3716 560 3772 alma
582 3718 880 3774 comitante
912 3733 1120 3783 sorore,
1146 3737 1274 3776 cum
1308 3722 1527 3792 hymnis
1559 3732 1614 3778 et
1657 3726 1889 3782 canticis
1918 3726 2013 3797 spi-

2179 3712 2456 3769 mmeterio
2480 3713 2655 3768 saneti
2712 3712 3002 3785 Agricolae,
3045 3712 3253 3785 templo
3305 3714 3585 3786 quondam
3611 3733 3644 3770 a
3666 3717 3774 3772 Jo-

418 3807 669 3865 ritalibus
714 3812 785 3866 ad
812 3812 1013 3868 ostium
1055 3811 1299 3870 basilicae
1354 3826 1556 3873 sanctae
1610 3818 1703 3872 Dei
1750 3820 2013 3894 genitrici:

2174 3802 2289 3869 ino,
2351 3801 2817 3857 Christianissimo
2874 3801 3133 3857 Romanae
3195 3802 3407 3858 militiae
3473 3805 3767 3879 magistro,

416 3900 619 3969 Mariae,
653 3919 815 3974 quam
843 3902 913 3957 ab
937 3904 1133 3960 eodem
1154 3905 1210 3959 in
1232 3907 1395 3976 hujus
1414 3908 1571 3965 urbis
1595 3927 1720 3967 arce
1746 3910 2029 3968 fundatam
2136 3895 2303 3970 ιοηεε
2334 3895 2545 3950 “ilicet
2575 3903 2702 3949 “me
2744 3894 2996 3961 funda”),
3039 3894 3442 3969 magniﬁceque
3477 3896 3769 3985 ἀθοοτθιο,

416 3991 865 4058 memoravimus,
905 3992 1140 4049 traditur
1177 3997 1506 4060 occurrisse.
1561 3999 1806 4072 dumque
1828 4003 2011 4058 divina

2171 3987 2406 4043 ollocant
2457 3987 2725 4050 membra,
2766 3995 2825 4042 ut
2880 3997 3171 4059 appareat,
3227 3989 3490 4044 instinctu
3556 3989 3766 4047 divinae

414 4080 638 4137 deditus
663 4083 1005 4153 psalmodiis,
1047 4101 1265 4141 versum
1324 4089 1556 4147 Domino
1586 4092 1907 4150 Davidicum
1938 4095 2032 4165 pia
2132 4075 2558 4148 procurationis,
2600 4076 2666 4130 ad
2724 4075 3067 4132 celebritatis
3132 4076 3362 4132 istorum
3430 4078 3766 4153 dignitatem

413 4184 550 4225 voce
580 4170 854 4237 decantat,
886 4170 1148 4242 inquiens
1177 4190 1189 4228 :
1229 4176 1479 4232 Adhaesit
1503 4183 1812 4249 pavimento
1841 4164 2008 4237 animi

2175 4167 2327 4238 uagis,
2359 4182 2522 4238 quam
2574 4166 2642 4219 ad
2692 4164 2880 4237 prima?
2935 4174 3294 4237 praeparatam
3344 4165 3511 4221 fuisse
3559 4170 3770 4223 condi-

411 4276 530 4316 mca
560 4264 723 4331 (Psal.
756 4280 935 4324 cxvm,
966 4263 1037 4319 25
1060 4305 1074 4331 ,
1116 4281 1264 4334 mox,
1314 4268 1647 4342 insequente
1694 4274 1880 4346 gladio
1905 4291 2006 4330 cer-

2178 4253 2302 4308 onis
2333 4254 2736 4308 auctoritatem.
2795 4253 2945 4309 lianc
2974 4262 3155 4309 autem
3186 4255 3468 4310 basilicam
3504 4255 3571 4325 (ἢ
3609 4273 3768 4326 prae-

412 4351 589 4406 vicem
642 4352 789 4417 cesi,
816 4350 1046 4407 vei-bum
1106 4355 1327 4426 pietatis
1368 4359 1435 4414 ab
1493 4378 1590 4417 ore
1647 4343 1755 4421 ηδη
1796 4368 2022 4431 defecit,
2130 4343 2306 4399 factus
2332 4345 2416 4400 vir
2443 4345 2694 4412 Jovinus,
2728 4345 2816 4400 his
2857 4346 3131 4419 versibus,
3180 4363 3348 4404 aureo
3398 4348 3766 4420 praelitulavit

411 4445 594 4514 capite
625 4444 679 4499 in
718 4454 916 4501 terram
931 4447 1185 4517 cadente,
1218 4449 1743 4527 immortalitatis(ut
1775 4461 2027 4525 traditur)
2048 4502 2104 4527 η
2129 4432 2351 4527 δθξφῖθ·

479 4502 494 4514 ι
1048 4502 1055 4503 ,
1219 4502 1743 4527 _-_-------_--.....-,...
1778 4502 1997 4516 πηνα...

410 4538 739 4593 sententiam
773 4550 1068 4611 prosecuto
1098 4560 1112 4597 :
1146 4545 1374 4614 Viviﬁca
1393 4564 1476 4602 me
1491 4551 1781 4606 secundum
1808 4554 2005 4608 verbum

410 4635 558 4650 4.4-“-
584 4631 650 4650 171
675 4634 725 4650 ’1
750 4631 768 4650 \
824 4633 909 4650 ',l‘
1060 4636 1074 4650 1
1144 4637 1158 4650 ρ
1352 4639 1364 4650 ιι
1389 4639 1445 4650 ιον
1488 4644 1521 4650 _
1625 4645 1635 4650 -
1701 4643 1715 4650 -

1870 4502 1997 4608 “bu”
2015 4502 2027 4525 ’
2048 4502 2106 4573 D
2191 4522 2331 4571 Felix
2364 4522 2557 4571 militiae
2582 4522 2797 4588 sumpsit
2829 4524 3009 4573 devota
3029 4524 3238 4573 Iovinus

1874 4570 1904 4607 Γ
1940 4569 2030 4608 um
2190 4583 2687 4650 Qingula,gvirtutum
2710 4587 2924 4650 culmen
2936 4595 3198 4650 provectus
3233 4588 3285 4636 in
3310 4587 3465 4637 altum

407 4635 563 4685 tuum
579 4631 793 4701 una),
821 4633 1113 4692 inferendo
1144 4637 1266 4708 [ms.
1298 4639 1453 4695 addit
1482 4643 1742 4714 Domine].
1996 4658 2001 4665 ο
2190 4631 3686 4714 naiasin;sanguine;antesignanis,

477 4721 674 4778 Sancta
704 4740 838 4780 vero
870 4725 1133 4798 EutrOpia
1170 4727 1368 4784 videns
1397 4710 1739 4800 impietatem
1786 4732 1934 4789 circa
1963 4750 2023 4789 se

482 4816 561 4845 nn:
596 4817 905 4845 "hunc-..
966 4827 1015 4845 ..ι
1049 4821 1514 4845 ....ι..ι...ζι--.ιε--..,
1542 4840 1688 4845 --μμ
1732 4841 1820 4845 --η
1857 4842 1985 4845 η-μ,

2191 4710 2381 4759 Extulit
2404 4718 2644 4759 aeternum
2667 4710 2960 4760 saeculorum
2996 4712 3048 4760 in
3073 4710 3252 4761 szecula
3278 4710 3475 4771 nomen,

1880 4749 1934 4789 Ba
1963 4750 2023 4789 se
2307 4772 2488 4835 pietate
2508 4774 2647 4843 gravi
2678 4780 2814 4845 tanta
2847 4773 2949 4845 haec
2973 4775 3227 4845 praacopia
3253 4775 3389 4845 vicit.

404 4816 562 4886 quasi
596 4817 929 4894 mitigatam,
963 4827 1018 4875 et
1048 4821 1519 4891 pulchritudinem
1539 4840 1693 4879 suam
1725 4841 1824 4880 ceu
1855 4842 2025 4898 paga-
2185 4816 2813 4898 fasga'égiuiTuinﬁﬁd;
2830 4816 3306 4898 ingemas};

406 4918 603 4959 norum
629 4904 824 4963 litibus
856 4917 1209 4964 reservatam.
1238 4927 1406 4982 super
1432 4913 1689 4968 eumdem
1715 4897 2001 4970 sacerdoti:

406 4994 812 5024 ἔπαλ-ιηιιιιηη...
857 5001 1108 5024 :_._:i:-.._
1160 5019 1242 5024 η.-
1260 5020 1319 5024 μ..
1335 5019 1355 5024 -
1376 5021 1468 5024 μη-
1514 5004 1578 5024 Au-
1594 5023 1634 5024 ην
1657 5021 1672 5024 μ
1690 5023 1707 5024 η
1725 5022 1738 5024 _
1777 5005 1824 5024 3,,
1847 5022 1922 5024 ,νη
1955 5006 1987 5024 ,e

1899 4897 2023 4970 lotis
2188 4898 2249 4946 Ut
2272 4897 2436 4967 quem
2454 4898 2588 4969 fama
2608 4897 2761 4946 dabat
2784 4897 2930 4947 rebus
2949 4897 3215 4961 superaret
3236 4901 3494 4956 honorem,

1909 5022 1922 5024 Α
1955 5006 1987 5024 ν,
2184 4959 2245 5024 Et
2271 4967 2426 5024 Vitam
2445 4960 2604 5024 factis
2636 4971 2791 5023 posset
2818 4975 3015 5023 sperare
3041 4976 3325 5024 perennem.

400 4994 815 5055 interfectorem
857 5001 1133 5069 insiliens,
1160 5019 1475 5076 magnoque
1504 5004 1745 5061 clamore
1776 5005 2022 5077 increpi-
2181 4994 2426 5070 δίζηέἶῖιίξ
2443 4994 3365 5081 ιίξῖι”ξεῖηἱῖῖςξ”ιᾙεῖι¹ξζῆΞζτξιξὶξέξῖζίέε,

397 5093 540 5153 tans,
573 5094 629 5142 et
658 5089 725 5142 ad
759 5090 1001 5160 martyrii
1042 5091 1128 5146 sui
1160 5091 1366 5147 bellum
1400 5108 1732 5164 provocans,
1762 5094 1992 5169 sacrileg

1830 5094 2014 5169 erilegi
2180 5082 2358 5169 §edem
2373 5084 2932 5169 vivacemmor'ihundis
2965 5100 3148 5148 ponere
3164 5087 3425 5169 gnemblis,

395 5174 479 5230 ala
527 5146 537 5153 '
575 5175 601 5230 ί.
667 5177 678 5187 .
902 5146 919 5160 ⁸
1023 5179 1033 5189 .
1214 5146 1219 5147 ⁷
1287 5146 1295 5147 '
1374 5146 1439 5191 ,ἢ
1770 5146 2012 5193 "mi—‘3’
2180 5146 2411 5208 Corporis
2434 5146 2706 5217 hospitium
2730 5147 2872 5196 laetus
2896 5146 3106 5218 metator
3131 5148 3356 5207 adornat,

486 5191 554 5246 pa
598 5192 771 5232 notem
790 5194 1058 5250 percussu,
1081 5181 1297 5248 oculos,
1331 5180 1504 5235 dlvml
1535 5188 1738 5236 Virtute
1768 5198 2017 5237 numlnls
2180 5208 2476 5258 Reddendos
2496 5216 2617 5258 vna,
2641 5209 2824 5257 salvari
2856 5211 3084 5260 Bromie;
3116 5219 3269 5260 arms“

397 5266 637 5334 evulsos,
670 5266 726 5321 in
759 5276 959 5322 terram
986 5269 1238 5339 proditur
1253 5268 1536 5326 effudisse.
1566 5270 1697 5335 Quae
1720 5287 1844 5327 mox
1873 5272 2017 5326 insa—
2177 5270 2757 5343 anjpgteuschristus
2780 5266 2935 5343 iudex
2956 5273 3272 5343 venerabilis,
3309 5281 3457 5337 atque

394 5357 668 5414 nientium
695 5358 838 5414 ferro
846 5359 1117 5435 jugulata,
1143 5377 1299 5417 sacro
1311 5361 1434 5418 fuso
1460 5364 1749 5438 sanguine.
1776 5364 1989 5435 palman

2178 5333 2454 5390 Terribilis,
2481 5334 2576 5396 pie,
2602 5333 2916 5397 longanimis.
2946 5349 3058 5398 spes
3083 5335 3185 5383 fida
3206 5333 3512 5400 precantum,

1917 5379 2014 5460 Ῥω
2180 5396 2371 5446 Nobilis
2390 5395 2599 5460 eximios
2615 5396 2817 5460 famulis
2834 5410 2932 5460 non
2961 5397 3180 5460 imputat
3205 5407 3359 5447 actus.

389 5448 637 5505 victoriae
657 5465 778 5505 cum
803 5465 1067 5524 germano
1087 5466 1188 5507 suo
1218 5450 1481 5521 pontifice
1510 5437 1728 5519 Christi,
1759 5453 2011 5508 caeteris-
2175 5437 2597 5522 usitatius;
2610 5437 3359 5522 ὸῖᾧῖὁὶῖιᾶξ’ρἑἓῆἷειῖῖιῖὲᾆῆἷξ

464 5673 542 5743 (2)
573 5673 698 5731 Haec
727 5674 896 5731 hodie
923 5682 1007 5732 est
1037 5675 1272 5733 ecclesia
1296 5675 1350 5732 S.
1387 5674 1555 5731 Nicsii
1584 5677 1865 5749 quomodo
1898 5678 2039 5733 intra
2066 5682 2313 5747 vocatur,
2353 5693 2384 5733 c
2412 5718 2425 5733 .
2460 5679 2547 5734 12.
