4034 6174
206 327 268 382 41
618 386 625 392 ,
882 327 1206 385 msroaua
1245 315 1585 384 ECCLESl/E
1629 327 1953 385 REMENSIS
1995 331 2170 390 unm
2211 334 2534 400 QUATUOR.
2562 376 2632 384 —
2674 343 2794 398 LIB.
2839 344 2877 398 ι.
3482 346 3552 402 42

283 455 384 509 Ubi
428 463 787 528 posteaquam
827 465 956 512 sunt
995 459 1188 513 horum
1228 457 1484 528 deposita
1511 465 1824 512 sanctorum
1850 464 1900 529 A
1925 463 2128 535 gratias
2149 475 2397 539 agentes,
2425 473 2922 528 nocturnasineunt
2952 473 3160 528 laudes.
3197 475 3410 539 Quibus
3431 474 3548 542 jam

205 554 510 614 martyrum
541 561 797 615 corpora,
826 547 1329 602 innumerabilibus
1357 546 1551 601 eadem
1585 545 1828 600 Ecclesia

206 644 421 690 constat
449 637 841 692 miraculorum
891 639 1066 711 signis
1097 639 1377 705 redimita,
1429 645 1489 692 ut
1544 645 1598 691 et
1637 652 1826 691 eorum

208 725 420 778 meritis
445 742 510 780 ac
536 726 814 796 precibus,
857 727 1152 782 multitudo
1184 728 1558 801 languentium
1589 741 1824 796 recupe—

207 816 439 871 rationis
495 818 632 872 inibi
691 819 960 890 percipiat
1025 820 1387 885 alacritatem,
1445 827 1499 873 et
1562 816 1830 887 exemplis

206 903 453 974 ipsorum
478 906 634 976 plebs
653 908 722 961 ad
751 909 1031 962 ccelestem
1059 908 1389 980 [0.,devota]
1423 908 1601 961 discat
1629 921 1828 976 prope-

206 1009 330 1047 rare
351 995 770 1050 sublimitatem.
813 997 1058 1052 Meminit
1098 998 1262 1066 hujus
1310 996 1614 1051 barbariem
1639 1009 1830 1064 perse-

205 1085 449 1140 cutionis
483 1087 678 1143 beatus
707 1089 1072 1160 Hieronymus
1121 1092 1300 1159 (epist.
1342 1090 1431 1154 11)
1477 1087 1730 1143 scribens
1759 1085 1827 1140 ad

205 1175 505 1244 quamdam
521 1177 988 1232 adolescentulam
1017 1179 1237 1233 viduam
1263 1176 1700 1250 Aggcrunchiam
1730 1189 1830 1229 no-

207 1264 399 1331 bilem,
433 1275 492 1320 et
521 1269 817 1324 exhortans
846 1287 965 1324 eam
983 1271 1051 1325 de
1082 1271 1492 1342 perseverantia
1520 1270 1826 1332 viduitatis,

205 1355 283 1409 ita
311 1360 671 1414 memorando
731 1361 874 1415 inter
911 1369 1144 1416 caetera:
1205 1388 1228 1409 «
1287 1362 1727 1416 Innumerabiles
1765 1371 1821 1414 et

208 1443 566 1502 ferocissima;
625 1448 877 1504 nationes
909 1452 1194 1506 universas
1225 1452 1426 1505 Gallias
1455 1460 1818 1522 occuparunt.

205 1535 487 1606 Quidquid
511 1537 657 1592 inter
683 1539 846 1608 Alpes
872 1549 926 1594 et
959 1542 1298 1612 Pyrenzeum,
1334 1541 1482 1612 quod
1510 1540 1724 1595 Oceano
1771 1547 1824 1594 et

205 1618 398 1682 Rheno
457 1630 790 1696 includitur,
859 1631 1118 1697 Quadus,
1176 1633 1500 1701 Wandalus,
1560 1634 1822 1698 Sarmata,

204 1718 384 1784 Alani,
440 1721 700 1792 Gepides,
767 1723 993 1791 Heruli,
1053 1726 1321 1791 Saxones,
1385 1725 1825 1798 Burgundiones,

1929 571 2126 629 magna
2157 566 2309 628 parte
2341 559 2608 624 decursis,
2662 563 2729 615 ad
2798 564 2992 618 horum
3038 580 3202 620 voces
3263 567 3550 638 presbyter

1927 650 2210 716 excitatur,
2234 667 2347 705 rem
2379 668 2501 706 cum
2535 653 2651 706 suis
2686 653 3006 722 admiratus,
3041 656 3273 727 hymnos
3300 658 3546 713 dicturus

1929 757 2052 794 cum
2129 741 2344 796 caeteris
2403 742 2742 813 stupefactus
2802 754 3150 815 approperat.
3212 745 3541 819 Nullumque

1929 837 2152 891 demum
2183 840 2528 894 accensionis
2570 840 2748 909 hujus,
2779 841 2864 894 vel
2914 841 3267 896 reserationis
3300 843 3543 914 reperire

1930 939 2140 1002 queunt
2169 931 2722 1002 administrationem,
2756 933 2861 988 nisi
2891 950 3167 989 summum
3199 936 3371 990 divini
3403 937 3547 990 dun-

1931 1029 2080 1076 taxat
2140 1023 2387 1078 muneris
2430 1024 2768 1098 largitorem,
2827 1027 2920 1097 qui
2977 1035 3287 1082 sanctorum
3319 1043 3542 1082 suorum

1923 1112 2043 1187 jugi
2071 1113 2332 1168 mirorum
2354 1115 2672 1185 splendore,
2721 1132 3030 1192 propagare
3055 1133 3165 1174 non
3205 1118 3422 1172 desistit
3443 1120 3545 1174 ho-

1932 1219 2144 1258 norem.
2180 1204 2350 1273 Hujus
2403 1213 2586 1261 autem
2646 1205 2793 1261 beati
2856 1206 3135 1278 pontificis
3182 1215 3237 1262 et
3294 1209 3592 1279 martyris-

1930 1297 2162 1368 pignora
2183 1300 2434 1370 quaedam
2457 1300 2977 1375 Noviomagensium
3007 1303 3301 1372 episcopus
3322 1301 3546 1373 quidam

1925 1392 2172 1458 obtenta,
2200 1409 2352 1448 suam
2388 1394 2615 1465 pertulit
2659 1395 2728 1450 ad
2770 1395 3072 1451 civitatem.
3107 1395 3235 1460 Quae
3264 1404 3373 1449 tam
3403 1395 3547 1466 apud

1925 1480 2270 1550 Noviomum,
2320 1500 2484 1556 quam
2537 1484 2780 1556 et'apud
2811 1484 3113 1538 Tornaeum
3160 1491 3397 1538 castrum
3429 1483 3546 1549 (ubi

1927 1585 2074 1625 nunc
2102 1587 2326 1642 quoque
2357 1571 2565 1627 servari
2597 1571 2980 1641 perhibentur)
3033 1571 3216 1637 claris,
3251 1571 3548 1643 multisque

1928 1658 2240 1715 referuntur
2277 1660 2546 1715 illustrata
2594 1659 2895 1715 miraculis.
2941 1659 3138 1715 Postea
3185 1675 3314 1715 vero
3347 1667 3548 1715 caetera

1929 1753 2177 1823 corporis
2228 1752 2480 1821 ejusdem
2540 1751 2794 1822 martyris
2848 1751 3011 1806 Fulco
3067 1751 3546 1822 archiepiscOpus,

201 1808 514 1876 Alamanni,
543 1820 618 1877 et,
652 1827 684 1866 o
707 1812 947 1886 lugenda
967 1813 1308 1884 respublica!
1340 1815 1529 1869 hostes
1558 1814 1824 1868 Pannonii
1853 1829 1902 1895 Β
1926 1808 2088 1895 εἰσίω
2147 1808 2276 1895 cum'
2325 1857 2556 1912 corpore
2609 1808 2786 1896 begun
2836 1839 3046 1896 sororis
3101 1841 3222 1908 eius
3262 1808 3546 1911 Ἐυιι-δρίὶέ

202 1907 575 1957 vastaverunt.
628 1907 840 1959 Etenim
903 1907 1086 1961 Assur
1135 1909 1280 1961 venit
1333 1923 1452 1960 cum
1499 1907 1610 1961 illis
1659 1908 1822 1966 (Psal.

203 2006 403 2051 un",
437 1992 509 2056 9).
574 1994 966 2065 Magontiacus,
1029 1997 1235 2052 nobilis
1275 1997 1554 2068 quondam
1609 1998 1823 2065 civitas,

201 2092 366 2151 capta
395 2091 559 2154 atque
590 2087 854 2141 subversa
895 2096 995 2152 est,
1029 2091 1160 2143 etin
1194 2089 1429 2144 ecclesia
1451 2089 1622 2144 multa
1650 2090 1824 2145 millia

201 2171 488 2225 hominum
519 2175 808 2229 trucidata.
848 2176 1179 2250 Wangiones
1217 2177 1379 2249 longa
1409 2177 1700 2232 obsidione
1721 2179 1822 2233 de-

198 2258 313 2312 leti.
345 2260 637 2316 Remorum
666 2263 798 2316 urbs
819 2275 1152 2334 praepotens,
1209 2265 1483 2332 Ambiani,
1506 2265 1813 2331 Atrabates,

195 2349 542 2420 extremique
573 2352 857 2406 hominum
889 2353 1080 2408 Morini
1138 2355 1235 2424 (3),
1292 2354 1588 2420 Tornacus,
1617 2355 1816 2408 Neme-

195 2446 299 2500 tes,
331 2441 733 2513 Argentoracus
789 2445 1060 2498 translata:
1120 2446 1173 2498 in
1229 2444 1574 2500 Germaniam
1639 2446 1815 2517 Aqui—

197 2531 387 2593 taniae,
420 2533 737 2604 Novemque
769 2535 1101 2605 pepulorum
1143 2535 1542 2611 Lugdunensis,
1607 2547 1660 2593 et
1686 2539 1820 2593 Nar-

197 2624 469 2678 bonensis
525 2626 848 2695 provinciae,
903 2636 1106 2699 praeter
1157 2646 1356 2700 paucas
1399 2631 1586 2698 urbes,
1623 2640 1821 2687 cuncta

197 2716 462 2784 papulata
522 2724 673 2787 sunt,
731 2735 869 2789 quas
924 2730 979 2774 et
1019 2720 1166 2791 ipsas
1209 2721 1342 2777 foris
1389 2722 1624 2794 gladius,
1677 2723 1824 2780 intus

195 2816 375 2860 vastat
410 2806 606 2874 fames,
648 2834 672 2854 »
732 2819 836 2864 etc.
901 2812 958 2865 In
1020 2813 1246 2882 przefata
1309 2815 1556 2886 denique
1595 2816 1824 2870 basilica

194 2898 398 2952 beatus
421 2898 704 2972 Remigius
743 2903 994 2956 morandi
1029 2904 1260 2958 traditur
1291 2905 1554 2962 habuisse
1585 2923 1825 2963 consue-

194 2989 474 3056 tudinem,
511 2998 784 3062 quatenus
825 3003 1142 3050 sanctorum
1183 3007 1480 3069 martyrum
1512 3001 1746 3070 meritis,
1768 3012 1828 3061 ut

192 3092 318 3140 erat
345 3083 546 3154 spiritu
577 3100 818 3154 semper,
852 3085 924 3140 ita
964 3088 1246 3157 proximus
1263 3090 1591 3148 redderetur
1609 3102 1663 3148 et
1701 3110 1829 3150 cor-

1928 1933 2071 1988 i-ntra
2120 1933 2414 1988 Remensia
2471 1933 2772 1989 transvexit
2825 1932 3050 1998 muenia,
3103 1940 3360 2004 retroque
3424 1941 3549 2003 post

1924 2022 2095 2078 altare
2142 2032 2345 2078 sanctae
2398 2023 2492 2078 Dei
2523 2023 2812 2098 genitricis
2865 2023 3067 2085 Mariae,
3122 2021 3220 2077 ubi
3272 2038 3335 2077 ea
3381 2022 3546 2077 modo

1923 2126 2276 2178 veneramur,
2321 2111 2476 2180 juxta
2522 2111 2670 2166 beati
2721 2128 2878 2184 papzc
2903 2110 3111 2166 Callisti
3135 2109 3406 2178 membra,
3440 2111 3544 2165 de-
3623 2110 3638 2123 ’

1925 2198 2040 2254 bita
2069 2201 2382 2256 recondidit
2414 2201 2746 2256 reverentia.

2526 2310 2737 2366 CAPUT
2800 2311 2932 2366 Vlll.

2199 2386 2274 2437 De
2291 2387 2474 2436 sancto
2496 2383 2712 2438 Oriculo
2741 2387 2791 2436 et
2818 2383 3094 2438 sororibus
3124 2383 3259 2452 ejus.

1989 2471 2100 2526 Sub
2128 2472 2322 2525 eadem
2352 2471 2766 2535 Wandalorum,
2797 2471 2882 2524 vel
2919 2471 3238 2525 Hunnorum
3274 2487 3538 2542 persecu-

1920 2565 2090 2625 tione,
2116 2563 2341 2635 quidam
2390 2564 2483 2617 Dei
2533 2579 2747 2629 servus,
2773 2562 3024 2617 Oriculus
3046 2563 3271 2618 nomine
3303 2564 3414 2619 Deo
3441 2581 3544 2618 va-

1924 2653 2102 2719 cabat,
2135 2670 2260 2708 cum
2318 2653 2604 2708 sororibus
2656 2653 2771 2706 suis
2810 2652 3022 2708 Oricola
3053 2653 3170 2724 [ms.
3211 2656 3251 2719 i,
3285 2653 3544 2724 Orieula],

1925 2743 2247 2808 etBasilica,
2290 2743 2346 2795 in
2403 2742 2507 2796 hoc
2545 2740 2744 2796 eodem
2793 2741 3116 2812 episcopatu
3176 2741 3457 2808 Remensi,
3489 2744 3545 2796 in

1928 2847 2070 2905 pago
2123 2829 2497 2896 Dulcumensi,
2541 2830 2662 2885 vico
2711 2829 2958 2886 Sinduno
3016 2831 3072 2885 in
3119 2831 3352 2886 ecclesia
3383 2847 3544 2902 quam

1930 2929 2327 2986 construxerat,
2358 2919 2454 2974 ubi
2483 2919 2656 2974 fertur
2684 2934 2907 2991 quoque
2934 2928 3256 2992 peremptus
3283 2939 3310 2974 a
3341 2921 3546 2975 barba-

1931 3014 2008 3068 ris
2047 3030 2171 3068 cum
2229 3011 2511 3083 prtedictis
2559 3011 2846 3068 sororibus
2901 3011 3038 3066 suis.
3095 3012 3350 3067 Traditur
3379 3014 3543 3068 etiam

1934 3111 2098 3172 caput
2123 3116 2304 3168 suum,
2346 3108 2638 3172 postquam
2687 3099 2990 3156 decollatus
3036 3109 3138 3167 est,
3172 3100 3290 3172 ipse
3323 3102 3379 3156 in
3407 3117 3544 3173 quo-

193 3191 354 3246 pore.
380 3175 714 3230 Monstratur
766 3178 947 3234 adhuc
995 3180 1229 3235 aedicula
1293 3197 1454 3237 secus
1519 3185 1689 3240 altare
1723 3186 1817 3249 ubi
1849 3175 2045 3256 Cdam
2078 3199 2230 3255 fonte
2268 3199 2485 3254 lavisse.
2529 3199 2604 3252 De
2624 3198 2896 3272 sanguine
2941 3213 3163 3270 quoque
3202 3214 3302 3254 suo
3322 3199 3542 3274 signum

191 3274 412 3321 secrete
440 3267 672 3322 Domino
712 3283 926 3335 vacare,
959 3279 1012 3325 et
1053 3271 1348 3343 inspectori
1389 3290 1628 3345 summo,
1683 3277 1819 3332 bea-

194 3357 427 3412 tissima:
459 3359 858 3427 speculationis
885 3361 1110 3430 hostias,
1153 3363 1327 3419 turbis
1358 3375 1604 3422 remotus
1634 3384 1817 3439 popu-

192 3448 431 3513 laribus,
489 3449 843 3506 devotissime
897 3463 1260 3511 consueverat
1319 3458 1624 3515 immolare.
1679 3463 1820 3518 Istuc

191 3538 345 3591 enim
379 3538 624 3593 intentus
659 3540 744 3594 his
760 3541 999 3615 degebat
1029 3542 1251 3611 ofﬁciis,
1286 3550 1508 3618 quando
1534 3561 1819 3622 comperto

192 3625 352 3680 urbis
397 3627 675 3691 incendio,
706 3645 830 3684 cum
863 3631 1162 3689 divinitatis
1211 3636 1562 3694 invocatione
1615 3642 1821 3712 depro-

193 3731 420 3785 perans,
444 3725 759 3772 sanctorum
780 3717 944 3774 fultus
963 3720 1246 3794 suffragio,
1271 3725 1550 3796 lapidibus
1570 3731 1823 3786 ecclesiae

192 3806 466 3877 graduum
501 3807 768 3878 deinceps
794 3823 1052 3879 expressa
1083 3811 1305 3883 reliquit
1336 3816 1585 3889 vestigia.

839 3898 1047 3955 CAPUT
1066 3901 1175 3956 VII.

589 3971 664 4024 De
698 3972 975 4025 miraculis
1013 3976 1183 4042 ipsius
1204 3977 1432 4033 ecclesia:

267 4061 511 4116 Diversis
541 4061 706 4116 etiam
728 4063 1054 4120 multimoda
1069 4066 1465 4127 clariﬁcatione
1495 4073 1667 4130 fertur
1702 4079 1821 4135 haec

190 4152 470 4207 illustrata
511 4153 858 4223 temporibus
910 4157 1076 4211 mdes.
1119 4158 1226 4214 Sed
1256 4177 1357 4216 nos
1385 4180 1556 4220 unum
1582 4175 1816 4238 tantum,

191 4241 340 4312 quod
371 4241 575 4296 nostris
605 4241 722 4296 fere
744 4242 945 4298 diebus
982 4251 1186 4315 actum,
1219 4248 1590 4309 referentibus
1619 4259 1820 4313 nostris

190 4332 284 4403 qui
350 4330 653 4385 interfuere
707 4332 978 4401 patribus,
1029 4337 1373 4409 agnovimus,
1418 4347 1816 4415 prOpalandum

189 4785 290 4838 size
331 4784 692 4851 dormientes,
748 4787 889 4842 ostia
937 4806 1159 4862 quoque
1215 4793 1515 4868 diligenter
1561 4802 1817 4861 obserata

192 4875 482 4946 reperiunt
528 4874 768 4947 Quaeque
791 4878 1001 4933 diutius
1021 4879 1330 4939 obterendo
1355 4887 1661 4960 pulsantes,
1685 4895 1812 4953 dum
1841 4927 1846 4931 -

192 4963 474 5017 neminem
495 4980 760 5036 responsa
774 4967 996 5023 dantem
1017 4970 1242 5025 deintus
1253 4973 1554 5044 accipiunt,
1587 4981 1811 5040 domum

193 5050 504 5122 presbyteri
535 5061 732 5124 petunt
755 5065 1079 5129 portamque
1097 5059 1310 5115 crebris
1332 5062 1666 5124 incutientes
1685 5073 1813 5128 icti-

195 5141 322 5209 bus,
349 5152 409 5199 et
448 5155 592 5201 tecta
628 5147 910 5218 lapidibus
937 5150 1310 5222 verberantes,
1347 5155 1441 5210 ubi
1474 5161 1685 5217 nullum
1703 5166 1807 5221 sibi

195 5236 290 5306 qui
323 5239 530 5306 pandat
560 5241 798 5297 excitare
829 5246 1129 5314 praevalent
1179 5248 1369 5318 templi
1392 5251 1617 5319 januam
1650 5273 1816 5328 repe-

197 5336 317 5382 tunt
357 5348 372 5396 ;
413 5349 580 5403 quam
611 5343 809 5405 sponte
867 5344 1145 5407 patentem
1185 5343 1547 5411 reperientes,
1583 5359 1816 5404 accensa

195 5421 489 5478 luminaria
516 5435 713 5482 cuncta
738 5429 930 5484 vident
962 5447 976 5495 ;
1007 5431 1105 5485 sed
1156 5439 1437 5488 auctorem
1469 5436 1597 5491 lacti
1631 5439 1812 5494 nemi-

195 5528 318 5567 nem
355 5514 506 5571 intus
534 5519 829 5588 aspiciunt.
863 5521 1062 5593 Sicque
1107 5530 1232 5594 post
1261 5525 1566 5582 orationem
1599 5528 1813 5587 Christo

275 5631 351 5702 (3)
403 5633 823 5693 Hemistichium
854 5645 940 5695 est
969 5639 1328 5716 Virgilianum
1361 5659 1426 5698 ex
1455 5643 1671 5700 lEneid.
1716 5663 1769 5701 ix
1795 5664 1808 5700 :

1920 3289 2099 3346 crucis
2125 3290 2290 3360 (quod
2317 3289 2500 3344 adhuc
2532 3287 2823 3344 manifeste
2857 3305 3050 3359 parere
3067 3289 3289 3356 dicitur)
3330 3290 3384 3344 in
3406 3309 3544 3363 qua-

1921 3382 2045 3437 dam
2087 3390 2241 3452 petra
2280 3381 2453 3456 digito
2487 3380 2754 3455 figurasse
2785 3399 2908 3448 suo,
2957 3390 3011 3437 et
3042 3382 3328 3453 proprium
3363 3385 3544 3439 mani-

1920 3470 2026 3525 bus
2055 3477 2219 3540 caput
2240 3469 2441 3536 ferens,
2474 3471 2809 3541 sepulcrum,
2835 3471 2984 3543 quod
3017 3471 3540 3539 sibiconstruxerat,

1924 3563 2040 3635 [ms.
2096 3565 2136 3628 i,
2205 3562 2549 3634 condiderat]
2614 3563 2893 3633 expetisse
2943 3579 2960 3631 ;
3015 3565 3084 3617 ad
3147 3565 3296 3635 quod
3373 3566 3541 3620 multa

1923 3654 2189 3710 miracula
2210 3653 2526 3710 referuntur
2551 3664 2792 3710 ostensa.
2835 3655 2961 3710 Erat
3005 3656 3137 3710 olim
3187 3657 3417 3728 quidam
3449 3674 3542 3711 ru-

1921 3748 2094 3803 sticus
2127 3748 2204 3801 ibi
2237 3763 2488 3813 manens,
2521 3748 2610 3802 cui
2642 3748 2906 3804 revelatio
2939 3748 2995 3802 in
3027 3749 3238 3804 somnis
3257 3749 3397 3804 facta
3435 3758 3537 3813 est,

1921 3849 1980 3895 ut
2007 3841 2214 3895 fontem
2244 3841 2312 3894 de
2343 3856 2454 3911 quo
2499 3848 2664 3911 caput
2707 3840 2814 3894 sibi
2863 3849 3086 3895 sanctus
3114 3841 3234 3906 Dei,
3266 3857 3366 3896 ceu
3397 3841 3542 3894 dixi-

1921 3948 2061 3997 mus,
2087 3933 2312 3996 laverat,
2338 3939 2482 3986 tecto
2513 3930 2843 4000 coaperiret.
2873 3931 2975 3994 Qui
3004 3937 3296 4001 postquam
3329 3931 3414 3984 bis
3438 3931 3539 3984 ad-

1920 4020 2163 4075 monitus
2189 4020 2371 4074 facere
2415 4019 2472 4072 id
2501 4017 2733 4083 distulit,
2781 4017 2839 4071 in
2897 4015 3276 4072 infirmitatem
3307 4018 3535 4086 decidit,

1922 4113 1976 4166 in
2001 4129 2110 4182 qua
2141 4122 2355 4186 integro
2386 4127 2532 4167 anno
2578 4117 2852 4185 azgrotans
2882 4109 3197 4165 decubavit.
3256 4111 3382 4165 Post
3424 4111 3538 4166 haec

1917 4201 2080 4266 votis,
2116 4209 2174 4255 ut
2224 4201 2377 4269 jussa
2421 4199 2746 4271 compleret,
2800 4199 3109 4270 promissis,
3161 4200 3459 4267 convaluit,
3485 4208 3536 4256 et

1919 4293 2126 4348 fontem
2160 4292 2361 4366 ligneis
2402 4291 2603 4347 tabulis
2650 4292 3020 4357 circumdans,
3044 4294 3304 4364 operuit;
3329 4310 3395 4348 ex
3428 4310 3537 4366 quo

1916 4381 2070 4437 fonte
2094 4391 2365 4453 potantes,
2415 4399 2446 4437 a
2475 4382 2708 4437 diversis
2753 4383 2910 4437 multi
2958 4390 3220 4438 curantur
3251 4384 3535 4458 languori-

1917 4756 2209 4820 postquam
2229 4747 2449 4801 ablutus
2490 4753 2574 4800 est
2599 4745 2802 4801 balneo
2848 4745 2928 4800 sic
2971 4747 3236 4819 elanguit,
3274 4756 3334 4802 ut
3361 4764 3535 4819 usque

1918 4843 1985 4896 ad
2009 4841 2138 4896 anni
2171 4840 2467 4896 terminum
2499 4845 2738 4912 aegrotus
2771 4837 3035 4906 jaeuisse,
3069 4855 3172 4893 nec
3201 4839 3380 4894 adhuc
3406 4858 3536 4911 per-

1916 4935 2056 4990 fecte
2097 4943 2288 5005 postea
2317 4932 2623 5006 reviguisse
2651 4931 2982 4986 constiterit.
3017 4932 3255 4996 Quorum
3309 4941 3534 4990 sancto-

1914 5044 2034 5082 rum
2101 5041 2331 5095 corpora
2388 5039 2498 5078 uno
2558 5023 2766 5076 dudum
2834 5023 3176 5093 sarcophago
3246 5025 3530 5100 recondita

1913 5126 2164 5188 tempore
2192 5113 2359 5170 Seulfi
2391 5112 2799 5184 archiepiscopi
2834 5114 3082 5168 levantur
3104 5130 3134 5168 e
3166 5121 3330 5181 terra,
3366 5117 3534 5172 humo

1913 5211 2066 5280 prius
2109 5215 2306 5280 sponte
2356 5207 2648 5279 patefacta,
2677 5216 2732 5262 ct
2772 5207 2977 5274 loculo,
3024 5206 3078 5262 in
3111 5223 3220 5278 quo
3243 5208 3532 5277 jacebant,

1916 5302 2064 5358 ultro
2089 5317 2306 5356 sursum
2327 5298 2658 5355 mirabiliter
2678 5301 2910 5355 elevato.

2555 5390 2766 5446 CAPUT
2806 5391 2894 5446 1X.

2270 5484 2751 5540 Desuccessoribus
2781 5485 2922 5539 beati
2949 5487 3178 5543 Nicasii.

1987 5574 2114 5630 Post
2154 5580 2628 5644 praememoratam
2682 5572 3076 5629 Wandalorum
3113 5574 3528 5629 discessionem.

1059 5739 1380 5805 Extremique
1403 5742 1666 5794 hominum
1697 5745 1876 5796 Morini
1903 5743 2207 5808 Rhenusque
2237 5744 2470 5794 bicornis.

490 5823 769 5891 PATROL.
821 5827 1147 5894 CXXXV.

3251 5833 3292 5902 2
