4040 6176
441 317 512 372 43
1560 309 1927 366 FLODOARDI
1967 309 2272 366 CANONICI
2312 290 2668 366 aeneusns'
3701 311 3772 367 44

442 453 606 508 beato
643 447 859 504 Nicasio
890 447 1062 500 Barue
1093 444 1209 515 [τηε.
1245 441 1547 512 Baructius]
1581 442 1882 513 episcopali
1915 443 2048 498 sede
2072 447 2126 514 Α
2153 442 2203 498 ei
2232 442 2392 512 (Psal.
2426 457 2498 506 Cl,
2522 440 2737 508 20-23).
2773 459 2798 490 »
2837 440 2899 496 Et
2936 439 3086 511 quod
3117 437 3316 495 Cilinia
3367 439 3424 493 in
3450 447 3606 494 utero
3637 455 3773 495 con-

443 541 675 597 traditur
703 535 1059 601 successisse,
1092 549 1256 604 quem
1287 531 1571 598 Barucius,
1595 531 1723 586 inde
1776 531 2050 586 Barnabas

439 630 719 687 subsecuti
776 627 1064 690 feruntur;
1111 630 1225 678 tum
1280 622 1614 686 Bennadius,
1674 621 1832 690 cujus
1869 628 2050 676 tamen

441 719 754 793 Bennagius
777 731 979 773 nomen
1009 714 1067 768 in
1098 719 1427 768 testamento
1465 725 1589 778 suo,
1621 709 1847 780 propria
1872 708 2052 779 ipsius

441 828 606 868 manu
645 809 816 879 (velut
845 805 984 861 inibi
1032 804 1250 878 legitur)
1290 801 1619 873 perscripto,
1665 801 1940 872 reperitur
1959 818 2053 856 ca-

438 912 706 962 raxatum.
741 900 912 969 Hujus
959 897 1107 952 enim
1166 896 1283 966 ipse
1341 895 1653 950 testamenti
1701 894 2050 959 auctoritate,

441 1009 628 1049 rerum
657 1005 880 1045 suarum
912 986 1189 1042 haredem
1220 985 1548 1039 Remensem
1579 983 1712 1039 fecit
1752 983 2050 1038 Eeclesiam

440 1100 563 1140 cum
592 1079 776 1136 fratris
810 1077 895 1132 sui
925 1075 1062 1141 filio,
1084 1089 1248 1146 quem
1269 1073 1325 1127 in
1355 1087 1512 1127 sacro
1532 1071 1703 1136 fonte,
1727 1071 1829 1127 sub
1860 1072 2051 1141 gratia

439 1171 789 1242 sempiterna
821 1165 1139 1230 traditione,
1171 1179 1230 1218 se
1286 1168 1681 1217 commemorat
1716 1161 2045 1232 suscepisse.

442 1263 589 1314 lnter
607 1265 804 1314 caetera
834 1270 964 1311 vero
1006 1268 1100 1308 vas
1126 1259 1450 1324 argenteum
1479 1249 1548 1304 ab
1571 1259 1920 1306 antecessore
1949 1262 2049 1302 suo

438 1359 640 1407 sancta
672 1344 1075 1405 recordationis
1102 1343 1366 1414 episeopo
1398 1341 1669 1411 Barnaba,
1685 1341 1815 1409 sibi,
1849 1347 1909 1396 ut
1934 1357 2053 1395 me-

441 1445 621 1508 minit,
671 1448 1000 1496 testamento
1051 1435 1331 1501 collatum,
1380 1435 1640 1490 Ecclesia
1671 1449 1783 1489 sua
1833 1434 2053 1506 delegat

437 1533 661 1597 haredi,
695 1531 845 1602 quod
877 1529 947 1584 ad
974 1527 1151 1598 ipsius
1172 1533 1558 1582 ornamentum
1579 1524 1732 1594 (cum
1759 1522 1896 1577 illud
1923 1537 2053 1593 pro-

435 1626 584 1695 prios
613 1623 918 1678 distrahere
951 1618 1224 1690 potuisset
1253 1619 1310 1671 in
1343 1617 1495 1684 usus)
1531 1632 1590 1671 se
1634 1615 1828 1670 asserit
1875 1629 2052 1668 reser-

431 1733 605 1771 vasse.
632 1711 1159 1785 Deputatetsolidos
1199 1708 1396 1782 viginti
1414 1707 1484 1763 ad
1516 1707 1766 1776 ejusdem
1795 1706 2049 1762 Ecclesia

431 1781 860 1878 reparationem,
915 1821 1039 1860 cum
1087 1781 1282 1874 agellis
1341 1808 1395 1856 et
1460 1799 1664 1870 sylvis;
1709 1798 2050 1869 presbyteris
2079 1781 2129 1849 Β

429 1897 604 1967 ipsius
662 1895 911 1951 ecclesiae
974 1892 1184 1947 solidos
1230 1898 1355 1946 octo
1399 1907 1412 1944 :
1467 1888 1802 1944 diaeonibus
1847 1888 2050 1943 solidos

427 1997 664 2061 quatuor
693 2007 708 2052 ;
742 1988 809 2042 ad
826 1986 1072 2058 captivos
1096 1983 1304 2039 solidos
1333 1983 1531 2055 viginti
1568 2001 1582 2048 ;
1616 1981 2053 2037 subdiaconibus

426 2079 634 2134 solidos
679 2078 865 2140 duos;
923 2073 1226 2130 lectoribus
1270 2072 1510 2128 solidum
1556 2087 1727 2126 unum
1764 2088 1778 2136 ;
1809 2070 2054 2125 ostiariis

426 2179 479 2225 et
511 2169 800 2225 exorcistis
829 2167 1069 2222 solidum
1126 2179 1319 2230 unum,
1351 2162 1868 2218 sanctimonialibus
1911 2169 1965 2216 et
1997 2162 2052 2215 in

429 2263 714 2317 matricula
771 2259 967 2330 positis
997 2257 1208 2312 solidos
1235 2265 1364 2310 tres.
1403 2255 1686 2309 Haredem
1735 2270 1887 2308 suam
1916 2253 2053 2307 sub-

429 2351 726 2405 inferendo
756 2349 1044 2418 alloquens
1100 2343 1411 2408 ecclesiam,
1446 2350 1506 2397 ut
1557 2343 1612 2396 in
1645 2358 1705 2395 se
1732 2341 1896 2395 ducat
1934 2357 2054 2395 esse

429 2443 776 2508 collocatum,
805 2437 1078 2511 quidquid
1110 2434 1472 2506 presbyteris,
1511 2433 1860 2494 diaconibus,
1895 2433 2056 2487 aedi-

431 2535 602 2590 versis
627 2533 952 2588 clericorum
1009 2528 1234 2594 scholis,
1291 2525 1523 2596 captivis
1577 2540 1801 2596 quoque
1832 2531 1886 2578 et
1917 2539 2057 2594 pau—

430 2627 677 2698 poribus,
710 2639 810 2695 pro
869 2619 1156 2692 refrigerio
1215 2618 1300 2672 sui
1330 2617 1528 2671 fuisset
1562 2615 1620 2669 in
1650 2630 2058 2670 commemora-

431 2720 579 2775 tione
606 2717 892 2772 devotum.

1090 2780 1300 2836 CAPUT
1332 2779 1393 2833 Χ.

967 2877 1037 2930 De
1057 2879 1242 2930 sancto
1257 2873 1520 2939 Remigio.

502 2972 733 3027 Prafato
793 2967 1074 3038 Bennagio
1123 2963 1481 3020 beatissimus
1509 2961 1816 3017 succedens
1869 2961 2054 3016 Remi-

435 3062 580 3136 gius,
616 3057 934 3116 imbuendis
956 3055 1025 3110 ad
1056 3054 1222 3110 ﬁdem
1257 3050 1651 3126 prafulgidum
1692 3049 1933 3106 surrexit
1968 3051 2056 3105 lu-

2152 533 2387 603 eipiens,
2411 531 2588 586 ﬁlium
2615 538 2854 602 pareret,
2905 531 3131 586 nomine
3157 530 3492 604 Remigium,
3539 531 3626 585 cui
3657 532 3772 586 sal-

2149 625 2364 681 vandus
2394 624 2535 680 foret
2563 625 2802 695 populus
2849 623 3298 679 eommittendus.
3333 622 3424 677 Vir
3469 623 3638 696 igitur
3666 623 3771 678 iste

2149 715 2486 772 venerabilis
2531 722 2681 770 tanto
2749 721 3013 785 percepto
3050 715 3339 780 solamine,
3399 722 3522 786 post
3549 715 3773 771 tertiam

2151 805 2353 860 divina
2371 821 2540 876 super
2570 804 2658 858 his
2689 803 3078 875 praceptionis
3107 803 3566 870 admonitionem,
3599 803 3774 859 visio-

2155 896 2242 950 nis
2271 897 2526 952 atherea
2558 896 2778 950 nuntiat
2806 897 3088 951 oraculum
3135 896 3370 951 Cilinia.
3417 895 3540 951 Hac
3587 902 3776 950 autem

2153 989 2317 1044 beata
2345 988 2584 1062 genitrix
2616 987 2670 1042 in
2703 987 2837 1043 ﬂore
2891 987 3100 1042 dudum
3153 987 3483 1056 juventutis,
3510 1003 3577 1043 ex
3608 987 3774 1042 unico

2150 1077 2270 1133 viro
2300 1093 2401 1132 suo
2448 1076 2666 1132 [Emilio
2716 1084 3005 1148 pepererat
3050 1075 3412 1147 Principium,
3444 1077 3775 1132 Suessorum

2149 1175 2390 1231 civitatis
2418 1183 2611 1246 postea
2639 1181 2890 1228 sanctum
2923 1175 3266 1244 episcopum.
3307 1180 3362 1228 et
3382 1180 3594 1245 patrem
3623 1174 3773 1231 beati

2154 1264 2313 1334 Lupi,
2346 1262 2597 1332 ejusdem
2655 1264 2918 1334 Principii
2950 1263 3304 1318 successoris.
3353 1263 3581 1318 Miratur
3611 1265 3776 1320 beata

2154 1355 2371 1422 Cilinia,
2395 1362 2588 1426 utpote
2629 1356 2740 1425 jam
2771 1364 3049 1428 provecta,
3082 1369 3321 1426 quonam
3350 1365 3510 1425 pacto
3542 1357 3612 1412 sit
3633 1373 3777 1412 anus

2155 1444 2422 1516 paritura,
2453 1446 2536 1499 vel
2559 1445 2807 1501 sobolem
2839 1447 3123 1501 laetatura.
3151 1445 3213 1500 Et
3235 1447 3366 1517 quia
3387 1453 3495 1502 tam
3514 1447 3600 1502 vir
3629 1448 3776 1516 ejus,

2153 1553 2318 1608 quam
2353 1537 2474 1608 ipsa
2501 1536 2695 1592 diebus
2727 1539 2841 1607 jam
2879 1538 3068 1594 multis
3093 1545 3512 1609 processerant,
3548 1539 3696 1594 effeti
3721 1546 3779 1594 et

2152 1643 2317 1682 carne
2374 1626 2680 1694 infecundi,
2734 1644 2836 1682 nec
2893 1643 3020 1697 spes
3049 1627 3130 1682 eis
3156 1628 3388 1684 ulterius
3419 1631 3774 1700 procreandi,

2152 1734 2255 1773 nec
2281 1719 2563 1790 appetitus
2617 1718 2794 1774 inerat
2848 1719 3118 1793 pignoris.
3153 1720 3352 1775 Beatus
3403 1736 3536 1776 vero
3565 1722 3781 1778 Monta-

2151 1823 2274 1872 nus,
2311 1815 2370 1861 ut
2419 1807 2630 1861 meritis
2676 1817 3016 1864 accresceret
3056 1808 3359 1879 patientia,
3401 1812 3777 1882 corporalium

2152 1899 2395 1970 privatus
2424 1900 2711 1955 oculorum
2742 1901 2811 1955 ad
2850 1908 3071 1972 tempus
3117 1903 3647 1960 exstiteratlumiue.
3673 1906 3778 1970 Qui

2152 1993 2318 2047 dictis
2348 2001 2408 2048 ut
2438 1993 2604 2048 fidem
2635 1994 2857 2062 faceret,
2883 1996 3074 2052 oculos
3103 1996 3209 2051 sibi
3242 1998 3382 2053 lacte
3423 1999 3600 2069 ipsius
3624 2015 3781 2055 asse-

2155 2083 2224 2136 rit
2276 2084 2688 2155 perungendos,
2752 2100 2989 2156 moxque
3047 2085 3233 2140 lumen
3285 2087 3570 2153 amissum,
3619 2091 3780 2159 pueri

2152 2171 2257 2224 sibi
2290 2170 2407 2226 fotu
2436 2173 2836 2243 recipiendum.
2887 2173 3097 2229 Gavisis
3129 2191 3258 2248 ergo
3295 2176 3364 2230 de
3407 2183 3557 2231 tanta
3577 2193 3783 2235 conso-

2119 2303 2123 2308 -
2155 2263 2362 2320 latione
2393 2265 2722 2335 parentibus
2751 2267 3065 2337 concipitur
3096 2267 3310 2323 futurus
3340 2268 3538 2324 Christi
3589 2273 3784 2341 ponti-

2157 2353 2239 2408 fex
2289 2372 2303 2420 ;
2348 2355 2505 2422 cujus
2549 2355 2986 2410 adminiculante
3052 2357 3227 2427 gratia
3281 2356 3514 2413 feliciter
3571 2359 3781 2426 editus,

2159 2463 2360 2502 nomen
2393 2463 2548 2502 sacro
2578 2447 2746 2501 sumit
2769 2464 2799 2502 e
2825 2447 2977 2503 fonte
3004 2448 3306 2523 Remigius.
3344 2450 3403 2502 In
3429 2450 3586 2518 cujus
3616 2451 3787 2507 lacta-

2158 2540 2307 2594 tione
2357 2540 2688 2610 promissum
2742 2540 2956 2610 pridem
3012 2541 3122 2595 vati
3173 2541 3458 2615 gaudium,
3509 2543 3786 2598 veraciter

2159 2629 2509 2700 adimpletur.
2539 2629 2670 2683 dum
2699 2629 2821 2697 ejus
2853 2629 3032 2684 oculis
3049 2628 3225 2684 beata
3257 2629 3610 2685 matrisillius
3640 2631 3786 2687 laete

2159 2721 2338 2787 tactis,
2399 2720 2586 2775 lumen
2643 2719 2773 2775 olim
2833 2720 3111 2790 perditum
3142 2728 3447 2791 reparatur.
3500 2721 3662 2776 Ortus
3699 2733 3786 2778 est

2157 2820 2340 2868 autem
2391 2828 2529 2883 puer
2588 2813 2713 2881 iste,
2774 2812 3069 2882 praeconiis
3115 2812 3424 2867 declaratus
3480 2820 3784 2884 antequam

2157 2909 2318 2956 natus
2345 2901 2402 2955 in
2433 2916 2576 2975 pago
2608 2900 2984 2967 Laudunensi,
3017 2901 3127 2957 alto
3159 2909 3449 2972 parentum
3481 2903 3784 2975 sanguine,

2149 2992 2263 3060 jam
2300 3001 2487 3048 tamen
2535 3008 2752 3060 senum,
2813 2992 3021 3064 diuque
3077 2993 3349 3048 sterilium
3387 2995 3784 3065 resplendens,

2155 3085 2375 3160 insigne
2414 3085 2740 3142 miriﬁcatus
2780 3085 2837 3140 in
2869 3093 3014 3154 ortu,
3049 3087 3144 3157 qui
3178 3085 3478 3159 magniﬁce
3509 3087 3786 3159 dispone-

433 3171 558 3209 men
588 3151 870 3226 gentibus.
926 3151 1098 3252 Quem
1138 3147 1356 3252 divina“
1388 3144 2053 3252 ιξξςὶῑδξίηυίηΡἾξωιξδξξξδ
2076 3147 2123 3216 C
2152 3144 2316 3232 batur
2343 3177 2723 3232 mirificandus
2753 3177 2810 3231 in
2838 3186 2981 3232 actu.
3026 3178 3235 3232 Nomen
3274 3144 3356 3232 illi
3390 3177 3558 3252 digne
3589 3144 3787 3235 divina

429 3262 650 3318 quoque
682 3253 842 3316 poeta
872 3248 1060 3297 noster
1090 3237 1285 3293 asserit
1317 3238 1494 3308 (initio
1531 3238 1667 3292 Vita
1689 3237 1746 3292 S.
1774 3237 2049 3304 Remigii),

433 3355 542 3394 non
565 3338 744 3394 solum
774 3331 1095 3406 priusquam
1150 3335 1490 3395 nasceretur,
1517 3328 1614 3382 sed
1647 3334 1702 3383 et
1755 3334 2051 3399 antequam

430 3431 836 3501 conciperetur,
865 3425 1068 3498 elegit;
1103 3423 1159 3477 in
1186 3428 1416 3484 tantum,
1436 3420 1796 3475 utMontanus
1825 3420 2052 3491 quidam

433 3524 755 3588 monachus,
785 3521 915 3575 dum
954 3514 1235 3574 levissimo
1282 3528 1484 3584 sepore
1515 3512 1848 3584 quiesceret,
1890 3512 2052 3567 tertio

431 3617 626 3670 fuisset
658 3615 793 3685 [0r.,
825 3611 1007 3680 fuerit]
1067 3607 1451 3664 admonitione
1493 3605 1764 3676 pulsatus,
1801 3611 1860 3660 ut
1889 3605 2050 3659 matri

429 3726 542 3763 sua
568 3706 878 3762 benedicta
908 3703 1142 3766 Cilinia,
1167 3700 1317 3772 quod
1364 3698 1668 3754 masculum
1720 3705 2055 3768 eoneeptura

431 3809 598 3868 esset,
624 3799 868 3854 veridica
905 3795 1173 3851 relatione
1220 3792 1567 3863 praediceret,
1601 3796 1656 3846 et
1696 3805 1900 3845 nomen
1936 3791 2056 3858 ejus

431 3894 513 3946 vel
561 3891 817 3946 meritum
868 3886 1208 3960 designaret.
1269 3881 1365 3936 Hic
1411 3881 1602 3951 itaque
1659 3878 1948 3934 Montanus
1997 3879 2052 3933 in

432 3983 743 4040 reclusione
781 3978 1083 4036 solitariam
1113 3975 1281 4031 vitam
1309 3973 1538 4038 ducens,
1574 3971 1824 4040 jejuniis,
1848 3971 2056 4044 vigiliis

429 4087 482 4131 et
511 4073 858 4131 orationibus
912 4069 1133 4124 assidue
1180 4081 1400 4130 vacans,
1467 4071 1787 4118 caterarum
1831 4061 2052 4133 quoque

431 4167 690 4220 virtutum
737 4156 1054 4235 insignibus
1107 4154 1383 4210 divinitati
1441 4168 1501 4207 se
1550 4151 2051 4206 commendabilem

430 4254 690 4319 reddens,
746 4250 878 4304 dum
926 4261 1222 4317 supernam
1287 4240 1484 4302 Christi
1544 4238 1895 4295 clementiam
1953 4253 2051 4310 pro

430 4358 563 4413 pace
584 4348 788 4395 saneta
819 4335 996 4407 ipsius
1020 4332 1296 4398 Ecclesia,
1330 4345 1453 4403 qua
1479 4328 1644 4385 variis
1672 4329 1819 4399 apud
1851 4327 2052 4383 Gallia-

2154 3270 2457 3341 imponitur
2485 3271 2737 3340 jussione
2768 3271 3071 3346 Remigius,
3125 3278 3318 3342 utpote
3348 3271 3444 3343 qui
3477 3270 3786 3327 Ecelesiam

2151 3362 2271 3430 Dei,
2297 3364 2726 3436 specialiterque
2782 3364 3103 3432 Remorum,
3163 3363 3221 3416 in
3262 3363 3426 3431 hujus
3458 3362 3788 3420 ﬂuctuantis

2151 3455 2276 3511 vitae
2297 3456 2414 3512 salo
2438 3457 2606 3512 remis
2633 3464 2750 3512 erat
2776 3456 3041 3512 doctrina
3073 3465 3347 3522 recturus,
3381 3464 3436 3511 et
3455 3456 3523 3510 ad
3555 3463 3781 3526 portum

2153 3544 2348 3599 salutis
2377 3553 2619 3612 aterna,
2652 3545 2864 3600 meritis
2910 3552 2965 3600 et
2994 3543 3339 3600 orationibus
3384 3544 3782 3615 perducturus.

2156 3638 2482 3706 Remedium
2512 3647 2697 3694 tamen
2729 3655 2854 3694 eum
2885 3639 3057 3694 fuisse
3113 3645 3365 3694 vocatum
3398 3638 3454 3692 in
3492 3637 3788 3693 veteribus

2156 3728 2491 3800 quibusdam
2523 3729 2800 3800 reperitur
2849 3727 3090 3798 scriptis.
3138 3727 3294 3792 Quod
3334 3734 3389 3782 et
3438 3726 3636 3781 merita
3693 3729 3788 3782 vel

2156 3825 2276 3874 acta
2305 3819 2484 3889 ipsius
2513 3816 2885 3882 attendentes,
2919 3817 3022 3872 rite
3059 3817 3433 3881 crederemus,
3479 3815 3583 3870 nisi
3607 3815 3789 3889 gestis

2156 3907 2646 3974 emendatioribus,
2705 3905 2927 3961 oraculo
2978 3905 3133 3960 illum
3198 3904 3412 3971 divino,
3465 3904 3786 3978 Remigium

2157 3999 2464 4071 nuncupari
2483 3999 2689 4054 debere
2725 4011 3206 4071 cognosceremus.
3239 3997 3296 4050 ln
3326 3995 3580 4051 versibus
3609 3995 3787 4050 etiam

2155 4091 2231 4145 ab
2259 4107 2326 4147 eo
2344 4090 2684 4161 compositis,
2719 4096 2774 4145 et
2803 4089 2925 4158 ejus
2974 4096 3252 4159 praeepto
3285 4087 3342 4142 in
3369 4103 3497 4142 vase
3536 4087 3790 4159 quodam

2156 4199 2254 4252 per
2281 4183 2538 4238 eumdem
2567 4183 2679 4238 Deo
2733 4181 2917 4236 dicato
2975 4179 3224 4252 sculptis,
3287 4181 3363 4236 ita
3393 4182 3594 4236 lectum
3626 4195 3795 4236 asse-

2154 4271 2292 4325 ritur
2323 4289 2335 4324 :

2215 4357 2321 4422 Hau
2333 4358 2426 4407 riat
2444 4359 2561 4407 hinc
2588 4358 2801 4422 populus
2819 4358 2978 4422 vitam
2999 4357 3061 4407 de
3085 4358 3326 4422 sanguine
3347 4371 3501 4415 sacro,

429 4449 551 4488 eum
597 4427 912 4501 provincias
968 4423 1269 4480 vexabatur
1297 4419 1719 4484 afflictionibus,
1752 4417 2048 4473 indefessis
2073 4426 2128 4494 D
2218 4419 2404 4501 lpiecto
2421 4417 3422 4501 aterqiijsquemfuditvutn‘ere'Christus
3456 4434 3465 4466 :

433 4521 692 4592 precibus
745 4523 998 4572 exoraret
1031 4532 1045 4579 ;
1079 4512 1174 4568 ubi
1219 4511 1458 4582 quadam
1486 4517 1648 4564 nocte
1677 4507 1860 4563 carnis
1886 4523 2045 4563 com-

435 4614 671 4684 pcllente
700 4608 1018 4682 fragilitate,
1046 4604 1297 4660 membra
1321 4600 1591 4674 permittit
1619 4599 1828 4672 sopori.
1863 4599 2051 4670 quiete

432 4702 757 4774 reparanda,
817 4697 1085 4773 angelicis
1141 4693 1327 4750 subito
1385 4708 1484 4762 per
1537 4689 1781 4745 divinam
1812 4688 2045 4754 gratiam

431 4793 630 4848 choris.
665 4797 1092 4857 sanctarumque
1140 4781 1248 4837 sibi
1278 4777 1497 4836 videtur
1553 4779 1863 4833 animarum
1893 4777 2048 4832 cati-

433 4886 537 4939 bns
562 4885 852 4946 interesse,
885 4877 1306 4934 celeberrimum
1363 4887 1586 4945 quoque
1625 4871 1847 4926 haurire
1878 4870 2053 4924 collo-

433 4975 645 5045 quium,
678 4983 886 5040 eosque
919 4968 988 5022 de
1035 4965 1326 5020 Gallicana
1357 4961 1675 5031 dejectione
1705 4960 1790 5014 vel
1838 4959 2052 5013 restitu-

437 5062 583 5115 tione
609 5058 865 5115 Ecclesia
893 5055 1268 5120 conferentes,
1295 5059 1350 5106 et
1371 5050 1501 5123 quia
1523 5050 1636 5119 jam
1669 5055 1885 5118 tempus
1908 5055 2054 5102 esset

435 5148 732 5204 miserendi
755 5147 896 5216 ejus,
922 5149 1336 5216 pereensentcs,
1361 5139 1581 5195 audire.
1618 5140 1832 5193 Interea
1862 5153 2052 5193 vocem

432 5263 461 5297 a
492 5229 878 5313 superioribus
918 5247 1083 5308 atque
1128 5228 1522 5288 secretioribus
1551 5227 1875 5284 suavissime
1907 5227 2055 5281 into-

2220 4483 2470 4546 Remigius
2500 4482 2897 4534 reddit'Domino
2917 4498 3008 4534 sua
3026 4491 3143 4532 vota
3162 4482 3399 4532 sacerdos.

2225 4588 2378 4654 Quod
2401 4605 2496 4644 vas
2521 4604 2698 4660 usque
2750 4589 2818 4643 ad
2859 4588 3129 4644 moderna
3153 4593 3407 4656 tempora
3435 4582 3791 4656 perduravit,

2152 4682 2333 4738 donec
2363 4682 2566 4748 fusum,
2599 4680 2968 4736 Nordmannis
2996 4679 3208 4735 dudum
3241 4678 3298 4732 in
3337 4675 3798 4746 redemptionem

2150 4771 2337 4826 datum
2369 4777 2452 4826 est
2479 4769 2938 4826 Christianorum.
2997 4767 3168 4837 Hujus
3201 4765 3507 4822 beatissimi
3540 4764 3800 4837 Remigii

2156 4861 2339 4917 nutrix
2395 4860 2563 4916 beata
2590 4857 2862 4913 Balsamia
2921 4856 3091 4912 fuisse
3144 4856 3401 4924 traditur,
3442 4870 3566 4926 qua
3603 4862 3807 4912 mater

2154 4953 2427 5007 exstitisse
2478 4949 2650 5006 sancti
2706 4947 2908 5004 Celsini
2962 4954 3346 5013 memoratur;
3397 4945 3492 5018 qui
3547 4952 3606 5000 et
3664 4946 3805 5016 ipse

2155 5046 2305 5102 beati
2341 5042 2574 5115 Remigii
2606 5040 2909 5112 discipulus
2964 5039 3139 5095 fuisse
3171 5037 3465 5094 familiaris
3493 5038 3802 5105 asseritur,

2159 5135 2438 5191 miraculis
2462 5149 2682 5205 quoque
2735 5131 3089 5204 postmodum
3121 5130 3384 5186 claruisse
3411 5129 3808 5204 dignoscitur,

2157 5237 2212 5282 et
2239 5241 2526 5298 aequorum
2552 5224 2789 5279 maxime
2808 5223 2952 5279 votis
2992 5223 3174 5278 adhuc
3206 5221 3445 5295 insignis
3497 5219 3746 5276 habetur
3787 5240 3808 5277 :

2158 5319 2214 5373 in
2245 5319 2402 5388 cujus
2456 5324 2512 5372 et
2540 5317 2660 5388 ipsa
2688 5315 2848 5373 beata
2910 5315 3145 5391 genitrix
3199 5313 3450 5383 ejusdem
3481 5312 3818 5384 requiescit

2161 5411 2415 5466 ecclesia.
2445 5409 2698 5464 Traditus
2716 5425 2747 5463 a
2768 5407 3098 5480 parentibus
3125 5408 3327 5463 schola
3373 5407 3570 5462 beatus
3595 5405 3818 5462 Remi-

2155 5499 2279 5573 gius
2308 5498 2509 5553 litteris
2565 5496 2920 5559 imbuendus,
2981 5494 3140 5550 brevi
3189 5495 3412 5561 coavis,
3444 5494 3542 5549 sed
3575 5503 3633 5549 et
3651 5502 3818 5554 natu

2153 5587 2455 5655 majoribus
2505 5586 2755 5643 doctrina
2783 5585 3122 5641 eminentior
3154 5590 3239 5640 est
3266 5581 3513 5639 effectus.
3543 5581 3823 5642 Cunctos

2152 5692 2426 5750 superans,
2447 5674 2882 5746 condiscipulos,
2906 5689 3121 5732 morum
3163 5672 3477 5729 maturitate
3507 5687 3572 5728 ac
3601 5670 3823 5729 bene-

433 5342 654 5386 nantem
683 5328 916 5399 exeipit:
953 5351 979 5372 α
1009 5323 1165 5390 Quod
1218 5322 1482 5377 Dominus
1511 5320 1579 5374 de
1619 5317 1836 5373 excelso
1864 5323 2054 5371 sancto

430 5445 531 5481 suo
566 5422 868 5496 prospexit,
901 5421 971 5475 de
1001 5417 1142 5473 calo
1173 5416 1226 5469 in
1249 5421 1465 5470 terram'
1483 5412 1714 5482 aspexit,
1747 5419 1805 5465 ut
1837 5409 2055 5463 audiret

430 5518 669 5588 gemitus
691 5509 1154 5581 eompeditorum,
1183 5513 1242 5559 ut
1280 5503 1518 5558 solveret
1540 5501 2055 5570 filiosinterempto-

434 5625 574 5671 rum,
637 5613 694 5660 ut
725 5601 1082 5658 annuntietur
1141 5612 1344 5653 nomen
1397 5595 1518 5663 ejus
1571 5593 1629 5646 in
1686 5591 1964 5666 gentibus,
1997 5591 2051 5645 in

433 5693 816 5749 convcnicndo
857 5689 1094 5762 populos
1141 5687 1197 5741 in
1241 5699 1413 5741 unum
1445 5689 1500 5739 et
1527 5696 1708 5756 reges,
1730 5687 1790 5737 ut
1809 5679 2053 5737 serviant
