4038 6166
224 310 284 366 45
855 304 1182 360 HISTORIA?
1222 303 1551 360 ECCLESI/E
1590 302 1839 358 REMENS

1956 299 2132 354 LIBRI
2173 297 2496 363 QUATUOR.
2525 330 2596 338 -—
2635 298 2758 353 LIB.
2802 297 2840 352 I.

224 435 451 493 volentia:
470 434 758 499 charitate,
784 434 1112 504 populorum
1144 435 1374 489 studens
1396 434 1585 490 turbas
1606 433 1802 500 vitare,
1835 445 1881 503 Α
1908 447 2058 491 cura,
2106 429 2212 484 nisi
2244 436 2336 484 aut
2366 429 2432 482 de
2473 430 2582 483 Deo
2631 429 2686 482 in
2737 428 2998 494 lectione,
3048 437 3213 500 atque
3241 442 3518 493 sermone,

227 539 367 599 atque
395 527 747 581 solitariusin
774 525 1082 581 reclusione
1106 524 1805 597 Dominodeservire,quod
1910 530 2002 578 aut
2072 539 2193 577 cum
2273 522 2384 575 Deo
2464 521 2519 574 in
2593 520 2842 575 oratione
2901 521 3102 592 loqui;
3160 519 3350 592 sicque
3425 529 3516 575 at—

227 625 270 670 et
295 615 536 679 obtinuit,
571 614 891 685 habitaque,
914 623 1117 670 sanctae
1139 615 1578 672 conversationis
1609 614 1809 669 studiis
1912 619 2135 667 tenuato
2167 609 2744 678 continuatisjejuniis
2775 626 3028 681 corpore,
3062 610 3130 665 de
3164 617 3520 681 persecutore

227 703 526 757 adolescens
557 703 699 773 pius,
723 702 1049 766 inclusione.
1083 702 1335 760 Lauduni
1358 703 1572 761 Christo
1601 703 1807 758 milita-
1911 699 2158 757 certabat
2189 697 2436 765 inimico,
2464 697 2584 770 jugi
2637 697 2975 768 triumphare
3033 704 3320 770 martyrio.
3378 700 3525 753 Inter

227 790 306 845 vit.
1916 794 2033 848 hzec
2067 801 2246 846 tamen
2278 789 2463 846 omnia
2504 789 2830 846 intendebat
2886 789 2969 844 vir
3029 789 3406 857 beatissimus,
3466 799 3525 844 ut

1914 881 2079 935 etiam
2109 879 2177 934 ab
2204 878 2329 933 aliis
2351 879 2421 933 de
2448 878 2570 950 ipso
2589 877 2916 948 jamdudum
2940 877 3297 949 praedicatum
3326 879 3528 952 legitur

1834 989 1835 992 ‘
1915 972 2252 1041 (timeamus
2278 971 2412 1026 ibid.
2446 981 2500 1025 et
2530 971 2900 1038 FORTUNATUS)
2934 988 2946 1024 :
2999 969 3322 1025 Jactantiam
3353 971 3529 1026 virtu-

1917 1073 2029 1121 tum
2051 1065 2266 1141 fugere,
2302 1064 2356 1118 in
2385 1081 2496 1136 quo
2525 1081 2634 1120 non
2674 1071 2888 1135 poterat
2936 1063 3112 1137 gratia
3159 1062 3306 1116 celsa
3337 1063 3526 1118 latere.

1917 1154 2318 1212 Praeeminebat
2343 1154 2492 1208 enim
2525 1155 2593 1209 ad
2617 1154 3042 1209 admirationem
3066 1152 3333 1219 omnium,
3363 1153 3532 1208 veluti

1917 1249 2113 1305 civitas
2139 1264 2308 1318 supra
2341 1248 2544 1302 montis
2585 1248 2847 1302 verticem
2881 1247 2986 1301 sita
3019 1264 3030 1300 :
3065 1263 3168 1302 nec
3198 1246 3300 1301 sub
3349 1245 3534 1300 modio

1918 1340 2091 1397 voluit
2148 1339 2410 1393 Dominus
2437 1328 2590 1394 hanc.
2607 1338 2786 1394 occuli
2827 1338 3136 1406 lucernam,
3169 1355 3335 1410 quam
3369 1353 3536 1408 supra

1920 1429 2238 1486 candelabri
2316 1428 2680 1484 constituerat
2760 1428 3122 1484 eminentiam
3190 1429 3389 1499 (Matth
3481 1442 3531 1481 v.

1923 1522 2130 1591 14-15),
2155 1521 2283 1594 igne
2315 1519 2518 1575 divinae
2540 1521 2790 1577 tribuens
2838 1537 2959 1576 eam
3008 1521 3294 1576 charitatis
3320 1520 3536 1588 ardere,

1922 1611 2179 1682 claraque
2196 1610 2614 1681 splendidarum
2630 1605 2891 1667 Ecclesia:
2907 1627 3020 1667 sua:
3041 1610 3303 1667 virtutum
3329 1609 3539 1664 lumina

838 883 1044 938 CAPUT
1081 884 1164 939 XI.

285 981 350 1031 De
375 975 715 1032 ordinatione
740 981 912 1048 ipsius
941 981 1015 1034 ad
1023 983 1387 1050 episcopatum
1410 983 1734 1037 Remensem.

286 1067 368 1119 Ast
396 1066 487 1120 ubi
509 1067 834 1122 vicesimum
875 1069 1178 1123 secundum
1235 1069 1413 1124 altatis
1472 1069 1648 1124 subiit
1705 1086 1809 1124 an-

228 1174 360 1223 num,
392 1157 660 1213 defuncto
692 1159 916 1230 praefato
965 1161 1271 1216 venerabili
1306 1162 1589 1217 Bennadio
1627 1163 1813 1222 archi-

229 1251 486 1320 episcOpo,
524 1251 580 1304 in
607 1251 709 1306 hac
727 1251 864 1307 urbe
893 1253 1171 1320 Remensi,
1205 1253 1453 1308 omnium
1480 1254 1818 1328 generaliter

231 1343 352 1396 votis
376 1343 439 1396 ad
460 1344 676 1414 apicem
710 1343 1066 1415 pontiﬁcatus
1097 1361 1208 1400 non
1257 1353 1364 1400 tam
1396 1346 1623 1412 electus,
1653 1365 1816 1420 quam

234 1439 396 1501 raptus
426 1431 599 1487 fuisse
631 1434 1000 1508 dignoscitur.
1034 1435 1117 1488 Fit
1157 1435 1432 1506 siquidem
1467 1437 1656 1507 populi
1686 1453 1820 1493 con-

231 1533 417 1580 cursus,
444 1521 651 1575 diversi
672 1522 898 1592 quidem
935 1538 1121 1590 sexus,
1147 1523 1502 1593 conditionis,
1536 1525 1824 1600 dignitatis

229 1618 274 1663 et
297 1611 483 1677 aetatis,
507 1627 618 1667 una
651 1613 959 1686 eademque
986 1616 1280 1682 sententia,
1343 1618 1492 1672 hunc
1534 1635 1663 1674 vere
1710 1620 1822 1675 Deo

229 1696 458 1771 dignum,
481 1706 534 1752 et
555 1699 648 1772 qui
677 1701 900 1772 populis
932 1703 1137 1772 praeﬁci
1162 1704 1414 1771 deberet,
1447 1707 1817 1764 acclamantis.
1849 1755 1896 1772 η
1925 1701 2262 1755 ministrare-

227 1789 597 1846 Sanctissimus
627 1791 795 1864 igitur
843 1794 1167 1850 adolescens
1197 1796 1282 1851 his
1311 1797 1606 1869 depressus
1637 1817 1818 1875 angu-
1845 1789 1900 1824 υ
2554 1789 2762 1846 CAPUT
2792 1790 2907 1846 ΧῙῙ-

228 1881 350 1946 sliiS,
381 1883 643 1953 quoniam
673 1900 777 1940 nec
807 1884 950 1960 fugae
997 1889 1152 1942 locus
1201 1889 1252 1944 ei
1298 1889 1513 1960 uspiam
1574 1892 1822 1963 patebat,
1926 1886 1999 1938 De
2029 1882 2257 1938 diversis
2287 1883 2356 1937 ab
2384 1898 2440 1937 eo
2475 1885 2716 1952 patratis
2745 1882 3052 1950 miraculis,
3105 1884 3155 1936 et
3201 1879 3267 1936 de
3293 1878 3543 1933 doctrina

229 1984 317 2023 nec
339 1971 543 2041 populo
576 1980 634 2027 ut
663 1973 729 2026 ab
772 1973 1081 2029 intentione
1134 1983 1316 2046 ccepta
1369 1978 1680 2045 desisteret,
1713 1979 1825 2035 ullo
2615 1978 2812 2046 ipsius.

231 2061 374 2116 modo
431 2064 753 2119 satisfacere
799 2073 1062 2136 poterat,
1131 2083 1300 2138 super
1373 2070 1548 2125 aetatis
1594 2070 1826 2126 inﬁrmae

230 2154 380 2222 carpit
403 2157 674 2227 conqueri
691 2165 959 2229 tempore,
983 2168 1038 2213 et
1059 2161 1207 2231 quod
1232 2162 1608 2218 ecclesiastica
1639 2165 1828 2236 regula

230 2245 356 2299 hanc
383 2255 605 2302 aetatem
638 2249 706 2303 ad
729 2259 934 2306 tantam
967 2267 1077 2307 non
1107 2253 1423 2309 admitteret
1477 2255 1826 2328 dignitatem,

228 2353 344 2393 voce
373 2341 599 2410 publica
628 2344 947 2414 praedicare.
979 2345 1085 2400 Sed
1116 2363 1239 2401 cum
1268 2347 1708 2402 irrevocabiliter
1729 2365 1831 2419 po-

227 2426 327 2495 puli
352 2428 680 2485 acclamarct
710 2431 1042 2503 frequentia,
1077 2441 1130 2489 et
1151 2435 1235 2489 vir
1266 2435 1360 2489 Dei
1384 2452 1583 2508 magna
1614 2437 1828 2491 retine-

227 2528 361 2572 retur
416 2523 754 2589 constantia,
803 2524 1008 2594 placuit
1078 2527 1446 2597 omnipotenti
1508 2529 1618 2583 Deo
1648 2529 1832 2582 mani-

228 2604 526 2664 festissimis
568 2610 794 2665 indiciis
832 2614 1144 2684 propalare,
1170 2616 1316 2686 quod
1351 2615 1469 2687 ipse
1497 2617 1565 2670 de
1597 2631 1662 2670 eo
1677 2617 1831 2685 judi-

228 2693 357 2750 cium
413 2698 755 2772 dignabatur
807 2701 1038 2756 habere.
1079 2702 1332 2756 Traditur
1387 2703 1534 2758 enim
1590 2706 1835 2761 caelestis

231 2788 353 2842 radii
384 2789 578 2847 lumen
611 2809 783 2865 super
806 2793 980 2865 ipsius
999 2801 1251 2850 sanctum
1272 2796 1458 2852 subito
1473 2796 1835 2854 descendisse

228 2878 496 2944 verticem,
534 2889 590 2934 et
623 2898 748 2937 cum
779 2882 898 2955 ipso
929 2881 1136 2938 lumine
1195 2884 1412 2939 caelitus
1443 2885 1564 2954 ejus
1595 2886 1835 2942 infusum

229 2974 381 3044 capiti
403 2976 680 3051 unguinis
709 2976 880 3032 divini
906 2977 1200 3048 liquorem,
1227 2978 1384 3046 cujus
1399 2981 1536 3034 sacri
1573 2981 1835 3048 nectaris,

229 3062 462 3130 ejusdem
500 3075 682 3120 totum
715 3066 996 3120 videretur
1017 3075 1182 3137 caput
1209 3066 1487 3124 infusione
1502 3071 1812 3125 delibutum
1867 3119 1909 3141 η

229 3151 368 3207 Omni
392 3171 527 3230 ergo
559 3156 878 3226 posthabita
945 3156 1314 3226 dubitatione,
1373 3163 1670 3231 praesulum
1728 3163 1839 3218 Re-

227 3247 418 3302 mensis
441 3247 818 3304 unanimitate
859 3250 1181 3321 provinciae,
1217 3249 1840 3322 pontiﬁcaliconsecra-

231 3344 310 3391 tur
360 3338 784 3396 benedictione.
836 3343 910 3396 Ad
969 3343 1117 3414 quod
1150 3343 1392 3400 ofﬁcium
1451 3345 1682 3400 miriﬁce
1715 3362 1837 3401 mox

229 3425 442 3483 devotus
474 3439 535 3484 et
559 3429 881 3501 aptissimus
901 3433 1158 3503 apparuit
1175 3435 1590 3506 exsequendum
1616 3453 1629 3500 ;
1655 3435 1840 3509 largus

232 3516 282 3570 in
308 3519 709 3592 eleemosynis,
742 3521 970 3577 sedulus
997 3525 1050 3578 in
1073 3523 1300 3598 vigiliis,
1334 3533 1576 3582 attentus
1630 3527 1689 3581 in
1717 3543 1839 3582 ora-

232 3610 483 3677 tionibus,
523 3615 586 3668 in
629 3615 972 3670 humanitate
1001 3616 1281 3688 profusus,
1312 3619 1368 3672 in
1409 3619 1674 3674 charitate
1715 3635 1841 3690 per-

230 3698 409 3768 fectus,
471 3703 536 3758 in
594 3704 848 3760 doctrina
909 3706 1251 3778 praecipuus,
1310 3709 1366 3762 in
1421 3707 1840 3764 conversatione

230 3795 632 3850 sanctissimus.
687 3796 886 3852 Mentis
943 3799 1250 3870 purissimae
1285 3803 1704 3869 sinceritatem,
1763 3804 1838 3876 pii

231 3883 399 3937 vultus
473 3884 820 3956 praeferebat
900 3887 1227 3957 alacritate,
1309 3893 1842 3965 clementissimique

231 3971 400 4026 cordis
454 3973 869 4046 benignitatem
898 3978 1171 4034 sermonis
1203 3979 1485 4035 indicabat
1517 3982 1839 4052 tranquilli-

235 4068 352 4117 tate.
370 4065 580 4121 Salutis
602 4072 827 4121 aeternze
848 4069 1037 4122 munia
1058 4086 1166 4125 non
1191 4071 1370 4126 minus
1393 4073 1630 4144 implens
1653 4089 1839 4144 opere,

237 4167 385 4222 quam
416 4156 672 4212 edocens
711 4157 1106 4227 praedicatione
1140 4178 1154 4226 ;
1212 4163 1548 4217 reverendus
1595 4171 1842 4233 aspectu,

237 4249 580 4302 venerandus
612 4247 834 4303 incessu
856 4289 870 4317 ,
914 4252 1247 4307 metuendus
1281 4255 1599 4322 severitate,
1633 4255 1848 4326 ample—

233 4339 454 4394 ctendus
481 4339 860 4414 benignitate,
908 4358 1198 4398 censuram
1257 4345 1619 4402 districtionis
1640 4347 1851 4418 permi-

233 4429 400 4486 stione
439 4431 799 4504 temperabat
847 4436 1311 4491 mansuetudinis.
1375 4438 1564 4493 Minari
1625 4439 1848 4511 quidem

233 4514 418 4575 frontis
443 4521 752 4576 videbatur
779 4523 1094 4592 austeritas,
1117 4525 1213 4579 sed
1255 4526 1436 4581 cordis
1457 4527 1852 4584 blandiebatur

233 4609 538 4676 serenitas;
573 4617 786 4682 uterga
812 4611 1043 4667 devotos
1064 4613 1254 4669 Petrus
1285 4623 1579 4687 appareret
1606 4617 1662 4670 in
1695 4619 1848 4672 vultu

234 4708 417 4752 contra
446 4699 850 4771 delinquentes
915 4701 1112 4756 Paulus
1170 4703 1450 4759 videretur
1488 4705 1543 4760 in
1601 4705 1799 4777 spiritu
1835 4748 1848 4773 ,

233 4789 415 4862 sicque
445 4792 759 4867 gratiarum
790 4793 1108 4850 diversitate
1148 4795 1204 4850 in
1262 4813 1431 4851 unum
1461 4799 1850 4863 conveniente,

236 4878 375 4938 illius
416 4884 671 4956 pietatis.
709 4885 872 4952 hujus
904 4894 1021 4940 erat
1050 4887 1297 4943 imitator
1350 4892 1711 4958 auctoritatis,
1755 4909 1855 4946 ne-

237 4973 438 5045 glector
460 4976 697 5048 quietis,
739 4976 930 5052 refuga
957 4979 1280 5050 voluptatis,
1317 4982 1594 5052 appetitor
1623 4983 1852 5052 laboris,

239 5066 450 5132 patiens
509 5064 865 5135 abjectionis,
923 5067 1219 5138 impatiens
1250 5069 1497 5138 honoris,
1542 5089 1754 5144 pauper
1798 5074 1856 5128 in

241 5160 491 5225 pecunia,
529 5157 693 5212 dives
723 5159 779 5213 in
829 5161 1191 5230 conscientia,
1234 5164 1460 5220 humilis
1516 5166 1584 5220 ad
1642 5167 1855 5234 merita,

242 5250 514 5320 superbus
538 5250 613 5304 ad
644 5251 797 5307 vitia.
832 5253 970 5308 Etut
991 5263 1118 5309 ante
1142 5271 1242 5310 nos
1257 5257 1326 5311 de
1359 5257 1478 5328 ipso
1502 5260 1857 5328 praedicatum

241 5336 435 5411 legitur
466 5340 816 5408 (IImcnanus
836 5341 890 5395 in
924 5342 1050 5397 libr.
1089 5347 1165 5399 De
1201 5347 1328 5400 Vita
1356 5348 1575 5416 ipsius),
1606 5347 1684 5403 sic
1719 5348 1772 5402 in
1799 5365 1860 5403 se

239 5424 477 5483 diversas
501 5428 751 5484 excoluit
782 5431 1084 5504 gratiarum
1107 5433 1360 5501 virtutes,
1385 5444 1447 5489 ut
1491 5436 1580 5490 vix
1603 5437 1678 5491 ita
1704 5438 1861 5507 pauci

235 5521 492 5572 tenerent
520 5518 796 5590 singulas,
817 5521 1096 5592 quomodo
1126 5521 1220 5578 ille
1254 5522 1502 5594 implevit
1556 5526 1860 5582 universas.

236 5606 467 5682 Semper
499 5609 563 5664 in
600 5611 772 5666 sancti
799 5612 988 5684 operis
1013 5614 1299 5683 exercitio,
1360 5631 1582 5688 semper
1621 5617 1676 5672 in
1705 5635 1863 5674 com-

238 5703 570 5770 punctionis
632 5701 846 5771 aﬂectu,
867 5706 1019 5762 nulla
1042 5705 1123 5762 illi
1152 5724 1218 5764 ex
1248 5708 1510 5765 omnibus
1537 5712 1869 5782 propensior

1877 4485 1932 4554 D

2001 2066 2078 2120 Ad
2111 2067 2270 2136 cujus
2295 2066 2622 2132 sanctitatis,
2648 2080 2760 2120 non
2793 2061 3189 2126 innocentiam,
3214 2075 3324 2117 non
3357 2061 3537 2117 solum

1932 2155 2343 2212 rationabilium
2384 2199 2398 2223 ,
2455 2155 2553 2210 sed
2636 2155 2802 2210 etiam
2873 2152 3337 2208 irrationabilium
3406 2166 3543 2206 con-

1930 2247 2244 2319 sueverant]
2305 2248 2548 2319 agrestia
2599 2247 2767 2303 corda
2831 2260 3243 2312 mansuescere,
3290 2245 3429 2299 adeo
3487 2252 3547 2299 ut

1933 2341 2062 2394 dum
2112 2339 2256 2394 inter
2307 2339 2643 2395 domesticos
2704 2339 2974 2394 secretius
3045 2353 3168 2392 cum
3227 2337 3548 2410 contigisset

1932 2428 2141 2483 habere
2172 2429 2505 2495 convivium,
2543 2437 2597 2483 et
2627 2428 2999 2483 delectaretur
3032 2426 3088 2480 in
3116 2426 3393 2480 hilaritate
3415 2427 3548 2480 cha-

1935 2533 2139 2585 rorum,
2175 2533 2428 2590 passeres
2457 2518 2521 2572 ad
2553 2533 2681 2571 eum
2717 2518 2837 2572 sine
2896 2515 3264 2587 trepidatione
3305 2515 3545 2570 descen—

1934 2609 2130 2666 derent
2157 2617 2211 2664 et
2239 2625 2442 2664 mensae
2458 2609 2724 2680 reliquias
2750 2609 2818 2663 ab
2851 2608 2970 2678 ejus
2999 2624 3164 2662 manu
3194 2607 3550 2681 colligerent,

1937 2699 2291 2754 discederent
2348 2697 2442 2751 alii
2493 2698 2687 2764 saturi,
2735 2697 3064 2752 accederent
3104 2696 3194 2750 alii
3244 2697 3552 2750 saturandi.

1938 2791 2093 2857 Quod
2116 2790 2184 2844 ab
2219 2790 2416 2845 eodem
2451 2805 2802 2862 nequaquam
2850 2788 3114 2857 jactantia
3163 2787 3555 2860 prOpalabatur

1937 2885 2278 2948 meritorum,
2307 2883 2402 2938 sed
2435 2883 2487 2937 id
2544 2883 2823 2938 Dominus
2878 2882 2965 2955 agi
3022 2891 3170 2937 certa
3209 2882 3556 2952 disposuerat

1938 2981 2176 3039 utilitate
2209 2975 2645 3041 convivantium,
2676 2984 2742 3031 ut
2770 2977 2874 3030 hoc
2902 2975 3137 3047 aliisque
3169 2974 3555 3048 frequentissi-

1939 3070 2043 3125 mis
2061 3085 2158 3141 per
2197 3068 2343 3122 hunc
2365 3065 2561 3120 Christi
2615 3064 2877 3119 famulum
2930 3065 3063 3120 visis
3094 3066 3397 3133 miraculis,
3430 3081 3555 3120 sese

1939 3158 2235 3217 dominicis
2269 3155 2573 3212 ferventius
2604 3155 2895 3210 studerent
2936 3156 3254 3227 mancipare
3285 3155 3551 3210 servitiis.

2014 3249 2107 3304 llic
2140 3248 2223 3302 vir
2249 3246 2624 3310 beatissimus,
2655 3261 2778 3300 cum
2811 3261 2876 3300 ex
2909 3260 3082 3310 more,
3137 3244 3376 3318 quodam
3411 3254 3554 3300 tem-

1941 3359 2076 3416 pore
2113 3337 2375 3411 pastorali
2408 3336 2631 3391 solertia
2664 3335 2958 3407 parochias
3011 3337 3347 3403 circumiret,
3404 3345 3464 3393 ut
3511 3337 3557 3393 si

1942 3435 2290 3510 negligenter
2345 3429 2558 3501 aliquid
2621 3429 2677 3482 in
2719 3428 2934 3484 divinis
2983 3429 3224 3484 cultibus
3279 3437 3556 3504 ageretur,

1942 3526 2126 3582 ﬁdelis
2158 3521 2357 3578 Christi
2389 3537 2581 3576 servus
2619 3528 2966 3596 agnosceret,
3029 3522 3084 3576 in
3115 3522 3315 3584 vicum.
3352 3521 3557 3576 Calmi-

1943 3621 2156 3676 ciacum
2188 3615 2436 3680 nomine,
2501 3613 2681 3684 ipsius
2736 3613 2970 3668 accessit
3017 3613 3189 3670 studii
3239 3615 3555 3670 devotione.

1943 3713 2069 3779 Ubi,
2093 3711 2222 3766 dum
2256 3708 2478 3780 quidam
2508 3722 2691 3762 caecus
2718 3706 2787 3762 ab
2821 3722 2888 3762 eo
2919 3707 3318 3765 misericordiae
3360 3715 3557 3780 postu-

1944 3808 2110 3861 lasset
2152 3817 2338 3873 opem,
2393 3800 2582 3871 coepit,
2630 3815 2739 3871 qua
2794 3799 3002 3855 dudum
3035 3808 3229 3871 captus
3278 3802 3560 3856 exstiterat

1943 3896 2306 3956 infestatione
2335 3893 2626 3963 daemonis,
2656 3893 2951 3948 vexatione
2991 3895 3237 3964 torqueri
3287 3895 3555 3966 corporis.

1944 3987 2094 4042 Tunc
2119 3992 2344 4038 sanctus
2364 3980 2651 4055 Remigius
2676 3981 2732 4035 in
2754 3981 3024 4046 oratione,
3055 3997 3164 4052 qua
3210 3982 3319 4036 Deo
3341 3998 3563 4054 semper

1945 4071 2465 4132 sanctaintentione
2510 4069 2766 4136 vacabat,
2816 4085 3085 4141 corporea
3134 4086 3194 4124 se
3249 4071 3561 4140 dejectione

1949 4165 2260 4240 prostravit,
2295 4163 2592 4235 statimque
2611 4162 2911 4234 pristinum
2954 4178 3101 4218 caeco
3164 4163 3350 4220 lumen
3374 4164 3565 4219 redhi-

1948 4258 2108 4320 bens,
2139 4253 2411 4310 immundi
2465 4267 2688 4324 quoque
2734 4259 2944 4322 pestem
2997 4251 3227 4324 spiritus
3282 4251 3564 4328 cﬁ'ugavit,

1951 4348 2154 4421 triplici
2205 4346 2476 4413 remedio,
2532 4345 2796 4400 nimirum
2854 4346 3006 4401 victu
3053 4346 3240 4402 solans
3306 4363 3563 4420 egenum,

1957 4453 2254 4494 munerans
2281 4436 2403 4490 visu
2425 4443 2713 4500 caecatum,
2767 4435 3065 4489 restituens
3122 4435 3362 4502 libertati
3391 4437 3568 4508 capti-

1956 4543 2106 4582 vum.

2022 4615 2142 4671 Alio
2164 4628 2385 4688 quoque
2418 4619 2692 4684 tempore,
2717 4611 2848 4666 dum
2869 4611 3172 4684 pontiﬁcali
3192 4614 3567 4670 sollicitudine

1954 4706 2272 4781 parochiam
2316 4709 2657 4776 peragraret,
2693 4708 2917 4774 rogatus
2975 4718 3005 4755 a
3044 4701 3282 4772 quadam
3341 4703 3568 4758 sobrina

1953 4817 2074 4864 sua,
2108 4797 2331 4854 nomine
2358 4796 2654 4858 Celsa,Deo
2679 4801 2911 4861 sacrata,
2943 4794 3129 4848 villam
3175 4794 3372 4866 ipsius,
3403 4811 3569 4851 voca-

1956 4893 2088 4947 bulo
2111 4891 2321 4944 Celtum
2340 4888 2480 4957 (Gal,
2513 4888 2764 4954 Cernayn,
2783 4885 2938 4939 adiit.
2967 4884 3047 4939 Ibi
3072 4885 3200 4940 dum
3235 4888 3434 4940 beatus
3461 4886 3567 4948 vir,

1957 4979 2301 5053 spiritalibus
2332 4975 2626 5048 colloquiis
2647 4975 2773 5030 vita}
2805 4975 3064 5047 propinat
3087 4975 3294 5047 hospiti
3318 4975 3386 5029 de
3415 4991 3567 5030 more

1959 5073 2179 5146 pocula,
2206 5072 2460 5127 minister
2491 5069 2732 5141 praefatae
2759 5069 2949 5134 Celsae,
3007 5069 3122 5125 vini
3181 5068 3568 5124 sufﬁcientiam

1959 5162 2200 5218 dominae
2230 5175 2343 5216 suae
2385 5159 2599 5216 nuntiat
2630 5173 2740 5213 non
2780 5158 2996 5216 adesse.
3052 5158 3129 5214 Re
3182 5156 3569 5226 hujuscemodi

1961 5256 2201 5331 mgnita,
2261 5261 2482 5307 sanctus
2533 5249 2819 5325 Remigius
2875 5251 3016 5305 hanc
3065 5249 3226 5304 hilari
3259 5251 3575 5305 consolatur

1961 5347 2114 5402 vultu
2135 5353 2189 5399 et
2218 5350 2340 5414 post
2370 5341 2575 5395 blanda
2606 5340 2761 5395 verbi
2820 5340 3088 5396 solamina
3148 5341 3396 5410 ejusdem
3465 5341 3571 5395 sibi

1964 5439 2160 5495 domus
2190 5434 2408 5492 ostendi
2436 5433 2698 5505 praecepit
2720 5433 3035 5488 habitacula
3079 5433 3279 5506 Sicque
3312 5433 3381 5488 de
3410 5433 3574 5487 indu-

1965 5532 2097 5587 stria
2152 5529 2304 5601 prius
2339 5530 2681 5600 perlustrans
2710 5538 2930 5596 caetera,
2993 5530 3216 5584 tandem
3279 5527 3348 5582 ad
3380 5525 3572 5581 cellam

1968 5621 2219 5692 pervenit
2243 5622 2513 5678 vinariam
2545 5642 2562 5677 :
2611 5638 2774 5694 quam
2805 5619 2912 5675 sibi
2945 5619 3155 5674 faciens
3179 5614 3400 5688 aperiri,
3426 5611 3577 5685 rogi-

1973 5719 2052 5766 tat
2083 5712 2129 5766 si
2162 5711 2302 5771 forte
2329 5722 2670 5769 remanserat
2691 5713 2748 5769 in
2792 5712 2979 5783 aliquo
3013 5722 3262 5766 vasorum
3292 5702 3575 5778 quidpiam
