4038 6166
439 363 507 416 47
1565 339 1934 397 FLODOARDI
1974 333 2280 392 CANONICI
2319 333 2644 389 REMENSIS
3708 329 3778 382 48

445 490 582 545 vini.
614 488 676 543 Et
701 485 986 555 designato
1024 477 1129 533 sibi
1150 492 1301 544 vase,
1335 475 1392 528 in
1424 488 1532 545 quo
1586 471 1856 527 tantillum
1911 467 2050 532 vini,
2076 470 2131 537 Α
2159 462 2875 519 intenninationevindictaa
2905 463 2962 516 in
2987 477 3112 517 eum
3134 476 3257 533 quae
3286 461 3454 518 vetita
3492 463 3609 516 haec
3638 477 3778 532 pra)-

448 598 547 653 pro
586 576 850 634 salvando
880 572 1091 628 scilicet
1114 570 1332 635 eodem,
1365 567 1619 620 relictum
1643 563 1834 624 fuerat,
1874 558 2052 614 claudi

451 672 713 746 przecepit
743 668 968 730 ostium,
1006 666 1275 736 jussoque
1306 660 1609 716 consistere
1649 658 1771 711 loco
1826 654 2060 709 cellera—

449 766 748 834 rium;ipse
771 776 900 816 vero
923 759 990 813 ad
1039 758 1268 811 alteram
1322 753 1594 809 accedens
1614 749 1758 804 vasis
1798 746 2053 810 frontem,

447 832 797 926 superidem,
813 849 963 920 quod
977 853 1094 901 erat
1110 861 1219 900 non
1242 842 1473 897 modicae
1491 836 1836 912 quantitatis,
1856 832 2057 890 Christi

448 948 676 1002 adnotat
705 959 946 1008 crucem,
998 940 1337 1008 ﬂcctensque
1377 949 1554 1007 genua
1579 946 1739 986 secus
1769 927 2057 999 parietem,

451 1036 590 1091 caelo
613 1035 869 1088 devotam
897 1028 1085 1100 dirigit
1116 1042 1358 1098 precem.
1392 1021 1568 1092 Caepit
1597 1020 1830 1084 interea,
1862 1015 2060 1069 mirum

453 1129 627 1194 dictu,
681 1127 868 1181 vinum
903 1140 999 1194 per
1049 1120 1294 1174 foramen
1351 1113 1612 1186 superius
1643 1110 1943 1173 exundare,
1999 1123 2063 1161 ac

452 1238 620 1292 supra
650 1219 1025 1290 pavimentum
1079 1211 1431 1267 abundanter
1479 1205 1730 1260 efﬂuere.
1786 1200 2065 1255 Exclamat

455 1317 562 1369 hoc
599 1311 716 1368 viso
764 1307 1104 1372 cellerarius,
1131 1314 1354 1374 stupore
1376 1297 1683 1371 perculsus.
1715 1294 1821 1349 Sed
1852 1308 1976 1348 mox
2035 1308 2064 1344 a

457 1410 648 1457 sancto
677 1400 794 1454 viro
827 1410 1130 1467 repressus,
1164 1392 1306 1448 neid
1338 1391 1515 1461 palam
1548 1385 1732 1452 faciat,
1759 1382 2063 1438 inhibetur.

459 1494 522 1547 At
543 1491 669 1562 quia
701 1496 809 1542 tam
843 1485 971 1539 clari
1001 1484 1189 1537 lumen
1219 1479 1407 1550 operis
1450 1476 1679 1532 minime
1733 1472 1906 1529 valuit
1937 1471 2065 1525 abs-

456 1577 642 1642 condi,
677 1573 1119 1630 ubiconsobrina
1140 1588 1238 1627 sua
1259 1569 1464 1624 factum
1487 1565 1780 1638 comperit,
1814 1562 2067 1617 eamdem

459 1668 643 1722 villam
679 1668 876 1738 ipsi,et
899 1663 1349 1734 Ecclesizeipsius
1371 1659 1646 1732 perpetim
1672 1655 2064 1729 possidendam

455 1761 699 1823 tradidit,
735 1777 796 1814 ac
827 1759 991 1833 legali
1019 1759 1146 1825 jure
1186 1753 1554 1812 confirmavit.

529 1850 664 1903 Huic
711 1848 890 1902 simile
947 1847 1116 1901 ferme
1168 1843 1493 1898 miraculum
1537 1841 1606 1895 ab
1639 1839 1834 1895 eodem
1868 1837 2072 1891 domno

455 1941 703 2014 Remigio
735 1941 787 1994 in
812 1940 920 1994 olei
950 1938 1122 1992 fertur
1151 1937 1366 2008 liquore
1393 1941 1691 2004 patratum.
1727 1930 1859 1985 Cum
1899 1942 2076 2000 aagro-

453 2041 538 2088 tus
579 2033 802 2104 quidam
836 2031 1063 2085 familiae
1088 2047 1198 2085 non
1231 2026 1515 2103 ignobilis,
1550 2041 1654 2079 nec
1685 2032 1868 2079 tamen
1898 2018 2074 2091 bapti-

451 2133 624 2189 zatus,
657 2140 686 2176 a
717 2132 906 2176 sancto
961 2121 1212 2193 Remigio
1263 2137 1322 2173 se
1379 2118 1590 2173 visitari
1639 2116 1989 2187 postulasset,
2023 2118 2078 2165 et

447 2214 560 2281 jam
591 2213 739 2266 velut
770 2212 826 2264 in
876 2211 1070 2265 ultimo
1114 2208 1312 2280 spiritu
1344 2223 1402 2261 se
1442 2206 1673 2261 credere
1707 2205 1988 2266 fateretur,
2021 2207 2079 2253 et

455 2305 717 2375 baptizari
762 2305 1110 2374 deposceret,
1152 2301 1348 2355 beatus
1394 2296 1640 2369 pontifex
1676 2313 1706 2350 a
1753 2294 2078 2366 presbytero

455 2393 558 2447 loci
617 2395 799 2446 oleum
860 2398 913 2445 et
961 2390 1198 2444 chrisma
1258 2386 1825 2457 requirens,jamque
1858 2382 2080 2453 penitus

455 2484 507 2536 in
539 2481 797 2551 ampullis
838 2485 1134 2548 utrumque
1189 2474 1464 2528 defecisse
1525 2473 1876 2544 comperiens
1931 2473 2080 2542 ipsas

453 2572 723 2640 ampullas
755 2584 898 2639 pene
957 2582 1154 2621 vacuas
1211 2580 1380 2635 super
1434 2565 1603 2616 altare
1638 2562 1840 2632 posuit,
1871 2578 1933 2614 ac
1954 2577 2079 2615 sese

456 2663 510 2714 in
542 2660 790 2716 oratione
849 2656 1164 2728 prostravit.
1209 2656 1451 2726 Surgens
1501 2660 1684 2705 autem
1733 2652 1799 2705 ab
1833 2651 2080 2706 oratione

456 2752 673 2806 vascula
705 2749 869 2819 plena
901 2745 1126 2816 reperit,
1157 2753 1211 2798 et
1241 2743 1320 2796 sic
1351 2739 1630 2794 infirmum
1663 2740 1784 2795 oleo
1815 2739 2083 2794 divinitus

458 2845 584 2898 dato
610 2853 950 2913 perungens,
979 2833 1356 2891 ecclesiastico
1388 2831 1456 2885 de
1480 2847 1633 2887 more
1672 2831 1992 2902 baptizavit.
2027 2837 2082 2884 et

457 2932 751 2987 chrismate
782 2929 999 2983 ccelitus
1045 2926 1244 2982 collato
1302 2923 1502 2989 linivit,
1555 2922 1881 2993 redditaque
1931 2921 2084 2976 sani-

459 3034 588 3091 tate,
630 3033 739 3080 tam
770 3023 966 3077 animae
992 3021 1168 3075 salute
1206 3033 1374 3090 quam
1423 3016 1675 3087 corporis
1705 3016 2084 3072 incolumitate

447 3100 701 3175 'donavit.

2100 1789 2151 1856 Β

2156 557 2500 629 sumpsisset,
2534 556 2798 613 inhibuit.
2823 555 2950 611 Post
2979 555 3191 626 aliquot
3231 571 3362 611 vero
3411 572 3586 612 annos
3642 557 3778 612 civis

2157 650 2403 722 quidam,
2450 648 2677 705 nomine
2733 648 3068 714 Fersinctus,
3117 663 3277 701 secus
3330 647 3505 717 ipsam
3565 652 3776 716 portam

2158 755 2536 804 commanens,
2569 738 2864 793 maceriem
2914 753 3025 808 qua
3070 735 3263 790 eadem
3298 742 3454 806 porta
3482 735 3660 791 fuerat
3679 735 3781 791 ob-

2158 838 2384 895 structa,
2419 837 2479 884 ut
2506 844 2619 882 suae
2647 827 2844 882 domus
2892 825 3023 881 hinc
3054 825 3281 894 ejiceret
3326 825 3546 890 rudera,
3589 823 3781 895 perfo-

2164 924 2320 979 ravit.
2353 921 2460 976 Sed
2478 935 2604 975 mox
2627 919 2764 974 ultio
2790 926 2941 974 tanta
2982 917 3154 972 fertur
3184 917 3305 984 ejus
3330 916 3618 970 audaciam
3649 931 3784 970 con-

2163 1023 2372 1080 secuta,
2398 1020 2459 1068 ut
2474 1028 2583 1068 non
2613 1028 2806 1084 pecus,
2835 1027 2938 1066 nec
2961 1011 3142 1073 homo,
3168 1010 3324 1064 clade
3355 1007 3782 1078 superveniente

2164 1105 2220 1161 in
2250 1104 2502 1160 eamdem
2531 1101 2860 1157 remanserit
2886 1102 3071 1155 domo.

2235 1198 2365 1263 Quae
2383 1197 2507 1250 dam
2539 1194 2724 1265 puella
2744 1192 3104 1264 praeclarisab
3118 1190 3258 1246 urbe
3286 1191 3479 1246 Tolosa
3509 1186 3786 1244 natalibus

2167 1300 2306 1358 orta,
2340 1289 2564 1363 maligni
2614 1288 2843 1357 spiritus
2901 1286 2969 1340 ab
3023 1284 3254 1340 infantia
3309 1282 3603 1337 tenebatur
3631 1281 3788 1336 obsi-

2167 1384 2334 1439 dione
2355 1380 2590 1454 captiva.
2627 1380 2797 1443 Quam
2855 1395 2978 1434 cum
3036 1385 3230 1432 tenero
3281 1375 3563 1449 genitores
3603 1388 3788 1428 amore

2167 1473 2486 1547 diligerent,
2515 1470 2581 1523 ad
2633 1469 2948 1539 sepulcrum
2980 1465 3154 1521 sancti
3185 1464 3332 1519 Petri
3382 1461 3616 1533 apostoli
3665 1477 3788 1516 cum

2168 1581 2367 1639 magna
2396 1561 2691 1618 devotione
2723 1561 3020 1615 duxerunt.
3055 1559 3115 1612 In
3146 1557 3358 1611 eisdem
3387 1569 3627 1624 namque
3657 1570 3788 1624 par-

2169 1654 2318 1709 tibus
2344 1651 2591 1706 enitebat
2634 1659 2765 1703 tunc
2817 1648 3021 1701 virtute
3067 1643 3405 1700 venerabilis
3435 1642 3791 1704 Benedictus,

2169 1741 2427 1814 plurimis
2475 1738 2745 1811 effulgens
2771 1736 3090 1792 virtutibus.
3126 1734 3294 1802 Cujus
3323 1738 3606 1801 comperta
3629 1729 3788 1789 fama.

2174 1832 2371 1904 puella:
2401 1837 2654 1901 patentes
2685 1828 2828 1881 hanc
2867 1826 2934 1879 ad
2993 1824 3251 1879 eumdem
3294 1823 3601 1893 perducere
3639 1827 3792 1874 sata-

2174 1927 2331 1994 gunt,
2364 1919 2458 1990 qui
2515 1917 2702 1971 multis
2727 1915 2958 1985 jejuniis
2987 1923 3043 1968 et
3085 1913 3433 1968 orationibus
3482 1927 3580 1982 pro
3621 1909 3799 1981 ipsius

2175 2009 2572 2064 emundationc
2621 2007 2898 2072 laborans,
2933 2021 3058 2060 cum
3089 2003 3196 2058 diri
3245 2002 3522 2074 serpentis
3551 2001 3702 2055 virus
3727 1999 3797 2052 ab

2176 2121 2242 2159 ea
2284 2120 2395 2160 non
2423 2102 2688 2159 valuisset
2719 2100 2943 2168 ejicere,
2994 2098 3099 2152 hoc
3128 2103 3341 2150 tantum
3371 2092 3648 2166 responsi,
3698 2106 3803 2146 no-

2177 2199 2346 2257 minis
2371 2196 2544 2252 divini
2571 2193 2964 2257 obtestatione,
2997 2190 3066 2244 ab
3086 2187 3315 2260 antiquo
3343 2194 3674 2257 extorquere
3696 2199 3802 2254 po-

2177 2294 2283 2348 tuit
2306 2294 2487 2356 hoste,
2522 2287 2668 2361 quod
2702 2300 2986 2358 nunquam
3047 2281 3276 2337 alterius
3301 2279 3372 2333 de
3401 2277 3598 2334 eodem
3637 2275 3804 2330 habi-

2179 2384 2383 2449 taculo,
2415 2379 2520 2435 nisi
2553 2377 2719 2444 hujus
2739 2372 3047 2430 beatissimi
3094 2368 3331 2443 Remigii
3363 2365 3645 2440 pontificis
3673 2381 3804 2421 ora-

2180 2472 2426 2528 tionibus
2459 2473 2644 2540 posset
2715 2463 2934 2535 expelli.
2989 2461 3139 2516 Tunc
3185 2465 3444 2531 parentes
3490 2457 3631 2526 ejus,
3690 2463 3803 2511 tam

2181 2569 2357 2639 ipsius
2388 2564 2534 2620 beati
2567 2559 2876 2625 Benedicti,
2920 2572 3083 2628 quam
3115 2553 3279 2609 etiam
3331 2551 3632 2606 Gothorum
3656 2549 3808 2624 regis

2181 2660 2378 2716 Alarici
2447 2654 2704 2712 affatibus
2759 2649 3060 2723 suti'ragati,
3105 2661 3411 2715 eorumque
3469 2641 3667 2698 litteris
3734 2642 3805 2695 ad

2182 2751 2404 2806 beatum
2471 2745 2784 2817 Remigium
2842 2742 3004 2808 datis,
3072 2746 3133 2794 ut
3198 2735 3450 2802 traditur,
3517 2733 3666 2800 freti,
3736 2734 3807 2788 ad

2183 2843 2445 2898 eumdum
2477 2845 2728 2894 sanctum
2781 2836 3082 2892 antistitem
3129 2848 3254 2888 cum
3299 2829 3555 2884 devincta
3610 2825 3807 2882 sobole

2183 2935 2575 3005 pervenerunt,
2616 2926 2875 2982 virtutem
2924 2925 3286 2994 deprecantes
3330 2918 3451 2986 ejus
3493 2916 3549 2970 in
3597 2932 3807 2989 purga-

2184 3030 2336 3084 tione
2358 3023 2531 3098 prolis
2545 3035 2865 3095 agnoscere,
2891 3033 3055 3089 quam
3096 3012 3327 3069 latronis
3339 3011 3452 3080 jam
3502 3009 3806 3081 praescive_

2187 3126 2310 3175 rant
2362 3097 2742 3172 confessione.
2811 3110 2876 3164 At
2930 3104 3287 3162 beatissimus
3343 3097 3648 3172 Remigius,
3680 3112 3806 3152 cum

530 3209 761 3266 Humani
801 3207 1041 3277 denique
1071 3205 1292 3278 generis
1326 3202 1526 3269 hostis,
1551 3199 1848 3257 ostendere
1881 3199 2080 3270 nequi-

2184 3210 2444 3264 diuturna
2475 3200 2836 3258 reluctatione
2873 3213 2933 3251 se
2965 3211 3074 3251 non
3106 3210 3228 3250 esse
3272 3192 3502 3267 dignum
3535 3193 3810 3244 assereret

460 3301 589 3355 tiam
622 3314 731 3352 non
761 3295 1036 3351 desistens
1074 3310 1187 3349 suae
1247 3291 1624 3366 malignitatis,
1657 3290 1849 3345 urbem
1885 3290 2081 3344 Remo-

461 3409 602 3457 rum,
635 3386 994 3464 surgentibus
1040 3387 1384 3441 ﬂammarum
1413 3383 1598 3438 subito
1630 3382 1830 3457 globis,
1877 3383 2086 3436 immis-

459 3487 617 3540 sione
657 3483 778 3536 dira
833 3479 1146 3546 succendit,
1208 3475 1532 3547 crudelique
1588 3475 1911 3540 vastatione,
1971 3475 2084 3543 jam

464 3585 672 3648 partem
705 3574 817 3629 fere
870 3573 1084 3627 tertiam
1143 3571 1514 3626 concrematio
1572 3575 1791 3639 peracta
1823 3584 2084 3623 consum-

464 3676 646 3738 pserat
678 3683 691 3731 ;
721 3673 774 3718 et
803 3662 952 3734 quod
1006 3661 1287 3716 residuum
1331 3666 1448 3713 erat
1475 3658 1669 3713 victrix
1695 3657 1914 3713 flamma
1944 3657 2086 3712 lam-

464 3756 650 3810 bebat.
681 3753 844 3822 Cujus
873 3752 950 3806 rei
986 3751 1238 3806 nuntium
1292 3749 1486 3803 beatus
1524 3749 1756 3803 antistes
1783 3748 2086 3819 accipiens,

463 3847 531 3899 ad
562 3845 725 3900 solita
754 3858 878 3897 sese
899 3841 1113 3897 confert
1153 3839 1418 3896 orationis
1441 3839 1719 3911 praesidia.
1775 3848 1829 3894 et
1855 3839 1911 3892 in
1938 3839 2087 3894 beati

466 3933 662 3990 Nicasii
692 3931 948 4002 martyris
972 3930 1221 3995 basilica,
1254 3930 1350 3984 ubi
1383 3938 1513 3984 tunc
1544 3930 1808 4000 temporis
1837 3929 2088 3986 morandi

462 4021 923 4080 consuetudinem
973 4020 1197 4085 fecerat,
1257 4019 1454 4073 Christi
1519 4027 1823 4089 prostratus
1846 4019 2093 4091 exposcit

464 4111 740 4184 suffragia.
773 4110 1126 4180 Surgensquc
1177 4107 1246 4161 ab
1279 4109 1550 4170 oratione,
1581 4109 1770 4163 oculos
1795 4109 1864 4163 ad
1891 4110 2091 4164 caelum

463 4204 682 4268 attollit,
723 4209 776 4256 et
823 4200 1136 4255 exclamans
1161 4216 1286 4254 cum
1335 4199 1568 4272 gemitu,
1599 4201 1675 4254 ait
1704 4220 1719 4254 :
1758 4191 1920 4269 Deus,
1948 4203 2092 4257 Deus

469 4311 644 4360 meus,
677 4293 868 4348 adesto
895 4292 1014 4346 voci
1075 4307 1231 4346 meae.
1266 4291 1466 4361 Sicque
1513 4307 1678 4346 cursu
1711 4293 1950 4356 concito,
1994 4309 2094 4363 per

465 4388 692 4465 gradus,
750 4393 876 4440 ante
944 4383 1119 4455 ipsam
1187 4382 1472 4454 lapidibus
1529 4392 1731 4438 stratos
1799 4385 2093 4439 ecclesiam

466 4479 830 4541 descendens,
879 4476 1154 4532 civitatem
1195 4476 1354 4546 petiit
1397 4494 1410 4543 ;
1447 4475 1502 4529 in
1557 4476 1763 4548 quibus
1818 4477 2089 4551 graduum

468 4569 766 4642 lapidibus,
796 4583 860 4622 ac
884 4567 931 4620 si
984 4584 1151 4638 supra
1205 4567 1372 4622 molle
1426 4565 1602 4622 lutum
1658 4567 1943 4639 depressa,
1986 4569 2091 4624 ho-

467 4664 690 4735 dieque,
721 4661 788 4716 ad
839 4659 1161 4715 memoriam
1221 4659 1393 4714 divini
1445 4659 1716 4726 miraculi,
1773 4659 1989 4735 signata
2009 4662 2092 4718 vi-

466 4759 664 4807 suntur
700 4749 951 4822 vestigia.
984 4747 1272 4820 Celerique
1322 4747 1676 4804 festinatione
1714 4749 2094 4822 deprOperans

463 4862 522 4899 se
567 4842 803 4898 flammis
853 4841 1078 4910 objecit,
1139 4840 1454 4912 statimque,
1513 4849 1572 4896 ut
1627 4850 1853 4896 extensa
1902 4852 2094 4899 contra

464 4939 650 5012 ignem
710 4936 969 4999 dextera,
1031 4934 1250 5008 signum
1319 4932 1498 4988 crucis
1559 4949 1682 4988 cum
1743 4933 2092 4992 invocatione

465 5025 661 5082 Christi
692 5024 935 5080 nominis
966 5022 1162 5090 edidit,
1197 5031 1372 5079 totum
1430 5022 1568 5077 illud
1608 5021 1946 5092 incendium,
1990 5025 2098 5081 fra-

465 5123 552 5171 cta
570 5122 626 5170 et
657 5113 713 5168 in
744 5128 868 5167 sese
897 5111 1062 5166 relisa
1093 5113 1318 5173 virtute.
1368 5111 1591 5175 cedere,
1622 5120 1786 5184 atque
1836 5123 1961 5168 ante
1993 5115 2095 5169 viri

466 5207 560 5264 Dei
593 5203 945 5278 praasentiam
996 5203 1154 5275 quasi
1203 5202 1392 5278 fugere
1444 5204 1631 5274 coepit.
1693 5204 1846 5268 Quod
1903 5205 2097 5262 beatus

470 5299 752 5370 Remigius
786 5298 1106 5368 insequens,
1169 5303 1226 5350 et
1256 5312 1313 5350 se
1365 5296 1507 5351 inter
1560 5295 1743 5370 ignem
1788 5307 1843 5352 et
1874 5313 1937 5351 ea
1968 5316 2092 5370 qua:

468 5393 651 5448 adhuc
701 5387 1036 5446 videbantur
1096 5389 1318 5454 intacta,
1380 5403 1503 5443 cum
1566 5388 1725 5461 signo
1787 5391 2093 5446 sanctitatis

465 5494 778 5555 apponens,
839 5477 981 5532 hanc
1021 5492 1242 5532 omnem
1291 5477 1635 5531 flammarum
1690 5476 2089 5533 immanitatem

463 5577 665 5626 antese
715 5566 1042 5640 fugientem,
1075 5583 1176 5638 per
1221 5573 1503 5637 patentem
1549 5574 1783 5637 portam,
1817 5565 1987 5623 fultus
2007 5568 2092 5624 di-

461 5663 603 5718 vina:
633 5659 898 5735 potentiaa
930 5658 1225 5730 praesidiis,
1257 5657 1486 5728 expulit,
1512 5664 1567 5714 et
1590 5658 1841 5714 eamdem
1873 5666 2088 5730 portam

465 5755 665 5812 clausit
695 5773 710 5822 ;
741 5764 910 5824 utque
943 5769 1224 5824 nunquam
1284 5751 1596 5820 aperiretur
1625 5751 1692 5806 ab
1726 5750 1932 5822 aliquo,
1963 5767 2089 5808 cum

2108 4525 2168 4594 D

2185 3308 2239 3353 et
2268 3295 2580 3352 humilitate
2606 3291 2768 3347 solita
2797 3295 3154 3363 repugnaret,
3208 3282 3470 3356 precibus
3500 3288 3583 3336 est
3612 3277 3807 3351 p0puli

2184 3383 2550 3459 supplicantis
2581 3381 2812 3446 evictus,
2846 3385 2906 3433 ut
2953 3377 3262 3433 orationem
3307 3390 3407 3446 pro
3454 3375 3573 3445 ipsa
3602 3369 3810 3425 funde-

2187 3488 2291 3547 ret,
2322 3495 2384 3533 ac
2413 3482 2704 3547 parentum
2735 3470 2992 3542 lacrymis
3015 3469 3356 3524 condoleret.
3385 3465 3590 3521 Meritis
3621 3464 3810 3534 itaque

2186 3567 2493 3625 sanctitatis
2541 3570 2803 3628 armatus,
2835 3558 2989 3616 verbi
3025 3557 3289 3629 praecepit
3316 3554 3573 3627 imperio,
3607 3563 3668 3609 ut
3689 3553 3808 3607 ini-

2188 3675 2331 3731 quus
2359 3656 2547 3728 praado
2600 3670 2700 3725 per
2747 3651 2894 3723 quod
2925 3650 3211 3722 ingressus
3254 3645 3436 3700 fuerat
3491 3642 3808 3708 discedens,

2189 3747 2386 3803 Christi
2425 3744 2686 3800 famulam
2724 3741 3011 3796 relaxaret.
3067 3739 3268 3810 Sicque
3321 3754 3445 3793 cum
3499 3735 3672 3791 nimio
3707 3750 3808 3791 vo-

2189 3841 2328 3896 mitu
2360 3846 2416 3893 et
2444 3838 2686 3894 obsceno
2717 3835 2935 3904 foetore,
2984 3849 3086 3904 per
3129 3847 3190 3887 os
3243 3847 3354 3904 quo
3405 3829 3584 3885 fuerat
3632 3829 3813 3883 intro-

2190 3935 2412 4000 missus,
2445 3930 2734 3987 abscessit.
2776 3928 2883 3983 Sed
2914 3927 3077 3998 paulo
3107 3932 3255 3997 post,
3283 3925 3581 3981 recedente
3623 3922 3814 3994 ponti-

2193 4025 2316 4090 fice,
2347 4023 2479 4077 dum
2509 4020 2682 4076 nimio
2738 4018 2926 4073 labore
2985 4016 3129 4071 fessa
3177 4021 3417 4083 nutaret,
3473 4013 3599 4068 vitae
3629 4012 3814 4068 calore

2192 4117 2426 4189 privata,
2457 4111 2711 4182 spiritum
2765 4107 2990 4163 vitalem
3023 4104 3226 4160 amisit.
3280 4103 3495 4159 lteratis
3523 4117 3656 4176 ergo
3687 4117 3819 4172 pre-

2193 4212 2373 4277 cibus,
2427 4207 2590 4264 turba
2646 4202 3056 4274 supplicantum
3108 4197 3342 4254 recurrit
3392 4196 3461 4251 ad
3510 4195 3811 4250 medicum.

2195 4303 2392 4355 Beatus
2421 4303 2603 4352 autem
2661 4290 2947 4364 Remigius
3000 4305 3060 4344 se
3109 4287 3297 4360 potius
3350 4292 3570 4342 accusat
3601 4284 3818 4340 facinus

2196 4396 2563 4462 perpetrasse,
2622 4397 2788 4454 quam
2844 4378 3096 4435 sanitatis
3153 4376 3461 4433 remedium
3492 4375 3813 4436 indulsisse.

2193 4481 2594 4552 homicidiique
2616 4494 2770 4533 reum
2801 4475 3097 4542 exstitisse,
3130 4488 3242 4529 non
3276 4470 3581 4527 remedium
3619 4478 3820 4525 contu-

2193 4576 2341 4630 lisse.
2371 4573 2543 4648 lgitur
2571 4570 2641 4625 ad
2661 4567 2836 4624 sancti
2874 4564 3105 4622 Joannis
3143 4563 3452 4626 basilicam,
3485 4560 3581 4616 ubi
3612 4575 3816 4631 corpus

2188 4661 2411 4733 jaccbat
2441 4660 2713 4726 exanime,
2756 4657 2948 4729 populi
3006 4655 3270 4711 obtentus
3298 4653 3690 4724 deprecatione
3730 4667 3818 4704 re-

2193 4753 2464 4828 greditur,
2497 4751 2689 4822 ibique
2727 4765 2852 4804 cum
2910 4745 3168 4816 lacrymis
3214 4744 3284 4799 ad
3333 4743 3647 4814 pavimenta
3689 4755 3821 4795 san-
3869 4811 3872 4814 .

2195 4853 2408 4902 ctorum
2439 4844 2497 4898 in
2527 4843 2776 4899 oratione
2831 4839 3221 4913 prosternitur,
3255 4845 3311 4892 et
3363 4834 3608 4907 reliquos
3649 4837 3712 4887 ut
3742 4831 3817 4885 ita

2195 4937 2444 4991 facerent
2473 4934 2812 4990 adhortatur.
2846 4931 2982 4985 Hinc
3039 4926 3212 4984 effuso
3244 4928 3606 4998 lacrymarum
3639 4921 3820 4976 imbre

2197 5043 2557 5102 consurgens,
2580 5025 2865 5081 suscitavit
2885 5030 3181 5090 mortuam,
3212 5036 3375 5092 quam
3424 5018 3579 5090 prius
3608 5031 3817 5088 purga-

2199 5131 2281 5178 rat
2312 5123 2614 5178 obsessam.
2649 5119 2776 5184 Quae
2808 5117 3081 5189 protinus,
3113 5113 3462 5185 apprehensa
3487 5124 3655 5164 manu
3676 5121 3817 5177 pon-

2197 5207 2383 5282 tificis,
2452 5230 2577 5269 cum
2626 5213 2841 5285 integra
2889 5207 3270 5264 incolumitate
3324 5202 3583 5269 surrexit,
3633 5206 3689 5255 et
3747 5199 3815 5253 ad

2199 5305 2421 5375 prOpria
2452 5303 2687 5360 feliciter
2714 5299 2998 5357 remeavit.

2267 5392 2433 5460 Cujus
2451 5407 2580 5447 vero
2626 5390 2913 5455 doctrinae,
2945 5388 3104 5457 cujus
3151 5385 3459 5442 sanctitatis
3512 5392 3679 5455 atque
3727 5397 3818 5436 sa-

2196 5481 2421 5553 pientize
2445 5480 2798 5535 beatissimus
2828 5479 2917 5534 hic
2947 5484 3104 5549 pater
3129 5477 3308 5532 nitore
3332 5473 3627 5530 radiaverit
3646 5488 3816 5544 opera

2193 5578 2463 5625 testantur
2513 5570 2708 5642 ipsius,
2759 5568 2890 5640 quia
2918 5585 3047 5625 vera
3102 5567 3296 5639 procul
3338 5565 3510 5622 dubio
3540 5562 3817 5634 sapientia

2191 5675 2312 5714 esse
2336 5659 2701 5731 dignoscitur,
2742 5674 2865 5728 quae
2885 5673 3116 5729 operum
3147 5657 3512 5722 exhibitione,
3543 5652 3695 5711 velut
3725 5668 3815 5707 ar-

2191 5749 2294 5804 bor
2325 5749 2619 5816 fructibus,
2678 5750 3034 5821 approbatur.
3068 5752 3320 5808 Testatur
3366 5762 3505 5822 gens
3555 5741 3816 5799 Francica
