4034 6174
259 303 331 357 49

930 251 1253 348 HISTORIA)
1297 283 1632 343 ECCLESIIE
1674 281 2001 337 REMENSIS
2042 283 2220 338 LIBRI
2261 281 2679 348 QUATUOR.-——
2719 282 2842 336 LIB.
2886 285 2925 337 Ι.

3527 287 3599 342 50

259 447 361 503 per
440 443 568 483 eum
601 424 669 480 ad
712 421 879 477 ﬁdem
919 421 1117 479 Christi
1161 433 1446 482 conversa,
1505 421 1562 468 et
1615 409 1876 482 baptismi
1902 418 1952 483 Α
1981 411 2071 466 hic
2097 412 2254 467 Pater
2277 427 2339 465 ac
2371 419 2558 482 pastor
2585 410 2761 464 almus
2812 410 3106 478 exstiterit,
3138 428 3300 483 quam
3335 412 3514 469 ﬁdelis
3545 426 3600 470 et

258 517 696 578 sanctiﬁcatione
746 521 1084 570 consecrata.
1147 513 1436 566 Testantur
1482 507 1700 561 diversa
1747 521 1881 575 pru—

259 612 580 669 dentissime
603 608 672 663 ab
707 607 827 678 ipso
885 612 995 660 tam
1027 604 1167 660 facta
1205 618 1371 674 quam
1429 598 1745 670 praedicata.
1777 596 1882 650 Te-

258 715 474 762 stantur
508 703 739 758 diversa:
771 699 947 770 ipsius
976 712 1226 769 personae
1257 691 1543 763 temporis,
1585 706 1649 744 ex
1680 688 1885 760 quibus

257 797 494 862 Sidonii,
523 795 893 849 Arvernorum
937 787 1209 860 episc0pi,
1254 785 1356 839 viri
1402 779 1785 845 eruditissimi,
1832 785 1885 832 et

260 895 368 940 tam
400 897 608 956 genere
638 895 802 951 quam
857 876 1126 951 religione
1175 890 1238 928 ac
1286 886 1544 927 sermone
1570 864 1882 931 clarissimi,

259 975 552 1048 epistolam
597 971 728 1026 huic
770 967 1095 1023 beatissimo
1145 962 1392 1036 pontiﬁci
1442 961 1708 1015 direptam
1737 958 1886 1011 inse-

263 1085 382 1123 rere
407 1065 615 1138 placuit
640 1063 849 1130 (SIDON.
883 1061 1161 1124 Areum,
1197 1057 1290 1110 lib.
1325 1072 1400 1122 ιχ,
1421 1055 1578 1123 epist.
1603 1052 1693 1116 7):

337 1185 360 1204 κ
423 1158 731 1220 SIDONIUS,
799 1167 984 1207 nemo
1049 1167 1196 1205 rarae
1263 1147 1493 1201 REMIGIO
1536 1186 1550 1209 ,
1616 1155 1880 1196 SALUTEM.

261 1247 493 1312 Quidam
515 1245 584 1298 ab
620 1239 875 1296 Arvernis
903 1239 1178 1313 Belgicam
1206 1242 1401 1307 petens
1455 1234 1710 1302 (persona
1747 1226 1882 1280 mihi

261 1337 484 1411 cognita
529 1341 633 1399 est,
662 1348 828 1388 causa
874 1329 1176 1404 incognita,
1225 1343 1328 1382 nec
1350 1324 1558 1390 refert),
1593 1329 1882 1392 postquam

265 1407 464 1480 Remos
503 1422 821 1484 advenerat,
854 1418 1093 1473 scribam
1143 1423 1297 1470 tuum
1329 1414 1443 1468 sive
1492 1407 1881 1479 bibliopolam,

263 1517 443 1590 pretio
476 1515 587 1569 fors
618 1511 732 1567 fuat
775 1509 1029 1566 ofﬁciove
1084 1507 1436 1570 demeritum,
1475 1499 1880 1572 c0piosissimo,

263 1605 401 1659 velis
430 1602 594 1667 nolis,
627 1598 1095 1654 declamationum
1127 1605 1344 1650 tuarum
1361 1589 1591 1646 schedio
1612 1585 1881 1642 emunxit.

261 1698 362 1763 Qui
408 1696 578 1750 redux
601 1694 764 1750 nobis
792 1699 958 1764 atque
988 1690 1195 1761 Oppido
1225 1684 1628 1763 gloriabundus
1659 1681 1885 1752 (quippe

178 1777 185 1784 ’
260 1787 544 1860 perceptis
603 1794 682 1841 tot
735 1783 1135 1849 voluminibus)
1193 1792 1538 1851 quaecunque
1590 1773 1884 1837 detulerat,

259 1897 578 1955 quanquam
637 1875 870 1932 mercari
919 1873 1146 1946 paratis,
1208 1871 1356 1943 quod
1416 1869 1574 1934 civis,
1616 1881 1719 1920 nec
1767 1870 1886 1917 erat

261 1977 552 2045 injustum,
585 1985 683 2041 pro
705 1965 1206 2041 munereingessit.
1241 1964 1393 2018 Curae
1425 1960 1560 2016 mihi
1593 1976 1622 2014 e
1649 1955 1884 2027 vestigio

260 2066 386 2128 fuit,
412 2063 612 2133 hisque
658 2059 755 2130 qui
809 2057 1052 2123 student,
1085 2071 1212 2110 eum
1249 2053 1446 2107 merito
1477 2048 1882 2111 lecturiremus,

260 2156 502 2229 plurima
539 2160 753 2216 tenere,
809 2158 1006 2204 cuncta
1059 2145 1446 2201 transcribere.
1501 2140 1754 2196 Omnium
1787 2153 1882 2190 as-

258 2264 426 2303 sensu
467 2244 886 2317 pronuntiatum
921 2255 1128 2310 paucos
1158 2253 1304 2291 nunc
1331 2250 1490 2306 posse
1546 2230 1749 2286 similia
1796 2226 1885 2281 di-

259 2349 434 2396 ctare.
469 2337 686 2392 Etenim
719 2350 875 2388 rarus
923 2340 1017 2386 aut
1042 2329 1228 2385 nullus
1274 2337 1376 2393 est,
1424 2325 1510 2380 cui
1553 2321 1884 2377 meditaturo

261 2446 362 2499 par
389 2427 609 2482 assistat
625 2422 917 2494 dispositio
947 2436 1046 2491 per
1067 2433 1278 2479 causas,
1308 2413 1511 2486 positio
1536 2428 1633 2482 per
1651 2410 1882 2472 litteras,

259 2498 597 2591 compositio
641 2532 742 2587 per
797 2512 1055 2586 syllabas.
1099 2509 1178 2563 Ad
1210 2509 1316 2562 hoc
1372 2501 1759 2591 Opportunitas
1826 2498 1882 2551 in

259 2611 555 2682 exemplis,
600 2608 739 2662 ﬁdes
795 2607 852 2660 in
891 2601 1246 2666 testimoniis,
1288 2587 1599 2670 proprietas
1647 2593 1703 2646 in
1759 2590 1883 2662 epi-

261 2702 453 2767 thetis,
488 2696 771 2754 urbanitas
829 2694 883 2748 in
919 2692 1132 2767 ﬁguris,
1199 2689 1373 2742 virtus
1428 2686 1486 2739 in
1520 2679 1880 2758 argumentis,

262 2795 486 2865 pondus
526 2791 586 2846 in
641 2788 919 2853 sensibus,
970 2786 1176 2840 ﬂumen
1219 2783 1273 2836 in
1305 2779 1511 2845 verbis,
1565 2777 1775 2832 fulmen
1826 2773 1882 2826 in

260 2888 548 2944 clausulis.
603 2886 884 2940 Structura
940 2896 1070 2936 vero
1142 2877 1300 2934 fortis
1347 2874 1598 2939 etﬁrma,
1649 2872 1884 2938 conjun-

260 2979 650 3048 ctionumque,
682 2974 1083 3046 perfacetarum
1139 2983 1277 3022 nexa
1325 2965 1551 3021 caesuris
1608 2959 1884 3017 insolubi-

260 3071 434 3125 libus.
464 3069 574 3124 Sed
596 3084 698 3122 nec
727 3067 859 3121 hinc
887 3064 1072 3118 minus
1099 3060 1314 3116 lubrica
1347 3068 1401 3113 et
1444 3057 1582 3111 levis
1607 3056 1662 3126 [ἰ.
1697 3052 1881 3121 lenis],

260 3179 320 3218 ac
355 3161 542 3217 modis
557 3158 816 3214 omnibus
842 3155 1170 3212 erotundata
1199 3171 1211 3206 :
1243 3165 1478 3224 quaeque
1524 3146 1748 3202 lectoris
1776 3145 1886 3199 lin-

259 3271 425 3328 guam
463 3250 789 3307 inoffensam
833 3249 1094 3303 decenter
1131 3243 1408 3315 expediat,
1453 3256 1522 3295 ne
1576 3239 1886 3294 salebrosas

261 3324 422 3415 passa
464 3343 774 3410 juncturas,
834 3353 932 3410 per
969 3349 1240 3391 cameram
1290 3330 1456 3403 palati
1495 3328 1737 3383 volutata
1764 3324 1890 3378 bal-

262 3435 466 3489 butiat.
494 3433 628 3487 Tota
657 3431 902 3502 denique
933 3427 1144 3500 liquida
1193 3439 1417 3495 prorsus
1443 3430 1498 3476 et
1517 3418 1762 3485 ductilis,
1787 3434 1886 3471 ve-

265 3525 359 3579 luti
393 3540 527 3579 cum
553 3520 896 3592 crystallinas
938 3523 1170 3582 crustas,
1227 3520 1320 3568 aut
1358 3510 1747 3582 onychintinas
1777 3522 1886 3560 non

265 3617 511 3687 impacto
542 3614 792 3687 dignitus
820 3625 1005 3683 ungue
1047 3605 1386 3679 perlabitur:
1439 3602 1645 3674 quippe
1675 3599 1722 3653 si
1750 3595 1888 3652 nihil

267 3728 390 3767 cum
419 3706 646 3762 rimosis
664 3703 922 3760 obicibus
947 3705 1235 3769 exceptum
1285 3705 1444 3750 tenax
1477 3693 1683 3748 factura
1716 3691 1884 3761 [0rig.

268 3801 306 3863 i,
339 3796 603 3866 fractura]
646 3799 971 3850 remoretur.
1021 3788 1161 3854 Quid
1217 3787 1375 3858 plura
1400 3785 1428 3838 ?
1459 3800 1568 3838 non
1618 3787 1794 3836 exstat
1822 3780 1890 3834 ad

269 3907 519 3962 praesens
547 3888 658 3943 vivi
688 3884 932 3942 hominis
959 3883 1157 3948 oratio,
1207 3895 1372 3951 quam
1405 3877 1605 3948 peritia
1631 3882 1723 3930 tua
1780 3889 1891 3929 non

268 3985 389 4037 sine
422 3981 616 4035 labore
666 3974 946 4050 transgedi
978 3978 1144 4044 queat
1175 3987 1237 4026 ac
1284 3968 1678 4040 supervadere.
1738 3965 1892 4019 Unde

273 4092 450 4147 prope
510 4071 786 4142 suspicor,
846 4069 1046 4124 domne
1105 4080 1266 4136 papa,
1323 4068 1550 4133 propter
1608 4058 1892 4130 eloquium

272 4164 565 4221 exundans
595 4169 758 4232 atque
789 4156 1072 4213 ineffabile
1097 4154 1278 4224 (venia
1307 4152 1379 4206 sit
1408 4149 1574 4218 dicto}
1617 4157 1667 4201 te
1689 4163 1892 4218 super-

273 4257 420 4311 bire.
452 4253 562 4308 Sed
592 4252 724 4306 licet
754 4249 903 4305 bono
930 4247 1162 4320 fulgeas,
1196 4251 1255 4298 ut
1284 4240 1662 4307 conscientiae,
1693 4239 1773 4294 sic
1800 4238 1892 4292 di-

274 4345 484 4402 ctionis
500 4339 927 4398 ordinatissimae
961 4355 975 4403 ;
1003 4351 1105 4391 nos
1121 4344 1304 4390 tamen
1323 4333 1422 4388 tibi
1455 4332 1686 4386 minime
1706 4344 1897 4384 sumus

273 4435 617 4512 refugiendi,
667 4432 763 4504 qui
814 4431 957 4485 bene
1004 4427 1207 4498 scripta
1265 4427 1575 4496 laudamus,
1625 4425 1727 4480 etsi
1779 4425 1894 4479 lau-

1911 1740 1963 1806 Β

1913 3104 1962 3172 C

1985 504 2231 575 prudens
2261 503 2316 557 in
2347 502 2626 574 eroganda
2680 501 2894 556 Domini
2927 501 3012 555 sui
3058 502 3296 572 pecunia
3335 504 3597 576 viguerit,

1983 597 2338 662 Francorum,
2362 593 2803 666 utpraetulimus,
2832 593 2898 648 ab
2922 593 3084 648 idolis
3115 595 3183 648 ad
3215 595 3385 650 Deum
3409 613 3595 651 verum

1984 685 2124 742 facta
2152 703 2253 757 per
2308 687 2488 757 ipsum
2534 684 2730 757 probat
2781 683 3090 750 conversio,
3119 684 3214 755 qui
3269 684 3503 740 Gallicas
3533 701 3598 740 eo

1986 783 2235 846 tempore
2265 775 2496 831 transito
2540 775 2732 829 Rheno
2781 771 3228 842 depredabantur
3265 775 3598 845 provincias,

1985 878 2040 923 et
2060 866 2416 944 Agrippinam
2431 867 2544 936 jam
2576 866 2878 931 Coloniam,
2913 864 3177 934 quasdam
3201 881 3424 938 quoque
3465 867 3602 922 alias

1985 964 2388 1027 occupaverant
2449 956 2635 1010 Galliae
2707 953 2978 1010 civitates.
3045 952 3108 1006 At
3169 961 3456 1025 postquam
3506 971 3601 1009 rex

1987 1050 2229 1120 ipsorum
2265 1046 2570 1101 Clodoveus
2600 1043 2898 1116 Siagrium,
2944 1043 3248 1096 Romanum
3302 1045 3597 1113 quemdam
3636 1037 3640 1044 ’

1986 1138 2320 1209 principem,
2358 1134 2453 1205 qui
2492 1133 2681 1187 Galliis
2727 1143 2861 1188 tunc
2919 1137 3172 1203 praeerat,
3223 1130 3389 1186 evicit
3435 1139 3598 1204 atque

1985 1228 2242 1304 peremit,
2258 1225 2408 1282 omni
2433 1240 2576 1295 pene
2592 1223 2778 1278 Galliae
2800 1221 3072 1277 dominari
3090 1222 3278 1292 cmpit.
3313 1221 3602 1294 Comperta

1985 1328 2291 1386 beatissimi
2349 1337 2627 1400 gestorum
2687 1325 2830 1380 fama
2877 1322 3136 1394 Remigii,
3190 1321 3338 1392 quod
3392 1322 3604 1378 scilicet

1987 1424 2224 1479 eniteret
2257 1421 2460 1476 virtute
2513 1418 2822 1474 sanctitatis
2864 1434 2927 1473 ac
2955 1415 3268 1486 sapientiae,
3305 1414 3603 1470 miraculo-

1986 1533 2106 1571 rum
2148 1515 2446 1586 praeclarus
2498 1508 2864 1574 exhibitione,
2921 1507 3276 1562 reverebatur
3344 1521 3492 1570 eum,
3548 1511 3603 1558 et

1985 1606 2116 1660 licet
2137 1619 2400 1676 paganus,
2434 1600 2703 1675 diligebat
2749 1606 2932 1654 tamen
2964 1597 3140 1650 illum.
3175 1595 3290 1658 Quo
3321 1591 3599 1666 quondam

1985 1707 2147 1746 secus
2167 1691 2362 1746 urbem
2405 1690 2699 1743 Remorum
2750 1686 3041 1740 transitum
3071 1683 3329 1748 faciente,
3359 1681 3598 1753 quibus-

1986 1781 2112 1835 dam
2165 1779 2437 1833 militibus
2491 1778 2611 1846 ejus
2668 1774 2906 1848 agminis
2949 1776 3131 1829 ablata
3189 1772 3441 1845 quaedam
3487 1771 3598 1824 Re-

1986 1875 2195 1931 mensis
2225 1872 2479 1928 Ecclesia:
2508 1887 2637 1926 vasa
2694 1868 3028 1923 referuntur.
3088 1866 3162 1919 Ea
3208 1865 3356 1919 inter
3402 1877 3602 1916 urceus

1985 1970 2152 2024 etiam
2187 1981 2419 2040 magnus
2459 1970 2776 2036 argenteus,
2835 1967 2889 2014 et
2931 1959 3132 2013 decora
3189 1952 3603 2027 pulchritudine

1985 2064 2259 2129 comptus,
2291 2069 2390 2126 pro
2441 2068 2551 2124 quo
2584 2051 2781 2105 beatus
2829 2047 3111 2119 Remigius
3140 2045 3351 2119 legatos
3379 2042 3446 2096 ad
3476 2058 3600 2096 eum

1986 2148 2254 2204 direxisse
2286 2143 2540 2222 traditur,
2587 2149 2647 2194 ut
2697 2139 2852 2192 illum
2895 2138 3089 2191 saltem
3144 2135 3391 2205 recipere
3423 2149 3604 2187 mere-

1987 2252 2155 2300 retur.
2181 2247 2270 2297 Ast
2299 2239 2396 2294 ubi
2427 2238 2494 2292 ad
2524 2237 2704 2291 locum
2735 2231 3027 2288 divisionis
3065 2229 3135 2298 (4)
3161 2229 3358 2299 praedae
3380 2233 3601 2280 ventum

1987 2344 2090 2398 est,
2143 2339 2299 2403 rogat
2333 2343 2428 2381 rex
2458 2325 2664 2379 milites
2701 2338 2851 2388 suos,
2912 2329 2971 2374 ut
3001 2320 3180 2390 ipsum
3228 2317 3336 2371 sibi
3369 2317 3498 2371 dare
3538 2332 3605 2369 ne

1985 2433 2220 2483 renuant
2253 2436 2500 2476 urceum.
2537 2416 2794 2471 Pluribus
2823 2415 2994 2487 igitur
3022 2411 3421 2474 annuentibus,
3476 2409 3605 2480 qui-

1984 2523 2111 2576 dam
2134 2520 2376 2572 Francus
2415 2508 2646 2580 bipenni
2674 2505 2990 2576 percutiens
3021 2518 3270 2566 urceum,
3302 2499 3441 2553 nihil
3474 2497 3603 2551 hinc

1983 2635 2014 2672 a
2046 2629 2174 2685 rege
2232 2607 2336 2662 nisi
2387 2612 2535 2660 sorte
2584 2600 2889 2656 tollendum
2955 2597 3274 2667 proclamat.
3327 2595 3602 2664 Obstupe-

1986 2706 2144 2763 factis
2163 2705 2267 2757 hac
2298 2696 2610 2754 temeritate
2639 2692 2874 2756 caeteris,
2906 2707 3000 2743 rex
3044 2688 3300 2756 injuriam
3331 2688 3603 2758 patientes

1984 2801 2053 2856 ad
2079 2806 2297 2866 tempus
2319 2792 2580 2853 tolerans,
2614 2785 3046 2856 apprehensum,
3081 2781 3334 2852 plurimis
3367 2779 3603 2835 faventi—

1985 2893 2108 2957 bus,
2142 2885 2423 2943 vasculum
2455 2877 2830 2934 ecclesiastico
2851 2874 3094 2928 reddidit
3115 2873 3302 2941 misso,
3335 2871 3470 2926 iram
3497 2871 3601 2926 sub

1983 2984 2149 3040 corde
2180 2988 2376 3035 tectam
2412 2987 2718 3028 reservans.
2755 2970 2982 3023 Peracto
3013 2965 3258 3036 denique
3297 2980 3442 3018 anno
3464 2979 3604 3018 cun-

1985 3085 2132 3134 ctum
2164 3071 2249 3128 sui
2274 3067 2549 3125 exercitus
2579 3068 2901 3134 apparatum
2917 3059 3080 3113 solito
3111 3055 3336 3127 prodire
3361 3055 3522 3120 jubet
3547 3054 3603 3108 in

1985 3179 2261 3236 campum,
2286 3167 2346 3214 ut
2375 3171 2649 3213 armorum
2684 3149 3002 3222 speculetur
3020 3148 3090 3201 de
3122 3162 3271 3201 more
3318 3146 3552 3200 nitorem
3589 3162 3601 3196 :

1987 3275 2153 3330 quem
2184 3258 2538 3315 conventum,
2570 3264 2600 3301 a
2638 3245 2827 3309 Marte,
2859 3241 3107 3296 Martium
3137 3255 3332 3295 vocare
3367 3254 3606 3296 consue-

1987 3355 2197 3405 verant.
2224 3345 2334 3397 Rex
2367 3353 2498 3413 ergo
2529 3337 2825 3391 instructas
2866 3331 3199 3388 circumiens
3228 3332 3333 3387 rite
3365 3331 3603 3402 phalan-

1988 3453 2106 3511 ges,
2130 3437 2197 3491 ad
2248 3451 2373 3488 eum
2424 3432 2518 3503 qui
2567 3429 2774 3483 dudum
2820 3434 3168 3498 percusserat
3209 3441 3435 3480 urceum
3479 3441 3606 3495 per-

1989 3527 2158 3582 venit.
2195 3525 2507 3597 spretisque
2557 3520 2732 3592 ipsius
2789 3515 2977 3583 armis,
3019 3515 3138 3583 ejus
3188 3513 3405 3568 tandem
3457 3512 3606 3566 fran-

1989 3622 2188 3677 ciscam
2239 3615 2472 3690 projccit
2513 3613 2572 3672 in
2621 3619 2821 3667 terram
2854 3651 2868 3675 ,
2924 3607 2992 3661 ad
3041 3623 3206 3677 quam
3231 3604 3604 3676 recipiendam

1992 3717 2254 3771 inclinato
2269 3710 2430 3765 militi
2465 3725 2558 3762 rex
2590 3707 2646 3761 in
2667 3713 2834 3775 caput
2861 3717 3016 3758 suam
3055 3698 3250 3773 deﬁgit
3278 3699 3602 3769 bipennem,

1991 3821 2154 3874 quam
2183 3802 2399 3873 pridem
2433 3799 2488 3852 in
2518 3812 2646 3852 vase
2669 3799 3102 3867 perpetraverat,
3133 3806 3256 3844 cum
3299 3788 3605 3858 increpita-

1991 3895 2160 3950 tionis
2188 3891 2510 3955 acerbitate,
2543 3899 2921 3942 rememorans
2945 3879 3456 3952 praesumptionem.
3491 3880 3607 3942 Quo

1993 3984 2071 4038 sic
2099 3983 2453 4049 interempto,
2486 3975 2652 4030 timor
2673 3974 2870 4044 ingens
2893 3970 3040 4043 regis
3063 3970 3164 4022 hac
3182 3982 3350 4037 super
3373 3967 3608 4033 ultione,

1995 4080 2320 4128 caeterorum
2366 4062 2690 4138 prestringit
2745 4060 2912 4117 corda
2963 4059 3318 4112 Francorum.
3353 4056 3416 4109 At
3447 4063 3606 4126 post-

1995 4178 2159 4236 quam
2191 4159 2496 4215 Clodoveus
2521 4152 2875 4226 Thoringiam
2914 4150 3022 4204 sibi
3048 4148 3386 4219 provinciam
3419 4146 3613 4216 subju-

1995 4253 2165 4328 gavit,
2189 4256 2243 4304 et
2270 4261 2500 4320 regnum
2523 4245 2609 4299 vel
2641 4242 2911 4297 ditionem
2960 4255 3114 4293 suam
3143 4238 3412 4304 dilatavit,
3445 4239 3609 4292 etiam

1997 4343 2337 4407 Rothildim,
2387 4339 2556 4394 filiam
2615 4334 2951 4407 Chilperici,
3009 4333 3190 4387 fratris
3247 4332 3610 4388 Gundebaudi

2000 4431 2453 4506 Burgundionum
2483 4426 2652 4499 regis,
2677 4425 2732 4478 in
2761 4422 3172 4478 matrimonium
3198 4424 3451 4493 sumpsit.
3488 4424 3616 4488 Qua:

1918 4474 1978 4542 D

2002 4541 2126 4581 cum
2185 4530 2331 4576 esset
2379 4517 2685 4573 Christiana
2741 4522 2796 4570 ct
2843 4513 2989 4569 filios
3034 4530 3098 4567 ex
3153 4530 3282 4586 rege
3330 4520 3619 4583 susceptos

2003 4613 2333 4684 baptismate
2373 4605 2706 4671 consecrari,
2761 4604 2959 4658 marito
2992 4618 3214 4672 quoque
3248 4601 3494 4666 nolente,
3527 4601 3615 4655 fe-

2004 4705 2188 4767 cisset,
2221 4701 2386 4754 etiam
2407 4698 2586 4752 virum
2607 4696 2674 4750 ad
2707 4694 2906 4748 Christi
2931 4692 3093 4747 ﬁdem
3126 4693 3431 4762 perducere
3448 4707 3618 4747 cona-

2005 4794 2185 4846 batur.
2215 4789 2322 4843 Sed
2353 4787 2599 4842 animum
2647 4783 2867 4838 barbari
2928 4782 3127 4835 mulier
3170 4782 3238 4835 ad
3282 4781 3619 4836 credendum

2007 4882 2230 4935 flectere
2262 4893 2371 4932 non
2402 4875 2637 4930 valebat.
2675 4875 2888 4927 Interea
2921 4871 3127 4925 bellum
3177 4870 3398 4924 Francis
3425 4871 3622 4924 adver-

2006 4987 2100 5024 sus
2138 4969 2470 5022 Alemannos
2499 4962 2719 5029 accidit,
2776 4971 2831 5016 et
2862 4960 3081 5015 Francis
3109 4960 3261 5015 caede
3292 4960 3462 5014 nimia
3492 4942 3620 5015 cor-

2010 5061 2322 5126 ruentibus,
2375 5074 2468 5112 rex
2520 5056 2588 5109 ab
2620 5053 2914 5109 Aureliano
2945 5051 3264 5107 consiliario
3293 5067 3392 5106 suo
3421 5053 3625 5107 suade-

2011 5161 2120 5220 tur,
2153 5160 2213 5206 ut
2243 5148 2540 5205 credensin
2572 5147 2846 5201 Christum
2881 5145 3174 5215 ipsumque
3190 5161 3375 5218 regem
3411 5161 3622 5217 regum,

2012 5256 2067 5300 et
2103 5243 2226 5300 coeli
2267 5259 2331 5297 ac
2389 5251 2546 5296 terrae
2595 5240 2767 5293 Deum
2815 5236 3105 5302 confitens,
3155 5235 3393 5304 invocet,
3449 5238 3543 5309 qui
3575 5236 3627 5291 ei

2011 5337 2298 5394 victoriam
2347 5349 2445 5406 pro
2474 5332 2617 5387 velle
2665 5330 2838 5402 possit
2884 5328 3157 5384 conferre.
3191 5329 3346 5394 Quod
3389 5345 3513 5384 cum
3545 5329 3630 5383 fe-

2013 5428 2199 5492 cisset,
2222 5424 2534 5495 Christique
2560 5420 2879 5493 suﬁragium
2906 5419 3019 5488 jam
3050 5419 3281 5473 devotus
3307 5419 3626 5490 expetisset,

2015 5518 2374 5589 tiendumque
2417 5533 2477 5571 se
2534 5514 2905 5570 Christianum
2962 5512 3220 5578 vovisset,
3275 5512 3320 5566 si
3369 5512 3626 5566 virtutem

274 4531 466 4586 danda
513 4543 625 4582 non
665 4524 978 4580 scribimus.
1014 4521 1278 4586 Quocirca
1309 4519 1579 4574 desinein
1611 4526 1895 4589 posterum

277 4630 471 4676 nostra
512 4616 795 4672 declinare
833 4614 1067 4685 judicia,
1117 4630 1242 4683 qua)
1270 4610 1411 4665 nihil
1460 4611 1707 4676 mordax,
1762 4611 1901 4665 nihil

277 4723 507 4780 quoque
535 4706 817 4759 minantur
846 4702 1298 4774 increpatorium.
1345 4700 1603 4772 Alioquin
1649 4700 1695 4753 si
1729 4699 1905 4754 distu-

276 4798 418 4852 leris
457 4803 700 4852 nostram
740 4792 1087 4848 sterilitatem
1118 4789 1373 4844 facundis
1402 4789 1697 4844 fecundare
1731 4787 1906 4843 collo-

276 4891 453 4963 quiis,
486 4887 889 4959 aucupabimur
944 4883 1220 4939 nundinas
1269 4883 1631 4952 involantum,
1673 4891 1727 4937 et
1763 4883 1906 4938 ultro

278 4979 491 5033 scrinia
529 4986 644 5043 tua,
677 4974 1106 5031 conniventibus
1155 4972 1317 5028 nobis
1346 4989 1410 5027 ac
1450 4971 1906 5036 subornantibus,

281 5069 639 5123 effractorum
668 5081 866 5120 manus
884 5073 1076 5136 arguta
1093 5062 1451 5136 populabitur
1474 5080 1486 5116 :
1511 5061 1910 5132 inchoabisque

284 5168 421 5212 tunc
447 5159 652 5212 frustra
700 5153 910 5212 moveri
940 5154 1210 5226 spoliatus
1241 5153 1406 5218 furto,
1438 5152 1482 5206 si
1511 5167 1658 5208 nunc
1690 5138 1912 5226 rogatus

289 5263 405 5302 non
426 5245 668 5302 moveris
698 5243 904 5299 ofﬁcio.
932 5265 962 5295 ι)

919 5335 1127 5391 CAPUT
1157 5337 1294 5391 XIII.

690 5433 760 5483 Dc
803 5431 1138 5483 conversione
1165 5432 1520 5494 Francorum,

361 5518 533 5587 Cujus
564 5527 748 5572 autem
779 5518 1108 5588 prudentiae,
1133 5535 1293 5588 quam
1325 5517 1499 5572 sancti
1532 5517 1702 5573 studii
1731 5524 1917 5574 noster

368 5683 440 5750 {.5}
484 5683 658 5739 Locus
691 5683 986 5739 divisionis
1014 5683 1116 5738 fuit
1143 5683 1337 5740 civitas
1362 5685 1721 5740 Suessionum
