4040 6176
419 287 484 342 51
1505 277 1900 347 _FLODOARDI
1941 251 2248 332 CANONICI
2289 247 2618 330 REM'ENSIS

3691 273 3764 328 52

422 420 600 490 ipsius
620 417 676 472 in
702 413 974 487 capiendo
995 411 1280 468 victoriam
1300 411 1538 483 experiri
1574 389 1866 466 meruisset
1886 428 1898 464 :
1917 417 2040 481 post
2070 412 2118 480 Α
2144 406 2507 480 subsequenti
2537 404 2914 462 consolatione
2947 404 3243 472 demulcet,
3277 411 3336 460 ut
3359 404 3565 476 quibus
3595 422 3772 477 appa-

426 509 592 577 hujus
643 505 753 560 voti
785 501 1245 574 pollicitationem
1293 516 1420 556 mox
1463 501 1517 555 in
1550 500 1731 572 fugam
1756 507 2043 554 vertuntur

425 597 1045 667 Alemanni,regemque
1057 608 1217 646 suum
1242 584 1648 663 comperientes
1670 590 2038 654 interfectum,

428 685 685 744 Clodovei
717 699 777 738 se
803 681 1284 736 subduntditioni.
1329 681 1475 745 Quos
1499 680 1592 734 ille
1619 681 1720 735 sub
1746 681 1880 753 iugo
1911 695 2043 735 con-

427 777 664 833 stitucns
679 771 995 838 tributario,
1029 771 1325 826 revertitur
1352 770 1529 826 victor
1559 771 1616 825 in
1633 787 1752 833 sua,
1780 770 2042 843 gaudium

427 867 674 923 referens
703 881 964 938 magnum
997 863 1235 937 reginze,
1291 863 1440 934 quod
1493 863 1562 916 ad
1617 863 2043 928 invocationem,

427 959 662 1028 scilicet,
694 956 893 1010 Christi
936 955 1196 1021 nominis,
1257 955 1542 1010 victoriam
1599 955 1864 1010 meruerit
1891 955 2045 1010 obti-

430 1065 582 1104 nere.
605 1045 754 1102 Tunc
776 1045 966 1120 regina
997 1044 1223 1100 beatum
1273 1044 1585 1118 Remigium
1629 1054 1805 1112 vocat,
1839 1045 2046 1116 depre-

431 1146 666 1207 cans,ut
710 1138 823 1212 regi
879 1137 1022 1192 viam
1077 1136 1271 1192 salutis
1307 1136 1578 1193 ostendat.
1633 1137 1804 1202 Quem
1829 1145 2052 1192 sanctus

434 1229 695 1284 sacerdos
725 1227 976 1282 doctrina
1000 1227 1128 1281 vitae
1178 1225 1436 1281 salutaris
1485 1225 1807 1295 informans,
1850 1227 1918 1281 ad
1949 1227 2052 1282 ba-

436 1321 622 1393 ptismi
653 1325 968 1375 commonet
991 1318 1182 1374 venire
1202 1325 1560 1373 sacramenta.
1598 1318 1691 1374 Ille
1706 1336 1764 1374 se
1787 1323 2050 1392 p0pulum

435 1427 606 1481 super
635 1409 723 1463 his
774 1409 1119 1463 exhortatum
1179 1407 1259 1461 ire
1289 1407 1655 1478 respondens,
1689 1408 1840 1465 affari
1872 1412 2058 1467 studet

437 1501 760 1569 exercitum,
793 1507 852 1554 ut
878 1499 1032 1565 deos,
1066 1498 1161 1569 qui
1206 1498 1289 1552 eis
1317 1499 1613 1554 subvenire
1645 1516 1754 1556 non
1783 1509 2056 1572 poterant,

439 1592 781 1656 deserentes,
807 1589 983 1661 ipsius
1012 1590 1221 1644 cultum
1250 1589 1619 1660 susciperent,
1651 1590 1744 1661 qui
1778 1599 1887 1645 tam
1919 1607 2060 1662 prae-

439 1684 643 1739 claram
673 1680 905 1753 largitus
930 1681 1012 1736 eis
1039 1681 1328 1736 victoriam
1363 1682 1557 1737 fuerat.
1586 1681 1898 1738 Conclamat
1920 1683 2062 1737 mul-

442 1773 644 1837 titudo,
699 1773 889 1827 divina
948 1789 1008 1828 se
1055 1773 1432 1844 praeveniente
1479 1775 1673 1848 gratia,
1716 1775 1975 1830 mortales
2003 1792 2062 1830 se

443 1866 579 1920 deos
611 1862 951 1934 relinquere,
980 1870 1147 1935 anque
1175 1863 1230 1916 in
1265 1863 1537 1918 Christum
1560 1865 1653 1935 qui
1677 1865 1783 1919 sibi
1805 1865 2062 1936 praesidio

445 1957 642 2020 fuerat,
677 1954 927 2010 credere.
952 1954 1287 2010 Nuntiantur
1311 1956 1431 2011 haec
1459 1964 1649 2012 sancto
1680 1958 1950 2034 Remigio,
1969 1960 2062 2031 qui

445 2060 644 2119 magno
673 2044 918 2115 repletus
936 2044 1163 2116 gaudio,
1197 2061 1383 2117 regem
1403 2045 1806 2119 populumque,
1829 2049 2068 2120 qualiter

446 2133 669 2189 diabolo
697 2141 751 2188 et
777 2133 1043 2202 operibus
1069 2148 1132 2188 ac
1152 2133 1372 2204 pompis
1389 2132 1563 2204 ipsius
1584 2136 2063 2206 abrenuntiantes,

448 2225 616 2279 Deum
647 2239 839 2279 verum
879 2222 1106 2278 credere
1159 2222 1403 2278 debeant
1433 2225 1708 2281 instruere
1740 2229 1938 2302 satagit
1967 2247 1980 2295 ;
2013 2240 2069 2286 et

448 2317 579 2389 quia
600 2315 878 2388 paschalis
907 2314 1230 2370 solemnitas
1259 2315 1607 2386 imminebat,
1643 2318 1838 2375 indicit
1865 2320 1946 2376 eis
1984 2321 2070 2392 je-

445 2408 663 2478 junium
691 2408 847 2477 juxta
870 2422 1081 2462 morem
1113 2404 1382 2461 fidelium.

524 2497 619 2552 Die
648 2512 778 2552 vero
807 2495 1086 2552 Passionis
1114 2495 1432 2563 Dominicae,
1464 2497 1644 2569 pridie
1671 2500 1884 2557 scilicet
1913 2511 2071 2558 ante-

449 2606 611 2660 quam
637 2588 900 2658 haptismi
921 2588 1155 2661 gratiam
1187 2592 1500 2662 percepturi
1541 2602 1716 2658 erant,
1761 2603 1883 2665 post
1915 2598 2072 2668 hym-

452 2693 569 2745 nos,
619 2693 926 2748 precesque
977 2688 1295 2747 nocturnas,
1364 2681 1565 2751 praesul
1627 2685 1839 2755 regium
1888 2687 2071 2742 cubile

451 2769 632 2841 petiit,
667 2775 726 2824 ut
755 2768 1009 2825 absoluto
1058 2771 1206 2827 curis
1249 2775 1609 2831 smcularibus
1662 2794 1812 2850 rege,
1844 2777 2075 2835 liberius

452 2861 505 2915 ei
554 2861 902 2917 committere
947 2879 1103 2919 sacra
1157 2866 1366 2922 valeret
1411 2868 1673 2939 mysteria
1720 2871 1896 2926 verbi.
1959 2874 2074 2938 Quo

455 2957 773 3004 reverenter
850 2967 881 3005 a
952 2952 1240 3009 cubilariis
1296 2955 1568 3024 admisso,
1639 2976 1735 3015 rex
1780 2961 2078 3031 prosiliens

455 3042 653 3097 obvius
705 3041 960 3098 alacriter
997 3046 1256 3114 occurrit,
1299 3056 1354 3102 et
1419 3049 1719 3104 oratorium
1772 3050 2076 3108 beatissimi

455 3133 831 3205 apostolorum
883 3135 1153 3207 principis
1201 3137 1368 3206 Petri,
1417 3139 1675 3195 cubiculo
1730 3142 1878 3214 regis
1933 3142 2072 3199 forte

457 3224 803 3296 contiguum,
836 3226 1042 3295 pariter
1083 3227 1493 3300 ingrediuntur.
1520 3228 1764 3301 Cumque
1796 3230 2080 3303 dispositis

457 3313 749 3378 sedilibus,
785 3315 1055 3386 pontifex,
1111 3333 1202 3372 rex
1234 3327 1398 3390 atque
1435 3317 1627 3391 regina
1673 3321 2077 3392 consedissent,

458 3407 790 3463 intromissis
857 3408 1193 3479 quibusdam
1251 3411 1490 3479 clericis,
1551 3415 1648 3469 sed
1702 3424 1756 3471 et
1799 3415 2080 3488 aliquibus

461 3495 575 3568 regi
603 3496 932 3552 necessariis
979 3514 1044 3553 ac
1081 3498 1421 3567 domesticis,
1468 3510 1522 3557 et
1560 3502 1895 3560 venerabilis
1924 3507 2082 3562 Pater

460 3600 647 3658 regem
685 3586 915 3641 monitis
945 3586 1226 3644 imbueret
1276 3591 1632 3659 salutaribus,
1689 3596 1755 3649 ad
1807 3598 2077 3654 corrobo-

459 3679 685 3733 randam
705 3679 1046 3736 salutiferam
1092 3682 1275 3739 ﬁdelis
1320 3686 1462 3741 servi
1486 3687 1571 3742 sui
1605 3687 1930 3757 doctrinam,
1965 3692 2076 3747 Do-

459 3765 644 3820 minus
672 3767 838 3822 etiam
865 3769 1164 3826 visibiliter
1193 3772 1452 3844 dignatus
1495 3783 1578 3830 est
1608 3779 1924 3847 ostendere,
1957 3797 2079 3837 sese

460 3855 718 3912 ﬁdelibus
749 3857 803 3911 in
827 3860 1052 3914 nomine
1082 3875 1184 3916 suo
1228 3864 1598 3938 congregatis,
1635 3873 1694 3921 ut
1727 3868 2075 3938 promiserat,

456 3961 675 4017 semper
703 3947 899 4004 adesse
943 3949 1162 4017 (Matth.
1197 3967 1351 4020 xvur,
1404 3953 1516 4023 20).
1558 3955 1804 4027 Repente
1836 3977 2076 4034 namque

459 4038 549 4091 lux
571 4045 680 4092 tam
712 4041 939 4110 copiosa
988 4048 1158 4096 totam
1212 4045 1449 4114 replevit
1494 4047 1806 4119 ecclesiam,
1861 4054 2077 4109 utsolis
2125 4037 2138 4056 ’

457 4128 742 4184 videretur
779 4131 1038 4186 evincere
1074 4135 1399 4192 claritatem.
1457 4139 1577 4194 Mox
1624 4158 1749 4196 cum
1799 4146 1919 4201 lucc
1973 4163 2075 4202 vox

459 4217 600 4272 facta
630 4226 733 4284 est,
784 4219 1045 4291 inquiens
1077 4240 1090 4276 :
1134 4223 1241 4277 Pax
1280 4225 1460 4292 vobis,
1493 4243 1597 4300 ego
1626 4245 1768 4298 sum,
1803 4233 1974 4289 nolite
2008 4236 2076 4290 ti-

458 4325 608 4363 mere
671 4312 814 4368 (Luc.
875 4329 1022 4378 xxrv,
1073 4313 1181 4383 36).
1238 4316 1450 4374 Manete
1509 4318 1565 4374 in
1605 4321 1906 4381 dilectione
1955 4345 2077 4385 mea

459 4399 632 4465 (Joan.
661 4415 771 4488 xv,
809 4400 882 4470 9).
928 4403 1054 4458 Post
1083 4421 1206 4476 quae
1235 4407 1404 4464 verba
1435 4411 1525 4466 lux
1580 4429 1703 4485 qua:
1755 4417 2074 4488 advenerat,

2145 497 2255 552 ruit
2275 496 2546 567 patribus,
2587 496 2826 566 primum
2857 494 3082 566 quidem
3141 509 3398 566 pavorem
3448 495 3767 549 incusserit.

2142 597 2198 644 at
2228 596 2418 658 postea
2460 604 2559 659 per
2590 587 2811 658 pietatis
2858 587 3092 662 gratiam
3127 586 3333 642 laetitiae
3382 585 3771 640 blandimenta

2143 679 2432 735 refuderit.
2494 679 2790 734 lrradiatus
2821 697 3041 753 quoque
3071 681 3155 736 vir
3184 677 3539 734 beatissimus
3579 676 3771 731 Remi-

2145 774 2290 848 gius,
2321 781 2381 828 ut
2407 772 2671 841 exterius,
2689 774 2894 830 veteris
2935 773 3187 844 exemplo
3210 770 3560 845 legislatoris,
3580 769 3772 825 vultus

2148 868 2537 931 illustratione,
2572 868 2667 933 ita,
2726 869 3012 940 multoque
3063 865 3259 940 magis,
3305 863 3558 929 interius,
3592 860 3774 916 divini

2149 960 2380 1035 fulgoris
2409 960 2838 1027 illuminatione,
2862 959 3059 1032 spiritu
3084 956 3433 1030 pr0phetico,
3457 974 3579 1029 qua:
3607 954 3771 1028 ipsis.

2149 1056 2237 1110 vel
2266 1070 2456 1110 eorum
2517 1053 2699 1109 forent
2731 1062 3000 1110 eventura
3032 1052 3328 1125 prosapiae,
3368 1050 3605 1106 traditur
3633 1067 3782 1122 prae.-

2151 1147 2380 1205 dixisse.
2412 1145 2698 1212 Quomodo
2722 1145 3191 1202 videliceteorum
3219 1144 3514 1215 posteritas
3544 1160 3781 1216 regnum

2153 1235 2417 1292 nobiliter
2445 1241 2591 1289 esset
2619 1242 3006 1306 propagatura,
3036 1231 3335 1289 Ecclesiam
3367 1248 3587 1304 quoque
3621 1233 3786 1290 Chri-

2153 1327 2221 1381 sti
2254 1323 2638 1389 sublimatura,
2674 1323 3027 1394 Romanaque
3045 1321 3314 1396 dignitate
3344 1319 3428 1376 vel
3476 1336 3650 1393 regno
3673 1337 3782 1392 po—

2157 1415 2344 1481 titura,
2375 1421 2430 1469 et
2458 1411 2716 1469 victorias
2771 1419 2961 1467 contra
2992 1411 3232 1481 impetus
3261 1407 3490 1465 aliarum
3521 1408 3777 1483 gentium

2155 1511 2502 1577 perceptura,
2535 1500 2580 1557 si
2608 1517 2718 1557 non
2744 1519 2776 1556 a
2803 1501 2952 1556 bono
2981 1497 3610 1573 degenerantes,salutis
3628 1499 3778 1554 viam

2158 1592 2296 1648 forte
2323 1592 2719 1664 relinquerent,
2775 1600 2828 1646 et
2879 1589 3084 1661 quibus
3135 1589 3278 1643 Deus
3305 1587 3602 1643 offenditur
3650 1605 3782 1644 sce—

2159 1685 2275 1738 lera
2328 1682 2654 1747 consectari,
2689 1679 3073 1751 pestiferorum
3122 1677 3382 1733 vitiorum
3433 1678 3660 1749 laqueos
3691 1678 3786 1732 in-

2160 1780 2464 1838 currerent,
2521 1770 2726 1843 quibus
2773 1785 2942 1842 regna
2980 1767 3248 1833 subverti,
3299 1776 3462 1839 atque
3492 1767 3562 1822 de
3611 1774 3787 1842 gente

2163 1862 2345 1916 solent
2389 1861 2445 1915 in
2487 1870 2708 1935 gentem
2749 1859 3032 1915 transferri
3079 1859 3262 1926 (Eccli.
3309 1876 3363 1926 χ,
3420 1859 3491 1926 8).
3544 1858 3585 1912 Α
3615 1858 3790 1913 domo

2166 1950 2410 2023 denique
2441 1950 2587 2022 regis
2616 1949 2782 2003 eundi
2802 1949 2870 2004 ad
2887 1949 3274 2020 baptisterium
3305 1948 3392 2002 via
3423 1955 3792 2019 praeparatur,

2165 2043 2288 2096 vela
2329 2041 2670 2113 cortinzeque
2735 2042 3164 2113 appenduntur,
3219 2040 3350 2095 hinc
3402 2042 3532 2095 inde
3589 2041 3797 2112 plateae

2167 2140 2489 2190 sternuntur
2521 2151 2535 2200 ;
2569 2133 2806 2189 ecclesia
2834 2129 3207 2202 componitur,
3248 2130 3634 2201 baptisterium
3668 2129 3800 2186 bal-

2169 2243 2342 2292 samo,
2376 2220 2705 2298 Caeterisque
2753 2224 3131 2281 odoramentis
3177 2223 3508 2296 aspergitur,
3550 2231 3797 2280 tantam-

2171 2337 2279 2392 que
2333 2319 2597 2374 Dominus
2643 2320 2850 2390 populo
2898 2316 3130 2389 gratiam
3191 2315 3668 2398 subministrabat,
3732 2324 3796 2374 ut

2174 2409 2440 2465 odoribus
2465 2425 2523 2463 se
2552 2408 2796 2480 paradisi
2826 2407 3060 2465 refoveri
3101 2410 3386 2485 gauderet.
3421 2409 3616 2478 Sicque
3648 2424 3803 2479 prae-

2169 2499 2498 2555 cedentibus
2527 2499 2890 2555 sacrosanctis
2921 2499 3253 2573 Evangeliis,
3299 2509 3354 2554 et
3385 2497 3644 2555 crucibus
3665 2515 3800 2554 cum

2169 2591 2412 2663 litaniis,
2460 2592 2678 2664 hymnis
2736 2600 2791 2647 et
2841 2591 3072 2648 canticis
3115 2585 3460 2663 spiritalibus
3491 2634 3505 2660 ,
3547 2608 3808 2647 summus

2174 2679 2421 2753 pontifex
2467 2698 2689 2736 manum
2718 2689 2912 2736 tenens
2959 2681 3124 2754 regis,
3176 2680 3552 2752 subsequente
3605 2681 3809 2755 regina

2173 2790 2298 2828 cum
2331 2774 2558 2844 populo,
2591 2773 2659 2827 ab
2691 2773 2816 2828 aula
2846 2773 3026 2847 pergit
3069 2773 3136 2827 ad
3177 2773 3585 2844 baptisterium.
3622 2773 3684 2828 Et
3713 2773 3811 2828 in-

2177 2869 2261 2916 ter
2287 2863 2531 2916 eundum
2565 2879 2656 2916 rex
2687 2863 2956 2935 rogitasse
3007 2861 3179 2917 fertur
3217 2863 3567 2933 episcopum,
3617 2877 3688 2916 an
3746 2862 3806 2917 id

2178 2961 2294 3008 erat
2323 2955 2440 3017 Dei,
2475 2956 2622 3027 quod
2672 2955 2779 3010 sibi
2837 2955 3163 3026 promiserat
3220 2969 3472 3028 regnum.
3523 2952 3639 3007 Non
3671 2952 3808 3021 hoc,

2180 3044 2380 3114 priesul
2425 3045 2626 3116 inquit,
2678 3043 2814 3099 illud
2872 3053 2954 3099 est
3013 3059 3266 3118 regnum,
3309 3041 3408 3096 sed
3443 3038 3664 3096 initium
3692 3042 3806 3097 viae

2175 3150 2284 3207 qua
2313 3138 2634 3208 pervenitur
2664 3136 2731 3192 ad
2783 3137 2984 3209 ipsum.
3037 3136 3139 3192 Ubi
3169 3151 3300 3192 vero
3333 3135 3402 3190 ad
3429 3144 3810 3206 prmparatum

2179 3224 2493 3296 baptisterii
2539 3233 2860 3298 perventum
2899 3233 2981 3281 est
3028 3224 3234 3292 locum,
3282 3223 3520 3279 clericus
3565 3222 3816 3279 chrisma

2181 3317 2365 3374 ferens
2396 3337 2425 3374 a
2483 3318 2691 3392 populo
2749 3319 3091 3390 interceptus
3129 3319 3198 3373 ad
3245 3317 3454 3372 fontem
3485 3316 3815 3389 pertingere

2181 3403 2405 3478 penitus
2444 3416 2526 3464 est
2557 3408 2876 3479 impeditus.
2935 3407 3285 3463 Sanctificato
3336 3406 3580 3477 denique
3632 3404 3819 3471 fonte,

2180 3507 2317 3552 nutu
2349 3497 2538 3554 divino
2569 3499 2808 3554 chrisma
2840 3497 3037 3552 defuit.
3071 3497 3305 3551 Sanctus
3343 3504 3528 3549 autem
3557 3493 3822 3565 pontifex

2181 3589 2357 3645 oculis
2413 3591 2480 3645 ad
2535 3591 2734 3645 coelum
2787 3587 3078 3659 porrectis,
3136 3585 3300 3640 tacite
3356 3583 3590 3638 traditur
3619 3598 3822 3638 orasse

2181 3699 2304 3737 cum
2337 3683 2612 3754 lacrymis.
2647 3683 2709 3736 Et
2728 3697 2855 3737 ecce
2895 3678 3080 3735 subito
3116 3677 3395 3744 columba,
3424 3693 3527 3732 ceu
3561 3675 3674 3743 nix,
3709 3675 3820 3730 ad-

2179 3770 2324 3825 volat
2355 3771 2612 3838 candida,
2671 3778 2846 3826 rostro
2902 3769 3162 3824 deferens
3206 3766 3503 3838 ampullam
3563 3765 3822 3822 caelestis

2179 3859 2310 3915 doni
2342 3860 2638 3916 chrismate
2686 3859 2975 3930 repletam.
3010 3857 3176 3926 Cujus
3202 3857 3391 3913 odoris
3441 3855 3684 3910 mirabili
3723 3871 3823 3910 re-

2177 3952 2352 4023 spersi
2387 3961 2629 4018 nectare,
2663 3946 3045 4006 inaestimabili
3077 3949 3173 4020 qui
3205 3948 3436 4004 aderant
3461 3963 3632 4018 super
3689 3949 3829 4002 διη-

2178 4045 2270 4099 nia
2301 4046 2504 4117 quibus
2534 4052 2698 4100 antea
2752 4042 3010 4100 delectati
3057 4041 3273 4097 fuerant
3322 4040 3623 4112 replentur,
3657 4055 3803 4095 sua-

2177 4137 2363 4192 vitate.
2396 4137 2632 4206 Accepta
2661 4134 2849 4205 itaque
2878 4142 3101 4187 sanctus
3125 4132 3324 4202 praesul
3362 4129 3622 4201 ampulla,
3643 4137 3810 4200 post-

2177 4244 2340 4298 quam
2394 4227 2687 4282 chrismate
2745 4226 2953 4281 fontem
3009 4224 3340 4295 conspersit,
3393 4221 3611 4293 species
3667 4237 3805 4278 mox

2177 4316 2448 4371 columbae
2477 4314 2765 4386 disparuit.
2816 4313 2926 4367 Rex
2972 4323 3153 4368 autem
3203 4319 3368 4368 tanta:
3423 4311 3612 4385 gratiae
3657 4326 3808 4367 con-

2176 4415 2363 4477 specto
2404 4404 2670 4460 miraculo
2725 4405 2901 4470 laetus,
2954 4410 3198 4458 actutum
3253 4401 3460 4457 diaboli
3493 4399 3714 4472 pompis
3747 4410 3810 4457 et

459 4487 718 4555 abcessit,
771 4491 868 4546 sed
916 4491 1215 4550 ineﬁ‘abilis
1244 4496 1382 4552 odor
1427 4501 1714 4558 suavitatis
1768 4503 1822 4558 in
1882 4487 2076 4562 eadem
2103 4499 2445 4571 DOperibus
2475 4496 2784 4572 abnegatis,
2834 4512 2865 4550 a
2894 4495 3198 4550 reverendo
3229 4510 3289 4549 se
3337 4492 3476 4564 petit
3530 4492 3809 4564 pontiﬁce

459 4577 626 4632 domo
671 4580 952 4635 remansit.
1007 4581 1071 4637 Ut
1100 4583 1388 4640 evidenter
1416 4588 1623 4645 valeret
1661 4595 1884 4665 agnosci
1916 4595 2074 4660 lucis,

461 4670 612 4740 pacis
636 4679 801 4743 atque
831 4673 937 4744 pia;
960 4673 1274 4732 dulcedinis
1305 4678 1436 4735 illuc
1459 4690 1738 4740 auctorem
1763 4688 2074 4756 advenisse,

2181 4588 2467 4661 baptizari.
2499 4588 2616 4653 Quo
2635 4587 2762 4642 vitae
2779 4586 2987 4642 fontem
3022 4585 3286 4658 perennis
3329 4584 3624 4658 ingressio,
3655 4583 3808 4640 bea-

2177 4691 2265 4737 tus
2287 4681 2532 4753 profatur
2557 4680 2757 4752 praesul
2805 4695 2899 4734 ore
2926 4678 3195 4734 facundo:
3226 4681 3378 4735 Mitis
3407 4678 3607 4747 depone
3635 4677 3807 4743 colla,

459 4758 655 4813 beatus
683 4759 851 4815 etiam
878 4763 1079 4832 praesul
1107 4781 1172 4818 ex
1195 4766 1392 4821 eodem
1416 4769 1645 4839 lumine,
1666 4790 1775 4830 non
1796 4778 2073 4836 modicum
2177 4776 2473 4833 Sicamber.
2507 4775 2698 4828 Adora
2718 4773 2862 4843 quod
2889 4773 3196 4839 incendisti,
3225 4771 3444 4826 incende
3481 4771 3624 4840 quod
3652 4771 3806 4826 ado-

460 4847 610 4941 visus
631 4855 715 4903 est
742 4851 930 4906 vultus
959 4851 1230 4927 fulgorem
1281 4858 1510 4914 traxisse
1584 4861 1693 4917 Rex
1727 4863 2076 4941 igituratque
2175 4872 2333 4924 rasti.
2383 4868 2584 4939 Sicque
2635 4874 2757 4935 post
2803 4865 3123 4920 orthodoxae
3177 4862 3582 4919 confessionem
3642 4860 3809 4930 fidei,

461 4939 652 5011 regina
682 4941 922 5043 pedibus
947 4944 1078 4999 almi
1104 4949 1411 5005 sacerdotis
1435 4952 1687 5023 adstrati,
1716 4973 1838 5012 cum
1874 4939 2072 5035 magno
2177 4961 2320 5017 trina
2351 4962 2552 5016 tinctus
2583 4959 2882 5024 mersione,
2915 4957 3105 5013 divino
3127 4974 3355 5012 summa:
3383 4955 3812 5028 individuzeque

460 5045 661 5099 pavore
690 5037 866 5104 ipsius
894 5037 1184 5107 requirunt
1204 5043 1640 5100 consolationem
1670 5049 2072 5122 audire,opere
2172 5050 2476 5118 Trinitatis,
2509 5051 2702 5117 Patris,
2736 5056 2792 5103 et
2819 5047 2962 5113 Filii,
3004 5054 3059 5102 et
3096 5047 3332 5118 Spiritus
3360 5044 3534 5101 sancti
3559 5044 3661 5098 sub
3692 5061 3808 5100 no-

456 5124 764 5195 adimplere
816 5128 992 5197 parati
1047 5146 1171 5200 quae
1219 5133 1644 5202 propalarentur
1681 5154 1776 5194 ore
1829 5144 2068 5214 patroni.
2175 5144 2344 5209 mine,
2376 5142 2676 5213 suscipitur
2705 5141 2774 5195 ab
2791 5140 2988 5195 eodem
3019 5146 3210 5193 sancto
3239 5135 3524 5208 pontiﬁce,
3555 5135 3810 5207 divoque

457 5215 884 5308 llelectabantur
911 5222 1117 5276 etenim
1133 5224 1320 5280 verbis
1350 5245 1472 5301 quae
1502 5230 1814 5298 audierant,
1837 5233 2072 5298 interius
2175 5244 2526 5292 consecratur
2554 5233 2852 5308 insignitus
2878 5231 3146 5305 unguine.
3197 5229 3551 5301 Baptizantur
3578 5243 3812 5284 sorores

453 5306 771 5402 “lilminﬂi,
799 5329 963 5383 Quam
1006 5315 1279 5385 viderant,
1319 5318 1463 5390 luce,
1497 5323 1626 5380 licet
1651 5326 1924 5384 exteriore
1955 5336 2068 5391 ter-.
2173 5329 2321 5402 regis
2347 5306 2711 5382 Alboﬂ'ediset
2742 5323 3116 5390 Landehildis,
3144 5320 3420 5393 simulque
3447 5320 3517 5375 de
3548 5319 3806 5374 Franco-

455 5399 543 5454 riti
585 5401 813 5458 luminis
851 5406 1116 5465 claritate.
1148 5411 1379 5469 Sanctus
1407 5422 1591 5474 autem
1619 5417 1779 5473 Pater
1811 5435 2065 5492 supernae
2173 5399 2292 5474 rum
2329 5417 2571 5474 exercitu
2599 5417 2843 5472 virorum
2874 5415 2977 5470 tria
3026 5414 3219 5481 millia,
3272 5421 3472 5484 praeter
3498 5409 3809 5466 mulierum

448 5493 693 5562 repletus
707 5495 1005 5566 splendore
1035 5503 1325 5574 sapientia:
1354 5506 1423 5561 de
1449 5509 1690 5564 caelestis
1717 5527 1814 5566 eos
1843 5511 2066 5567 instruit
2171 5511 2635 5581 parvulorumque
2663 5509 2907 5565 nomina.
2947 5511 3063 5574 Quo
3117 5507 3207 5561 die
3239 5520 3498 5577 magnum
3532 5501 3589 5556 in
3640 5503 3811 5558 caelis

446 5583 678 5676 visionis
732 5592 1156 5663 consuetudine,
1213 5615 1336 5674 qua;
1383 5601 1624 5656 adventu
1673 5604 1900 5676 quidem
1958 5619 2060 5658 suo
2165 5601 2504 5656 celebratum
2537 5602 2743 5657 sanctis
2788 5600 3055 5676 gaudium
3105 5598 3331 5656 credere
3361 5609 3658 5670 possumus
3687 5610 3805 5648 an-

440 5673 607 5729 corda
637 5679 952 5736 mortalium
985 5687 1172 5751 terret,
1218 5686 1316 5740 sed
1350 5686 1604 5748 timorem
1649 5673 2058 5767 praecedentem
2161 5692 2302 5774 gelis
2330 5699 2386 5747 et
2415 5692 2734 5749 hominibus
2778 5673 3025 5750 laetitiam
3081 5707 3193 5748 non
3220 5687 3496 5745 modicam
3538 5687 3594 5741 in
3646 5693 3804 5742 terra
