4038 6166
290 271 361 326 53
955 257 1282 314 HISTORUE
1317 249 1657 311 ECCLESIAB
1696 248 2025 305 REMENSIS
2064 249 2240 304 LIBRI
2281 249 2604 316 QUATUOR.
2631 280 2703 289 —
2742 248 2865 303 LIB.
2910 251 2949 304 Ι.
3554 257 3624 312 54

293 397 532 454 devotis.
584 391 868 449 Exercitus
921 396 1105 446 autem
1164 404 1294 460 pars
1333 401 1532 459 magna
1579 383 1911 438 Francorum
1933 385 2156 453 Apene
2200 381 2572 451 desperatum,
2603 381 2807 437 blande
2835 384 3108 440 consolari
3159 387 3378 461 satagit,
3435 387 3623 444 dolere

294 490 533 545 necdum
590 486 660 540 ad
706 483 874 539 ﬁdem
917 481 1118 538 Christi
1171 494 1456 545 conversa,
1515 493 1640 533 cum
1671 475 1909 547 quodam

293 575 604 649 Raganario
658 572 931 644 principe,
986 577 1137 625 trans
1192 569 1451 625 Somnam
1509 564 1737 620 ﬂuvium
1789 571 1914 633 post

288 668 618 740 aliquandiu
651 667 706 720 in
737 663 1067 720 infidelitate
1097 671 1313 717 versata
1341 666 1446 725 est,
1477 659 1655 713 donec
1673 669 1914 726 superna

287 757 626 827 disponente
651 752 848 827 gratia,
882 749 1109 822 przefato
1163 765 1291 823 rege
1349 746 1626 802 Ludovico
1655 741 1914 819 gloriosis

290 845 471 918 potito
497 841 764 904 victoriis,
796 841 943 894 idem
993 839 1334 911 Raganarius
1363 836 1695 910 flagitiorum
1725 840 1909 889 secta-

288 949 378 994 tor
408 953 472 992 ac
489 934 920 1006 turpitudinum,
947 931 1165 987 vinctus
1213 947 1244 985 a
1275 929 1498 984 Francis
1546 929 1778 983 traditus
1807 931 1910 992 est,

289 1039 347 1085 et
375 1029 774 1097 interemptus,
831 1023 1124 1095 omnisque
1164 1022 1498 1077 Francorum
1554 1021 1793 1092 populus
1844 1017 1913 1073 ad

291 1120 493 1176 Christi
551 1119 738 1185 fidem,
792 1134 894 1189 per
937 1117 1160 1172 beatum
1207 1114 1522 1187 Remigium
1575 1112 1916 1172 convertitur

290 1233 352 1272 ac
369 1214 705 1285 baptizatur.

917 1297 1127 1354 CAPUT
1157 1297 1289 1352 XIV.

287 1398 360 1450 De
385 1389 816 1464 possessionibus
863 1403 1002 1460 quas
1047 1391 1094 1442 ei
1139 1403 1238 1440 rea:
1285 1387 1586 1444 Ludovicus
1636 1393 1687 1443 et
1715 1389 1915 1443 Franci

924 1479 1279 1536 contulerunt.

364 1576 479 1630 Rex
535 1574 725 1647 igitur,
757 1571 1202 1640 Francorumque
1232 1575 1510 1640 potentes,
1534 1571 1800 1642 plurimas
1849 1570 1910 1624 B.

289 1663 546 1737 Remigio
579 1659 959 1732 possessiones
978 1675 1078 1730 per
1105 1659 1352 1713 diversas
1377 1660 1660 1716 contulere
1687 1659 1915 1732 provin-

285 1755 428 1818 cias,
471 1767 539 1806 ex
568 1748 774 1821 quibus
814 1747 928 1814 ille,
958 1755 1067 1802 tam
1097 1745 1447 1816 Remenscm,
1475 1766 1639 1820 quam
1672 1750 1916 1821 reliquas

285 1840 593 1898 nonnullas
622 1836 867 1892 Francia:
898 1837 1109 1893 dotavit
1151 1838 1320 1908 [ms.j,
1377 1838 1591 1912 ditavit]
1629 1840 1911 1896 ecclesias.

284 1936 407 1990 Non
458 1929 735 1987 modicam
799 1945 1016 1985 necnon
1068 1930 1388 1985 earumdem
1445 1942 1656 2003 partem
1707 1948 1912 2000 rerum,

284 2027 541 2083 ecclesia)
567 2035 770 2082 sanctae
815 2023 997 2078 Mariae
1054 2023 1305 2078 Lauduni
1358 2025 1578 2093 clavati,
1627 2027 1917 2082 Remensis

289 2117 571 2188 parochia:
599 2116 784 2182 castri,
817 2115 914 2170 ubi
950 2114 1191 2168 nutritus
1213 2113 1408 2180 fuerat,
1429 2116 1689 2171 tradidit:
1724 2116 1914 2187 ibique

286 2209 714 2276 Genebaudum,
745 2223 912 2262 carne
942 2205 1184 2262 nobilem
1245 2206 1445 2272 virum,
1487 2215 1709 2280 tamque
1745 2210 1917 2265 sacris

287 2318 457 2372 quam
489 2298 850 2355 saecularibus
878 2297 1083 2353 litteris
1114 2295 1415 2365 eruditum,
1441 2298 1535 2368 qui
1560 2298 1750 2353 relicta
1774 2314 1913 2356 con-

281 2395 440 2467 juge,
474 2393 649 2447 sancti
681 2390 942 2465 Remigii,
969 2405 1072 2444 ceu
1103 2388 1360 2457 traditur,
1402 2397 1567 2461 nepte
1599 2391 1913 2465 religiosam

285 2484 542 2540 subierat
579 2483 771 2550 vitam,
830 2481 1106 2537 ordinavit
1133 2480 1481 2552 episcopum,
1509 2482 1917 2555 comitatusque

288 2574 680 2630 Laudunensis
724 2572 909 2628 eidem
937 2581 1117 2628 castro
1169 2571 1408 2641 subjecit
1445 2574 1783 2644 parochiam.
1818 2576 1917 2640 Qui

288 2664 669 2720 Genebaudus
697 2663 767 2717 de
827 2670 955 2718 ante
1003 2670 1123 2718 acta
1152 2662 1265 2717 vita
1318 2662 1573 2731 nimium,
1604 2665 1919 2737 gradusque

287 2755 640 2812 sublimitate
671 2752 979 2823 confidens,
1011 2754 1080 2809 ab
1102 2769 1270 2809 uxore
1291 2771 1456 2825 quam
1479 2754 1800 2826 reliquerat,
1833 2756 1921 2810 in-

288 2855 475 2909 caute,
509 2843 668 2915 quasi
711 2858 814 2914 pro
862 2842 1186 2898 instruenda
1215 2859 1303 2910 ea,
1341 2861 1402 2898 se
1425 2843 1676 2899 crebrius
1709 2845 1919 2901 visitari

293 2937 580 3010 permisit.
615 2936 730 2991 Sed
772 2943 832 2992 ut
851 2936 1041 2992 divina
1081 2943 1349 2992 testantur
1378 2938 1600 3008 eloquia
1641 2955 1655 2994 :
1687 2941 1922 3010 Lapides

287 3036 564 3087 excavant
592 3045 767 3100 aqua,
794 3035 846 3086 et
860 3032 1130 3087 alluvione
1147 3037 1296 3087 terra
1315 3036 1668 3100 consumitur,
1696 3040 1745 3092 et
1765 3040 1920 3108 rupis

290 3123 492 3196 [rupes]
523 3125 857 3190 transfertur
882 3121 1078 3179 deloco
1106 3139 1202 3179 suo
1239 3125 1356 3191 (Job
1400 3141 1512 3191 xw,
1539 3125 1620 3194 19)
1640 3127 1738 3191 ;ita
1766 3145 1913 3200 quo-

288 3231 400 3287 que
433 3213 568 3268 huic
597 3215 850 3289 contigit,
878 3224 939 3271 ut
962 3216 1282 3288 frequentes
1304 3217 1552 3272 mulieris
1568 3218 1916 3276 visitationes

289 3304 613 3374 blandaque
643 3303 942 3375 colloquia,
966 3305 1165 3360 durum
1189 3304 1546 3377 validumque
1575 3315 1766 3363 contra
1787 3309 1918 3364 libi-

289 3396 480 3450 dinem
507 3402 702 3465 pectus
731 3396 1045 3451 emollirent
1075 3397 1345 3469 episcopi,
1374 3406 1428 3453 et
1447 3399 1603 3470 quasi
1634 3417 1826 3471 rupem
1846 3403 1916 3457 de

292 3489 412 3543 loco
443 3487 756 3542 sanctitatis
791 3488 860 3542 ad
891 3503 1109 3544 caenum
1143 3488 1502 3545 transferrent
1532 3493 1782 3547 luxuriae.
1817 3495 1917 3559 Qui
1963 3463 1979 3488 ς

291 3577 556 3631 suasione
586 3575 862 3632 diabolica
914 3577 970 3630 in
1023 3577 1277 3634 libidinis
1329 3579 1577 3634 flammas
1615 3582 1920 3654 exagitatus

291 3665 498 3736 erupit,
523 3662 811 3735 veterique
835 3679 898 3720 se
928 3666 1167 3722 miscens
1196 3667 1394 3735 sodali,
1423 3667 1595 3724 filium
1629 3686 1693 3724 ex
1725 3671 1916 3725 eadem

295 3759 616 3831 progenuit,
661 3775 828 3830 quem
875 3761 1026 3816 velut
1087 3762 1144 3816 in
1197 3762 1488 3818 latrocinio
1549 3772 1916 3834 procreatum,

294 3856 583 3908 Latronem
615 3854 890 3910 nominari
920 3857 1202 3928 praecepit.
1236 3857 1446 3929 thuia
1474 3859 1638 3929 culpa
1665 3859 1917 3928 pluribus

295 3953 481 4022 ignota
518 3951 531 4018 (
573 3966 642 4005 ne
663 3950 720 4005 in
740 3951 1113 4023 suspicionem
1135 3951 1265 4007 hinc
1282 3951 1422 4006 forte
1453 3953 1793 4022 procederet,
1815 3954 1859 4006 si
1885 3970 1916 4007 a

294 4040 455 4095 solita
479 4056 544 4094 se
563 4041 814 4110 praesulis
832 4041 1149 4096 visitatione
1177 4040 1382 4096 femina
1399 4041 1772 4106 submoveret)
1801 4057 1916 4096 caa-

299 4132 396 4202 pit,
432 4139 493 4185 ut
523 4140 706 4198 antea,
740 4132 964 4187 domum
995 4131 1347 4203 frequentare
1379 4128 1676 4201 pontificis.
1712 4130 1910 4201 Sicque

297 4225 501 4280 factum
524 4232 607 4279 est
628 4233 686 4280 ut
710 4225 1032 4282 hominibus
1055 4225 1220 4296 culpa
1247 4225 1444 4291 celata,
1479 4225 1787 4295 tacitusque
1807 4230 1913 4277 tam

297 4316 398 4369 viri
433 4331 600 4386 quam
630 4315 882 4371 mulieris
910 4315 1094 4381 ardor,
1140 4315 1198 4370 in
1247 4315 1432 4379 corde,
1467 4313 1737 4377 libidinis,
1764 4328 1918 4368 com-

298 4412 564 4476 punctum
598 4405 754 4475 prius
775 4411 966 4460 contra
995 4409 1303 4474 peccatum,
1335 4403 1403 4457 ad
1429 4402 1646 4472 culpam
1674 4409 1919 4456 retraxe-

301 4501 367 4552 rit
397 4498 749 4568 episcopum.
777 4497 877 4562 Qui
905 4497 1055 4552 velut
1078 4496 1287 4552 oblitus
1310 4497 1458 4568 quod
1484 4496 1785 4567 planxerat,
1819 4495 1922 4550 ite-

301 4588 436 4642 ravit
468 4586 681 4642 crimen
702 4587 850 4658 quod
877 4586 1194 4642 defleverat.
1230 4587 1295 4640 At
1312 4585 1409 4640 ubi
1439 4592 1683 4640 exortam
1715 4585 1785 4639 de
1815 4583 1919 4638 fla-

301 4683 437 4753 gitio
463 4682 738 4751 comperit
767 4681 958 4747 filiam,
1012 4695 1213 4736 nomen
1245 4679 1427 4735 eidem
1467 4679 1690 4734 mandat
1713 4676 1923 4749 imponi

306 4771 685 4843 Vulpeculam,
709 4778 900 4842 utpote
930 4771 1218 4826 fraudibus
1246 4777 1452 4842 arguta:
1474 4767 1664 4822 matris
1693 4779 1926 4838 genera-

308 4871 434 4915 tam.
469 4861 706 4917 Domino
721 4861 928 4927 denuo,
952 4861 1047 4932 qui
1097 4861 1320 4914 beatum
1353 4858 1579 4914 Petrum
1613 4861 1927 4927 respexerat

309 4955 453 5008 hunc
483 4969 710 5026 quoque
742 4953 1073 5025 respiciente
1131 4954 1281 5020 (Luc.
1331 4967 1462 5017 xxu,
1505 4951 1613 5020 6f),
1646 4963 1923 5018 compun-

309 5057 426 5100 ctus
455 5054 645 5102 mente
703 5047 1094 5112 Genebaudus,
1141 5054 1392 5101 sanctum
1448 5044 1755 5118 Remigium
1791 5038 1927 5112 petit

315 5136 389 5190 ire
419 5137 624 5208 [uteat]
660 5136 1008 5190 Laudunum.
1055 5135 1170 5200 Quo
1201 5151 1324 5189 cum
1359 5135 1547 5188 debita
1575 5130 1928 5186 veneratione

317 5239 591 5298 suscepto,
613 5239 901 5298 postquam
925 5226 1127 5280 cubilis
1143 5225 1320 5280 iniere
1341 5232 1636 5286 secretum,
1672 5235 1927 5294 magnum

321 5335 688 5390 prorumpens
725 5319 778 5372 in
834 5319 1119 5386 ejulatum,
1173 5317 1367 5371 stolam
1398 5316 1678 5387 deponere
1739 5313 1932 5366 nititur

322 5428 461 5476 reus,
493 5410 671 5465 sancti
702 5427 759 5465 se
781 5409 994 5481 patroni
1023 5419 1378 5480 prosternens
1405 5407 1661 5478 pedibus.
1697 5408 1811 5471 Quo
1829 5405 1930 5458 do-

321 5499 447 5553 loris
478 5499 616 5553 tanti
638 5515 858 5552 causam
882 5495 1516 5569 diligenterindagantc,
1548 5493 1802 5565 Iacrymis
1817 5493 1933 5548 sin-

320 5592 583 5662 gultuque
607 5589 1005 5660 praepediente,
1038 5590 1125 5645 vix
1149 5589 1390 5644 admissa
1419 5595 1789 5662 transgressor
1806 5603 1934 5642 nar-

325 5692 399 5736 rat
440 5700 505 5736 ex
544 5682 762 5738 ordine.
807 5683 976 5746 Quem
1020 5682 1102 5737 vir
1145 5682 1242 5737 Dei
1292 5681 1590 5738 contritum
1632 5679 1828 5736 videns
1871 5696 1933 5733 ac

2011 487 2070 526 se
2086 478 2416 542 protestans,
2453 488 2563 528 non
2589 482 2698 529 tam
2727 476 2798 531 de
2829 485 3144 548 perpetrato
3172 477 3434 546 facinore,
3461 497 3624 551 quam

2012 559 2269 630 quodille
2301 559 2371 614 de
2399 560 2617 616 Domini
2646 563 2938 619 videbatur
2971 565 3316 640 benignitate
3347 566 3624 634 diffidere,

2013 649 2102 703 cui
2122 658 2336 705 constat
2364 649 2505 705 nihil
2533 651 2684 723 quod
2713 652 2951 708 voluerit
2980 654 3324 724 impossibile
3359 675 3372 710 :
3405 657 3500 729 qui
3526 673 3626 729 pro

2016 740 2230 795 nullum
2243 742 2311 796 ad
2329 759 2387 795 se
2401 750 2766 798 revertentem
2781 751 3124 814 peccatorem
3139 747 3396 818 despicit,
3419 749 3513 819 qui
3527 765 3626 820 pro

2014 836 2400 905 peccatoribus
2429 837 2594 891 etiam
2625 838 2952 912 sanguinem
2990 854 3149 894 suum
3179 841 3337 897 fudit.
3388 843 3630 899 Diversis

2014 921 2200 994 itaque
2229 924 2312 980 vir
2341 925 2618 997 benignus
2643 926 2955 996 etprudens
2983 927 3198 1001 erigere
3225 930 3435 1000 lapsum
3457 939 3631 987 certat

2013 1013 2302 1082 exemplis,
2357 1015 2504 1086 quod
2561 1016 2708 1086 apud
2760 1017 2932 1074 Deum
2965 1017 3178 1074 scilicet
3232 1018 3414 1085 facile,
3448 1029 3630 1077 reatus

2013 1101 2180 1170 hujus
2193 1101 2414 1157 veniam
2433 1105 2640 1160 valeret
2679 1105 2953 1173 obtinere,
2983 1107 3030 1162 si
3061 1107 3260 1181 dignos
3289 1109 3630 1179 poenitentiae

2014 1190 2224 1246 fructus
2271 1194 2383 1249 Deo
2431 1195 2679 1251 studeret
2709 1195 2926 1252 oﬂ'erre.
2961 1197 3050 1252 Sic
3079 1198 3302 1254 demum
3326 1200 3510 1272 dignis
3529 1217 3628 1254 ex-

2009 1281 2424 1338 hortationibus
2473 1285 2928 1342 indicitanimato
2957 1289 3363 1358 paenitentiam,
3396 1296 3633 1343 structa-

2013 1385 2121 1439 que
2139 1373 2542 1441 mansiuncula,
2572 1374 2876 1430 fenestellis
2921 1377 3104 1446 parvis
3135 1378 3464 1444 illuminata,
3507 1393 3630 1432 cum

2013 1460 2255 1515 oratorio
2307 1464 2448 1532 (qua:
2476 1464 2657 1519 adhuc
2701 1480 2864 1520 secus
2903 1467 3193 1522 ecclesiam
3223 1469 3395 1524 sancti
3426 1467 3632 1522 Juliani

2012 1566 2237 1606 manere
2269 1553 2540 1625 feruntur)
2577 1557 2634 1610 in
2678 1572 2739 1611 ea
2789 1558 3154 1628 pmnitentem
3200 1559 3483 1616 concludit
3513 1559 3635 1631 epi-

2014 1657 2264 1714 SCOpum.
2316 1649 2446 1718 Ejus
2475 1665 2698 1722 quoque
2749 1666 2850 1720 per
2878 1666 3052 1706 annos
3075 1660 3289 1723 septem
3313 1653 3634 1725 gubernans

2013 1739 2352 1810 parochiam,
2389 1759 2554 1798 unam
2596 1744 2782 1800 Remis
2818 1744 3179 1812 Dominicam,
3208 1745 3629 1801 Laudunicele-

2016 1828 2177 1882 brare
2230 1835 2898 1919 consueverat’alteram.
2970 1836 3084 1900 Qua
3138 1837 3240 1890 sub
3300 1834 3632 1899 reclusione,

2016 1933 2238 1998 quantae
2305 1930 2656 1986 contritionis
2706 1947 2769 1986 ac
2798 1931 3156 1987 continentiae
3211 1931 3556 1986 districtione
3575 1945 3634 1984 se

2015 2022 2099 2076 vir
2138 2021 2400 2092 praefatus
2414 2024 2796 2092 coarctaverit,
2847 2041 3012 2096 quam
3045 2025 3243 2098 dignos
3275 2025 3413 2080 inibi
3446 2023 3631 2095 potni-

2017 2116 2204 2172 tentize
2237 2117 2444 2173 fructus
2473 2119 2738 2192 exegerit,
2762 2118 2950 2173 divina
2962 2119 3312 2188 postmodum
3330 2116 3638 2190 propalavit

2016 2209 2327 2266 clementia.
2373 2214 2531 2267 Anno
2568 2211 2847 2283 siquidem
2889 2209 3147 2280 septimo,
3205 2225 3331 2264 cum
3359 2209 3415 2261 in
3445 2206 3636 2278 vigilia

2017 2317 2187 2356 ccenae
2221 2301 2518 2356 Dominicze
2568 2300 2848 2372 pmnitens
2877 2307 3227 2370 pernoctaret
3257 2299 3314 2353 in
3362 2297 3634 2363 oratione,

2018 2397 2262 2468 seipsum
2314 2395 2527 2451 deflens
2556 2395 2613 2449 in
2644 2395 2768 2459 hoc,
2802 2392 3064 2462 quoniam
3118 2392 3210 2462 qui
3265 2391 3331 2444 ad
3364 2391 3420 2444 id
3461 2404 3635 2460 usque

2019 2499 2312 2564 provectus
2343 2489 2537 2544 fuerat.
2572 2497 2633 2543 ut
2670 2485 2902 2542 Domino
2934 2483 3269 2554 paenitentes
3312 2481 3638 2538 reconcilia-

2022 2594 2122 2649 ret,
2156 2587 2258 2639 hac
2295 2583 2389 2637 die
2416 2599 2518 2638 nec
2560 2583 2704 2636 inter
2741 2574 3076 2648 pmnitentcs
3126 2574 3243 2643 ipse
3289 2571 3640 2643 (criminibus

2022 2683 2137 2737 suis
2156 2679 2527 2754 exigentibus)
2565 2676 2622 2729 in
2651 2671 2886 2728 ecclesia
2933 2668 3252 2724 merebatur
3280 2665 3586 2721 consistere
3621 2681 3635 2727 ;

2023 2776 2252 2847 angelus
2281 2771 2499 2828 Domini
2542 2769 2689 2824 circa
2746 2763 2984 2818 mediam
3037 2769 3254 2816 noctem
3295 2774 3492 2831 magna
3511 2773 3634 2813 cum

2023 2872 2148 2926 luce
2178 2867 2329 2924 venit
2357 2863 2426 2918 ad
2454 2877 2602 2925 eum,
2636 2857 2731 2912 ubi
2783 2869 2990 2926 pronus
3033 2851 3256 2920 jacebat
3288 2850 3342 2903 in
3373 2848 3634 2913 oratorio,

2025 2964 2234 3034 talique
2296 2955 2664 3012 decubantem
2717 2946 3076 3017 compellasse
3121 2943 3294 3034 fertur
3339 2940 3635 3034 alloquio:

1943 3069 1993 3135 (ζ
2021 3084 2045 3114 α
2067 3029 2422 3112 Genebaude,
2443 3041 2715 3100 exaudita?
2747 3045 2877 3091 sunt
2931 3049 3029 3105 pro
3061 3041 3112 3088 te
3157 3032 3438 3131 orationes
3467 3029 3641 3085 Patris

2019 3152 2097 3207 tui
2131 3139 2389 3213 Remigii.
2431 3130 2686 3201 Suscepit
2737 3125 3001 3182 Dominus
3048 3121 3436 3194 paenitentiam
3467 3127 3636 3188 tuam,

2016 3251 2070 3298 et
2092 3237 2381 3296 dimissum
2401 3229 2788 3296 estpeccatum
2819 3215 3202 3288 tuum.Surge,
3236 3223 3290 3267 et
3315 3213 3445 3267 hinc
3476 3228 3639 3286 egre-

2015 3333 2175 3387 diens
2201 3328 2285 3382 fac
2301 3315 2670 3376 ministerium
2690 3307 3022 3381 episcopalis
3049 3304 3241 3373 officii,
3266 3313 3321 3358 et
3340 3302 3642 3358 reconcilia

2019 3419 2252 3474 Domino
2276 3408 2610 3484 pcenitentes
2657 3401 2725 3454 de
2754 3395 3083 3454 criminibus
3112 3393 3248 3448 suis.
3298 3413 3322 3443 »
3349 3391 3641 3446 Genebau-

2019 3508 2122 3562 dus
2153 3480 2337 3559 autem
2365 3493 2537 3551 nimio
2569 3499 2780 3546 terrore
2826 3482 3134 3556 perculsus,
3166 3480 3507 3550 respondere
3530 3493 3639 3534 non

2018 3605 2253 3670 poterat.
2312 3593 2464 3646 Tunc
2507 3582 2739 3654 angelus
2781 3575 2997 3632 Domini
3047 3572 3364 3628 confortans
3393 3587 3542 3636 cum,
3571 3585 3641 3622 ue

2020 3661 2211 3746 iimeat
2235 3690 2501 3742 hortatur,
2531 3677 2642 3730 imo
2660 3671 2900 3746 gaudeat
2929 3669 2996 3722 de
3027 3665 3244 3721 Domini
3263 3661 3641 3717 misericordia

2021 3783 2129 3837 sibi
2163 3781 2380 3836 collata.
2433 3770 2743 3826 Roboratus
2789 3761 3011 3816 tandem
3069 3756 3422 3828 respondisse
3472 3755 3642 3809 fertur

2024 3889 2134 3928 non
2166 3888 2222 3926 se
2246 3881 2405 3940 posse
2433 3863 2562 3917 hinc
2588 3855 2802 3931 egredi,
2824 3853 2954 3923 quia
2985 3851 3221 3905 domnus
3250 3856 3303 3902 et
3329 3849 3489 3901 Pater
3507 3862 3641 3900 suus

2022 3939 2305 4034 Remigius
2333 3955 2459 4011 ostii
2477 3952 2684 4006 clavem
2711 3961 2900 4000 secum
2926 3943 3174 4006 haberet,
3207 3939 3353 4010 quod
3376 3947 3428 3991 et
3455 3939 3641 4034 sigillo

2017 4069 2118 4108 suo
2146 4029 2434 4124 signassct.
2473 4041 2533 4094 Et
2583 4036 2814 4108 angelus
2867 4032 2934 4086 ad
2967 4047 3091 4086 eum
3128 4047 3141 4082 :
3180 4032 3244 4084 Ut
3271 4045 3378 4083 non
3431 4029 3642 4082 dubites

2015 4122 2246 4216 (inquit)
2270 4159 2304 4217 ᾳ
2333 4139 2555 4194 Domino
2577 4147 2658 4186 me
2687 4131 2931 4191 missum,
2964 4127 3102 4217 sicut
3127 4127 3279 4192 patet
3305 4123 3408 4217 tibi
3431 4122 3637 4217 cretum,

2018 4242 2094 4294 sic
2119 4214 2173 4291 et
2202 4214 2397 4290 ostium
2423 4229 2571 4285 istud
2592 4224 2820 4296 patebit.
2867 4219 2930 4273 Et
2967 4216 3152 4272 statim
3176 4217 3327 4270 salvo
3367 4214 3550 4287 sigillo
3581 4231 3644 4269 ac

2019 4344 2142 4382 sera
2174 4324 2374 4380 ostium
2397 4318 2533 4373 illud
2564 4320 2815 4386 apertum
2849 4314 2953 4362 est.
2986 4307 3138 4360 Tunc
3187 4301 3556 4358 Genebaudus
3588 4302 3643 4355 in

1947 4397 2002 4466 D
2022 4419 2246 4475 modum
2279 4413 2461 4470 crucis
2484 4425 2542 4464 se
2572 4413 2930 4479 prosternens
2961 4400 3014 4454 in
3065 4398 3278 4456 limine.
3299 4397 3379 4451 sic
3411 4395 3646 4450 traditur

2022 4509 2345 4568 asseruisse.
2383 4501 2606 4559 Etiamsi
2636 4496 2903 4553 Dominus
2944 4494 3062 4563 ipse
3091 4492 3251 4546 Jesus
3277 4489 3525 4544 Christus
3555 4489 3643 4543 di-

2022 4606 2222 4672 gnatus
2265 4592 2432 4650 fuerit
2482 4589 2550 4644 ad
2608 4601 2693 4641 me
2754 4588 3100 4654 peccatorem
3127 4579 3338 4644 venire,
3379 4593 3487 4631 non
3517 4577 3646 4630 hinc

2023 4668 2300 4764 egrediar,
2343 4684 2448 4740 nisi
2479 4679 2694 4737 venerit
2724 4677 2840 4741 ille,
2864 4673 2958 4746 qui
2978 4689 3064 4726 me
3083 4671 3136 4724 in
3161 4671 3280 4738 ejus
3305 4670 3528 4724 nomine
3541 4668 3644 4722 sub

2026 4763 2129 4836 hac
2160 4775 2470 4833 reclusione
2500 4765 2805 4826 constituit.
2831 4763 2907 4816 Ad
2948 4778 3070 4832 qua!
3107 4775 3374 4830 responsa
3403 4774 3526 4812 mox
3546 4774 3647 4811 an-

2027 4869 2186 4944 gelus
2223 4861 2492 4920 abscessit
2547 4859 2614 4912 ab
2669 4871 2756 4911 eo.
2808 4853 3004 4906 Beatus
3041 4858 3222 4903 autem
3285 4845 3568 4920 Remigius
3591 4845 3643 4898 in

2029 4937 2241 5029 crypta,
2288 4968 2411 5025 qua:
2459 4949 2651 5005 subter
2699 4942 2947 4998 ecclesize
2995 4947 3196 4994 sanctae
3233 4937 3412 4990 Marias
3457 4937 3644 4989 sedem

2031 5027 2216 5101 Remis
2243 5044 2499 5108 habetur,
2534 5039 2585 5091 in
2611 5034 2858 5091 oratione
2887 5027 3262 5101 pernoctabat.
3301 5029 3468 5090 Quam
3501 5035 3649 5094 post—

2031 5157 2096 5194 ea
2126 5143 2370 5207 cryptam
2421 5131 2622 5202 praesul
2662 5128 2924 5182 lleriveus
2969 5123 3025 5176 in
3074 5124 3280 5176 honore
3308 5116 3648 5172 consecravit

2031 5227 2279 5297 ejusdem
2328 5219 2632 5277 beatissimi
2667 5217 2922 5289 Remigii,
2956 5214 3047 5268 ubi
3104 5222 3231 5265 tunc
3261 5211 3377 5280 ipse
3409 5209 3491 5262 vir
3520 5222 3648 5260 san—

2031 5326 2170 5381 ctus,
2197 5314 2402 5387 vigiliis
2433 5311 2692 5381 fatigatus
2718 5352 2728 5372 ,
2758 5315 2810 5360 et
2851 5305 3006 5376 quasi
3040 5301 3342 5365 dormiens,
3377 5299 3430 5352 in
3458 5313 3647 5352 exces-

2032 5426 2152 5464 sum
2173 5415 2380 5477 raptus,
2400 5403 2549 5458 videt
2573 5401 2828 5473 angelum
2861 5398 2966 5452 sibi
2998 5397 3365 5459 assistentem,
3409 5391 3503 5462 qui
3535 5392 3648 5442 hare

2034 5510 2093 5557 ut
2122 5509 2240 5555 acta
2282 5498 2497 5552 fuerant
2525 5495 2599 5550 ita
2631 5499 2813 5547 narrat
2840 5491 3042 5556 eidem,
3065 5489 3289 5558 jubens,
3323 5495 3381 5538 ut
3412 5487 3647 5553 quanto-

2033 5591 2152 5646 cius
2183 5588 2506 5643 Laudunum
2530 5578 2706 5656 petat,
2743 5592 2908 5654 atque
2937 5578 3327 5635 Genebaudum
3359 5572 3473 5626 sedi
3506 5569 3644 5620 datae

2036 5679 2352 5743 restituens,
2385 5677 2435 5731 ei
2485 5691 2668 5730 coram
2717 5690 2774 5727 se
2814 5669 3114 5742 pontificali
3156 5662 3306 5734 fungi
3336 5657 3646 5714 ministerio
