4040 6176
401 233 474 291 55
1531 237 1894 294 FLODOARDI
1935 238 2240 295 CANONICI
2281 238 2606 294 REMENSIS
3676 239 3746 293 36

405 363 734 434 persuadeat
772 363 923 417 Illico
963 363 1047 416 vir
1091 362 1286 417 beatus
1315 364 1453 418 nihil
1485 366 1744 421 haesitans
1769 367 1883 422 adit
1905 383 2020 420 ma-
2055 372 2100 436 Α
2128 366 2210 420 vir
2229 372 2452 421 sanctus
2486 371 2595 420 tam
2625 363 2813 429 vitam,
2843 377 3011 433 quam
3040 377 3220 416 rerum
3251 361 3497 417 obtinuit
3526 378 3746 433 posses-

406 469 513 524 gna
537 468 661 507 cum
691 450 974 504 celeritate
1035 451 1379 509 Laudunum.
1428 455 1543 520 Quo
1597 457 1948 526 perveniens,
1969 456 2022 509 in

406 544 530 601 ostii
561 541 773 609 limine,
799 541 950 595 salvo
974 542 1158 615 sigillo
1188 562 1422 617 seraque
1449 549 1696 614 reserati,
1727 549 2022 602 Genebau-

407 632 828 700 dumjacentem
857 631 1064 700 reperit
1091 650 1103 686 :
1128 649 1290 704 quem
1337 638 1614 705 protensis
1640 637 1882 692 brachiis
1901 654 2024 693 cum

406 724 592 800 gaudii
622 722 878 792 lacrymis
917 724 1131 779 Domini
1154 727 1506 783 clementiam
1532 730 1871 794 collaudans,
1905 747 2027 785 ere-

407 817 762 886 xit,eumque
785 815 904 869 sedi
935 824 990 870 et
1027 816 1210 873 ofﬁcio
1249 821 1575 876 sacerdotali
1625 823 1884 890 reddens,
1922 825 2028 879 Re-

409 924 526 962 mos
563 923 686 962 cum
715 907 920 981 gaudio
973 909 1276 979 repedavit.
1329 913 1697 968 Genebaudus
1749 924 1932 970 autem
1972 916 2027 970 in

407 997 696 1052 sanctitate
724 1005 916 1067 postea
945 1009 1172 1054 cunctos
1222 1000 1349 1055 vitae
1402 1018 1515 1056 suae
1547 1003 1687 1068 dies,
1723 1004 1816 1058 Dei
1860 1004 2029 1060 fretus

408 1087 601 1159 gratia,
635 1100 927 1159 peragens,
975 1089 1154 1159 palam
1185 1107 1308 1161 qua:
1353 1091 1460 1146 sibi
1506 1092 1769 1148 Dominus
1800 1091 2025 1161 fecerat,

409 1176 766 1246 praedicabat.
801 1177 948 1233 Obiit
974 1179 1143 1254 igitur
1172 1181 1540 1236 Genebaudus
1572 1183 1626 1236 in
1671 1198 1805 1252 pace
1826 1184 2029 1239 sanctis

410 1267 504 1320 Dei
533 1278 982 1337 connumeratus,
1012 1270 1204 1324 tandiu
1251 1270 1574 1342 episcopatu
1606 1270 1947 1341 perfunctus,
1971 1282 2031 1328 ut

410 1356 459 1410 ei
500 1358 826 1412 successerit
865 1359 1024 1415 Latro
1077 1358 1226 1414 ﬁlius
1282 1360 1422 1428 ejus,
1454 1360 1750 1431 episcopus
1801 1368 1855 1414 et
1910 1361 2030 1432 ipse

414 1455 602 1518 postea
632 1457 872 1505 sanctus.

464 1535 594 1596 Rex
643 1544 885 1616 denique
944 1545 1250 1602 Lodovicus
1309 1546 1364 1600 in
1427 1546 1650 1601 civitate
1705 1546 2033 1603 Suessonica

412 1635 601 1689 sedem
657 1652 812 1690 suam
845 1638 1207 1702 constituens,
1251 1638 1632 1694 delectabatur
1658 1641 1954 1710 praesentia
1982 1650 2036 1696 et

2127 457 2363 512 sionem.
2390 455 2510 526 Ipse
2540 467 2691 518 vero,
2714 452 2868 523 quasi
2893 450 3428 521 recompensationis
3447 450 3745 517 beneﬁcio,

2127 543 2378 600 beneﬁce
2410 548 2641 614 patrono
2668 542 3004 611 Sparnacum
3055 540 3344 610 (Epernay)
3375 540 3561 594 villam
3594 557 3747 595 suam

2129 636 2330 693 obtulit
2361 636 2417 690 in
2443 634 2859 706 proprietatem.
2907 634 3105 687 Beatus
3131 640 3316 686 autem
3350 632 3571 703 praesul,
3610 639 3752 686 tem-

2131 727 2372 798 poralem
2398 741 2496 796 pro
2527 741 2638 779 sure
2669 723 3079 778 intercessionis
3127 739 3356 778 munere
3387 725 3568 778 vitans
3590 724 3755 777 retri-

2130 815 2418 870 butionem
2449 813 2724 883 recipere,
2762 811 3085 882 praedictum
3135 811 3335 874 virum,
3365 811 3628 883 quoniam
3657 827 3756 865 ve-

2131 906 2412 962 recundiae
2432 905 2759 960 confusione
2782 905 3080 975 depressus
3095 903 3245 976 (quia
3265 911 3455 958 contra
3487 904 3752 959 natalium

2131 1000 2302 1054 decus
2334 1013 2582 1061 suorum,
2607 998 2717 1052 vita
2747 997 2939 1051 donari
2966 1014 3066 1067 per
3089 997 3488 1069 indulgentiam
3521 998 3756 1052 meruis-

2130 1094 2234 1156 set)
2292 1091 2349 1144 in
2371 1090 2563 1144 habitu
2611 1089 2860 1145 szeculari
2907 1106 3133 1145 manere
3164 1088 3406 1155 nolebat,
3456 1088 3757 1142 salubriter

2129 1181 2448 1234 exhortatus
2485 1188 2587 1245 est,
2641 1180 2834 1234 dicens
2863 1197 2876 1234 :
2912 1181 2977 1235 Ut
3006 1181 3052 1234 si
3085 1179 3362 1251 pertectus
3412 1194 3534 1233 esse
3564 1179 3754 1242 vellet,

2129 1273 2378 1327 vendens
2405 1272 2593 1327 omnia
2621 1289 2721 1327 sua
2751 1273 2907 1328 daret
2936 1272 3297 1344 pauperibus,
3341 1279 3394 1326 et
3424 1281 3759 1342 sequeretur

2134 1365 2406 1419 Christum
2431 1366 2643 1433 (Matth.
2689 1382 2804 1420 XIX.
2841 1365 2952 1419 2h.
3009 1365 3212 1436 Sicque
3241 1370 3504 1429 taxatum,
3537 1363 3606 1417 de
3637 1364 3758 1416 the-

2133 1455 2312 1509 sauris
2333 1453 2744 1522 ecclesiasticis,
2778 1452 3038 1524 pretium,
3063 1453 3308 1524 quinque
3339 1452 3513 1506 millia
3542 1452 3760 1506 scilicet

2134 1548 2346 1620 argenti
2382 1547 2573 1610 libras,
2597 1547 2827 1621 Eulogio
2850 1545 3022 1601 fertur
3043 1545 3285 1611 dedisse,
3336 1544 3624 1615 ipsamque
3653 1543 3763 1596 vil-

2135 1639 2242 1692 lam
2272 1639 2328 1693 in
2367 1637 2625 1692 Ecclesiae
2684 1637 3090 1708 possessionem
3141 1650 3504 1704 comparasse.
3544 1634 3758 1687 Bonum

412 1725 691 1795 colloquio
712 1725 886 1780 sancti
910 1726 1166 1802 Remigii.
1191 1728 1298 1782 Sed
1331 1729 1460 1798 quia
1489 1730 1574 1783 vir
1603 1729 1693 1784 hic
1718 1738 1940 1786 sanctus
1970 1732 2027 1786 in
2060 1733 2108 1799 Β
2130 1728 2345 1784 cunctis
2396 1726 2717 1796 relinquens
2762 1725 3070 1796 exemplum
3093 1723 3392 1796 episcopis,
3425 1726 3759 1795 czeterisque

413 1813 652 1869 civitatis
681 1817 846 1884 hujus
872 1817 1080 1872 vicinia
1109 1817 1266 1871 villas
1297 1833 1406 1872 non
1469 1819 1709 1873 habebat
1746 1819 1903 1887 alias,
1930 1821 2035 1877 nisi

415 1903 708 1972 quamdam
741 1920 962 1974 parvam
1017 1921 1140 1976 quae
1186 1914 1375 1960 sancto
1410 1905 1627 1962 Nicasio
1659 1907 1784 1962 data
1836 1907 2034 1978 fuerat,

416 2011 506 2049 rex
533 1997 887 2070 (suggerente
912 1998 1122 2072 regina,
1153 1999 1513 2070 locorumque
1538 2002 1857 2071 petentibus
1875 2002 2034 2057 inco-

417 2090 505 2156 lis,
539 2091 632 2161 qui
659 2091 1062 2163 multiplicibus
1083 2099 1240 2146 erant
1269 2095 1546 2167 aggravati
1570 2095 1765 2161 xeniis,
1800 2103 1859 2151 ut
1890 2097 2036 2168 quod

419 2184 534 2258 regi
559 2184 862 2252 debebant,
896 2185 1153 2246 Ecclesiae
1197 2185 1453 2240 Remensi
1484 2188 1874 2258 persolverent)
1903 2205 2038 2243 san-

416 2287 505 2334 cto
539 2278 828 2349 preposuit
859 2277 1132 2350 Remigio,
1153 2285 1214 2332 ut
1245 2288 1511 2350 quantum
1563 2281 1880 2336 circumiret
1909 2281 2040 2334 dum

419 2370 538 2440 ipse
569 2369 801 2424 meridie
833 2370 1166 2441 quiesceret,
1200 2367 1279 2422 illi
1329 2375 1503 2423 totum
1557 2370 1811 2425 donaret.
1845 2372 2044 2425 Beatus

415 2458 588 2531 igitur
618 2459 901 2534 Remigius
925 2475 1026 2530 per
1072 2457 1211 2514 ﬁnes
1250 2459 1344 2530 qui
1377 2459 1635 2515 videntur
1660 2461 1841 2517 adhuc
1867 2460 2047 2514 mani-

421 2554 568 2621 festi,
591 2553 892 2624 profectus,
928 2552 1145 2606 itineris
1174 2551 1260 2606 sui
1285 2551 1446 2625 signa
1471 2553 1701 2608 dimisit.
1740 2555 1797 2608 ln
1817 2571 1925 2625 qua
1956 2553 2051 2625 def

418 2619 813 2698 terminatione
835 2640 1062 2712 quidam
1094 2619 1387 2712 possideris
1431 2645 1813 2698 molendinum
1835 2619 2052 2714 repulit

416 2747 668 2792 sanctum
725 2736 929 2802 virum,
988 2750 1056 2789 ne
1102 2735 1244 2789 intra
1301 2735 1453 2805 ipsos
1491 2735 1646 2790 illum
1689 2735 2047 2792 concluderet

419 2825 578 2880 ﬁnes.
603 2827 774 2890 Quem
824 2824 910 2879 vir
965 2825 1183 2880 Domini
1235 2825 1433 2879 leniter
1480 2823 1675 2881 aﬁ‘atus
1694 2823 2043 2889 aitzAmice,

420 2935 530 2974 non
559 2919 630 2974 sit
655 2917 758 2973 tibi
791 2918 1012 2984 durum,
1047 2926 1106 2973 ut
1135 2916 1440 2972 habeamus
1463 2918 1626 2972 simul
1649 2919 1798 2972 hunc
1828 2917 2046 2972 molen-

419 3013 634 3067 dinum.
666 3010 729 3064 At
759 3009 854 3064 ille
885 3020 945 3064 ut
976 3025 1102 3063 eum
1163 3009 1376 3078 rejecit,
1405 3009 1591 3063 statim
1625 3009 1679 3063 in
1709 3009 2044 3064 contrarium

421 3111 539 3156 rota
569 3098 875 3154 molendini
902 3098 1043 3153 verti
1079 3099 1266 3169 ccepit.
1304 3099 1576 3169 Repulsor
1605 3107 1787 3153 autem
1808 3098 2046 3153 clamare

2137 1815 2540 1879 sacerdotibus,
2571 1825 2629 1869 ut
2659 1816 2788 1869 dum
2817 1831 2915 1884 pro
2939 1814 3025 1868 his
3054 1813 3235 1886 quiad
3264 1813 3520 1869 Ecclesize
3551 1815 3759 1876 sinum,

2136 1910 2224 1963 vel
2250 1924 2532 1964 servorum
2557 1908 2652 1961 Dei
2685 1907 2944 1980 praesidia
2971 1906 3292 1980 confugium
3324 1905 3552 1972 faciunt,
3589 1907 3765 1961 inter-

2138 2001 2363 2068 cedunt,
2381 2008 2476 2055 aut
2505 2000 2651 2054 bona
2675 1999 2937 2071 quaelibet
2959 2008 3148 2072 agunt,
3183 1999 3300 2051 haec
3339 2013 3438 2068 pro
3468 2000 3761 2069 temporali

2142 2089 2658 2160 recompensatione
2691 2104 2799 2143 non
2817 2088 3093 2158 expleant,
3129 2103 3232 2142 nec
3253 2087 3570 2141 transitoria
3590 2087 3765 2142 velint

2141 2183 2389 2253 recipere
2441 2180 2581 2246 ;sed
2618 2179 2776 2248 juxta
2831 2180 3150 2234 mandatum
3198 2179 3439 2249 Domini,
3487 2181 3584 2252 qui
3637 2196 3766 2254 gra-

2142 2275 2214 2328 tis
2245 2280 2597 2345 acceperunt,
2655 2272 2914 2329 studeant
2950 2288 3174 2344 quoque
3211 2272 3381 2344 gratis
3438 2273 3767 2345 impendere

2145 2367 2359 2437 (Matth.
2393 2382 2446 2432 x,
2479 2363 2551 2430 8).

2786 2451 2994 2508 CAPUT
3023 2453 3106 2508 XV
3116 2495 3128 2507 .

2150 2553 2223 2604 De
2251 2547 2493 2603 victoriis
2521 2544 2784 2600 Ludovici
2807 2561 2908 2616 per
2937 2547 3209 2600 aumilium
3239 2550 3415 2600 sancti
3442 2549 3696 2618 Remigii,
3726 2554 3779 2603 et

2717 2637 2822 2703 ﬁne
2843 2636 3018 2704 ipsius
3037 2637 3199 2702 regis.

2225 2731 2336 2785 Rex
2386 2729 2573 2798 itaque
2626 2726 2934 2781 Ludovicus
2987 2734 3176 2782 contra
3229 2726 3664 2783 Gondebaudum
3725 2741 3785 2787 et

2148 2821 2524 2896 Godegisilum
2549 2819 2768 2874 fratrem
2801 2819 2922 2886 ejus
2957 2819 3166 2876 ducens
3198 2824 3497 2878 exercitum
3523 2827 3614 2894 (an
3669 2829 3774 2883 50-1

2148 2917 2372 2982 Sigea},
2401 2919 2661 2984 percepta
2677 2910 3071 2966 benedictione
3097 2929 3126 2966 a
3149 2912 3312 2968 beato
3330 2915 3781 2988 Remigiovicto-

2148 3008 2285 3062 riam
2303 3006 2410 3061 sibi
2452 3005 2810 3076 praedicente,
2842 3005 3057 3075 accepit
3096 3005 3151 3058 in
3185 3007 3460 3062 mandatis
3475 3009 3544 3062 ab
3571 3025 3637 3064 eo
3661 3012 3778 3064 sibi

2152 3099 2316 3162 datis,
2363 3105 2422 3152 ut
2472 3096 2662 3151 tandin
2706 3105 2896 3150 contra
2918 3096 3105 3151 hostes
3159 3096 3471 3164 dimicaret,
3525 3103 3781 3171 quandin

422 3147 539 3156 η--
571 3147 875 3154 ---μη-μ----
916 3147 1043 3153 .----
1084 3147 1266 3169 ηπ---
1306 3147 1565 3169 Ἤρ----
1606 3147 2043 3153 --_---_-----_-_--
2157 3147 2316 3162 μ..---,
2369 3147 2421 3152 _-
3165 3147 3471 3164 της---π-η,

420 3189 730 3260 εωρὶῐροει
766 3196 1015 3244 sanctum
1072 3188 1384 3262 Remigium
1420 3206 1432 3242 :
1467 3190 1633 3243 Serve
1665 3189 1781 3254 Dei,
1833 3189 1981 3251 veni,
2003 3191 2057 3244 et
2079 3147 2129 3216 Ο
2157 3189 2510 3246 benedictum
2543 3188 2648 3242 sibi
2671 3187 2882 3249 vinum,
2914 3188 3059 3258 quod
3076 3189 3123 3243 ei
3157 3188 3239 3243 vir
3267 3189 3484 3244 Domini
3519 3192 3780 3260 dederat,

422 3279 728 3332 habeamus
747 3277 954 3348 pariter
983 3276 1384 3332 molendinum.
1422 3277 1518 3332 Cui
1537 3279 1620 3333 vir
1640 3288 1864 3333 sanctus
1898 3297 1911 3332 :
1946 3280 2055 3334 Nec

422 3371 583 3435 mihi,
618 3386 721 3424 nec
743 3369 863 3424 tibi.
899 3369 1016 3425 Mox
1033 3375 1183 3425 tanta
1217 3369 1564 3440 profunditas
1592 3371 1646 3425 in
1676 3373 1873 3428 eodem
1909 3373 2054 3456 loco,

424 3464 624 3518 tellure
657 3478 716 3516 se
753 3461 1119 3531 subducente,
1170 3461 1310 3518 facta
1339 3471 1440 3531 est,
1478 3471 1537 3518 ut
1572 3480 1855 3536 nunquam
1887 3465 2053 3519 dein-

423 3567 556 3621 ceps
582 3549 720 3603 inibi
771 3550 1126 3605 molendinus
1167 3550 1358 3605 haberi
1405 3561 1611 3623 posset.
1644 3555 1684 3607 A
1716 3553 2050 3625 quibusdam

425 3658 648 3713 quoque
694 3643 970 3713 repulsus,
1019 3659 1088 3698 ne
1119 3643 1371 3697 silvulam
1419 3645 1710 3716 quamdam
1743 3661 1874 3702 suos
1908 3646 2050 3700 intra

427 3730 693 3786 terminos
721 3730 1242 3802 comprehenderet,
1284 3731 1443 3797 dixit,
1483 3743 1542 3788 ut
1586 3750 1686 3790 nec
1716 3734 1907 3790 folium
1941 3751 2046 3789 un-

427 3837 589 3894 quam
622 3823 690 3878 de
714 3824 834 3894 ipsa
863 3824 1000 3879 silva
1026 3825 1178 3891 (licet
1217 3832 1363 3879 esset
1392 3826 1697 3901 contigua),
1729 3835 1880 3882 trans
1910 3826 2049 3882 ﬁnes

427 3917 576 3987 ipsos
628 3917 892 3985 evolaret,
946 3934 1126 3989 neque
1183 3917 1344 3973 fustis
1373 3935 1438 3972 ex
1479 3935 1545 3974 ea
1593 3937 1785 3976 versus
1822 3921 2046 3976 eosdem

426 4010 694 4065 terminos
721 4011 964 4066 caderet.
996 4011 1150 4075 Quod
1181 4017 1236 4065 et
1257 4011 1607 4067 observatum
1640 4015 1922 4069 voluntate
1954 4013 2046 4069 Dei

427 4103 682 4167 traditur,
704 4103 884 4158 donec
938 4103 1056 4173 ipsa
1117 4102 1254 4158 silva
1303 4105 1631 4173 perdurasse
1684 4105 2046 4176 dignoscitur.

427 4191 644 4245 Abinde
673 4207 894 4263 quoque
946 4192 1272 4261 procedens,
1303 4193 1454 4246 venit
1492 4192 1560 4246 ad
1583 4193 1788 4258 villam,
1824 4193 2049 4247 nomine

431 4283 780 4338 Caviniacum
812 4284 1188 4354 (Chavignon),
1231 4301 1398 4356 quam
1458 4283 1662 4339 ﬁnibus
1709 4284 1824 4340 suis
1867 4285 2051 4338 nitens

429 4375 782 4441 concludere,
815 4375 1144 4446 prohibetur
1168 4376 1236 4430 ab
1267 4376 1588 4432 hominibus
1607 4377 1855 4446 ejusdem
1881 4376 2048 4431 villae.

2157 3282 2212 3335 in
2240 3298 2342 3334 usu
2369 3278 2693 3351 quotidiano
2741 3275 3042 3332 sufﬁceret.
3087 3278 3284 3333 Contra
3314 3296 3478 3350 quem
3511 3281 3776 3353 Burgun-

2155 3373 2351 3426 diones
2380 3387 2504 3425 cum
2557 3368 2834 3439 praedictis
2863 3367 3099 3422 ducibus
3157 3370 3473 3444 pugnaturi,
3504 3382 3785 3428 venerunt

2153 3476 2320 3530 super
2376 3459 2628 3513 Oscaram
2697 3456 2946 3519 fluvium,
2985 3474 3146 3512 secus
3193 3457 3478 3512 Divionem
3510 3470 3781 3516 castrum.

2154 3551 2254 3605 Ubi
2307 3549 2670 3620 conﬂigentes
2719 3547 2977 3601 atrociter
3025 3549 3447 3622 Burgundiones
3488 3550 3543 3602 in
3589 3552 3782 3630 fugam

2149 3651 2459 3708 vertuntur,
2492 3650 2545 3694 et
2570 3642 2622 3694 in
2647 3639 2914 3694 Avinione
2933 3651 3110 3695 castro
3128 3657 3185 3695 se
3212 3641 3622 3696 Gondebaudus
3641 3660 3788 3699 con-

2150 3732 2461 3797 cludens,a
2494 3729 2768 3784 Ludovico
2828 3745 3014 3799 pacem
3073 3744 3169 3799 per
3222 3729 3481 3783 Aredium
3509 3731 3781 3786 consilia-

2149 3819 2292 3874 rium
2329 3835 2512 3884 suum,
2545 3816 2732 3872 multis
2763 3816 2904 3870 datis
2926 3817 3220 3882 thesauris,
3246 3816 3507 3871 obtinuit.
3537 3817 3784 3873 Ludovi-

2150 3927 2247 3967 cus
2276 3918 2459 3966 autem
2493 3926 2617 3964 cum
2664 3908 2906 3964 exercitu
2964 3910 3294 3964 Francorum
3343 3909 3529 3979 praeda
3567 3911 3788 3980 potitus

2152 4003 2405 4069 maxima,
2436 4001 2728 4056 revertitur
2776 4001 2844 4054 ad
2885 4001 3129 4070 prepria.
3164 4000 3252 4055 Sic
3283 4000 3449 4055 etiam
3475 4002 3787 4059 constituta

2151 4091 2374 4146 Parisiis
2428 4089 2483 4143 in
2540 4090 2750 4144 honore
2798 4088 3084 4142 beatorum
3118 4088 3495 4158 apostolorum
3545 4090 3691 4144 Petri
3728 4103 3790 4146 et

2152 4180 2301 4234 Pauli
2359 4177 2589 4232 basilica
2628 4177 2799 4245 {hodie
2838 4178 2922 4230 S..
2954 4176 3264 4242 Genovcfa),
3309 4184 3363 4229 et
3410 4176 3622 4246 synodo
3677 4195 3789 4249 per

2151 4273 2323 4327 sancti
2357 4270 2571 4342 patroni
2604 4270 2689 4324 sui
2735 4268 2968 4343 Remigii
3001 4269 3314 4336 consilium,
3350 4271 3404 4324 in
3434 4272 3570 4330 urbe
3599 4274 3789 4330 Aure-

2152 4367 2385 4424 lianensi
2435 4366 2664 4433 habita,
2717 4382 2954 4438 pergens
3006 4374 3197 4422 contra
3253 4384 3437 4441 regem
3498 4367 3784 4424 Alaricum

430 4465 582 4518 Tunc
609 4463 700 4518 ille
721 4463 839 4518 miti
871 4462 1025 4518 vultu
1057 4465 1221 4519 modo
1265 4466 1524 4534 rejectus,
1557 4465 1721 4522 modo
1749 4471 2042 4540 repropin-

2155 4461 2436 4526 Arianum,
2470 4469 2524 4514 et
2558 4458 2838 4528 accipiens
2875 4474 2906 4511 a
2929 4459 2983 4513 B.
3022 4460 3270 4532 Remigio
3304 4459 3785 4528 benedictionem,

431 4568 628 4623 quans,
678 4551 836 4625 signa
884 4568 1006 4623 quae
1061 4564 1256 4622 parent
1285 4554 1466 4609 adhuc
1523 4570 1622 4625 per
1649 4572 1806 4611 suum
1841 4559 2052 4616 dimisit

433 4646 553 4699 iter.
589 4645 829 4700 Tandem
862 4646 1134 4716 repulsus,
1167 4648 1371 4703 dixisse
1403 4648 1574 4703 fertur
1596 4651 1665 4704 ad
1703 4651 1828 4707 illos
1857 4670 1870 4706 :
1903 4654 2053 4708 Sem—

429 4733 807 4803 perlaborate,
851 4738 902 4786 et
957 4739 1240 4801 egestatem
1269 4739 1544 4792 sustinete.
1588 4739 1741 4802 Quod
1772 4741 2053 4813 hodieque

431 4823 718 4893 compleri,
762 4823 1037 4878 manentis
1078 4826 1368 4881 sententiae
1399 4827 1572 4882 virtus
1618 4830 1879 4885 ostendit.
1912 4833 2050 4885 Sur-

433 4928 568 4984 gens
594 4921 778 4968 autem
802 4929 894 4967 rex
919 4930 950 4968 a
971 4929 1164 4970 somno
1190 4917 1520 4986 meridiano,
1550 4937 1897 4992 quaecunque
1922 4921 2055 4978 bea-

436 5012 522 5057 tus
555 5005 838 5079 Remigius
869 5006 1082 5062 ambitu
1139 5025 1252 5064 suae
1301 5009 1704 5068 circumitionis
1736 5014 2052 5083 incluserat,

435 5093 615 5148 eidem
664 5103 941 5166 prmeepto
985 5098 1153 5170 regite
1205 5099 1360 5154 dedit
1399 5102 1764 5171 auctoritatis,
1817 5106 2054 5169 Quarum

436 5202 616 5240 rerum
665 5197 794 5242 sunt
837 5188 1084 5244 Juliacus
1113 5200 1167 5246 et
1226 5191 1548 5250 Codiciacus
1592 5196 1783 5266 (Juilly
1814 5205 1870 5252 et
1900 5200 2055 5268 Cocy)

432 5277 633 5348 capita,
685 5296 808 5350 quze
849 5281 1136 5338 Remensis
1193 5284 1374 5341 adhuc
1425 5287 1549 5356 jure
1578 5277 1770 5359 quieto
1811 5291 2057 5360 possidet

434 5369 695 5426 Ecclesia.

505 5460 768 5538 Eulogius
784 5465 1028 5539 denique
1058 5468 1143 5522 vir
1171 5470 1395 5541 quidam
1427 5481 1742 5546 przepotens
1771 5477 2054 5532 convictus

431 5550 578 5619 apud
600 5567 786 5625 regem
807 5553 1140 5611 Lodovicum
1170 5574 1338 5630 super
1368 5560 1534 5634 regite
1592 5564 1895 5632 majestatis
1932 5565 2047 5619 cri-

432 5639 599 5708 mine,
629 5641 697 5697 ad
723 5641 1180 5704 intercessionem
1203 5646 1351 5706 beati
1382 5649 1631 5729 confugit
1664 5652 1920 5727 Remigii.
1950 5655 2045 5710 Cui

2153 4556 2404 4610 redditur
2455 4555 2525 4610 de
2568 4554 2811 4609 victoria:
2860 4556 3218 4625 perceptione
3276 4570 3522 4610 securus.
3574 4551 3672 4607 Cui
3698 4554 3792 4609 vir

2153 4665 2374 4720 quoque
2417 4656 2657 4713 sanctus,
2706 4656 2764 4702 ut
2805 4657 2858 4701 et
2912 4649 3125 4719 pridem
3178 4649 3402 4716 fecerat,
3449 4663 3561 4712 vas,
3625 4645 3786 4715 quod

2152 4743 2316 4814 vulgo
2348 4741 2641 4796 ﬂasconem
2674 4749 2889 4804 vocant,
2922 4741 3034 4794 vini
3087 4758 3117 4795 a
3147 4757 3206 4795 se
3238 4741 3516 4796 benedicti
3550 4740 3788 4810 plenum

2155 4829 2310 4884 dedit
2339 4849 2352 4885 :
2384 4831 2490 4886 hoc
2515 4831 2662 4884 idem
2688 4831 2835 4901 quod
2875 4839 3037 4886 antea
3087 4832 3375 4897 mandans,
3405 4841 3463 4886 ut
3503 4845 3568 4884 eo
3601 4845 3792 4901 usque

2156 4920 2224 4974 ad
2252 4921 2460 4975 bellum
2516 4921 2863 4991 procederet,
2894 4921 3072 4976 donec
3109 4922 3214 4977 sibi
3273 4922 3521 4993 suisque,
3573 4920 3795 4992 quibus

2157 5015 2360 5070 exinde
2391 5015 2518 5069 dare
2550 5015 2735 5079 vellet,
2788 5016 2890 5071 hoc
2920 5016 3108 5071 vinum
3140 5019 3208 5071 de
3241 5019 3505 5089 prtedicto
3537 5017 3794 5074 flascone

2159 5120 2269 5160 non
2292 5104 2573 5161 deﬁceret.
2599 5105 2744 5160 Bibit
2774 5107 2942 5180 igitur
2972 5125 3063 5163 rex
3094 5126 3157 5165 ex
3203 5126 3290 5178 eo,
3324 5113 3621 5182 pluresque
3648 5127 3792 5168 suo-

2161 5214 2303 5266 rum,
2333 5216 2426 5254 vas
2450 5207 2634 5255 tamen
2662 5201 2771 5254 vini
2820 5218 2931 5257 non
2973 5205 3179 5274 patitur
3207 5205 3622 5260 detrimentum.
3655 5207 3797 5261 Bel-

2161 5285 2272 5343 lum
2303 5305 2433 5344 vero
2462 5307 2585 5345 cum
2618 5291 2808 5346 Gothis
2823 5290 3134 5355 conferens,
3169 5309 3265 5348 eos
3294 5294 3348 5347 in
3382 5293 3564 5368 fugam
3589 5297 3795 5366 vertit,

2158 5385 2212 5432 et
2243 5380 2384 5450 ipse,
2418 5378 2582 5434 beato
2604 5380 2853 5452 Remigio
2883 5396 2940 5434 se
2971 5380 3326 5455 suffragante,
3351 5382 3525 5437 victor
3545 5384 3796 5442 exstitit.

2159 5472 2216 5526 ln
2249 5489 2356 5544 qua
2385 5489 2569 5545 pugna
2596 5474 2724 5527 dum
2783 5473 2894 5528 duo
2944 5473 3103 5529 Gothi
3132 5475 3312 5530 contis
3365 5491 3489 5529 eum
3520 5475 3575 5528 in
3607 5475 3801 5534 latera.

2156 5565 2380 5632 feriunt,
2435 5566 2598 5634 hujus
2626 5565 2841 5636 patroni
2874 5565 2958 5620 sui
2999 5583 3058 5621 se
3086 5567 3508 5642 protegentibus
3539 5569 3796 5637 meritis,

2153 5655 2306 5710 illum
2346 5654 2548 5709 laedere
2581 5654 2966 5729 nequiverunt.
3028 5655 3209 5711 Multis
3238 5663 3422 5712 autem
3453 5656 3796 5714 civitatibus
