4040 6176
245 263 311 321 57
920 245 1257 305 HISTORIIE
1294 238 1631 298 ECCLESIA‘I
1672 234 2020 294 REMENSIS
2060 232 2242 289 LIBRI
2284 232 2619 298 QUATUOR.
2650 264 2721 274 —
2752 233 2878 290 LIB.
2924 237 2964 291 Ι.
3562 237 3634 295 58

242 403 363 443 sua
406 381 612 439 ditioni
665 376 931 442 subactis,
981 389 1164 445 usque
1221 369 1474 425 Tolosam
1527 362 1802 436 perrexit,
1841 366 1902 416 et
1926 365 1981 431 Α

252 476 463 535 Alarici
494 475 790 530 thesauros
832 466 1133 538 accipiens.
1188 478 1286 536 per
1333 456 1704 532 Engolismam
1737 451 1899 508 civi-

247 584 412 630 tatem
448 569 632 637 (cujus
657 572 786 620 ante
834 565 1196 632 conSpectum
1247 552 1419 624 ipsius
1469 544 1900 637 muricorrue-

248 627 418 731 runt),
453 627 782 715 interfectis
808 627 1022 707 Gotthis
1046 646 1145 719 qui
1178 648 1335 700 erant
1361 640 1506 694 intus
1529 727 1538 731 Δ
1559 633 1626 688 ad
1660 627 1907 731 propria

2618 357 2828 415 CAPUT
2864 360 3025 416 XVII.

2008 453 2085 506 De
2106 451 2451 517 mitigatione
2492 452 2660 519 ignis,
2692 456 2742 507 et
2769 454 2919 508 obitu
2941 453 3200 524 ejusdem,
3234 455 3317 509 vel
3347 456 3634 525 sepultura

2727 557 2900 596 maius
2907 583 2919 595 .

2727 558 2747 595 ι
2786 557 2919 596 sius.

2086 630 2421 686 Senescente
2445 632 2559 700 jam
2609 633 2664 687 S.
2719 557 2991 706 Rimigio,
3050 632 3256 704 Deique
3281 633 3489 705 Spiritu
3521 636 3628 691 sibi

246 718 647 825 cumlgloriosa
677 745 826 800 redit
851 718 1107 807 victoria,
1146 738 1280 793 vino
1318 727 1575 788 flasconis
1598 739 1709 780 non
1742 718 1909 825 d‘efi-
2016 726 2294 781 revelante
2321 728 2469 799 quod
2497 727 2892 784 abundantiam
2925 736 3054 783 tunc
3075 737 3421 799 prasentem,
3455 730 3631 785 fames

244 811 456 907 ciente,
479 840 665 894 donec
692 848 948 890 reversus
968 838 1052 885 est
1074 829 1132 883 in
1158 844 1258 882 sua
1279 829 1391 887 (an.
1433 820 1557 884 509,
1589 811 1824 907 Sigea).

314 894 578 1000 Denique
605 943 702 981 rex
758 920 1092 985 Ludovicus,
1124 918 1446 972 exhortante
1475 913 1664 963 sancto
1693 894 1904 1000 Remi.-

2010 828 2268 874 secutura
2294 819 2454 887 foret,
2486 821 2556 876 de
2609 820 2859 893 frugibus
2896 821 3149 875 villarum
3176 820 3442 891 episcopii
3476 837 3624 876 non—

2012 909 2197 966 nullos
2217 911 2383 980 jussit
2411 928 2661 969 asservos
2690 911 2809 967 ﬁeri
2842 912 2983 967 fame
3026 910 3354 965 laboratura
3377 921 3623 982 postmo-

238 1021 360 1095 ςίο,
389 989 660 1089 regnum,
694 1016 805 1069 hoc
827 1018 913 1067 θεῖ
933 1024 1197 1066 coronam
1222 1020 1346 1061 cum
1376 998 1611 1076 gemmis
1631 989 1906 1095 βτθῐίοῇίε
2008 1003 2142 1058 dum
2173 1004 2489 1075 profuturos
2528 1006 2671 1075 plebi
2708 1025 2722 1071 ;
2754 1022 2986 1078 quorum
3022 1004 3076 1058 in
3102 1002 3251 1065 villa,
3294 1018 3416 1073 qua
3442 1003 3627 1057 Celtus
3728 1052 3735 1061 ,

245 1084 499 1169 auream:
533 1106 751 1161 donum
774 1104 941 1159 beato
961 1102 1122 1155 Petro
1153 1097 1404 1169 apostolo
1428 1092 1582 1148 misit
1614 1108 1627 1145 :
1652 1098 1707 1144 et
1725 1084 1901 1144 codi-

246 1203 407 1258 cillos
438 1202 569 1271 ]ms.
602 1202 645 1265 i,
673 1196 998 1266 codicellos]
1039 1195 1108 1249 ab
1127 1191 1413 1248 Anastasio
1440 1190 1772 1259 imperatore
1796 1180 1899 1255 pro

248 1291 545 1347 consulatu
579 1288 690 1343 sibi
720 1287 944 1351 missos,
978 1301 1105 1340 cum
1135 1298 1339 1339 corona
1366 1294 1553 1346 aurea,
1593 1278 1899 1349 tunicaque

250 1385 461 1439 blattea
488 1381 758 1453 sumpsit,
799 1386 858 1434 et
887 1379 957 1434 ab
1013 1379 1144 1434 inde
1201 1376 1393 1433 consul
1433 1374 1743 1446 appellatus
1771 1389 1898 1428 esse

250 1477 615 1527 memoratur.
643 1470 941 1526 Hormisda
979 1485 1204 1541 quoque
1250 1471 1507 1525 Romana
1536 1468 1686 1523 sedis
1711 1469 1898 1539 ponti-

250 1564 356 1629 fex,
388 1569 591 1618 sancto
640 1560 903 1634 Remigio
933 1561 1084 1617 vices
1112 1578 1243 1617 suas
1272 1562 1329 1616 in
1387 1577 1557 1633 regno
1607 1562 1895 1629 Ludovici,

250 1655 455 1710 litteris
470 1655 606 1709 suis
635 1655 707 1709 ad
770 1654 957 1725 ipsum
994 1657 1242 1723 directis,
1301 1657 1596 1713 commisit.
1630 1658 1899 1715 Posthac

2004 1101 2254 1163 vocatur,
2296 1096 2422 1152 facti
2449 1104 2577 1153 sunt
2621 1098 2825 1168 plures.
2867 1097 2932 1151 At
2978 1093 3231 1150 homines
3278 1091 3454 1163 ipsius
3482 1088 3627 1143 villa

2003 1187 2257 1244 seditiosi
2287 1196 2342 1245 et
2362 1191 2602 1246 rebelles
2627 1200 2783 1246 erant
2817 1209 2831 1253 ;
2864 1189 2956 1262 qui
2990 1188 3081 1243 die
3108 1186 3347 1257 quadam
3366 1176 3624 1235 inebriati

2001 1286 2295 1349 coeperunt
2335 1280 2481 1336 inter
2529 1296 2588 1335 se
2644 1281 2826 1336 dicere
2861 1298 2874 1334 :
2908 1279 3047 1346 Quid
3094 1277 3187 1331 ille
3240 1271 3516 1330 Jubilaus
3536 1264 3631 1331 (ita

2000 1367 2183 1424 virum
2212 1376 2460 1424 sanctum
2519 1378 2747 1441 propter
2774 1369 2953 1424 atatis
2984 1365 3363 1439 prolixitatem
3385 1353 3635 1410 vocitan-

2000 1459 2103 1526 tes)
2135 1457 2315 1513 facere
2369 1459 2537 1514 vellet
2587 1476 2653 1514 ex
2684 1458 2771 1513 his
2801 1475 2910 1530 qua
2965 1453 3371 1531 aggregaverat
3420 1442 3581 1498 metis
3608 1444 3638 1498 ?

2000 1547 2081 1600 An
2125 1546 2403 1603 civitatem
2437 1547 2505 1601 de
2553 1547 2691 1618 ipsis
2756 1546 2937 1602 facere
2974 1543 3250 1615 cogitaret
3286 1552 3303 1588 :
3342 1532 3477 1605 quia
3501 1533 3644 1593 sicut

2004 1641 2187 1691 turres
2214 1654 2314 1707 per
2367 1650 2555 1691 muros
2583 1635 2844 1703 civitatis,
2879 1635 2952 1689 ita
2998 1649 3100 1705 per
3138 1625 3455 1684 circuitum
3486 1629 3652 1687 cortis

251 1756 508 1804 mortuus
523 1717 845 1804 Ludovicus
857 1765 954 1804 rex
976 1751 1033 1804 in
1057 1768 1193 1822 pace
1210 1717 1316 1815 (an.
1337 1753 1443 1807 514
1456 1754 1635 1822 Sigeb.
1647 1756 1866 1819 ,Baron.
1878 1795 1893 1820 ,

2004 1725 2256 1798 dispositi
2297 1727 2668 1781 cernebantur
2697 1726 2900 1780 acervi.
2933 1723 3193 1779 Tandem
3225 1717 3514 1784 suadente
3538 1724 3659 1784 dia-

250 1842 529 1913 Haraus,)
563 1859 629 1897 ac
654 1844 918 1912 sepultus
948 1843 1005 1897 in
1020 1844 1250 1901 basilica
1263 1846 1437 1901 sancti
1460 1846 1601 1901 Petri
1629 1847 1890 1917 apostoli,

250 1951 416 2006 quam
440 1934 674 1989 Parisiis
692 1932 1108 1997 adificavcrat;
1142 1934 1452 2006 eodemque
1479 1942 1760 1991 momento
1779 1953 1892 2009 quo

250 2026 511 2095 spiritum
563 2023 778 2089 emisit,
828 2023 1113 2078 revelante
1165 2023 1374 2096 Spiritu
1432 2032 1641 2092 sancto,
1693 2024 1892 2081 beatus

248 2113 538 2186 Remigius
580 2111 771 2168 Remis
820 2112 1059 2181 positus,
1116 2128 1242 2167 eum
1297 2113 1486 2169 obisse
1534 2114 1811 2186 cognovit,
1836 2124 1892 2171 et

250 2201 649 2257 assistentibus
678 2200 790 2255 sibi
823 2199 1220 2257 manifestavit.

890 2347 1103 2404 CAPUT
1131 2350 1240 2404 XVI

533 2489 611 2541 De
625 2485 839 2554 synodo
864 2485 965 2539 ubi
991 2489 1252 2541 convertit
1279 2487 1603 2542 hareticum.

309 2618 507 2672 Gallia
541 2618 829 2689 quondam
862 2619 1134 2690 prasules
1159 2621 1227 2675 ad
1255 2622 1526 2693 synodum
1556 2623 1687 2679 fidei
1717 2627 1895 2700 gratia

243 2711 669 2773 convenientes,
694 2712 927 2765 beatum
959 2711 1292 2786 Remigium,
1318 2720 1508 2784 utpote
1538 2714 1715 2770 virum
1749 2716 1898 2772 divi-

248 2799 331 2853 nis
363 2799 615 2871 eloquiis
644 2800 1116 2867 eruditissimum,
1138 2808 1193 2856 et
1213 2802 1481 2858 doctrinis
1500 2804 1893 2860 ecclesiasticis

246 2889 800 2952 exercitatissimum,
852 2889 922 2944 ad
956 2890 1106 2944 idem
1138 2892 1435 2946 concilium
1483 2892 1673 2947 venire
1708 2893 1891 2963 petie-

2000 1816 2131 1873 bolo
2186 1834 2245 1873 se
2294 1826 2486 1873 mutuo
2534 1816 2827 1882 cohortati,
2873 1816 3163 1870 miserunt.
3195 1811 3260 1864 in
3298 1826 3412 1876 eos
3464 1820 3665 1904 ignem.

1997 1906 2154 1995 Quod
2183 1922 2309 1961 cum
2346 1907 2380 1960 Β
2423 1905 2644 1977 praesuli
2675 1905 2987 1995 nuntiatum
3004 1900 3240 1995 fuiSSEt
3277 1899 3354 1966 in
3374 1899 3673 1995 propinqua

1994 1994 2147 2060 villa,
2180 2010 2346 2066 quam
2395 1994 2642 2050 Basilica
2695 1995 2911 2050 Cortem
2974 1993 3407 2082 [Bazancourt]
3461 1993 3675 2072 ήοοειξιι,

1995 2093 2130 2142 tunc
2160 2087 2300 2143 forte
2329 2088 2674 2153 consistenti,
2707 2104 2935 2143 ascenso
2983 2082 3270 2157 protinus
3322 2116 3493 2174 equo,
3526 2109 3677 2163 οειε-

1996 2176 2135 2232 riter
2162 2180 2233 2234 ad
2264 2187 2471 2236 tantam
2501 2179 2957 2250 compescendam
3020 2190 3549 2257 praesumptionem
3572 2199 3672 2252 de-

1994 2272 2152 2327 venit
2197 2272 2428 2327 Celtum.
2490 2273 2604 2337 Quo
2666 2289 2790 2327 cum
2834 2271 3214 2342 pervenisset,
3277 2285 3665 2358 ardentesque

1994 2362 2187 2437 fruges
2243 2364 2560 2435 reperisset,
2622 2364 2689 2418 ad
2762 2364 2942 2434 ipsum
2993 2362 3315 2422 calefacere
3372 2387 3433 2425 se
3487 2379 3659 2444 capit

1995 2452 2186 2524 ignem
2221 2472 2235 2519 ;
2263 2469 2505 2524 semper,
2539 2452 3112 2525 inquiens,estbonus
3136 2451 3320 2521 focus,
3338 2456 3385 2508 si
3421 2473 3533 2511 non
3554 2476 3653 2514 su-

1996 2560 2098 2613 per
2133 2552 2335 2615 potest.
2368 2545 2755 2600 Verumtamen
2796 2560 2991 2600 omnes
3016 2542 3112 2614 qui
3167 2543 3275 2597 hoc
3302 2554 3563 2616 egerunt,
3590 2558 3647 2601 et

1996 2632 2095 2703 qui
2128 2632 2198 2687 de
2226 2633 2469 2704 ipsorum
2496 2633 2744 2707 germine
2794 2634 2906 2687 nati
2940 2632 3169 2694 fuerint,
3194 2630 3299 2684 viri
3334 2631 3638 2700 ponderosi

1997 2719 2155 2789 ﬁant,
2184 2731 2241 2779 et
2260 2722 2482 2779 femina
2527 2722 2769 2795 gutturis
2787 2720 3099 2777 calamitate
3121 2718 3457 2789 plectantur.
3480 2718 3638 2782 Quod

1995 2815 2074 2870 ita
2128 2831 2353 2888 quoque
2403 2821 2621 2871 constat
2674 2814 2986 2886 impletum.
3041 2812 3229 2882 Usque
3272 2809 3342 2864 ad
3386 2816 3637 2880 tempora

1995 2906 2278 2979 siquidem
2309 2907 2484 2963 Caroli
2510 2906 2716 2980 Magni,
2747 2906 2843 2979 qui
2869 2904 3257 2975 hujuscemodi
3287 2902 3543 2959 homines
3564 2904 3634 2958 de

245 2988 391 3034 ""1"
424 2980 523 3035 Cl“
554 2980 857 3034 οοηνθυίυί
892 2980 1131 3073 Ανίδηιιε
1151 2981 1376 3053 (limem
1408 2983 1704 3052 episcopus
1735 2998 1892 3037 ὃθεν·
1920 2994 1971 3064 C
1997 3000 2171 3068 Celto,
2201 3002 2463 3073 quoniam
2516 3001 2929 3058 vicedominum
2976 2998 3227 3054 ecclesia
3258 2994 3548 3052 Remensis
3576 2994 3632 3048 in

245 3074 423 3129 rimus
460 3074 810 3146 disputator,
869 3080 926 3128 et
982 3072 1237 3127 dialectis
1294 3074 1773 3144 propositionibus
1829 3091 1895 3130 ac

247 3163 713 3218 conclusionibus
733 3162 1003 3229 conlisus,
1040 3163 1285 3234 hincque
1308 3163 1472 3219 nimis
1501 3165 1697 3231 elatus,
1723 3164 1895 3220 inter-

250 3263 388 3309 erat.
441 3255 802 3328 lngrediente
834 3270 968 3310 vero
999 3255 1299 3311 concilium
1344 3256 1403 3310 S.
1464 3257 1734 3330 Remigio,
1777 3265 1832 3313 et
1861 3275 1894 3314 a

252 3343 622 3398 multitudine
655 3342 908 3412 fratrum,
946 3352 1269 3399 reverenter
1288 3346 1338 3400 ei
1360 3349 1573 3403 cunctis
1596 3362 1894 3421 assurgen-

253 3435 430 3499 tibus,
482 3443 758 3506 excepto,
812 3437 1094 3507 superbus
1128 3436 1422 3493 haereticus
1470 3440 1547 3493 illi
1607 3456 1896 3514 assurgere

256 3526 621 3598 dedignatur.
653 3528 718 3581 At
747 3543 872 3583 mox
904 3534 964 3582 ut
997 3528 1196 3582 beatus
1245 3528 1523 3605 Remigius
1552 3539 1682 3588 ante
1714 3533 1896 3605 ipsum

255 3618 505 3684 transiit,
538 3617 636 3672 ille
656 3617 957 3673 locutionis
995 3617 1243 3674 ofﬁcium
1259 3634 1354 3674 ore
1383 3622 1665 3679 obstructo
1689 3624 1893 3683 amisit.

258 3710 730 3781 Exspectantibus
758 3711 1056 3777 universis,
1086 3718 1147 3765 ut
1191 3720 1316 3782 post
1340 3714 1731 3771 allocutionem
1761 3733 1896 3773 san-

255 3804 325 3858 cti
360 3802 607 3876 Remigii
641 3802 1099 3873 loquereturille,
1119 3820 1189 3858 ne
1223 3805 1393 3861 ullum
1408 3809 1637 3880 quidem
1667 3812 1897 3869 verbum

256 3895 514 3964 proferre
571 3895 771 3966 potuit.
824 3894 1027 3966 Sicque
1066 3895 1215 3951 beati
1273 3898 1375 3952 viri
1427 3901 1661 3973 vestigia
1690 3918 1898 3973 pronus

257 3989 489 4045 tandem
519 3995 735 4059 petens,
769 3987 999 4043 nutibus
1037 3990 1256 4044 veniam
1294 3994 1613 4061 postulavit.
1649 3994 1745 4049 Cui
1770 4012 1900 4052 san-

257 4088 382 4132 ctus
439 4076 775 4151 Remigius:
807 4080 872 4133 In
912 4082 1146 4143 nomine,
1207 4079 1408 4151 inquit,
1466 4084 1687 4139 Domini
1728 4092 1900 4144 nostri

255 4174 387 4226 Iesu
418 4172 651 4237 Christi,
685 4173 801 4224 veri
826 4172 958 4225 Filii
980 4175 1076 4227 Dei
1092 4176 1226 4236 vivi,
1255 4177 1305 4229 si
1328 4179 1405 4231 sic
1434 4178 1500 4232 de
1528 4193 1585 4232 eo
1616 4182 1755 4233 recte
1777 4196 1900 4236 sen-

258 4264 356 4329 tis,
384 4265 631 4332 loquere,
662 4265 711 4315 et
730 4262 798 4316 de
826 4263 940 4326 illo,
971 4266 1110 4319 sicut
1138 4266 1405 4322 catholica
1429 4270 1602 4324 credit
1638 4271 1900 4339 Ecclesia,

260 4357 425 4409 crede
441 4360 496 4408 et
521 4356 784 4423 conﬁtere.
817 4355 895 4408 Ad
927 4356 1084 4426 cujus
1107 4374 1301 4414 vocem
1333 4362 1626 4418 hareticus
1644 4372 1771 4418 ante
1805 4381 1903 4419 su-

1993 3093 2195 3149 eadem
2247 3096 2378 3150 villa
2407 3104 2695 3165 necarunt,
2741 3094 3152 3160 exterminavit,
3192 3094 3362 3149 cadis
3386 3090 3633 3148 auctori-
3676 3086 3687 3087 ί

1993 3180 2101 3238 bus
2122 3183 2448 3252 interfectis,
2482 3195 2539 3241 et
2585 3182 3068 3241 consentientibus
3089 3198 3190 3255 per
3225 3182 3472 3237 diversas
3501 3194 3632 3251 pro-

1991 3271 2206 3330 vincias
2249 3274 2536 3346 dispersis,
2590 3282 2758 3346 atque
2793 3279 3067 3346 perpetuo
3113 3269 3503 3328 condemnatis
3533 3284 3637 3351 ex-g

1994 3366 2249 3424 siliozac
2277 3368 2348 3423 de
2399 3369 2617 3425 cateris
2671 3370 2838 3439 hujus
2890 3367 3162 3440 episcopii
3196 3365 3343 3421 villis
3373 3362 3625 3419 eamdem

1995 3461 2292 3515 restaurari
2359 3459 2507 3516 fecit.
2565 3463 2644 3516 Ita
2698 3462 2801 3517 viri
2856 3460 3191 3532 feminaque
3250 3454 3633 3534 generationis

1996 3552 2163 3622 hujus
2190 3551 2406 3606 multati
2439 3562 2883 3624 permanserunt,
2926 3563 2986 3608 ut
3013 3552 3190 3608 sancti
3221 3550 3326 3608 viri
3357 3547 3633 3606 sententia

1999 3644 2389 3718 promulgavit.
2445 3646 2509 3702 Et
2551 3655 2680 3719 apte
2707 3646 2934 3720 quidem
2965 3646 3051 3701 vir
3095 3645 3192 3700 Dei
3223 3642 3511 3716 (quoniam
3532 3655 3635 3712 po-

1998 3754 2175 3800 steros
2213 3758 2404 3798 eorum
2464 3740 2703 3796 rebelles
2749 3754 2812 3792 ac
2854 3735 3151 3792 seditiosos
3200 3734 3319 3791 fore
3356 3729 3629 3804 praviditl

2000 3833 2316 3903 hujusmodi
2363 3832 2609 3887 vindicta
2654 3845 2767 3886 non
2814 3828 2993 3883 solum
3045 3831 3498 3897 prasumptores,
3532 3820 3632 3876 sed

1997 3924 2164 3980 etiam
2180 3937 2356 3995 genus
2388 3920 2637 3991 ipsorum
2659 3916 2827 3989 plecti
2860 3913 3130 3970 decrevit.

2072 4016 2200 4071 Post
2231 4014 2350 4068 hac
2379 4011 2569 4084 igitur,
2596 4010 2814 4081 aliaque
2867 4007 3165 4063 multarum
3215 4000 3493 4079 magnalia
3519 3999 3635 4055 vir-

2002 4112 2200 4171 tutum,
2229 4120 2352 4177 qua
2383 4090 2649 4157 Dominus
2675 4097 2892 4171 operari
2916 4111 3017 4169 per
3049 4095 3198 4149 hunc
3228 4092 3451 4148 ﬁdelem
3470 4105 3634 4144 suum

2002 4195 2267 4254 famulum
2298 4192 2556 4264 dignatus
2576 4198 2678 4253 est,
2710 4187 2951 4262 gemitus
2966 4183 3117 4240 illius
3138 4182 3443 4239 exaudiens
3465 4187 3634 4250 atque

2001 4288 2261 4359 suspiria,
2310 4286 2516 4358 quibus
2565 4284 2765 4338 dicere
2802 4286 3212 4335 consueverat:
3263 4273 3493 4342 Quando
3538 4287 3636 4326 ve-

2001 4384 2172 4444 niam,
2201 4385 2251 4435 et
2281 4378 2552 4448 apparebo
2566 4381 2690 4431 ante
2712 4375 2911 4441 faciem
2936 4373 3083 4448 Dei?
3114 4371 3283 4435 (Psal.
3303 4383 3410 4427 xu,
3434 4364 3509 4434 3,)
3532 4365 3637 4420 Sa-

263 4450 509 4519 perbus,
526 4447 755 4502 humilis
797 4447 911 4516 jam
942 4446 1117 4505 factus
1159 4459 1326 4524 atque
1356 4454 1682 4522 catholicus,
1714 4455 1907 4512 ortho—
1930 4458 1986 4527 Β
2010 4470 2189 4525 τίαὸον
2225 4446 2831 4532 dum—manifestabitur
2857 4446 3041 4529 gloria
3067 4459 3184 4528 ejus
3213 4457 3378 4525 (Ρεαι-
3408 4471 3516 4521 XVI»
3547 4454 3631 4519 3i:

263 4539 478 4593 doxam
510 4536 677 4592 fidem
704 4536 774 4591 de
823 4536 1011 4593 divina
1046 4547 1102 4594 et
1142 4541 1501 4612 inseparabili
1531 4545 1817 4615 Trinitate,
1846 4566 1897 4607 at

2013 4558 2093 4613 illi
2125 4559 2217 4629 pia
2246 4554 2626 4612 consolatione
2652 4551 2919 4608 Dominus
2948 4549 3137 4605 obitus
3179 4548 3265 4603 sui
3296 4546 3444 4601 diem
3471 4559 3633 4599 reve-

261 4630 337 4684 de
366 4627 759 4683 incarnatione
784 4628 982 4685 Christi
1004 4632 1275 4713 catholice
1295 4634 1601 4706 confessus,
1637 4639 1692 4693 in
1710 4639 1907 4698 eadem

256 4715 649 4774 confessionis
688 4732 803 4771 sua
834 4715 943 4772 ﬁde
995 4734 1053 4773 se
1106 4737 1531 4792 permansurum
1565 4731 1898 4801 repromisit.

256 4812 478 4882 Sicque
510 4809 699 4862 anima
728 4824 828 4880 per
859 4809 1241 4870 inﬁdelitatem
1280 4819 1520 4889 perdito,
1549 4831 1605 4879 et
1632 4825 1905 4896 corporali
1950 4842 1955 4847 ·

256 4918 405 4956 voce
454 4908 685 4972 pr0pter
725 4902 1045 4971 superbiam
1097 4906 1244 4975 juste
1284 4911 1673 4980 condemnato,
1704 4915 1907 4976 virtute

260 4997 467 5051 divina
500 4994 840 5050 venerabilis
864 4997 1131 5067 pontifex,
1156 5002 1423 5059 etanima
1448 5005 1758 5064 reddiditet
1782 5024 1905 5066 cor-

263 5094 431 5164 poris
453 5094 752 5147 sanitatem
781 5110 795 5159 ;
824 5095 1038 5150 cunctis
1056 5095 1150 5166 qui
1172 5096 1422 5165 aderant,
1449 5099 1536 5155 vel
1564 5101 1682 5156 hac
1712 5103 1907 5177 cogni-

265 5185 385 5239 turi
424 5184 631 5251 forent,
662 5186 1047 5241 sacerdotibus
1075 5196 1329 5258 patenter
1358 5192 1677 5261 ostendens,
1712 5194 1767 5251 in
1801 5198 1906 5255 hoc

262 5274 427 5327 male
460 5273 740 5327 sentiente
791 5272 860 5327 de
903 5272 1115 5330 Christo
1168 5277 1286 5348 (qui
1315 5281 1599 5349 proximus
1641 5292 1697 5339 et
1736 5284 1906 5342 frater

258 5361 448 5417 nobis
497 5376 601 5432 per
652 5361 1046 5418 humanitatem
1097 5364 1216 5421 fieri
1247 5366 1507 5442 dignatus
1530 5374 1634 5439 est)
1666 5374 1905 5445 qualiter

253 5462 473 5510 contra
503 5461 798 5525 peccantes
844 5454 900 5509 in
950 5455 1151 5527 ipsum,
1190 5459 1276 5515 vel
1322 5461 1379 5516 in
1410 5463 1710 5522 Ecclesiam
1736 5475 1904 5542 atque

252 5546 541 5615 rebelles,
570 5552 627 5601 et
648 5562 778 5622 erga
815 5559 940 5618 post
976 5563 1435 5627 recognoscentes
1480 5574 1544 5615 ac
1572 5560 1908 5630 panitentes

254 5640 529 5697 debeant
556 5655 743 5714 agere.

2010 4648 2142 4703 lavit
2173 4647 2482 4707 imminere,
2526 4645 2641 4709 Qua
2690 4642 3030 4698 revelatione
3062 4639 3253 4701 fretus,
3289 4651 3469 4689 rerum
3501 4651 3632 4690 sua-

2011 4757 2131 4795 rum
2186 4737 2438 4794 condidit
2494 4743 2904 4802 testamentum,
2964 4733 3033 4788 ad
3109 4730 3259 4786 illam
3314 4727 3632 4799 pertingere

2010 4832 2275 4888 festinans
2301 4829 2704 4895 hareditatem,
2737 4829 2806 4883 de
2850 4843 2960 4899 qua
2990 4823 3127 4879 dicit
3157 4822 3432 4893 Propheta
3462 4836 3475 4873 :
3502 4820 3635 4876 Cum

2009 4922 2218 4976 dederit
2246 4921 2456 4975 dilectis
2485 4921 2601 4974 suis
2655 4933 2920 4984 somnum,
2952 4916 3062 4969 hac
3092 4918 3169 4968 est
3199 4910 3485 4967 hareditas
3516 4911 3629 4963 Do-

2006 5012 2146 5065 mini
2176 5009 2338 5071 (Psal.
2373 5023 2550 5076 cxxv1,
2597 5008 2652 5075 3,
2705 5008 2781 5077 4).
2842 5007 2933 5062 Sic
2970 5020 3104 5076 ergo
3147 5012 3371 5059 sanctus
3415 4999 3508 5056 hic
3548 4998 3634 5054 vir

2006 5099 2125 5165 Dei,
2170 5106 2447 5153 terrenam
2498 5097 2896 5169 derelinquens
2949 5093 3333 5151 hareditatem
3383 5089 3633 5163 percepit

2005 5199 2288 5247 aeternam.
2350 5187 2583 5244 Condito
2644 5189 2921 5260 siquidem
2994 5170 3344 5250 testamento,
3404 5190 3460 5238 et
3515 5181 3632 5236 suis

2005 5285 2266 5342 omnibus
2294 5283 2398 5339 rite
2413 5283 2721 5355 dispositis,
2760 5284 2891 5355 quia
2936 5296 3101 5338 verus
3138 5279 3380 5354 agricola
3408 5289 3630 5334 omnem

2004 5376 2133 5431 vitis
2181 5391 2324 5432 vera
2367 5374 2650 5446 palmitem
2718 5374 2954 5431 fructum
2986 5372 3254 5428 ferentem
3296 5374 3515 5443 purgat,
3570 5365 3631 5417 ut

2004 5471 2242 5528 fructum
2273 5469 2398 5541 plus
2439 5468 2631 5526 afferat
2659 5472 2832 5540 (Joan.
2865 5483 2957 5523 xv.
2986 5466 3061 5534 2),
3109 5463 3394 5523 oculorum
3425 5471 3626 5526 corpo-

2007 5564 2203 5620 ralium
2230 5564 2440 5620 lumine
2471 5564 2719 5636 privatus
2748 5572 2832 5621 est
2848 5562 3194 5636 aliquandiu,
3226 5573 3339 5630 quo
3358 5564 3620 5623 superna.

2008 5657 2210 5712 mentis
2233 5656 2429 5723 oculis,
2455 5657 2526 5712 ad
2557 5674 2680 5729 qua
2713 5663 2826 5712 toto
2850 5655 3147 5711 anhelabat
3171 5647 3474 5717 desiderio,
3490 5659 3623 5702 con-
