4034 6174
458 264 528 321 59
1567 267 1937 325 FLODOARDI
1975 266 2282 325 CANONICI
2322 266 2650 325 REMENSIS
3711 270 3783 327 60

460 391 712 460 templari
741 391 947 446 valeret
967 391 1246 448 attentius.
1280 394 1404 464 Ipse
1433 409 1564 451 vero
1593 396 1922 452 studebatin
1953 411 2066 451 suae
2093 400 2148 468 Α

459 482 805 550 probationis
846 484 1150 539 tentatione
1181 501 1402 556 semper
1433 489 1640 560 gratias
1667 503 1853 562 agere,
1879 488 2064 542 laudi-

457 570 580 637 bus,
614 573 939 643 hymnisque
969 574 1076 629 Deo
1097 575 1298 631 diebus
1320 594 1384 633 ac
1407 581 1663 634 noctibus
1683 594 1894 643 vacare,
1919 576 2067 631 ﬁdeli

457 667 640 712 mente
671 665 1010 728 pertractans
1043 679 1056 716 :
1094 663 1360 728 Quoniam
1389 667 1482 738 qui
1516 669 1790 739 patienter
1842 666 2070 720 humili-

454 754 646 817 terque
677 748 894 818 flagella
919 751 1248 822 suscipiunt,
1282 765 1403 825 post
1432 758 1650 831 flagella
1678 758 2069 813 sublimiterad

453 838 701 908 requiem
732 842 1130 912 suscipiuntur.
1171 845 1337 916 Cujus
1382 859 1601 907 aaternze
1648 852 1838 926 gloriae
1868 853 2070 926 pignus

449 925 506 979 in
538 943 604 983 eo
634 929 898 985 Dominus
954 934 1145 989 volens
1173 939 1488 1006 ostendere,
1543 925 1862 1011 priusquam
1901 925 2069 997 dece-

450 1016 626 1085 deret,
653 1019 704 1074 ei
733 1021 910 1077 visum
960 1026 1217 1082 restituit.
1253 1028 1428 1096 Unde,
1459 1031 1602 1086 sicut
1641 1038 1696 1086 et
1721 1032 1790 1086 de
1816 1032 2070 1088 amissio-

455 1122 544 1174 ne,
573 1123 773 1163 nomen
822 1112 1036 1168 Domini
1092 1116 1396 1173 benedixit.
1455 1120 1520 1175 Et
1549 1136 1659 1176 non
1690 1130 1814 1192 post
1844 1122 2069 1196 longum

455 1200 714 1269 spatium,
737 1203 919 1260 sciens
950 1207 1140 1263 adesse
1187 1209 1273 1265 sui
1313 1213 1577 1268 transitus
1606 1213 1775 1279 diem,
1811 1229 1909 1284 per
1941 1213 2072 1268 mis-

455 1307 639 1345 sarum
678 1293 1132 1364 celebrationem,
1180 1307 1235 1354 et
1263 1316 1432 1356 sacrae
1461 1303 1870 1360 communionis
1899 1304 2070 1376 parti-

453 1379 811 1450 cipationem,
864 1386 1216 1451 valefaciens,
1273 1397 1326 1443 et
1368 1389 1506 1445 dans
1560 1407 1752 1462 pacem
1778 1391 1909 1446 ﬁliis
1932 1393 2067 1460 suis,

454 1481 743 1543 postquam
764 1479 1120 1550 septuaginta
1174 1487 1412 1551 quatuor
1459 1498 1634 1537 annos
1665 1483 1720 1536 in
1748 1483 2070 1554 episcopatu

456 1563 872 1638 religiosissime
907 1569 1088 1624 ﬁdelis
1116 1587 1308 1626 servus
1338 1581 1392 1626 et
1423 1575 1669 1644 prudens
1708 1575 1940 1630 Domino
1967 1578 2073 1632 mi-

454 1654 801 1722 nistraverat,
835 1662 1195 1734 nonagesimo
1230 1671 1384 1719 sexto
1415 1666 1592 1720 aetatis
1633 1682 1746 1720 sum
1773 1682 1918 1722 anno
1951 1668 2066 1722 ldi-

454 1743 558 1798 bus
584 1745 829 1801 Januarii
888 1748 1004 1819 [ms.
1029 1753 1070 1817 ἱ,
1107 1750 1291 1821 ld.tx],
1324 1767 1489 1808 cursu
1538 1754 1711 1808 sancti
1751 1755 2071 1811 certaminis

453 1845 852 1905 consummato,
886 1840 994 1895 ﬁde
1033 1849 1266 1908 servata,
1299 1859 1423 1898 cum
1475 1845 1768 1914 multiplici
1799 1845 2069 1902 bonorum

454 1941 686 1996 operum
710 1928 912 1998 fructu,
959 1942 1013 1987 et
1059 1934 1372 1989 animarum
1416 1935 1592 2002 lucro,
1625 1944 1684 1991 ut
1712 1936 1805 1991 diu
1839 1939 2066 1993 deside-

455 2018 614 2087 ravit,
648 2023 832 2078 anima
852 2025 1023 2080 ccelos
1043 2035 1361 2096 penetrans,
1395 2037 1554 2084 terrae
1584 2046 1785 2102 corpus
1804 2032 2067 2104 reliquit;

453 2109 734 2179 accipiens
780 2115 975 2170 stolam
1024 2118 1345 2185 candidam,
1377 2120 1779 2176 beatitudinem
1855 2122 2070 2177 scilicet

453 2199 652 2255 animm
684 2206 1097 2274 sempiternam,
1159 2219 1520 2281 percapturus
1579 2213 1632 2266 in
1665 2211 2073 2267 resurrectione

452 2285 706 2356 alteram,
751 2291 966 2348 beatam
1043 2297 1302 2354 videlicet
1353 2301 1420 2354 ad
1469 2301 1702 2375 gloriam
1762 2300 2070 2356 resuscitati

453 2379 703 2447 corporis
733 2381 1201 2442 immortalitatem
1227 2408 1240 2454 ;
1266 2406 1618 2461 possessurus
1649 2400 1860 2463 partem
1891 2390 2071 2446 socie-

455 2472 733 2539 tatemque
756 2487 877 2525 cum
911 2480 1220 2548 praecepuis
1269 2481 1467 2537 Christi
1513 2483 1780 2538 membris
1810 2483 1867 2536 in
1900 2495 2070 2553 regno

454 2555 686 2624 coelesti,
718 2560 862 2616 sicut
893 2571 1182 2622 attestatur
1227 2573 1532 2640 apostolica
1568 2573 1675 2626 sibi
1707 2571 1904 2628 collata
1945 2585 2072 2642 gra-

454 2647 548 2701 tia.
573 2649 716 2705 Gens
753 2652 1032 2723 siquidem
1088 2660 1349 2718 Francica
1403 2681 1502 2735 per
1549 2667 1728 2735 ipsum
1785 2665 1853 2719 ad
1905 2664 2070 2717 ﬁdem

455 2735 653 2828 Christi
683 2755 968 2828 conversa,
993 2748 1240 2818 martyrii
1291 2752 1493 2822 palma,
1538 2753 1931 2828 longanimitas
1970 2767 2070 2822 pa-

457 2823 663 2880 tientiae
688 2827 745 2881 in
762 2827 1315 2906 longmvitateipsius
1340 2841 1466 2894 vitm
1484 2823 1850 2898 confessionis
1877 2840 2073 2913 gloria,

457 2915 781 3013 orthodoxae
811 2918 943 2974 ﬁdei
989 2924 1332 2993 prmdicatio,
1378 2931 1829 3004 magnaliumque
1857 2937 1967 2984 tam
2019 2931 2075 2984 in

457 3008 569 3058 vita
589 3008 860 3076 corporis,
895 3026 1059 3081 quam
1107 3023 1233 3084 post
1279 3016 1494 3072 obitum
1534 3020 1796 3088 praeclara
1838 3021 2075 3079 manife-

456 3090 640 3154 statio.
683 3101 815 3155 Cum
868 3115 999 3156 vero
1046 3101 1212 3157 funus
1237 3104 1416 3176 ipsius
1445 3109 1850 3165 sanctissimum
1894 3110 2078 3168 defer-

458 3192 688 3244 returad
716 3193 1055 3263 sepulturam
1109 3206 1424 3254 sanctorum
1469 3210 1769 3274 martyrum
1795 3205 2065 3263 Timothei

457 3290 511 3334 et
536 3281 868 3350 Apollinaris
899 3281 955 3335 in
1002 3286 1237 3340 ecclesia
1293 3300 1675 3360 praeparatam,
1708 3294 1784 3348 ita
1809 3295 2066 3353 feretrum

459 3371 516 3427 in
547 3373 730 3429 medio
761 3374 881 3429 vico
909 3384 992 3429 est
1017 3389 1388 3450 aggravatum,
1408 3391 1466 3438 ut
1495 3385 1644 3440 nullo
1669 3387 1834 3443 modo
1861 3403 2066 3459 posset,

459 3466 776 3522 hominibus
851 3472 1261 3540 quantumlibet
1328 3476 1732 3546 adnitentibus,
1803 3484 2064 3539 amoveri.

457 3559 790 3628 Stu‘pel'actis
845 3561 1124 3630 omnibus,
1158 3564 1369 3637 Deique
1409 3569 1844 3626 misericordiam
1879 3585 2071 3644 postu-

457 3651 721 3719 lantibus,
755 3662 814 3708 ut
843 3655 1166 3728 dignaretur
1183 3661 1500 3726 ostendere,
1525 3678 1635 3734 quo
1666 3663 1860 3720 inloco
1895 3670 2068 3723 sancti

458 3747 543 3802 sui
574 3748 738 3802 vellet
788 3751 1015 3806 recondi
1073 3769 1294 3826 corpus,
1351 3757 1644 3832 designant
1669 3761 1737 3814 ad
1785 3761 2070 3817 basilicam

461 3843 811 3914 praefatorum
841 3854 1145 3918 martyrum
1182 3867 1195 3915 ;
1231 3866 1334 3905 nec
1370 3850 1631 3907 feretrum
1681 3869 1902 3909 movere
1934 3871 2068 3926 pos-

455 3949 602 3995 sunt.
630 3941 951 4012 Proponunt
979 3945 1046 3998 ad
1074 3945 1360 4000 ecclesiam
1384 3947 1558 4002 sancti
1583 3948 1803 4016 Nicasii,
1838 3965 1941 4005 nec
1965 3967 2063 4005 ca-

458 4035 650 4104 pulum
670 4035 814 4090 valet
840 4036 1035 4091 attolli.
1070 4037 1381 4092 Decernunf
1415 4039 1482 4093 ad
1535 4039 1712 4094 eadem
1751 4047 2066 4097 sanctorum

455 4125 592 4180 Sixti
623 4132 678 4179 et
701 4126 916 4192 Sinicii,
967 4143 1071 4182 nec
1097 4129 1178 4183 sic
1223 4135 1400 4197 potest
1437 4131 1666 4185 moveri.
1698 4132 1941 4186 Tandem
1971 4149 2066 4188 co-

457 4220 584 4285 acti,
619 4221 880 4290 quoniam
939 4239 1105 4294 parva
1157 4231 1441 4294 supererat
1471 4223 1705 4280 ecclesia
1763 4226 1819 4279 in
1858 4227 2067 4283 honore

455 4308 602 4364 beati
643 4311 1023 4385 Christophori
1076 4317 1369 4388 martyris,
1430 4323 1484 4370 et
1540 4316 1744 4372 nullius
1797 4319 2066 4390 pr0palati

453 4415 654 4472 corpus
687 4405 1011 4461 servabatur
1068 4407 1124 4460 in
1171 4424 1237 4462 ea
1292 4407 1489 4475 sancti,
1549 4407 2071 4478 circumjacentibus

455 4502 638 4549 tamen
675 4497 829 4552 atriis
857 4500 1104 4556 ecclesiae
1144 4502 1522 4557 coemeterium
1550 4502 1832 4559 ferebatur
1877 4523 1942 4560 ex
1963 4524 2068 4562 an-

457 4600 612 4661 tiquo
663 4590 956 4658 Remense,
1009 4595 1287 4665 petierunt
1327 4603 1387 4652 ut
1433 4597 1698 4653 Dominus
1744 4599 2067 4667 declararet,

457 4691 770 4737 utrumnam
802 4685 856 4738 in
889 4686 1081 4741 eadem
1099 4687 1392 4742 ecclesiola
1413 4687 1612 4760 pignus
1642 4688 1778 4743 illud
1808 4690 2067 4745 sacratis-

459 4773 658 4829 simum
684 4777 877 4846 reponi
905 4777 1249 4833 decerneret.
1283 4778 1359 4832 Ad
1398 4795 1520 4850 qum
1552 4787 1674 4834 vota
1706 4786 1857 4835 tanta
1894 4779 2074 4837 facili-

459 4867 568 4917 tate
594 4863 833 4920 loculum
866 4864 1069 4933 levant,
1093 4874 1153 4921 ut
1203 4866 1414 4921 nullum
1460 4873 1744 4937 portantes
1772 4883 1914 4922 onus
1942 4884 2072 4924 sen-

459 4953 645 5010 tirent.
699 4955 1141 5012 Reconditasunt
1169 4966 1353 5012 autem
1407 4958 1853 5014 reverendissimi
1898 4959 2073 5015 Patris

461 5048 624 5117 hujus
653 5047 901 5102 membra
937 5047 993 5102 in
1048 5049 1150 5104 hac
1192 5047 1502 5112 ecclesiola,
1536 5047 1724 5103 divina
1751 5048 2071 5105 moderante

459 5137 846 5209 dispositione,
877 5137 932 5193 in
963 5137 1085 5193 loco
1128 5137 1223 5193 ubi
1258 5153 1404 5192 nunc
1441 5136 1678 5192 habetur
1695 5137 1865 5192 altare
1896 5136 2072 5193 beatae

459 5228 693 5303 virginis
721 5227 1030 5284 Genovefm.
1068 5227 1168 5284 Ubi
1199 5243 1332 5284 vero
1360 5227 1624 5284 feretrum
1653 5235 1867 5283 constat
1896 5225 2070 5298 ipsius

459 5331 833 5399 aggravatum,
866 5321 1039 5377 multa
1062 5320 1315 5377 feruntur
1352 5329 1571 5376 ostensa
1624 5319 1888 5374 miracula
1915 5325 2073 5390 post-

461 5413 704 5472 modum.
741 5412 838 5468 Ilic
885 5414 1051 5470 etiam
1097 5429 1231 5469 crux
1263 5421 1435 5469 exstat
1491 5411 1695 5468 abinde
1741 5410 1940 5483 posita,
1974 5425 2076 5464 co-

459 5509 662 5565 lumnae
680 5509 1057 5564 monumentis
1076 5508 1164 5562 his
1185 5507 1458 5579 insignitae
1490 5506 1732 5577 prmﬁxa.

521 5600 645 5648 Cum
679 5599 928 5646 transisset
957 5612 1018 5645 ex
1040 5598 1132 5646 hoc
1161 5597 1350 5645 mundo
1379 5597 1440 5644 ad
1471 5597 1715 5644 caelestem
1748 5593 1977 5658 patriam.

523 5662 708 5711 Prtesul
737 5675 945 5724 magnus
963 5659 1423 5724 gbeatusiltemigius
1454 5658 1547 5706 huc

523 5725 564 5772 A
592 5724 735 5788 plebe
752 5722 921 5773 sancta
946 5722 1091 5786 digne
1133 5722 1326 5772 delatus
1346 5729 1642 5785 est,corpore

2231 397 2287 444 In
2317 395 2522 445 ecclesia
2546 395 2835 446 condendas
2858 394 3106 458 Timothei
3136 395 3362 458 martyris

2232 458 2370 520 Tunc
2393 458 2486 506 hoc
2516 458 2623 506 loco
2646 472 2839 508 moram
2868 457 2983 506 fecit
3009 473 3020 516 ;
3051 471 3154 520 nec,
3175 456 3360 520 moveri
3396 457 3578 520 potuit,

2233 519 2394 583 Donec
2415 533 2512 583 quo
2527 521 2921 583 rlocandusesset
2944 519 3182 583 revelavit
3203 519 3437 583 Dominus
3464 535 3473 566 :

2234 581 2325 646 libi
2357 581 2710 646 nuhcfavente
2737 581 2930 646 Christo
2953 581 3513 646 praepolle‘yirtutibus.

2234 644 2478 706 Przestans
2498 644 2580 694 hic
2601 645 2702 694 Deo
2721 643 2912 695 devotis
2934 643 3326 706 apta’beneﬁcia,

2232 704 2379 769 Caici:
2403 705 2585 762 visum,
2612 706 2802 756 claudis
2825 704 3062 768 gressum,
3087 706 3289 769 etagris
3310 707 3603 756 remedium.

2233 767 2384 831 Igitur
2417 769 2630 831 profusis
2656 769 2782 817 votis
2810 767 3069 831 exoremus
3097 767 3382 831 Dominum,

2274 829 2440 880 eniam
2462 839 2518 881 ut
2536 831 2824 894 delictorum
2855 830 2950 894 piis
2972 831 3078 893 ejus
3102 829 3331 894 precibus

2233 893 2506 957 {timeantur
2529 893 2756 957 adipisci,
2773 902 2829 957 Aet
2852 892 3087 942 cmlorum
3112 892 3308 957 gaudia.

2230 956 2404 1019 Sancte
2417 954 2633 1019 ~Remigi,
2667 955 2915 1019 confessor
2939 954 3145 1019 pretiose
3165 954 3383 1019 Domini,

2232 1017 2456 1068 Adeloldi
2467 1017 2661 1082 quoque
2690 1017 2759 1066 tui
2774 1031 3005 1066 miserere
3024 1017 3218 1066 famuli.

2785 1169 2992 1225 CAPUT
3013 1169 3194 1224 XVIII.

2530 1302 2918 1354 Testamentum
2971 1300 3036 1353 ab
3067 1301 3181 1370 ipso
3211 1299 3433 1354 editum.

2248 1449 2271 1478 «
2307 1430 2366 1482 ln
2388 1428 2613 1483 nomine
2658 1426 2857 1488 Patris,
2897 1435 2952 1481 et
2995 1425 3141 1492 Filii,
3197 1431 3254 1480 et
3312 1423 3549 1495 Spiritus
3594 1425 3792 1480 sancti.

2173 1518 2356 1573 Gloria
2386 1518 2498 1573 Deo
2565 1517 2756 1570 Amen.

2249 1630 2272 1659 α
2318 1609 2429 1682 Ego
2459 1607 2741 1682 Remigius
2763 1606 3061 1677 episcopus
3092 1603 3331 1660 civitatis
3361 1603 3679 1670 Remorum,
3705 1618 3795 1657 sa-

2098 1701 2404 1786 Bcerdotii
2431 1715 2676 1771 compos,
2736 1704 3126 1753 testamentum
3175 1711 3361 1751 meum
3413 1693 3638 1750 condidi
3664 1693 3791 1763 jure

2172 1791 2450 1862 praetorio,
2469 1797 2634 1861 atque
2666 1787 2723 1842 id
2752 1785 3134 1842 codicillorum
3165 1784 3284 1840 vice
3315 1783 3499 1839 valere
3529 1782 3791 1853 praecepi,

2170 1887 2215 1941 si
2237 1887 2288 1940 ei
2303 1885 2446 1954 juris
2465 1885 2677 1956 aliquid
2696 1882 2980 1940 videbitur
3017 1879 3280 1935 defuisse.
3321 1878 3661 1949 Quandoque
3693 1891 3796 1951 ego

2172 1975 2456 2049 Remigius
2487 1975 2785 2045 episcOpus
2817 1971 2884 2027 de
2945 1973 3049 2026 hac
3098 1971 3219 2025 luce
3251 1968 3540 2034 transiero,
3573 1975 3631 2022 tu
3662 1967 3798 2020 mihi

2173 2069 2346 2123 haeres
2374 2075 2513 2135 esto,
2547 2075 2737 2122 sancta
2778 2074 2835 2120 et
2862 2062 3203 2120 venerabilis
3255 2060 3498 2117 Ecclesia
3528 2059 3799 2114 catholica

2175 2158 2328 2212 urbis
2351 2159 2665 2224 Remorum,
2692 2163 2746 2211 ct
2769 2164 2847 2222 tu,
2881 2154 2959 2208 ﬁli
2987 2153 3168 2208 fratris
3192 2151 3320 2219 mei,
3347 2151 3498 2221 Lupe
3515 2148 3794 2219 episcope,

2175 2266 2340 2320 quem
2362 2249 2641 2321 praecipuo
2688 2262 2910 2317 semper
2954 2259 3142 2299 amore
3191 2242 3377 2297 dilexi.
3412 2248 3467 2296 et
3513 2248 3590 2299 tu.
3623 2253 3797 2309 nepos

2177 2357 2352 2408 meus,
2381 2341 2631 2414 Agricola
2676 2339 2986 2410 presbyter,
3049 2336 3144 2408 qui
3173 2334 3308 2389 mihi
3344 2333 3614 2404 obsequio
3643 2341 3736 2386 tuo
3765 2346 3795 2384 a

2173 2433 2411 2506 pueritia
2434 2432 2704 2503 placuisti,
2729 2432 2783 2485 in
2812 2429 2964 2484 omni
3007 2425 3317 2482 substantia
3341 2441 3484 2490 mea,
3520 2440 3642 2495 quae
3675 2437 3796 2476 mea

2173 2535 2321 2582 sorte
2370 2523 2596 2579 obvenit
2648 2530 2942 2592 antequam
3001 2520 3206 2575 moriar
3261 2536 3274 2572 :
3323 2525 3524 2589 praeter
3553 2517 3609 2570 id
3646 2513 3794 2587 quod

2175 2612 2474 2683 unicuique
2522 2612 2817 2676 donavero,
2860 2610 3140 2684 legavero,
3180 2607 3369 2662 darive
3418 2607 3658 2675 jussero,
3707 2602 3794 2657 vel

2175 2720 2624 2776 unumquemque
2663 2711 2903 2759 vestrum
2933 2702 3159 2757 voluero
3186 2699 3391 2754 habere
3430 2697 3793 2768 prmcipuum.

2174 2801 2249 2855 Tu
2272 2807 2458 2852 sancta
2503 2798 2678 2851 haeres
2730 2810 2854 2850 mea
2911 2792 3198 2848 Remensis
3249 2791 3513 2846 Ecclesia.
3571 2788 3800 2844 colonos

2178 2903 2317 2961 quos
2350 2887 2405 2940 in
2446 2886 2696 2941 Portensi
2752 2883 2932 2938 habeo
2987 2880 3284 2944 territorio,
3335 2879 3421 2935 vel
3472 2879 3541 2933 de
3574 2885 3800 2948 paterna

2178 2987 2537 3048 maternaque
2591 2975 2926 3040 substantia,
2985 2974 3068 3029 vel
3121 2988 3263 3044 quos
3311 2988 3434 3027 cum
3481 2970 3648 3025 fratre
3676 2985 3798 3024 meo

2104 3089 2153 3156 ρ
2178 3077 2379 3124 sanctas
2410 3066 2692 3121 memoriae
2721 3064 3000 3134 Principio
3029 3062 3297 3133 episc0po
3329 3060 3679 3126 commutavi,
3713 3060 3799 3114 vel

2177 3160 2412 3215 donatos
2437 3159 2636 3226 habeo,
2671 3154 3005 3228 possidebis,
3028 3151 3394 3226 Dagaredum,
3419 3150 3797 3214 Profuturum,

2170 3249 2552 3314 Prudentium,
2569 3245 2945 3309 Temnaicum,
2974 3241 3376 3310 Maurilionem,
3392 3237 3796 3304 Baudoleifum,

2169 3339 2576 3394 Provinciolum
2641 3355 2653 3389 :
2705 3334 3081 3398 Naviatenam,
3153 3331 3406 3396 Lautam,
3467 3327 3796 3383 Suﬂ‘roniam

2171 3432 2395 3487 colonas
2429 3447 2442 3495 ;
2477 3424 2797 3480 Amerinum
2816 3437 3039 3493 quoque
3071 3437 3308 3485 servum,
3361 3435 3486 3474 cum
3541 3418 3801 3473 omnibus

2170 3539 2310 3596 quos
2346 3523 2633 3577 intestatos
2683 3515 2961 3586 reliquero
2999 3555 3012 3580 ,
3064 3521 3157 3568 tuo
3189 3512 3436 3568 dominio
3467 3511 3795 3596 vindicabis:

2171 3592 2396 3668 Necnon
2437 3609 2614 3675 villas,
2649 3619 2943 3678 agrosque,
2969 3618 3107 3674 quos
3146 3601 3405 3673 possideo
3447 3601 3502 3655 in
3532 3601 3651 3656 solo
3676 3592 3806 3655 Pori

2173 3703 2340 3770 tensi,
2361 3699 2719 3756 Tudiniacum
2741 3694 2977 3760 scilicet,
2999 3701 3054 3747 et
3085 3693 3446 3748 Balationium
3484 3696 3626 3766 [ms.,
3641 3694 3798 3748 Bala-

2176 3795 2410 3866 tonum],
2434 3794 2550 3848 sive
2581 3791 2951 3854 Plerinacum,
3020 3795 3074 3842 et
3109 3787 3478 3853 Vaculiacum,
3521 3789 3607 3843 vel
3646 3804 3799 3860 quae-

2175 3900 2394 3956 cunque
2445 3884 2502 3938 in
2531 3883 2726 3938 eodem
2751 3880 2868 3936 solo
2894 3879 3144 3933 Portensi
3178 3878 3426 3949 qualibet
3473 3880 3797 3936 auctoritate

2169 3977 2410 4050 possedi,
2441 3976 2656 4050 integre
2703 3991 2826 4030 cum
2856 3971 3115 4028 omnibus
3165 3972 3394 4042 campis,
3439 3974 3628 4044 pratis,
3683 3987 3787 4042 pa-

2167 4068 2337 4135 scuis,
2371 4065 2546 4131 silvis,
2568 4064 2634 4118 ad
2665 4070 2718 4119 te
2746 4058 3058 4118 testamenti
3093 4058 3255 4126 hujus
3283 4059 3607 4115 auctoritate
3635 4073 3793 4113 revo-

2168 4163 2341 4219 cabis.
2384 4158 2560 4212 Simili
2628 4157 2814 4222 modo,
2848 4154 3192 4210 sanctissima
3244 4154 3419 4207 haeres
3473 4168 3617 4218 mea,
3641 4170 3796 4224 quae-

2167 4268 2386 4326 cunque
2413 4251 2515 4306 tibi
2531 4246 2905 4320 apropinquis
2925 4254 2979 4301 et
2995 4247 3185 4303 amicis
3196 4245 3355 4310 meis,
3382 4245 3438 4297 in
3457 4260 3794 4317 quocunque

2169 4352 2286 4408 solo
2327 4355 2382 4402 et
2420 4342 2695 4400 territorio
2746 4340 2944 4396 collata
2991 4348 3139 4407 sunt,
3180 4339 3341 4395 sicuti
3375 4330 3704 4408 disposuéro
3738 4339 3793 4394 in

2093 4440 2477 4521 Dparochiis,
2508 4435 2800 4502 coenobiis,
2859 4435 3150 4506 martyriis.
3214 4431 3503 4499 diaconiis,
3545 4432 3795 4487 xenodo-

2175 4540 2336 4605 chiis,
2368 4532 2739 4601 omnibusque
2771 4527 3073 4582 matriculis
3103 4527 3202 4582 sub
3227 4534 3320 4580 tua
3347 4523 3559 4578 ditione
3585 4523 3797 4595 degen-

2177 4635 2346 4698 tibus,
2380 4626 2785 4686 ordinationem
2843 4639 3020 4676 meam
3069 4620 3239 4676 futuri
3280 4634 3630 4674 successores
3659 4619 3792 4686 mei,

2174 4724 2386 4783 ordinis
2438 4721 2523 4776 sui
2586 4731 2860 4771 memores
2893 4757 2905 4781 ,
2972 4714 3115 4768 sicut
3166 4728 3269 4784 ego
3323 4712 3794 4782 praedecessorum

2174 4829 2446 4879 meorum,
2487 4811 2560 4866 ita
2604 4821 2825 4880 quoque
2859 4803 3200 4871 inconvulse,
3245 4810 3298 4857 et
3337 4802 3549 4874 absque
3571 4801 3682 4856 ulla
3703 4818 3794 4856 re-

2174 4906 2478 4983 fragatione
2494 4887 2812 4958 servabunt.
2837 4898 2908 4952 Ex
2933 4896 3135 4968 quibus
3157 4896 3359 4962 Celtus,
3388 4911 3550 4966 quam
3583 4895 3796 4966 [Briss.,

2174 4995 2358 5069 quem]
2417 5009 2515 5064 per
2568 5004 2791 5044 manum
2833 5003 3010 5041 meam
3041 4984 3215 5048 Celsa,
3278 4983 3508 5038 sobrina
3542 5000 3664 5037 mea
3694 4983 3797 5037 tibi

2175 5086 2422 5144 tradidit.
2449 5091 2505 5139 et
2563 5080 2908 5138 Huldriciaca
2945 5079 3096 5146 villa,
3145 5094 3308 5149 quam
3353 5075 3678 5130 Hulderieus
3704 5089 3802 5130 co-

2175 5193 2310 5244 mes,
2339 5175 2388 5230 ci
2419 5175 2542 5230 loco
2564 5173 2658 5227 ubi
2689 5186 2814 5227 ossa
2837 5185 2958 5223 mea
2976 5166 3150 5222 sancti
3179 5167 3373 5222 fratres
3401 5173 3456 5220 et
3476 5163 3796 5235 coepiscOpi

2175 5265 2481 5321 dioeceseos
2540 5270 2645 5317 tuae
2700 5258 2956 5330 ponenda
3023 5256 3310 5332 elegerint,
3358 5256 3412 5308 in
3461 5251 3800 5328 tegumentis

2179 5354 2514 5410 deserviant.
2549 5351 2738 5421 Sitque
2768 5349 2920 5402 locus
2959 5346 3050 5399 ille
3080 5343 3494 5400 successoribus
3520 5342 3660 5396 meis
3682 5342 3796 5395 Rc-

2180 5459 2390 5497 morum
2426 5438 2705 5510 episcopis
2739 5436 3092 5506 peculiariter
3123 5433 3400 5506 proprius,
3430 5442 3484 5486 ct
3509 5432 3560 5484 in
3602 5429 3801 5484 alimo-

2176 5531 2284 5584 niis
2313 5528 2519 5582 ibidem
2567 5527 2676 5580 Deo
2735 5523 3116 5589 militantium,
3167 5522 3320 5576 vicus
3353 5537 3416 5574 cx
3451 5518 3698 5591 proprio,
3742 5517 3798 5571 in

2177 5615 2442 5677 Portensi,
2486 5622 2564 5669 et.
2608 5657 2620 5668 .
2669 5657 2680 5668 .
2723 5611 2941 5666 villanis
2997 5626 3217 5682 quoque
3266 5625 3330 5661 cx
3386 5605 3674 5678 episcopio
3741 5607 3799 5659 in

2177 5704 2435 5762 Remensi
2459 5701 2792 5759 deserviant.
2835 5699 3255 5754 Blandibaccius
3281 5695 3406 5752 villa
3437 5696 3493 5750 in
3525 5695 3797 5761 Portensi,
