4038 6166
281 313 345 368 61
956 311 1280 370 HISTORIA?
1319 311 1650 369 ECCLESUE
1690 312 2015 370 REMENSIS
2055 311 2233 369 LIBRI
2271 311 2604 377 QUATUOR.
2641 347 2706 358 —
2735 310 2859 366 LIB.
2903 313 2943 365 l.
3551 314 3622 369 62

280 462 444 517 quam
469 461 500 499 a
529 445 914 501 cohaeredibus
934 448 1072 501 meis
1095 446 1392 502 Benedicto
1419 454 1473 501 et
1505 445 1724 512 Hilario,
1750 448 1892 502 datis
1990 446 2174 502 clesiae
2206 448 2500 504 Remorum
2522 449 2757 522 jungere
2781 449 2951 512 volui,
2987 449 3186 514 donec,
3214 454 3275 503 ut
3303 448 3409 504 hoc
3433 448 3625 504 omni—

281 540 480 610 pretiis
509 539 617 594 emi
658 539 728 594 de
782 541 1039 597 thesauro
1079 541 1347 606 ecclesiae,
1379 549 1433 596 et
1473 543 1790 599 Albiniacus
1828 561 1896 600 ex

283 631 582 706 episc0pis,
643 635 697 688 in
764 633 1042 692 alimoniis
1092 636 1353 692 clericum
1387 637 1673 693 Remensis
1698 638 1893 694 Eccle-

281 722 375 778 siae
405 722 773 778 communiter
789 723 1143 794 deputentur.
1185 725 1395 790 Quibus
1445 725 1610 780 etiam
1637 727 1813 781 Berna
1833 743 1899 782 ex

281 811 592 884 episcOpio,
626 829 746 883 quae
759 813 1057 882 peculiaris
1083 815 1583 885 praedecessoribus
1614 815 1752 869 meis
1779 831 1900 871 esse

280 904 517 965 solebat,
560 919 683 958 cum
735 903 952 958 duabus
1006 904 1172 959 villis.
1215 921 1350 975 quas
1405 904 1715 960 Ludovicus
1752 922 1782 960 a
1813 922 1902 960 me

279 1009 438 1048 sacro
488 988 835 1064 baptismatis
895 990 1046 1048 fonte
1103 999 1410 1065 susceptus,
1443 1008 1630 1049 amore
1660 995 1901 1049 nominis

281 1082 414 1147 mei,
465 1081 857 1137 Piscofesheim
910 1098 1008 1136 sua
1038 1083 1227 1157 lingua
1269 1081 1477 1138 vocatis
1534 1084 1587 1153 (ί.
1646 1082 1905 1152 vocatas],

285 1173 418 1227 mihi
452 1171 697 1237 tradidit,
739 1170 855 1225 sive
907 1187 1030 1225 cum
1060 1169 1217 1226 Coslo
1251 1178 1304 1226 et
1334 1170 1616 1236 Gleni,vel
1641 1171 1901 1225 omnibus

282 1262 458 1331 silvis,
481 1261 676 1331 pratis,
703 1258 941 1331 pascuis,
992 1274 1338 1330 quaecunque
1391 1274 1489 1328 per
1518 1259 1767 1314 diversos
1796 1259 1904 1314 mi-

289 1351 492 1405 nistros
524 1349 581 1403 in
604 1350 812 1424 Vosego
833 1347 994 1416 infra,
1027 1349 1258 1415 circum,
1281 1357 1335 1402 et
1362 1357 1512 1401 extra
1539 1364 1552 1412 ;
1582 1355 1729 1402 tuam
1762 1349 1902 1402 ultra

288 1454 450 1510 quam
488 1438 627 1494 citra
673 1439 921 1493 Rhenum
975 1438 1154 1509 pretio
1193 1440 1319 1493 dato
1359 1438 1693 1508 comparavi,
1727 1438 1906 1508 picem

287 1529 574 1583 annuatim
623 1528 916 1595 ministret,
967 1528 1291 1600 cunctisque
1349 1526 1483 1582 locis
1538 1525 1903 1601 regularibus,

288 1634 394 1676 tam
455 1639 487 1676 a
522 1637 629 1688 me,
667 1638 832 1693 quam
873 1620 940 1675 ab
962 1620 1406 1676 antecessoribus
1446 1620 1584 1674 meis
1615 1619 1902 1674 ordinatis.

285 1716 401 1769 sive
436 1717 490 1770 in
522 1715 704 1769 futuro
743 1714 812 1768 ab
843 1714 1122 1784 episcopis
1140 1713 1554 1769 successoribus
1583 1714 1722 1768 meis
1747 1713 1903 1769 ordi-

1998 539 2103 593 bus
2143 539 2392 594 ecclesiis
2428 543 2778 614 adimpleret,
2837 541 3075 597 obtinui.
3138 541 3245 594 Sed
3287 556 3466 612 neque
3497 550 3625 612 post

1998 632 2118 700 ejus
2135 631 2489 702 baptismum,
2525 635 2632 689 nisi
2674 634 3020 690 Codiciacum
3053 633 3421 698 etJuliacum,
3455 649 3627 704 super

1998 719 2202 792 quibus
2231 721 2344 789 jam
2377 723 2558 778 dictus
2617 738 2755 793 puer
2797 721 3178 776 sanctissimus
3232 732 3285 776 et
3329 723 3626 777 unanimus

1998 812 2134 866 mihi
2167 811 2550 879 Clodovaldus,
2591 824 2645 869 et
2675 814 2869 868 incolae
2908 812 3012 867 loci
3046 813 3193 866 illius
3222 813 3625 884 multiplicibus

2004 900 2182 956 xeniis
2211 903 2439 976 gravati,
2469 903 2672 958 obnixe
2712 903 3093 972 deprecantes,
3127 901 3273 971 quod
3304 903 3418 976 regi
3451 902 3625 957 debe-

2007 994 2140 1048 bant
2169 994 2417 1048 ecclesiae
2456 1011 2593 1048 meae
2624 993 2972 1058 solvendum,
3002 1009 3090 1046 me
3115 1000 3304 1062 petere
3337 995 3625 1064 compule-

2008 1091 2152 1141 runt.
2188 1085 2341 1148 Quod
2367 1085 2512 1140 idem
2528 1085 2809 1156 piissimus
2837 1101 2926 1139 rex
2948 1091 3293 1158 etgratanter
3321 1085 3621 1155 accipiens,

2009 1175 2418 1244 promptissima
2444 1178 2722 1232 voluntate
2753 1176 2982 1249 largitus
3021 1181 3123 1241 est,
3157 1175 3464 1246 usibusque
3496 1176 3623 1239 tuis,

2002 1264 2348 1318 sanctissima
2404 1266 2578 1320 haeres
2628 1281 2771 1332 mea,
2797 1265 2951 1332 juxta
2989 1263 3238 1334 ejusdem
3267 1263 3498 1334 piissimi
3531 1264 3630 1319 da-

2004 1351 2138 1406 toris
2167 1361 2502 1423 praeceptum
2522 1393 2536 1419 ,
2571 1353 2875 1423 episcOpali
2907 1352 3231 1407 auctoritate
3257 1350 3487 1405 ﬁrmavi.
3523 1351 3631 1406 Res

2007 1443 2169 1497 etiam
2197 1460 2333 1514 quas
2359 1460 2507 1514 saepe
2529 1444 2706 1499 dictus
2754 1460 2869 1510 rex,
2921 1443 3310 1515 piissimusque
3343 1442 3626 1514 princeps,

2009 1534 2109 1588 tibi
2130 1535 2186 1589 in
2214 1536 2552 1605 Septimania
2583 1545 2637 1591 et
2658 1536 2948 1607 Aquitania
2971 1535 3272 1602 concessit,
3299 1543 3460 1590 eteas
3492 1552 3630 1606 quas

2009 1623 2065 1677 in
2100 1623 2386 1679 Provincia
2443 1625 2772 1680 Benedictus
2819 1625 3044 1696 quidam
3077 1625 3260 1694 (eujus
3292 1624 3460 1679 ﬁliam
3489 1625 3626 1678 mihi

2009 1713 2077 1766 ab
2117 1713 2328 1768 Alarico
2357 1714 2605 1780 missam,
2636 1713 2809 1787 gratia
2847 1714 3020 1769 sancti
3062 1713 3299 1784 Spiritus
3321 1730 3419 1785 per
3449 1714 3630 1783 impo-

287 1805 510 1868 nandis,
546 1820 644 1875 pro
676 1804 1008 1859 necessitate
1040 1805 1282 1860 locorum
1323 1805 1390 1858 ad
1430 1804 1650 1858 vascula
1697 1803 1910 1858 vinaria
1936 1772 1985 1839 Β
2009 1805 2266 1860 sitionem
2317 1821 2510 1859 manus
2539 1822 2675 1860 meae
2707 1806 3052 1877 peccatricis,
3083 1820 3193 1859 non
3243 1805 3419 1859 solum
3451 1821 3482 1858 a
3503 1805 3627 1859 dia-

285 1894 675 1964 componenda
695 1893 976 1948 annuatim
1007 1891 1319 1948 distribuat.
1351 1891 1759 1947 Crusciniacum
1790 1892 1906 1963 [al.,

287 1986 678 2056 ﬂruciniatum]
699 2001 829 2040 vero
855 1993 909 2040 et
932 1986 966 2039 F
970 2003 1141 2053 aram,
1183 1987 1298 2041 sive
1325 1985 1484 2040 villas
1511 2001 1647 2056 quas
1670 1983 1907 2039 sanctis-

286 2071 428 2130 sima
467 2073 622 2148 virgo
649 2073 845 2129 Christi
901 2073 1198 2141 Genovefa,
1232 2091 1262 2128 a
1312 2090 1440 2148 rege
1468 2073 1906 2128 Chritianissimo

286 2167 568 2224 Ludovico
597 2184 697 2246 pro
745 2165 1077 2238 compendio
1108 2164 1324 2222 itineris
1375 2167 1481 2229 sui,
1515 2181 1640 2220 cum
1664 2165 1904 2220 Remen-

282 2281 403 2318 sem
433 2265 720 2320 ecclesiam
771 2265 1076 2336 saepissime
1135 2264 1356 2320 visitare
1401 2264 1627 2330 soleret,
1672 2260 1902 2333 adipisci

282 2361 613 2432 promeruit,
663 2360 1053 2432 alimoniisque
1111 2360 1320 2414 ibidem
1368 2360 1476 2415 Deo
1522 2359 1904 2414 famulantium

279 2451 593 2520 deputavit,
619 2450 759 2505 sicut
806 2451 876 2505 ab
907 2466 972 2504 ea
1027 2449 1340 2505 ordinatum
1377 2458 1478 2513 est,
1515 2450 1587 2504 ita
1617 2448 1904 2515 conﬁrmo,

279 2537 742 2593 ut€rusciniacus
780 2537 947 2593 futuri
979 2537 1580 2608 episcOpisuccessoris
1601 2538 1708 2591 mei
1738 2537 1908 2592 obse-

280 2625 453 2699 quiis,
476 2637 534 2682 et
559 2624 870 2682 sartatectis
920 2624 1246 2698 principalis
1286 2626 1535 2681 ecclesiae
1588 2627 1901 2696 deputetur.

280 2717 475 2771 Faram
515 2732 647 2771 vero
680 2716 859 2770 eidem
907 2716 1194 2786 episcopo,
1235 2723 1289 2769 et
1319 2714 1626 2770 sartatectis
1657 2715 1906 2770 ecclesiae

273 2805 647 2873 ubijacuero,
680 2804 1074 2875 perpetualiter
1122 2803 1329 2857 servire
1380 2802 1573 2870 jubeo.
1601 2806 1909 2874 Sparnacus

274 2894 782 2965 [ms.,Spernacus]
817 2894 964 2960 villa,
1013 2909 1178 2964 quam
1238 2893 1382 2947 datis
1438 2893 1685 2964 quinque
1737 2895 1909 2949 millia

271 2988 434 3041 libris
469 2987 706 3061 argenti,
726 2987 796 3041 ab
821 2987 1049 3059 Eulogio
1070 2986 1405 3056 comparavi,
1431 2993 1522 3040 tua
1541 2989 1908 3053 (sanctissima

277 3079 458 3133 haeres
492 3086 628 3148 mea)
663 3094 772 3132 non
795 3085 1182 3132 extraneorum
1207 3077 1487 3131 haeredum
1505 3093 1753 3132 meorum
1785 3095 1905 3134 esse

2009 1898 2202 1952 bolicae
2243 1897 2451 1952 fraudis
2473 1898 2715 1961 vinculo,
2775 1898 2871 1952 sed
2911 1898 2979 1952 ab
3013 1896 3206 1950 inferis
3239 1895 3527 1965 revocavit)
3559 1897 3626 1950 ad

2009 2005 2169 2042 usum
2200 1989 2425 2042 luminis
2457 1987 2560 2054 tui,
2591 1998 2643 2044 et
2671 1990 2776 2044 loci
2797 1990 2892 2044 ubi
2919 2005 3118 2058 corpus
3149 2005 3335 2042 meum
3370 1986 3627 2054 jacuerit,

2007 2076 2373 2131 continuatim
2413 2077 2694 2132 deservire
2725 2079 3010 2148 praecipio,
3035 2076 3306 2146 villasque
3334 2075 3390 2128 in
3418 2073 3634 2128 Austria

2005 2169 2120 2224 sive
2141 2169 2395 2241 Toringa.
2415 2167 2618 2221 Futuro
2645 2167 2909 2237 episc0po
2931 2167 3236 2223 successori
3265 2183 3389 2222 meo
3417 2167 3635 2236 amphi-

2007 2257 2193 2310 balum
2214 2257 2400 2311 album
2426 2258 2738 2327 paschalem
2760 2258 3037 2330 relinquo,
3057 2258 3297 2332 stragula
3316 2259 3635 2314 columbina

2007 2349 2136 2412 duo,
2157 2349 2277 2403 vela
2294 2349 2416 2414 tria,
2439 2364 2560 2419 quae
2573 2357 2701 2402 sunt
2723 2349 2790 2402 ad
2809 2351 2950 2404 ostia
2981 2349 3343 2404 diebusfestis
3383 2351 3632 2417 triclinii,

2007 2440 2159 2494 cellae
2183 2449 2237 2494 et
2263 2440 2482 2496 culinm.
2511 2440 2614 2493 Vas
2639 2448 2961 2514 argenteum
3002 2441 3249 2514 triginta,
3285 2448 3338 2495 et
3367 2442 3518 2495 aliud
3538 2441 3636 2494 de-

2006 2544 2127 2583 cem
2151 2537 2206 2582 et
2233 2537 2366 2593 octo
2403 2529 2692 2594 librarum,
2727 2529 2870 2582 inter
2920 2537 2991 2593 te,
3027 2530 3201 2582 haeres
3234 2544 3375 2593 mea,
3411 2535 3464 2581 et
3489 2527 3630 2580 dice-

2008 2620 2159 2675 cesin
2192 2628 2338 2675 tuam
2393 2620 2685 2674 Ecclesiam
2742 2620 3186 2684 Laudunensem,
3228 2620 3384 2674 tactis
3418 2621 3636 2690 palenis

2009 2721 2173 2784 atque
2213 2711 2480 2766 calicibus
2513 2711 2580 2764 ad
2609 2711 2980 2765 ministerium
3008 2719 3438 2777 sacrosanctum,
3472 2724 3636 2784 prout

2007 2800 2178 2860 volui.
2238 2802 2344 2855 Deo
2408 2807 2709 2862 annuente,
2743 2800 3021 2854 distribui.
3087 2800 3223 2854 Illud
3288 2817 3510 2872 quoque
3541 2820 3637 2856 vas

2005 2907 2235 2946 aureum
2269 2892 2463 2947 decem
2487 2891 2774 2958 librarum,
2805 2893 2953 2963 quod
2979 2892 3114 2946 mihi
3139 2909 3286 2963 saepe
3319 2894 3637 2949 nominatus

2006 2982 2286 3049 dominus,
2312 2983 2655 3054 illustrisque
2672 2984 2952 3039 memoriae
2977 2984 3288 3039 Ludovicus
3310 3001 3421 3051 rex,
3447 3004 3631 3058 quem,

1957 3138 1979 3158 Ἰ
2004 3081 2063 3127 ut
2112 3075 2363 3146 praedixi,
2395 3074 2464 3128 de
2495 3090 2650 3129 sacro
2691 3075 3038 3145 baptismatis
3068 3075 3220 3130 fonte
3260 3078 3500 3148 suscepi,
3534 3079 3636 3132 do-

277 3168 532 3224 cernitur
566 3172 625 3239 (c.
659 3171 768 3238 14),
800 3184 866 3224 eo
897 3170 1043 3240 quod
1075 3185 1197 3224 cum
1253 3169 1501 3224 criminis
1556 3173 1904 3227 accusatione
1933 3141 1981 3206 C
2008 3180 2137 3220 nare
2166 3166 2427 3240 dignatus
2450 3173 2554 3232 est,
2583 3174 2641 3218 ut
2663 3165 2731 3218 de
2750 3181 2816 3219 eo
2850 3165 3088 3222 facerem
3116 3165 3397 3236 quodipse
3429 3167 3633 3221 voluis-

278 3261 450 3332 regiae
485 3262 785 3334 majestatis
812 3262 959 3316 idem
991 3269 1274 3318 teneretur
1311 3263 1605 3331 obnoxius,
1639 3272 1692 3318 et
1713 3281 1772 3318 se
1799 3281 1906 3317 mi-

281 3355 431 3409 uime
457 3369 695 3427 purgare
726 3362 933 3424 posset,
965 3370 1077 3410 non
1101 3355 1278 3409 solum
1296 3371 1367 3409 ne
1391 3356 1756 3423 occideretur,
1781 3357 1906 3411 dato

275 3445 388 3513 jam
422 3445 575 3500 dicto
603 3445 782 3515 pretio
821 3445 890 3498 de
946 3446 1218 3500 thesauris
1250 3446 1378 3511 tuis,
1437 3447 1536 3500 sed
1571 3462 1640 3501 ne
1672 3448 1908 3517 pecunia

281 3534 402 3601 ejus
442 3533 844 3604 publicaretur,
884 3550 993 3588 una
1047 3544 1225 3590 tecum
1275 3535 1489 3590 obtinui
1525 3554 1537 3590 :
1579 3545 1634 3591 et
1695 3537 1820 3592 ideo
1851 3544 1909 3593 ut

282 3623 510 3692 praefata
539 3623 850 3693 Sparnacus
874 3625 1382 3694 perpetualitertibi
1407 3626 1476 3680 ad
1505 3627 1907 3681 restituendum

283 3716 627 3779 thesaurum,
651 3714 1056 3786 stipendiisque
1087 3718 1164 3771 tui
1198 3717 1478 3788 pontiﬁcis
1514 3718 1809 3783 deserviat,
1842 3718 1911 3771 li-

284 3808 461 3862 berali
491 3809 778 3864 sanctione
831 3809 1057 3865 ﬁrmavi.
1114 3813 1490 3869 Duodeciacus
1520 3830 1672 3880 vero,
1701 3815 1844 3869 sicut
1880 3830 1911 3867 a

282 3903 621 3960 Clodovaldo
655 3907 1012 3961 nobilissimae
1067 3907 1271 3963 indolis
1318 3924 1490 3978 puero
1529 3907 1909 3963 conﬁrmatum

284 4004 384 4060 est,
419 3994 525 4048 tibi
561 3996 740 4050 haeres
795 4013 916 4051 mea
976 3997 1371 4067 perpetualiter
1402 3997 1716 4052 famuletur.
1747 3997 1914 4052 Villas

285 4102 420 4155 quas
445 4085 579 4138 mihi
614 4085 873 4140 dominus
924 4085 1258 4156 illustrisque
1287 4085 1566 4140 memoriae
1608 4085 1915 4141 Ludovicus

287 4196 376 4232 rex
398 4194 571 4249 quem
601 4179 671 4233 de
717 4194 872 4234 sacro
928 4179 1276 4250 baptismatis
1317 4179 1465 4236 fonte
1511 4179 1752 4250 suscepi,
1789 4196 1914 4234 cum

288 4268 470 4320 adhuc
504 4277 753 4340 paganus
773 4268 943 4322 Deum
987 4267 1287 4339 ignoraret,
1315 4268 1383 4322 ad
1436 4270 1722 4339 pr0prium
1745 4270 1918 4324 tradi-

287 4356 386 4420 dit,
412 4355 556 4410 locis
585 4355 1010 4425 pauperioribus
1031 4357 1289 4426 deputavi
1315 4373 1330 4420 ;
1352 4373 1421 4410 ne
1441 4356 1598 4416 forte.
1631 4374 1752 4413 cum
1773 4368 1919 4415 esset

2007 3273 2145 3321 sem,
2179 3257 2281 3312 tibi
2345 3256 2548 3310 haeredi
2609 3272 2745 3310 meae
2795 3257 3052 3312 Ecclesiae
3111 3273 3278 3327 supra
3317 3266 3636 3314 memoratae

2002 3349 2175 3417 jubeo
2204 3349 2526 3404 turriculum
2587 3356 2642 3402 et
2683 3348 3043 3422 imaginatum
3085 3348 3312 3403 calicem
3354 3349 3634 3415 fabricari,

2010 3448 2064 3494 et
2083 3441 2497 3514 epigrammata,
2533 3455 2656 3511 quae
2714 3439 2958 3494 Lauduni
2995 3441 3050 3493 in
3082 3449 3350 3513 argenteo
3392 3441 3511 3511 ipse
3539 3441 3632 3495 di-

2009 3533 2170 3596 ctavi,
2205 3532 2259 3585 in
2288 3532 2391 3586 hoc
2408 3546 2630 3601 quoque
2649 3531 2928 3586 conscribi
2959 3531 3104 3586 volo.
3131 3531 3288 3596 Quod
3315 3531 3513 3586 faciam
3539 3549 3641 3604 per

2010 3639 2117 3687 me,
2151 3624 2193 3676 si
2229 3623 2475 3676 habuero
2521 3622 2755 3692 spatium
2788 3623 2915 3678 vitae
2949 3642 2962 3688 ;
2996 3623 3039 3678 si
3071 3630 3250 3678 autem
3279 3624 3498 3694 [Briss.,
3528 3625 3613 3678 sin

2010 3715 2155 3785 ante]
2198 3715 2448 3769 clausero
2463 3713 2712 3768 ultimum
2741 3714 2984 3773 diem.tu
3017 3714 3093 3768 ﬁli
3123 3714 3307 3769 fratris
3336 3715 3639 3787 mei,Lupe

2011 3805 2295 3874 episcope,
2355 3803 2573 3872 species
2630 3811 2756 3857 ante
2795 3804 2988 3868 dictas,
3036 3804 3113 3858 tui
3149 3803 3362 3857 ordinis
3405 3821 3639 3872 memor,

2013 3892 2239 3947 efﬁcias.
2285 3891 2756 3960 Compresbyteris
2789 3892 2927 3945 meis
2957 3901 3010 3944 et
3037 3891 3366 3945 diaconibus
3387 3893 3482 3962 qui
3509 3901 3641 3948 sunt

2015 3983 2217 4042 Remis,
2259 3980 2507 4051 quinque
2525 3987 2579 4033 et
2603 3979 2794 4050 viginti
2830 3979 3040 4034 solidos
3066 3979 3355 4049 aequaliter
3381 3979 3637 4034 dividen-

2015 4077 2117 4131 dos
2147 4077 2202 4130 in
2236 4090 2530 4130 commune
2558 4074 2797 4128 dimitto.
2821 4074 2955 4128 Vitis
2977 4074 3216 4144 plantam
3240 4089 3408 4143 super
3423 4073 3638 4128 vineam

2016 4184 2194 4222 meam
2227 4167 2292 4221 ad
2315 4166 2699 4221 suburbanum
2731 4164 2986 4236 positam,
3017 4163 3183 4218 simili
3209 4161 3372 4217 modo
3395 4178 3640 4216 commu-

2019 4258 2165 4312 niter
2196 4257 2562 4329 possidebunt
2592 4272 2717 4311 cum
2748 4255 2984 4310 Melanio
3015 4253 3274 4316 vinitore,
3307 4268 3472 4322 quem
3499 4250 3640 4306 doin

2021 4348 2141 4402 loco
2175 4347 2530 4402 ecclesiastici
2553 4344 2792 4400 hominis
2810 4343 3133 4405 Albovichi,
3149 4350 3208 4396 ut
3229 4339 3641 4395 Albovichusli-

287 4441 555 4509 inﬁdelis,
585 4444 849 4513 cupidum
909 4453 1248 4498 terrenarum
1291 4463 1473 4500 rerum
1513 4464 1601 4501 me
1658 4447 1914 4504 arbitrari
1946 4428 2232 4495 Dbertate
2267 4438 2587 4508 plenissima
2605 4436 2926 4507 perfruatur
2967 4433 3413 4488 Subdiaconibus
3434 4431 3642 4487 solidos

289 4543 497 4604 posset,
532 4543 587 4589 et
618 4551 727 4590 non
761 4535 944 4605 potius
995 4553 1107 4591 suae
1139 4540 1370 4594 salutem
1401 4540 1802 4612 animae,quam
1829 4559 1916 4597 ex-

289 4628 493 4682 teriora
522 4627 592 4681 ab
628 4628 749 4697 ipso
807 4628 951 4682 bona
982 4630 1283 4700 requirere.
1329 4632 1481 4696 Quod
1509 4642 1561 4686 et
1591 4634 1913 4701 admiratus,

289 4720 638 4774 intercedere
679 4735 882 4790 mepro
932 4721 1363 4795 quibuscunque
1405 4725 1790 4782 necessitatem
1819 4745 1918 4800 pa-

289 4809 560 4863 tientibus
579 4815 636 4863 et
665 4809 867 4874 ﬁdelis,
900 4819 956 4864 et
982 4819 1109 4865 ante
1161 4812 1348 4880 ﬁdem,
1395 4813 1635 4889 benigne
1665 4815 1916 4872 liberali-

289 4908 485 4969 terque
544 4898 837 4953 concessit.
901 4899 964 4953 Et
1016 4900 1145 4970 quia
1199 4917 1263 4956 ex
1321 4903 1581 4958 omnibus
1637 4907 1916 4978 epiSCOpis

289 4991 606 5049 Galliarum.
644 5006 742 5061 pro
772 4991 878 5046 ﬁde
931 5001 984 5046 et
1023 4996 1421 5051 convocatione
1456 4997 1784 5052 Francorum
1811 5014 1915 5070 po—

289 5079 562 5132 tissimum
595 5095 683 5133 me
747 5079 996 5135 laborare
1059 5083 1338 5152 cognovit,
1395 5084 1549 5139 dedit
1607 5085 1916 5140 mihiDeus

294 5174 494 5221 tantam
536 5168 768 5242 gratiam
802 5169 858 5222 in
891 5178 1192 5241 conspectu
1214 5173 1352 5240 ejus,
1387 5172 1672 5244 virtusque
1706 5173 1914 5240 divina,

295 5271 414 5325 quae
445 5271 547 5326 per
575 5256 838 5328 Spiritum
871 5266 1126 5313 sanctum
1171 5277 1257 5314 me
1299 5270 1648 5331 peccatorem
1680 5261 1916 5332 plurima

294 5343 449 5415 signa
469 5345 538 5396 ad
580 5345 813 5399 salutem
856 5346 1095 5416 praefatae
1125 5349 1308 5420 gentis
1338 5349 1671 5404 Francorum
1698 5349 1914 5420 operari

295 5434 444 5501 fecit,
473 5444 537 5490 ut
584 5452 694 5491 non
724 5438 900 5492 solum
939 5439 1122 5494 ablata
1169 5441 1429 5495 omnibus
1456 5441 1707 5496 ecclesiis
1757 5442 1910 5515 regni

293 5525 624 5582 Francorum
665 5529 998 5595 restitueret,
1047 5531 1145 5585 sed
1189 5531 1356 5586 etiam
1397 5533 1464 5586 de
1498 5534 1743 5604 proprio,
1776 5550 1908 5608 gra-

295 5619 428 5673 tuita
471 5619 744 5686 bonitate,
795 5621 1060 5690 plurimas
1125 5624 1326 5679 ditaret
1381 5625 1665 5681 ecclesias.
1721 5625 1910 5697 Neque

298 5710 448 5778 prius
475 5711 546 5766 de
577 5725 748 5784 regno
792 5713 931 5782 ejus,
979 5721 1244 5786 quantum
1271 5732 1466 5786 passus
1497 5725 1580 5772 est
1601 5717 1782 5788 pedis,
1817 5733 1911 5772 ec-

2017 4528 2332 4593 duodecim,
2366 4527 2685 4592 lectoribus,
2719 4524 2980 4588 ostiariis,
3019 4521 3405 4591 etjunioribus
3433 4538 3470 4574 su
3499 4521 3643 4576 lidos

2016 4627 2139 4670 octo
2156 4616 2330 4683 jubeo
2357 4615 2496 4669 dari.
2533 4613 2876 4684 Pauperibus
2915 4611 3215 4667 duodecim
3249 4611 3304 4664 in
3357 4610 3641 4664 matricula

2016 4708 2234 4778 positis,
2285 4716 2412 4761 ante
2462 4707 2608 4761 fores
2639 4705 2890 4760 ecclesiae
2929 4703 3383 4775 exspectantibus
3415 4702 3637 4772 stipem,

2015 4801 2125 4854 duo
2156 4799 2317 4854 solidi
2346 4799 2492 4853 unde
2515 4814 2574 4852 se
2607 4797 2875 4862 reﬁciant,
2914 4795 3251 4850 inferentur:
3279 4794 3484 4866 quibus
3506 4794 3639 4849 Cor-

2017 4889 2215 4944 cellum
2242 4888 2428 4943 villam
2459 4887 2668 4942 dudum
2719 4885 3002 4940 deservire
3033 4883 3295 4956 praecepi.
3329 4883 3462 4937 Aliis
3493 4885 3637 4954 pau-

2019 4978 2246 5048 peribus
2276 4978 2477 5042 tribus,
2534 4976 2631 5031 ubi
2686 4975 2882 5030 fratres
2922 4974 3174 5046 quotidie
3232 4973 3401 5046 pedes
3457 4973 3641 5028 lavare

2017 5068 2244 5131 debent,
2303 5067 2507 5138 quibus
2571 5067 2735 5122 etiam
2774 5065 3140 5121 Balatoforum
3203 5064 3640 5136 [Relatoforum],

2017 5159 2165 5231 quod
2197 5158 2399 5213 dicitur
2420 5157 2840 5224 Xenodochion,
2863 5157 2931 5212 ad
2963 5158 3066 5212 hoc
3087 5157 3414 5228 mysterium
3447 5155 3637 5220 statui,

2014 5250 2225 5303 solidus
2253 5265 2397 5303 unus
2427 5249 2670 5304 dabitur.
2703 5249 2890 5304 Viduis
2942 5247 3308 5321 quadraginta
3339 5249 3393 5302 in
3423 5247 3638 5318 porticu

2014 5345 2262 5400 ecclesiae
2287 5341 2604 5397 alimoniam
2651 5341 3120 5412 praestolantibus,
3153 5340 3357 5412 quibus
3389 5341 3459 5395 de
3484 5339 3639 5394 deci-

2015 5434 2120 5488 mis
2147 5433 2398 5489 villarum
2442 5431 2846 5502 Calmisciacof,
2897 5431 3174 5496 Tessiaco,
3230 5429 3508 5485 Novavilla
3537 5427 3636 5480 sti-

2012 5523 2214 5593 pendia
2238 5521 2718 5586 ministrabantur,
2778 5520 3093 5591 superaddo
3150 5521 3219 5574 de
3250 5519 3378 5574 villa
3412 5515 3636 5570 Huldri-

2009 5611 2162 5667 ciaca
2199 5611 2457 5681 superius
2484 5617 2808 5676 memorata,
2844 5609 2928 5664 eis
2957 5609 3015 5662 in
3047 5615 3377 5679 perpetuum
3409 5605 3631 5674 stipen-

2011 5698 2102 5753 dia
2124 5698 2338 5769 inferri,
2367 5707 2422 5754 et
2455 5707 2564 5754 tres
2592 5698 2822 5764 solidos,
2856 5705 2911 5752 et
2940 5696 3198 5752 denarios
3244 5699 3484 5765 quatuor
3511 5691 3631 5748 dari
