4038 6166
445 301 515 354 63
1493 297 1920 354 FLODOABDUS
1960 296 2326 353 CANONICUS
2367 294 2712 352 REMENSIS.
3699 291 3769 344 64

439 429 610 499 jubeo
637 447 652 494 ;
683 429 931 484 ecclesia
969 428 1021 481 8.
1053 426 1288 482 Victoris
1308 429 1377 481 ad
1406 435 1616 498 portam
1647 426 2054 495 Suessonicam,
2081 431 2136 498 Α
2159 437 2214 484 et
2242 426 2624 484 Paschasidem
2661 424 2955 496 conjugem
3012 435 3188 485 suam,
3230 417 3618 473 Vernivianum
3645 433 3772 472 cum

444 522 653 576 solidos
681 522 820 575 duos
847 538 860 585 ;
890 519 1139 574 ecclesia
1187 520 1240 574 S.
1269 519 1484 575 Martini
1511 520 1580 574 ad
1626 528 1839 591 portam
1872 519 2053 575 Colla-

444 611 643 674 titiam,
663 609 870 664 solidos
895 608 1072 673 duos;
1101 607 1350 663 ecclesia
1371 608 1546 663 sancti
1581 607 1770 662 Hilarii
1819 608 1887 662 ad
1927 624 2056 679 por-

444 707 551 752 tam
584 698 785 761 Martis,
842 696 1052 751 solidos
1081 697 1222 751 duos
1250 715 1263 763 ;
1289 697 1539 751 ecclesia
1569 703 1884 751 sanctorum
1931 696 2053 750 Cri-

441 788 585 858 spini
623 797 677 843 et
707 788 1040 860 Crispiniani
1073 790 1142 843 ad
1182 796 1393 860 portam
1442 788 1806 856 Trevericam,
1846 788 2054 844 solidos

441 880 628 944 duos;
671 881 920 936 ecclesia
974 882 1028 936 S.
1082 881 1224 936 Petri
1272 880 1416 935 infra
1452 879 1668 941 urbem,
1713 897 1834 951 qua
1881 881 2052 936 curtis

440 969 725 1024 Dominica
773 969 997 1036 dicitur,
1055 970 1264 1024 solidos
1293 970 1433 1024 duos
1465 987 1480 1034 ;
1514 967 1764 1023 ecclesia
1804 985 1968 1040 quam
1997 970 2052 1023 in

442 1058 648 1113 honore
709 1059 954 1113 omnium
1015 1060 1305 1130 Martyrum
1359 1075 1529 1130 supra
1566 1066 1810 1129 cryptam
1852 1059 2053 1113 Remo-

443 1167 562 1204 rum
600 1149 892 1217 adiﬁcavi,
932 1168 1055 1207 cum
1108 1168 1206 1222 per
1257 1150 1520 1206 auxilium
1574 1151 1794 1205 virtutis
1847 1150 1942 1205 Dei
1983 1152 2052 1205 ab

442 1239 572 1312 igne
599 1240 867 1295 damonis
897 1256 1038 1311 pene
1063 1241 1177 1308 jam
1209 1249 1374 1295 totam
1424 1241 1618 1295 urbem
1649 1248 2052 1296 concrematam

443 1328 645 1398 eripui,
695 1329 902 1385 solidos
940 1331 1123 1395 duos;
1157 1331 1426 1398 ecclesia,
1483 1348 1647 1403 quam
1701 1347 1801 1402 pro
1857 1331 2054 1385 eodem

441 1417 598 1490 signo
620 1417 836 1473 virtutis
885 1420 1002 1485 Dei,
1033 1421 1091 1475 in
1149 1421 1357 1476 honore
1389 1421 1563 1477 sancti
1596 1422 1832 1490 Martini,
1857 1431 1912 1476 et
1937 1438 2057 1477 om-

443 1505 593 1559 nium
652 1507 1032 1563 confessorum
1079 1509 1218 1564 infra
1276 1511 1471 1565 urbem
1529 1509 1819 1578 adiﬁcavi,
1851 1511 2060 1567 solidos

443 1594 582 1648 duos
613 1595 910 1660 ;diaconia
941 1598 1084 1652 infra
1107 1599 1323 1667 urbem,
1352 1616 1474 1671 qua
1505 1600 1709 1655 dicitur
1745 1601 1813 1654 ad
1829 1604 2062 1671 Aposto-

2160 521 2290 576 ﬁliis
2321 521 2458 586 suis,
2516 525 2746 588 excepto
2809 513 3174 588 Widragasio,
3217 512 3306 567 cui
3375 511 3539 567 tribui
3596 509 3770 565 liber-

2156 621 2324 669 tatem
2358 655 2373 676 ,
2427 621 2521 666 tuo
2580 609 2693 678 juri
2761 606 3074 678 deputabis.
3153 605 3380 659 Servum
3446 616 3631 655 meum
3704 599 3773 653 de

2157 709 2460 765 Cesurnico
2521 714 2677 762 tuum
2729 721 2852 760 esse
2904 703 3188 775 pracipio.
3231 702 3495 773 Agrorum
3556 705 3767 768 partem

2154 802 2220 856 ad
2239 809 2314 865 te,
2347 815 2508 870 quam
2540 797 2707 850 frater
2756 810 2911 848 meus
2966 791 3278 861 Principius
3333 788 3627 860 episcOpus
3679 793 3767 841 te-

2155 891 2295 955 nuit,
2326 905 2447 944 cum
2479 885 2650 951 silvis,
2683 885 2876 955 pratis,
2932 882 3152 954 pascuis
3182 879 3489 935 revocabis.
3540 877 3766 930 Servum

2155 995 2339 1034 meum
2399 991 2564 1048 quem
2629 973 2967 1029 Mellowicus
3029 971 3227 1035 tenuit,
3289 967 3604 1023 Viteredum
3667 963 3766 1019 tibi

2155 1070 2504 1140 derelinquo,
2562 1066 2976 1127 Teneursolum,
3029 1063 3374 1134 Capalinum,
3432 1067 3487 1114 et
3543 1073 3769 1113 uxorem

2155 1177 2308 1216 suam
2342 1157 2851 1214 Theodorosenam.
2907 1162 2998 1209 tuo
3046 1151 3156 1220 juri
3216 1149 3578 1219 dominioque
3619 1156 3769 1200 tran-

2155 1251 2360 1306 scribo.
2419 1245 2797 1302 Theodonima
2835 1258 3063 1315 quoque
3107 1258 3173 1296 ex
3222 1256 3346 1295 mea
3400 1237 3775 1309 praeceptione

2156 1345 2224 1398 sit
2259 1342 2454 1398 libera.
2490 1335 2833 1401 Edoneifam,
2886 1352 3008 1408 qua
3041 1332 3252 1390 homini
3285 1341 3378 1386 tuo
3416 1330 3625 1385 sociata
3649 1328 3774 1395 fuit,

2157 1442 2211 1488 et
2233 1433 2354 1500 ejus
2373 1429 2760 1503 cognationem
2811 1425 3099 1481 retinebis.
3131 1424 3364 1479 Uxorem
3425 1417 3690 1491 Aregildi,
3721 1425 3776 1470 et

2160 1527 2550 1599 cognationem
2610 1539 2763 1577 suam
2812 1521 3083 1592 ingenuos
3142 1534 3265 1573 esse
3307 1515 3498 1585 jubeo.
3557 1515 3772 1568 Partem

2163 1637 2341 1676 meam
2374 1619 2444 1672 de
2473 1625 2628 1688 prato
2659 1613 2808 1686 quod
2863 1609 3112 1666 Lauduni
3160 1609 3316 1676 juxta
3353 1617 3452 1660 vos
3483 1601 3684 1666 habeo,
3706 1601 3773 1655 ad

444 1685 545 1778 los,
574 1687 782 1743 solidos
809 1689 950 1744 duos
989 1707 1004 1755 ;
1039 1690 1199 1746 titulo
1226 1692 1400 1746 sancti
1431 1691 1674 1747 Mauricii
1699 1693 1756 1746 in
1775 1693 1864 1746 via
1889 1692 2065 1778 Casaf
2100 1711 2150 1778 Β
2173 1710 2439 1764 imitate",
2462 1685 2732 1761 ίηοηιίιιξῃ
2778 1702 2979 1774 posito,
3007 1715 3129 1771 quae
3167 1697 3324 1753 Jovia
3359 1702 3491 1749 sunt
3548 1691 3779 1764 pratella

446 1777 545 1844 ria,
587 1780 793 1834 solidos
823 1781 962 1836 duos
991 1800 1006 1848 ;
1038 1783 1290 1838 ecclesia
1317 1783 1619 1839 Javidiaua
1640 1775 2064 1855 [ms.,Joviana]

450 1870 590 1924 tituli
623 1871 771 1926 beati
823 1873 1107 1945 Agricola,
1168 1875 1262 1928 ubi
1296 1876 1414 1946 ipse
1453 1877 1537 1930 vir
1565 1876 2066 1932 Christianissimus

445 1959 695 2025 Jovinus,
727 1968 781 2014 et
810 1969 1032 2017 sanctus
1093 1974 1297 2035 martyr
1354 1964 1620 2027 Nicasius,
1655 1981 1778 2019 cum
1813 1964 2064 2036 plurimis

442 2051 723 2107 societatis
748 2069 861 2108 sua
911 2054 1109 2110 Christi
1163 2056 1500 2127 martyribus
1556 2057 1931 2128 requiescunt,
1965 2057 2060 2111 ubi

444 2143 610 2197 etiam
669 2145 915 2216 quinque
974 2147 1326 2202 confessores
1384 2148 1621 2218 proximi
1684 2158 2064 2204 antecessores

448 2235 637 2290 domni
665 2237 891 2304 Nicasii,
922 2255 1046 2294 cum
1077 2241 1425 2296 sanctissima
1475 2242 1689 2314 virgine
1741 2252 1796 2297 et
1825 2252 2061 2314 martyre

449 2327 709 2398 EutrOpia
759 2330 965 2384 conditi
996 2339 1142 2398 sunt,
1183 2332 1392 2387 solidos
1432 2340 1541 2388 tres
1574 2351 1588 2399 ;
1631 2334 1812 2389 eidem
1842 2350 2060 2406 quoque

449 2417 696 2474 ecclesia
717 2420 1000 2490 pr0prium
1031 2422 1179 2492 quod
1211 2421 1391 2477 fuerat
1410 2423 1591 2479 Jovini
1620 2424 1677 2478 in
1696 2425 1814 2480 solo
1833 2425 2061 2480 Suesso-

448 2505 594 2573 nico,
626 2523 750 2561 cum
781 2509 1016 2564 ecclesia
1046 2509 1193 2565 beati
1224 2511 1526 2578 Michaelis,
1586 2512 1752 2568 rebus
1783 2513 2063 2584 prioribus

448 2595 811 2664 superaddidi
836 2598 1111 2658 ;ecclesia
1134 2609 1450 2654 sanctorum
1462 2609 1760 2672 martyrum
1789 2602 2064 2657 Timothei

449 2691 503 2737 et
527 2683 876 2754 Apollinaris,
910 2685 1007 2739 ubi
1033 2687 1198 2740 etiam
1247 2688 1481 2742 Domino
1512 2689 1700 2756 dante,
1728 2690 1773 2744 si
1807 2689 2067 2746 fratribus

447 2791 512 2829 ac
541 2773 671 2828 ﬁliis
707 2776 845 2829 meis
871 2778 1149 2849 episcopis
1175 2779 1483 2834 diaceseos
1512 2787 1712 2835 nostra
1736 2783 1913 2838 visum
1946 2785 2068 2841 fue-

449 2865 538 2927 rit,
572 2881 696 2921 ossa
728 2883 850 2922 mea
882 2884 1089 2939 ponere
1116 2871 1391 2942 disposui,
1427 2871 1638 2927 solidos
1666 2881 1905 2944 quatuor
1936 2894 2068 2942 ;ec-

449 2955 631 3009 clesia
652 2957 824 3012 sancti
853 2957 1102 3026 Joannis,
1161 2961 1256 3015 ubi
1283 2963 1456 3019 virtus
1487 2965 1709 3034 Christi,
1737 2985 1826 3024 me
1848 2978 2064 3036 orante,

2174 1818 2297 1875 qua
2327 1799 2504 1864 tenui,
2563 1797 2628 1852 ad
2685 1804 2736 1851 te
2767 1792 3072 1850 revocabis.
3113 1789 3474 1845 Labrinacum
3523 1785 3648 1849 tibi,
3681 1783 3778 1838 ubi

2165 1907 2288 1947 ossa
2314 1886 2600 1965 genitricis
2647 1901 2782 1939 mea
2823 1883 3006 1955 posui,
3063 1897 3190 1936 cum
3239 1876 3478 1950 praﬁxis
3525 1875 3779 1930 terminis

2163 1981 2446 2054 deputavi.
2493 1979 2614 2034 Tibi
2654 1986 2860 2043 autem,
2903 1991 3077 2045 nepos
3135 1989 3291 2028 meus
3348 1968 3597 2043 Agricola
3653 1982 3783 2037 pre-

2161 2073 2373 2143 sbyter,
2397 2069 2491 2141 qui
2535 2069 2679 2122 intra
2713 2065 3044 2122 domesticos
3097 2061 3338 2134 parietes
3367 2075 3520 2114 meos
3547 2058 3776 2131 exegisti

2163 2161 2456 2231 pueritiam
2486 2167 2657 2224 tuam,
2689 2157 2846 2212 trado
2906 2164 3070 2225 atque
3103 2151 3409 2207 transcribo
3469 2149 3779 2203 Merumva-

2159 2257 2298 2304 stem
2347 2265 2587 2314 servum,
2647 2254 2703 2301 et
2733 2261 2959 2301 uxorem
3007 2260 3164 2298 suam
3213 2242 3563 2302 Meratenam,
3597 2246 3653 2291 et
3681 2252 3780 2292 eo-

2161 2356 2280 2393 rum
2311 2337 2508 2404 ﬁlium,
2542 2337 2766 2392 nomine
2820 2335 3202 2390 Mercovicum.
3257 2331 3384 2398 Ejus
3414 2329 3636 2383 fratrem
3665 2326 3776 2380 Me-

2160 2431 2416 2486 dovicum
2444 2429 2617 2498 jubeo
2647 2444 2770 2482 esse
2827 2428 3086 2482 liberum.
3127 2421 3439 2479 Amantium
3467 2429 3523 2474 et
3550 2433 3777 2473 uxorem

2162 2536 2316 2574 suam
2354 2518 2571 2572 tibimet
2601 2517 2948 2586 derelinquo.
2985 2514 3186 2576 Eorum
3232 2512 3400 2566 ﬁliam
3431 2523 3553 2562 esse
3587 2504 3784 2577 praci-

2166 2613 2257 2682 pio
2286 2611 2518 2664 liberam
2575 2609 2940 2663 Dasoundam.
2973 2607 3247 2662 Alaricum
3301 2621 3518 2659 servum
3552 2611 3658 2658 tua.
3683 2600 3785 2654 de-

2167 2711 2301 2776 puto
2333 2702 2597 2774 portioni,
2631 2703 2790 2771 cujus
2822 2718 3070 2766 uxorem,
3129 2719 3293 2774 quam
3323 2695 3556 2762 redemi,
3589 2703 3642 2749 et
3663 2709 3787 2747 ma-

2169 2794 2393 2860 numisi,
2427 2795 2755 2849 commendo
2810 2794 3107 2867 ingenuam
3138 2790 3565 2846 defendendam.
3594 2788 3788 2842 Bebri-

2170 2885 2393 2939 modum
2427 2893 2720 2938 etuxorem
2762 2899 2917 2938 suam
2964 2882 3188 2937 Moriam
3217 2889 3308 2935 tuo
3331 2878 3578 2934 dominio
3603 2876 3787 2930 vindi-

2168 2973 2340 3027 cabis.
2365 2973 2562 3026 Eorum
2581 2969 2727 3025 ﬁlius
2741 2969 3123 3026 Monacharius
3138 2967 3503 3044 gratulabitur
3516 2964 3788 3020 beneﬁcio

449 3043 630 3148 filiam.
651 3048 944 3148 lienedic‘ti
992 3052 1296 3148 suscitavit,
1345 3056 1556 3113 solidos
1609 3059 1749 3115 duos
1777 3079 1791 3125 ;
1815 3061 2065 3117 ecclesia
2096 3081 2145 3148 ρ
2167 3061 2461 3115 libertatis.
2493 3060 2827 3115 Mellaricum
2857 3068 2912 3114 et
2943 3043 3168 3114 uxorem
3208 3074 3363 3112 suam
3393 3055 3688 3110 Placidiam
3717 3053 3788 3106 ad

451 3134 633 3190 Sancti
663 3136 820 3205 Sixti,
852 3139 948 3192 ubi
978 3155 1102 3194 cum
1161 3140 1338 3197 tribus
1374 3147 1790 3203 successoribus
1817 3149 1934 3204 suis
1965 3166 2057 3204 re-

451 3227 708 3298 quiescit,
755 3230 964 3286 solidos
994 3239 1125 3299 tres,
1166 3234 1256 3289 cui
1313 3235 1479 3290 etiam
1539 3240 1607 3292 de
1656 3241 1881 3312 pr0prio
1938 3258 2062 3298 meo

456 3314 708 3371 Plebeias
728 3334 894 3389 supra
920 3320 1221 3377 Matronam
1248 3325 1472 3393 adjunxi
1509 3345 1522 3393 ;
1566 3329 1800 3384 ecclesia
1831 3330 1884 3383 S.
1924 3332 2064 3386 Mar-

1509 3369 1522 3393 τ

455 3407 558 3462 tini
590 3409 646 3462 in
676 3411 874 3466 eodem
899 3412 1017 3468 solo
1047 3423 1248 3470 sancta
1281 3417 1568 3474 Remensis
1583 3422 1833 3476 ecclesia
1850 3424 2064 3494 posita,

454 3496 663 3552 solidos
691 3498 868 3566 duos;
892 3503 1142 3558 ecclesta
1169 3505 1224 3558 S.
1255 3504 1879 3578 ChristOphori,solidos
1910 3514 2068 3577 duos;

460 3585 711 3641 ecclesia
737 3589 791 3642 S.
827 3588 1102 3658 Germani,
1150 3609 1313 3663 quam
1368 3595 1491 3664 ipse
1530 3597 1586 3651 in
1637 3599 1754 3656 solo
1813 3601 2069 3655 Remensi

461 3676 753 3746 adiﬁcavi,
803 3680 1013 3737 solidos
1065 3683 1204 3739 duos
1261 3687 1556 3751 ;ecclesia
1621 3690 1715 3746 SS.
1777 3700 2070 3763 martyrum

462 3764 671 3821 Cosma
701 3775 756 3822 et
784 3768 1034 3825 Damiani
1093 3772 1148 3826 in
1181 3774 1424 3844 prafata
1468 3778 1657 3833 matris
1713 3780 1832 3836 solo
1855 3781 2068 3851 posita,

464 3857 674 3913 solidos
704 3860 861 3915 duos.
907 3862 1205 3920 Matricula
1245 3866 1300 3921 S.
1334 3867 1536 3936 Maria,
1580 3887 1704 3942 qua
1733 3872 1936 3928 dicitur
1965 3874 2072 3928 Xe-

462 3949 800 4021 nodochion,
832 3954 926 4009 ubi
983 3957 1277 4014 duodecim
1333 3977 1609 4033 pauperes
1645 3965 1843 4037 stipem
1877 3983 2076 4037 exspe-

460 4044 627 4102 ctant,
650 4041 863 4096 solidus
917 4044 1160 4101 dabitur.
1225 4050 1394 4114 Quam
1449 4051 1691 4124 denique
1730 4054 2071 4110 matriculam

461 4125 604 4191 loco,
636 4127 954 4202 ubicunque
983 4131 1241 4190 fratribus
1268 4139 1410 4193 meis
1439 4150 1495 4194 et
1523 4142 1652 4195 ﬁliis
1679 4158 1803 4197 ossa
1832 4159 1956 4198 mea
1974 4161 2074 4213 po-

461 4229 594 4268 nere
622 4216 908 4286 placuerit,
941 4238 1300 4292 perseverare
1331 4229 1620 4299 pracipio,
1653 4237 1708 4284 et
1737 4238 1798 4286 ut
1826 4232 1920 4286 diu
1954 4233 2071 4303 [ms.

460 4308 500 4372 ἱ,
525 4306 634 4378 die]
666 4318 944 4383 noctuque
974 4331 1074 4386 pro
1096 4319 1339 4387 peccatis
1378 4328 1546 4392 atque
1593 4322 1922 4378 criminibus
1939 4324 2077 4379 meis

2166 3158 2320 3202 tuum
2349 3149 2658 3203 dominium
2712 3149 3020 3203 revocabis.
3076 3147 3386 3203 Medaridus
3415 3161 3605 3200 eorum
3636 3142 3788 3197 filius

2161 3245 2233 3299 sit
2260 3245 2512 3300 libertus.
2564 3245 2788 3299 Vineam
2820 3261 2983 3316 quam
3032 3245 3317 3300 Melaricus
3347 3241 3596 3297 Lauduni
3629 3239 3782 3306 fecit,

2165 3338 2265 3392 tibi
2322 3338 2519 3404 dono;
2575 3337 2965 3393 Britobaudem
3023 3353 3246 3392 servum
3307 3351 3512 3401 meum,
3571 3347 3790 3388 necnon

2167 3431 2331 3485 etiam
2394 3430 2730 3484 Gibericum.
2781 3430 3006 3484 Vineam
3077 3447 3184 3500 qua
3237 3427 3597 3484 Bebrimodus
3637 3425 3787 3489 facit,

2175 3523 2274 3578 tibi
2305 3529 2534 3576 eatenus
2581 3522 2928 3593 derelinquo,
2952 3521 3226 3576 utdiebus
3241 3521 3415 3584 festis,
3449 3527 3503 3573 et
3530 3516 3792 3572 omnibus

2173 3611 2372 3666 diebus
2405 3610 2723 3675 Dominicis,
2757 3611 2930 3665 sacris
2975 3611 3239 3665 altaribus
3269 3627 3392 3664 mea
3423 3608 3550 3663 inde
3587 3605 3794 3662 offera-

2173 3709 2261 3755 tur
2319 3701 2549 3764 oblatio,
2609 3710 2773 3771 atque
2804 3716 2986 3754 annua
3030 3699 3285 3754 convivia
3346 3696 3633 3752 Remensis
3666 3711 3794 3766 pre-

2173 3790 2412 3861 sbyteris
2435 3789 2826 3845 etdiaconibus
2856 3788 3226 3858 prabeautur.
3254 3786 3570 3860 Delegoque
3602 3785 3796 3855 nepoti

2176 3897 2298 3937 meo
2326 3883 2648 3937 Pratextato
2699 3881 3065 3946 Moderatum,
3111 3879 3498 3941 Totticionem,
3528 3877 3799 3932 Marcovi—

2175 3993 2319 4042 cum,
2358 3975 2741 4030 innocentium
2774 3990 3013 4039 servum,
3043 3988 3208 4044 quem
3227 3971 3412 4041 accepi
3442 3987 3474 4024 a
3501 3969 3794 4025 Profuturo

2176 4068 2478 4144 originario
2535 4082 2677 4132 meo,
2723 4065 3034 4121 cochlearia
3077 4072 3314 4135 quatuor
3364 4062 3433 4116 de
3467 4060 3794 4129 majoribus,

2174 4160 2544 4224 acetabulum,
2578 4159 2881 4226 lucernam,
2911 4173 3074 4228 quam
3113 4155 3249 4210 mihi
3300 4154 3558 4210 tribunus
3574 4153 3796 4208 Friare-

2175 4250 2277 4303 dus
2297 4249 2472 4314 dedit,
2515 4256 2569 4302 et
2601 4256 2917 4321 argenteam
2949 4246 3203 4301 eabutam
3236 4243 3544 4317 ﬁguratam.
3597 4243 3796 4298 Filiolo

2183 4341 2334 4395 illius
2373 4339 2623 4404 Parovio,
2683 4339 3025 4394 acetabulum
3085 4347 3140 4392 et
3193 4336 3294 4391 tria
3353 4335 3687 4400 cochlearia,
3743 4343 3798 4389 et

464 4396 760 4497 Dominum
791 4402 1161 4474 deprecentur
1188 4409 1257 4464 de
1309 4411 1532 4482 proprio
1575 4413 1913 4470 hareditatis
1942 4431 2067 4471 mea

2183 4429 2422 4485 casulam
2449 4428 2606 4497 cujus
2630 4427 2879 4483 ﬁmbrias
2909 4426 3258 4482 commutavi.
3276 4425 3510 4497 Remigii
3541 4424 3801 4479 cochlea-

457 4484 602 4574 jure,
638 4487 802 4544 rebus
832 4507 970 4562 quas
1015 4505 1395 4554 antecessores
1421 4501 1530 4556 mei
1560 4502 1615 4556 in
1649 4518 1839 4558 eorum
1873 4504 2085 4574 stipen-

464 4573 571 4628 diis
599 4576 832 4635 Domino
864 4582 1155 4653 dederunt,
1187 4590 1499 4659 superaddo
1526 4591 1692 4648 etiam
1723 4593 1908 4648 villam
1936 4573 2083 4648 Sola'

467 4668 717 4738 dronam,
741 4679 795 4728 et
813 4673 996 4730 villam
1028 4678 1082 4732 S.
1135 4679 1419 4753 Stephani,
1453 4691 1508 4739 et
1560 4685 1835 4758 quidquid
1866 4687 1922 4740 in
1955 4685 2086 4741 villa

470 4759 789 4818 llerimundi
820 4767 957 4822 mihi
990 4786 1090 4840 per
1106 4775 1512 4832 successionem
1536 4781 1742 4835 evenit.
1776 4779 1932 4843 Quod
1953 4793 2083 4833 vero

467 4853 646 4956 pretio
680 4855 890 4913 ibidem
915 4865 1251 4934 comparavi,
1272 4869 1523 4925 ecclesia
1573 4871 1607 4925 S
1661 4872 1908 4937 Quintini
1932 4890 2078 4928 mar—

467 5123 880 5201 Bandowicum,
941 5134 1238 5203 Udulfum,
1293 5141 1644 5209 Vinofeifam,
1704 5144 1908 5200 liberos
1958 5161 2078 5202 esse

475 5222 754 5293 pracipio.
787 5225 1160 5286 Temnaredus
1191 5232 1286 5304 qui
1314 5233 1382 5288 de
1427 5234 1669 5310 ingenua
1695 5237 1936 5293 nascitur
1965 5255 2080 5293 ma-

471 5317 571 5377 tre,
603 5321 746 5370 statu
779 5315 1050 5375 libertatis
1079 5331 1282 5380 utatur.
1338 5327 1412 5380 Tu
1453 5343 1606 5397 vero,
1644 5328 1722 5387 ﬁli
1755 5330 1938 5386 fratris
1969 5333 2079 5387 mei

474 5401 623 5473 Lupe
649 5404 932 5478 episcOpe,
967 5417 1061 5466 tuo
1087 5412 1335 5470 dominio
1373 5416 1685 5473 vindicabis
1716 5419 2000 5484 Nifastem,
2028 5428 2082 5475 et

474 5498 704 5591 matrem
730 5509 885 5591 suam
917 5498 1161 5557 Nuciam.
1185 5503 1412 5560 Vineam
1441 5524 1661 5581 quoque
1691 5528 1855 5582 quam
1886 5512 2083 5568 [Encas

471 5585 676 5637 vinitor
704 5585 860 5653 colit;
891 5587 1116 5648 Aineam
1144 5602 1200 5651 et
1227 5596 1529 5656 Monulfum
1555 5601 1675 5670 ejus
1699 5603 1874 5659 ﬁlium
1897 5603 2086 5673 junio-

475 5692 588 5732 rcm
609 5677 782 5746 jubeo
808 5680 1063 5739 libertate
1102 5685 1376 5762 perfungi.
1415 5688 1740 5746 Melloﬁcum
1773 5693 2084 5764 porcarium

2185 4519 2265 4574 ria
2293 4519 2414 4585 tria,
2464 4535 2587 4590 qua
2640 4532 2763 4572 meo
2821 4525 2951 4572 sunt
3004 4515 3226 4571 nomine
3275 4515 3508 4578 titulata,
3566 4513 3798 4567 mantile

2187 4607 2362 4678 ipsius
2381 4607 2530 4678 quod
2562 4605 2742 4660 habeo
2779 4604 2989 4671 feriale,
3021 4603 3324 4659 transcribo
3350 4601 3796 4667 ;hichinaculum

2185 4713 2402 4768 quoque
2444 4695 2590 4750 dono
2629 4694 2731 4760 illi,
2763 4695 2830 4748 de
2853 4709 2962 4765 quo
2984 4693 3285 4748 Godebodo
3326 4691 3457 4745 dixi.
3479 4690 3797 4762 Delegoque

2186 4789 2492 4845 benedicta
2537 4787 2665 4843 ﬁlia
2715 4803 2852 4841 mea
2886 4787 3098 4841 llilaria
3129 4786 3377 4840 diacona
3403 4783 3658 4838 ancillam
3692 4798 3799 4838 no-

2177 4880 2328 4934 mine
2359 4878 2581 4944 Nocam,
2637 4884 2692 4932 et
2745 4877 2938 4930 vitium
2976 4875 3320 4946 pedaturam,
3377 4888 3498 4944 qua
3526 4871 3796 4940 suajun-

2177 4970 2327 5046 gitur
2353 4970 2538 5035 vinea,
2586 4985 2750 5040 quam
2805 4967 3026 5023 Catusio
3070 4965 3220 5031 facit,
3255 4965 3402 5020 dono
3447 4982 3459 5017 :
3496 4972 3552 5018 et
3585 4971 3798 5033 partem

2180 5078 2357 5118 meam
2391 5063 2460 5117 de
2474 5061 2825 5133 Talpusciaco
2854 5058 3180 5124 transcribo,
3233 5073 3330 5129 pro
3360 5055 3645 5128 obsequiis
3675 5072 3800 5128 qua

2179 5152 2315 5206 mihi
2348 5152 2734 5207 indesinenter
2786 5149 3078 5220 impendit.
3109 5147 3264 5201 Aetio
3303 5144 3491 5215 nepoti
3519 5159 3643 5198 meo
3673 5161 3802 5215 par-

2181 5254 2289 5301 tem
2317 5246 2388 5300 de
2419 5244 2738 5309 Cesurnico,
2773 5260 2895 5314 qua
2943 5242 3077 5296 mihi
3110 5247 3256 5295 sorte
3307 5237 3597 5292 divisionis
3624 5237 3802 5292 obve-

2182 5335 2281 5399 nit,
2304 5351 2426 5390 cum
2460 5335 2609 5390 omni
2655 5335 2777 5402 jure
2808 5332 2956 5405 quod
2997 5330 3151 5385 tenui
3191 5339 3356 5401 atque
3406 5327 3650 5399 possedi.
3679 5330 3801 5381 Am-

2182 5424 2426 5479 brosium
2457 5439 2681 5495 quoque
2708 5438 2940 5492 puerum
2969 5421 3037 5475 ad
3061 5421 3152 5490 jus
3182 5419 3353 5480 illius.
3376 5417 3800 5489 dominiumque

2184 5495 2514 5568 transmitto.
2539 5511 2764 5566 Vitalem
2812 5510 3069 5566 colonum
3103 5508 3337 5563 liberum
3378 5505 3714 5574 essejubeo,
3748 5514 3805 5561 et

2184 5604 2449 5660 familiam
2479 5619 2633 5658 suam
2664 5603 2732 5657 ad
2755 5609 3014 5672 nepotem
3036 5617 3220 5656 meum
3239 5599 3651 5675 Agathimerum
3677 5613 3805 5669 per-

2188 5693 2367 5750 tinere
2409 5711 2422 5748 :
2453 5693 2543 5750 cui
2574 5692 2793 5749 vineam
2813 5691 2961 5747 dono
2987 5708 3153 5763 quam
3175 5689 3335 5762 posui
3359 5688 3729 5755 Vindonissa,
3749 5694 3805 5742 et
