4038 6166
281 279 352 334 65
953 274 1280 331 HISTORIA}
1318 274 1649 331 ECCLESIAS
1687 273 2014 329 REMENSIS
2053 273 2230 328 LIBRI
2269 274 2596 340 QUATUOR.
2622 308 2692 318 —
2731 277 2861 338 LIB.
2904 277 2922 333 Ι
3550 283 3620 338 66

285 421 410 462 meo
438 405 630 461 labore
659 404 948 471 constitui,
977 405 1079 460 sub
1113 421 1178 460 ea
1201 403 1905 476 conditioneutapartibus
1929 417 1976 476 Α
2003 405 2137 470 mei,
2171 406 2320 477 Lupe
2357 407 2638 478 episcOpe,
2687 417 2740 464 et
2772 410 3023 483 Agricola
3083 413 3388 486 presbyter,
3421 436 3622 490 porcos

283 499 422 564 suis,
453 497 712 553 omnibus
741 497 941 552 diebus
971 496 1125 552 festis
1181 514 1244 552 ac
1288 499 1590 554 Dominicis
1627 512 1729 568 pro
1751 511 1907 551 com-

283 587 683 642 memoratione
712 602 837 640 mea
867 586 1039 640 sacris
1067 586 1334 641 altaribus
1361 585 1625 642 offeratur
1646 585 1858 640 oblatio
1892 586 1910 622 -'

285 687 337 731 et
357 675 823 730 Laudunensibus
867 674 1207 746 presbyteris
1245 683 1412 747 atque
1443 675 1773 731 diaconibus
1802 691 1906 730 an-

283 783 389 821 nua
429 766 702 827 convivia,
737 766 1078 820 concedente
1100 765 1331 820 Domino
1353 766 1722 836 praebeantur.
1753 767 1902 820 Dono

282 862 534 917 ecclesiae
565 862 917 917 Laudunensi
961 879 1027 917 ex
1057 863 1202 917 villis
1231 879 1368 935 quas
1405 861 1542 915 mihi
1587 869 1791 914 sanctae
1815 874 1906 913 re-

279 955 620 1010 cordationis
649 954 905 1026 praefatus
925 971 1019 1010 rex
1048 955 1354 1010 Ludovicus
1374 953 1550 1019 dedit,
1577 952 1732 1017 duas,
1766 951 1900 1005 Ani-

277 1044 513 1110 siacum,
544 1043 867 1114 solidosque
920 1044 1113 1098 decem
1159 1051 1214 1098 et
1244 1050 1388 1105 octo,
1422 1057 1562 1113 quos
1594 1039 1898 1111 presbyteri

283 1131 573 1187 etdiaconi
640 1131 785 1186 inter
839 1148 899 1186 se
946 1133 1141 1202 {equali
1209 1131 1482 1187 divisione
1540 1129 1898 1184 distribuant.

283 1221 498 1274 Partem
533 1236 710 1274 meam
740 1221 808 1275 de
829 1220 988 1276 Secio
1037 1236 1102 1274 ex
1134 1220 1349 1295 integro
1379 1219 1447 1273 ad
1478 1235 1538 1274 se
1577 1225 1904 1273 revocetec-

285 1313 452 1370 clesia
483 1313 887 1379 Laudunensis,
906 1320 961 1368 et
981 1312 1308 1377 Lauscitam,
1332 1329 1496 1383 quam
1527 1311 1665 1365 mihi
1697 1309 1901 1365 charis-

286 1408 422 1460 sima
451 1404 565 1459 ﬁlia
592 1411 647 1458 et
676 1420 834 1460 soror
872 1420 1014 1473 mea,
1068 1404 1361 1475 virgoque,
1394 1413 1453 1457 ut
1481 1402 1668 1467 credo,
1702 1399 1897 1455 Christi

286 1493 634 1548 sanctissima
677 1492 974 1560 Genovefa,
1026 1493 1082 1546 in
1117 1492 1314 1546 usibus
1363 1507 1668 1563 pauperum
1703 1487 1899 1544 Christi

286 1580 386 1636 tibi
419 1581 661 1635 dandam
690 1581 758 1635 ad
787 1581 1064 1654 integrum
1095 1580 1389 1654 delegavit.
1413 1578 1750 1634 Commendo
1775 1592 1903 1631 san-

283 1674 460 1728 ctitati
497 1681 622 1736 tuae,
652 1671 730 1726 ﬁli
760 1673 944 1727 fratris
964 1673 1092 1741 mei,
1109 1673 1258 1743 Lupe
1298 1673 1581 1743 epiSCOpe,
1609 1688 1675 1726 ex
1705 1669 1905 1742 praefa-

286 1767 354 1820 tis
373 1766 547 1832 villis,
585 1781 726 1837 quos
764 1766 998 1821 libertos
1023 1781 1146 1820 esse
1205 1765 1491 1836 praecipio,
1531 1765 1900 1829 Catusionem,

280 1863 335 1909 et
367 1854 713 1909 Auliatenam
731 1854 1023 1928 conjugem
1039 1870 1217 1921 suam,
1240 1854 1583 1910 Nonnionem
1607 1853 1700 1924 qui
1724 1867 1902 1907 meam

282 1944 507 1997 vineam
547 1943 698 2011 facit,
729 1942 1142 2009 Sonnoveifam,
1175 1959 1338 2014 quam
1364 1942 1636 2013 captivam
1667 1941 1899 2006 redemi,

276 2031 786 2101 bonisparentibus
833 2041 1037 2097 natam,
1093 2039 1148 2086 et
1191 2030 1312 2099 ejus
1365 2029 1540 2086 filium
1575 2030 1901 2086 Leutibere-

276 2121 436 2188 dum,
468 2121 813 2175 Mellaridum
844 2129 898 2176 et
948 2120 1648 2186 Mellatenam,Vasantem,
1675 2119 1897 2176 Cocum.

277 2213 601 2274 Caesariem,
667 2214 1086 2287 Dagarasenam,
1138 2222 1194 2268 et
1224 2213 1668 2268 Baudorosenam
1701 2212 1900 2267 Leonis

275 2315 535 2378 neptem,
569 2313 626 2360 et
651 2305 1022 2361 Marcoleifum
1052 2305 1230 2360 ﬁlium
1255 2305 1521 2360 Totnonis
1549 2323 1564 2370 ;
1606 2306 1706 2360 hos
1733 2313 1898 2372 totos,

273 2397 352 2450 ﬁli
399 2396 583 2450 fratris
615 2395 744 2462 mei,
780 2395 930 2465 Lupe
961 2394 1244 2465 episcope,
1277 2393 1606 2449 sacerdotali
1655 2393 1902 2449 auctori-

275 2498 395 2545 tate
427 2489 639 2542 liberos
681 2485 1022 2542 defensabis.
1080 2485 1200 2540 Tibi
1233 2495 1440 2553 autem,
1482 2485 1689 2540 haeredi
1721 2486 1902 2541 eccle-

273 2582 380 2635 siae
413 2595 576 2647 mea),
623 2579 934 2634 Flavianum
971 2586 1025 2633 et
1080 2594 1304 2634 uxorem
1334 2593 1491 2632 suam
1521 2577 1901 2652 Sparagildem

274 2673 448 2728 dono.
487 2671 686 2726 Eorum
720 2669 945 2724 ﬁliolam
977 2669 1256 2741 parvulam
1289 2670 1730 2734 Flavarasenam,
1752 2669 1901 2724 libe-

273 2781 396 2820 ram
425 2780 549 2818 esse
598 2763 880 2818 constitui.
923 2762 1233 2817 Fedamiam
1293 2777 1520 2817 uxorem
1579 2761 1802 2830 Melani,
1851 2769 1906 2816 et

269 2869 472 2909 eorum
529 2851 812 2922 parvulam
853 2851 1153 2906 Remenses
1197 2851 1509 2922 presbyteri
1569 2859 1624 2906 et
1682 2850 1904 2906 diaconi

268 2944 665 3016 possidebunt.
713 2943 1092 3014 Crispiciolum
1160 2944 1418 2998 colonum
1477 2943 1716 2998 liberum
1784 2959 1906 2998 esse

2014 512 2174 553 meos
2202 498 2346 554 inter
2374 513 2471 554 vos
2491 501 2778 571 aequaliter
2805 503 3086 560 dividetis.
3112 507 3424 588 Friaredus,
3455 528 3618 583 quem

2015 603 2084 642 ne
2099 587 2446 643 occideretur
2460 590 2876 659 quatuordecim
2906 594 3097 648 solidis
3127 600 3464 668 comparavi,
3483 601 3622 656 duos

2009 693 2308 734 concessos
2342 679 2563 746 habeat,
2594 681 2888 737 duodecim
2909 684 3003 738 det
3033 685 3100 739 ad
3121 687 3366 744 basilicae
3389 689 3624 747 domno-

2007 784 2127 822 rum
2157 777 2466 840 martyrum
2513 770 2784 826 Timothei
2842 781 2897 826 et
2956 774 3286 844 Apollinaris
3342 795 3617 836 cameram

2003 855 2333 922 faciendam.
2361 859 2484 914 Haec
2541 859 2614 914 ita
2655 861 2746 915 do.
2802 862 2875 915 ita
2928 863 3074 932 lego,
3101 863 3178 918 ita
3205 872 3392 922 testor.
3426 869 3618 926 Caeteri

2003 959 2196 1000 omnes
2215 947 2534 1003 exhaeredes
2564 957 2760 1016 estote,
2783 957 3024 1005 suntote.

2080 1059 2098 1086 ι
2126 1037 2261 1092 Huic
2287 1046 2469 1094 autem
2501 1047 2832 1096 testamento
2859 1057 2983 1098 meo
3023 1043 3184 1098 dolus
3234 1047 3410 1102 malus
3441 1049 3620 1110 abest.

2002 1128 2292 1200 aberitque
2321 1131 2376 1184 in
2407 1147 2518 1203 quo
2540 1132 2586 1186 si
2610 1149 2717 1204 qua
2749 1132 2935 1199 litura,
2990 1136 3075 1190 vel
3105 1144 3426 1194 caraxatura
3459 1142 3624 1197 fuerit

2002 1216 2245 1284 inventa,
2270 1218 2410 1274 facta
2440 1228 2523 1274 est
2548 1237 2642 1276 me
2691 1234 2984 1292 praesente,
3018 1225 3147 1279 dum
3179 1242 3210 1280 a
3241 1243 3327 1281 me
3358 1228 3625 1302 relegitur

2001 1315 2056 1360 et
2085 1307 2414 1363 emendatur
2455 1308 2652 1381 Neque
2695 1311 2745 1364 ei
2775 1312 2885 1366 duo
2917 1311 3100 1382 priora
3128 1321 3476 1382 testamenta,
3509 1319 3624 1387 pri-

2001 1413 2150 1453 mum
2193 1401 2418 1471 quidem
2449 1403 2598 1473 quod
2638 1412 2762 1459 ante
2813 1407 3254 1476 quatuordecim,
3282 1417 3336 1463 et
3373 1411 3615 1466 alterum

2002 1492 2150 1562 quod
2183 1501 2310 1547 ante
2331 1503 2541 1564 septem
2569 1496 2794 1550 condidi
2827 1513 3023 1563 annos,
3047 1499 3340 1565 obsistere,
3369 1502 3621 1564 obviare.

2003 1588 2097 1633 aut
2117 1580 2391 1635 ullatenus
2417 1597 2618 1638 nocere
2643 1592 2921 1654 poterunt,
2945 1601 3012 1640 eo
3058 1587 3204 1657 quod
3255 1588 3529 1659 quidquid
3563 1591 3618 1644 in

2005 1671 2141 1741 ipsis
2170 1673 2572 1733 continebatur.
2633 1675 2689 1729 in
2740 1677 3035 1746 praesentia
3087 1678 3310 1734 fratrum
3365 1697 3623 1737 meorum

2005 1760 2095 1815 hic
2124 1761 2349 1828 inserta,
2390 1768 2444 1817 et
2467 1779 2588 1833 quae
2604 1763 2834 1820 deerant
2853 1766 3133 1834 adjuncta,
3160 1768 3386 1838 insuper
3413 1779 3467 1824 et
3495 1788 3618 1842 qua:

2002 1853 2267 1908 Dominus
2292 1853 2428 1908 mihi
2486 1855 2674 1928 largiri
2730 1856 2786 1910 in
2842 1858 3191 1928 postmodum
3225 1861 3487 1934 dignatus
3514 1870 3620 1930 est,

2003 1941 2362 2012 superaddita
2392 1951 2718 1999 noscuntur.
2745 1945 2849 1999 Sed
2877 1945 3261 2002 inconvulsum
3291 1957 3345 2004 et
3373 1950 3628 2006 inconta-

2003 2031 2274 2090 minatum
2305 2050 2549 2104 presens
2578 2036 2684 2092 hoc
2713 2036 2862 2108 quod
2892 2039 3117 2093 condidi
3150 2047 3556 2108 testamentum,
3593 2060 3624 2097 a

2003 2118 2268 2176 fratribus
2315 2123 2455 2176 meis
2508 2124 2945 2191 successoribus,
3003 2128 3263 2183 videlicet
3328 2130 3622 2186 Remorum

2002 2209 2300 2280 episcopis,
2339 2212 2782 2266 conservandum
2829 2214 2945 2284 [ms.
2995 2218 3032 2268 i.
3086 2219 3491 2288 conservatum]
3549 2237 3626 2274 :a

2002 2298 2229 2372 regibus
2259 2315 2484 2370 quoque
2514 2300 2870 2368 Francorum,
2916 2301 3046 2358 filiis
3081 2305 3292 2360 scilicet
3321 2309 3466 2362 meis
3484 2309 3620 2363 cha-

2002 2389 2255 2455 rissimis,
2289 2406 2430 2461 quos
2460 2407 2559 2460 per
2611 2393 2966 2462 baptismum,
3017 2395 3150 2450 Jesu
3181 2397 3378 2452 Christi
3401 2400 3548 2455 dono
3571 2409 3626 2456 et

2001 2483 2179 2554 gratia
2209 2482 2448 2552 Spiritus
2512 2485 2688 2538 sancti
2736 2494 3092 2556 coeperante,
3155 2489 3385 2544 Domino
3413 2507 3625 2546 conse-

2003 2575 2170 2640 cravi,
2227 2574 2438 2646 ubique
2491 2574 2806 2641 defensum,
2856 2587 3022 2649 atque
3077 2587 3392 2650 protectum
3431 2593 3623 2638 contra

2004 2666 2190 2720 omnia
2221 2684 2234 2720 :
2263 2673 2319 2721 et
2357 2666 2414 2719 in
2445 2667 2726 2735 omnibus,
2759 2668 3134 2726 inviolabilem
3181 2682 3622 2748 perpetuamque

2005 2774 2226 2829 semper
2279 2757 2530 2813 obtineat
2585 2758 2917 2815 ﬁrmitatem.
2953 2763 3015 2817 Et
3054 2765 3098 2817 si
3140 2766 3285 2836 quis,
3339 2767 3395 2821 in
3425 2768 3624 2824 ordine

2009 2851 2273 2918 clericali,
2296 2869 2328 2906 a
2351 2853 2677 2924 presbytero
2705 2870 2882 2925 usque
2902 2856 2970 2910 ad
2985 2865 3202 2912 tonsum
3227 2860 3626 2928 contradicere,

2007 2950 2099 2998 aut
2128 2943 2339 3000 obviari
2369 2946 2418 3000 ei
2462 2947 2900 3017 praesumpserit,
2947 2957 3002 3003 et
3030 2961 3318 3021 correptus
3346 2969 3376 3006 a
3403 2969 3626 3008 succes-

269 3037 639 3109 praecipio,et
659 3036 727 3090 ad
750 3043 1010 3106 nepotem
1042 3051 1226 3090 meum
1247 3035 1462 3090 Aetium
1486 3036 1606 3104 ejus
1636 3034 1902 3090 familiam
1933 3050 1983 3119 ρ
2006 3048 2130 3088 sore
2161 3050 2285 3089 meo
2319 3035 2638 3090 satisfacere
2670 3037 2994 3109 neglexerit,
3014 3039 3334 3094 convocatis
3377 3058 3442 3096 ex
3481 3042 3624 3098 vici-

269 3126 561 3197 pertinere
603 3142 615 3178 :
651 3124 719 3179 ad
745 3133 1063 3195 utrumque,
1096 3123 1278 3190 idest,
1310 3122 1378 3177 ad
1395 3123 1610 3178 Aetium
1643 3131 1698 3178 et
1719 3124 1905 3198 Agati-

268 3231 490 3270 merum
547 3213 845 3285 pervenire
890 3213 1200 3268 colonicam
1250 3213 1584 3268 Passiacum.
1648 3213 1904 3284 Pronepti

270 3323 412 3362 mea
431 3308 777 3361 Prmtextataa
807 3305 954 3360 dono
985 3305 1432 3360 Modorosenam.
1450 3303 1743 3360 Profuturo
1765 3305 1908 3360 Leu-

271 3395 608 3451 docharium
667 3409 898 3465 puerum
962 3394 1137 3448 trado.
1206 3391 1510 3448 Profuturae
1569 3393 1685 3447 dari
1734 3393 1908 3461 jubeo

278 3487 685 3541 Leudoneram.
733 3484 1197 3541 Laudunensibus
1241 3483 1699 3552 subdiaconibus,
1734 3486 1910 3542 lecto-

276 3579 460 3644 ribus,
484 3577 749 3642 ostiariis,
798 3584 853 3632 et
886 3576 1206 3649 junioribus
1254 3585 1492 3648 quatuor
1520 3577 1729 3632 solidos
1749 3576 1911 3633 dere-

275 3669 496 3741 linquo.
533 3668 875 3739 Pauperibus
906 3668 963 3722 in
1008 3667 1292 3723 matricula
1323 3668 1518 3738 positis
1565 3667 1780 3724 solidus
1811 3668 1912 3724 da-

273 3763 426 3817 bitur
481 3761 552 3815 ad
612 3776 809 3815 eorum
862 3759 1248 3815 refectionem.
1289 3761 1606 3832 Delegoque
1663 3777 1729 3816 ex
1782 3762 1909 3817 dato

272 3853 493 3923 praefati
548 3852 817 3923 principis
865 3851 1212 3907 Salvonarias
1268 3869 1435 3923 supra
1458 3853 1685 3919 Moram,
1731 3860 1784 3908 et
1807 3854 1910 3910 de-

271 3962 396 4000 cem
430 3945 648 4000 solidos
685 3944 933 4000 ecclesiae
977 3943 1324 3999 Suessonicm
1363 3960 1462 4016 pro
1499 3960 1910 4007 commemora-

275 4035 428 4088 tione
458 4033 704 4088 nominis
721 4033 852 4087 mei.
877 4033 1008 4087 Nam
1037 4031 1388 4087 Sablonarias
1415 4049 1584 4103 supra
1607 4032 1905 4088 Matronam

275 4126 599 4181 haeredibus
655 4125 793 4180 meis
823 4125 1104 4196 deputavi.
1140 4124 1527 4179 Catalaunensi
1571 4125 1818 4181 ecclesia:
1842 4143 1906 4181 ex

278 4215 408 4269 dato
441 4229 594 4284 saepe
625 4213 755 4269 dicti
784 4213 884 4267 ﬁlii
915 4213 1045 4272 mei.
1089 4213 1350 4269 Gellonos
1380 4230 1549 4284 supra
1580 4214 1907 4278 Matronam,

277 4311 330 4358 et
358 4303 582 4358 solidos
611 4301 830 4357 decem.
867 4301 1126 4357 Ecclesiae
1155 4302 1334 4357 sancti
1368 4302 1629 4370 Memmii,
1654 4303 1910 4359 Fascina-

2007 3127 2258 3183 nioribus
2286 3127 2420 3184 locis
2454 3129 2750 3184 Remorum
2781 3128 3090 3186 dimceseos
3119 3132 3297 3187 tribus
3322 3133 3625 3204 episcopis,

2010 3218 2583 3293 deponaturagradu.
2638 3218 2691 3272 Si
2745 3235 2897 3286 vero,
2956 3220 3105 3291 quod
3167 3237 3275 3276 non
3336 3229 3488 3292 opto,
3525 3239 3628 3276 nrc

2009 3309 2197 3381 cupio,
2225 3311 2322 3365 sed
2353 3327 2537 3383 neque
2581 3327 2766 3382 spero,
2801 3328 3088 3368 successor
3141 3313 3376 3384 quilibet
3405 3315 3542 3368 mihi
3567 3315 3624 3368 in

2012 3401 2117 3457 hac
2137 3403 2270 3458 sede
2292 3403 2587 3459 Remorum
2623 3403 2940 3475 episcopus,
2965 3405 3291 3460 exsecrabili
3322 3407 3627 3477 cupiditate

2011 3490 2228 3556 ductus,
2281 3507 2368 3546 res
2425 3491 2700 3562 przefatas,
2731 3492 2868 3547 sicut
2919 3509 2950 3546 a
2981 3509 3089 3558 me,
3122 3501 3348 3549 auctore
3394 3496 3629 3550 Domino

2011 3598 2135 3637 meo
2157 3584 2285 3638 Jesu
2319 3583 2554 3649 Christo,
2580 3584 2646 3638 ad
2678 3584 2828 3639 illius
2866 3585 3158 3652 honorem,
3196 3595 3251 3641 et
3277 3587 3396 3656 ejus
3413 3604 3628 3659 paupe-

2011 3688 2130 3726 rum
2175 3672 2608 3728 consolationem
2639 3673 2909 3729 ordinatae
2952 3683 3096 3741 sunt,
3139 3675 3403 3730 aliorsum
3432 3676 3632 3732 distra—

2011 3765 2165 3831 here,
2208 3765 2518 3831 immutare,
2569 3773 2930 3834 commutare,
2964 3783 3060 3822 seu
3117 3767 3369 3838 quolibet
3395 3769 3628 3824 obtentu

2011 3853 2067 3906 in
2087 3869 2221 3907 usus
2249 3853 2536 3918 laicorum,
2581 3853 2840 3908 beneficii
2890 3856 3066 3927 gratia
3115 3857 3268 3921 dare,
3301 3864 3397 3910 aut
3427 3873 3458 3910 a
3488 3873 3631 3927 quo-

2013 3941 2153 3995 libet
2199 3941 2376 4006 datas,
2427 3941 2628 4006 favere,
2688 3951 2782 3997 aut
2830 3943 3143 3997 consentire
3191 3945 3624 4014 praesumpserit,

2010 4029 2327 4084 convocatis
2391 4031 2560 4086 totius
2606 4030 2913 4086 dioeceseos
2973 4032 3268 4086 Remorum
3324 4032 3624 4104 episcopis,

2009 4117 2458 4190 presbyterisque
2498 4135 2561 4174 ac
2617 4119 2967 4187 diaconibus,
3031 4137 3251 4178 necnon
3298 4133 3354 4178 et
3401 4139 3468 4178 ex
3501 4122 3630 4176 ﬁlii<

2013 4207 2148 4262 meis
2178 4207 2518 4263 charissimis
2582 4209 2804 4265 Francis
2852 4211 3130 4285 religiosis
3183 4211 3631 4283 quamplurimis,

2011 4308 2194 4354 reatus
2222 4302 2308 4355 sui
2355 4317 2598 4372 poenam,
2631 4302 2940 4372 privatione
2982 4303 3064 4357 sui
3111 4304 3465 4375 episcopatus
3496 4322 3629 4376 per-

280 4395 394 4449 rias
427 4410 494 4448 ex
526 4394 693 4456 donis
723 4394 1029 4465 praescripti
1090 4393 1372 4465 principis,
1416 4403 1470 4448 et
1515 4395 1724 4450 solidos
1759 4405 1902 4451 octo.
1928 4419 1989 4488 Β
2012 4390 2209 4457 solvat,
2233 4398 2287 4446 et
2315 4407 2669 4463 nequaquam
2734 4392 2875 4446 ultra
2915 4393 3387 4462 recuperationem
3428 4396 3632 4466 gradus

274 4485 718 4558 Mosomagensi,
770 4486 980 4541 solidos
1008 4485 1280 4558 quinque.
1336 4486 1634 4558 Vongensi,
1715 4503 1904 4561 agrum

275 4578 426 4648 apud
458 4575 740 4631 ofﬁcinam
794 4577 1153 4645 molinarum,
1182 4593 1305 4649 qua
1352 4577 1426 4631 ibi
1459 4587 1543 4632 est
1587 4578 1904 4633 constituta.

275 4668 631 4741 Catarigensi
690 4668 960 4735 ecclesiae,
1001 4668 1211 4723 solidos
1260 4677 1520 4740 quatuor,
1569 4669 1909 4740 totidemque

277 4757 535 4813 Portensi
561 4771 661 4827 pro
683 4757 1212 4813 commemoratione
1256 4757 1366 4811 mei
1396 4757 1638 4812 nominis
1661 4757 1910 4812 inferen-

275 4849 648 4904 turEcclesiaa
702 4848 1093 4916 Attrabatensi,
1159 4849 1273 4914 cui,
1334 4849 1564 4904 Domino
1603 4857 1904 4920 annuente,

280 4937 584 4992 Vedastum
615 4935 836 4992 fratrem
898 4953 1084 4993 meum
1142 4936 1527 4993 charissimum
1580 4938 1907 5009 episc0pum

280 5029 630 5095 consecravi,
660 5045 725 5084 ex
753 5028 902 5084 dono
944 5029 1058 5097 jam
1109 5029 1242 5085 dicti
1294 5029 1564 5102 principis
1591 5028 1750 5085 villas
1772 5030 1910 5086 duas

281 5119 337 5174 in
371 5121 660 5175 alimoniis
712 5120 1037 5176 clericorum
1087 5121 1369 5192 deputavi,
1431 5122 1596 5178 Orcos
1623 5122 1902 5190 videlicet,

283 5215 341 5263 et
365 5209 713 5264 Sabucetum
742 5227 756 5273 ;
786 5209 992 5280 quibus
1011 5209 1173 5265 etiam
1215 5226 1315 5282 pro
1371 5211 1634 5267 memoria
1662 5213 1906 5267 nominis

284 5300 395 5355 mei
428 5301 645 5356 solidos
663 5301 863 5372 viginti
899 5301 1016 5356 dari
1039 5302 1210 5370 jubeo
1267 5302 1387 5357 llrsi
1419 5303 1796 5360 archidiaconi
1825 5303 1907 5358 fa-

282 5392 602 5446 miliaribus
631 5409 765 5447 usus
793 5393 1101 5466 obsequiis,
1126 5395 1276 5450 dono
1315 5394 1366 5449 ei
1399 5395 1547 5451 domi
1579 5396 1784 5451 textilis
1813 5412 1906 5452 ca-

278 5480 461 5536 sulam
492 5481 776 5548 subtilem,
801 5493 855 5538 et
903 5484 1064 5539 aliam
1103 5483 1436 5555 pleniorem,
1468 5486 1578 5541 duo
1609 5501 1740 5558 saga
1764 5485 1908 5541 deli-

280 5579 430 5641 cata,
462 5582 650 5645 tapete
680 5574 830 5646 quod
871 5575 1053 5631 habeo
1085 5575 1140 5629 in
1185 5576 1348 5642 lecto,
1383 5585 1438 5633 et
1467 5578 1711 5634 tunicam
1741 5595 1904 5650 quam

282 5669 538 5736 tempore
569 5663 834 5720 transitus
863 5664 970 5719 mei
1003 5664 1278 5737 reliquero
1309 5665 1620 5724 meliorem.
1653 5666 1906 5724 Haeredes

2012 4482 2216 4547 amissi,
2282 4483 2335 4536 in
2385 4485 2491 4538 hoc
2539 4485 2741 4539 saeculo
2811 4483 3234 4554 promerebitur.
3307 4485 3631 4558 Quicunque

2007 4586 2138 4626 vero
2170 4587 2235 4626 ex
2265 4571 2405 4627 laico
2447 4570 2640 4626 habitu
2688 4587 2720 4625 a
2763 4571 2927 4626 nobis
2961 4579 3161 4628 statuta
3197 4573 3631 4644 parvipendens,

2008 4665 2229 4736 sibique
2259 4664 2474 4731 favens,
2513 4679 2637 4735 quae
2687 4663 3028 4734 pauperibus
3077 4663 3334 4720 Ecclesiae
3366 4666 3630 4722 attributa

2009 4765 2157 4825 sunt,
2217 4757 2390 4822 abuti,
2439 4764 2532 4812 aut
2589 4772 2856 4826 usurpare
2911 4755 3163 4827 quolibet
3213 4756 3445 4812 obtentu
3485 4773 3631 4828 pra:-

2007 4850 2322 4921 sumpserit,
2345 4851 2464 4921 pari
2478 4848 2641 4903 simul
2660 4854 3041 4918 perpetuaque
3053 4848 3409 4904 damnatione
3424 4849 3633 4905 aliena-

2011 4950 2111 5010 tor,
2147 4943 2372 5014 petitor,
2415 4942 2588 5008 dator,
2622 4946 2898 5011 acceptor,
2953 4956 3237 5012 pervasor,
3269 4942 3631 4998 anathematis

2007 5035 2228 5091 vinculo
2253 5034 2321 5089 ab
2355 5033 2598 5090 Ecclesia
2625 5032 2892 5089 catholica
2923 5032 3304 5104 sejungantur,
3332 5034 3510 5089 donec
3536 5051 3630 5089 va-

2009 5127 2296 5194 leant,Deo
2317 5127 2630 5181 miserante.
2649 5125 2938 5199 condigna:
2958 5124 3349 5180 satisfactionis
3363 5127 3621 5181 emenda-

2006 5221 2156 5276 tione
2176 5220 2574 5295 indulgentiam
2596 5218 2921 5289 promereri.
2958 5217 3053 5272 Siu
3084 5224 3265 5272 autem
3289 5218 3344 5272 in
3373 5219 3478 5274 hoc
3500 5236 3626 5290 per-

2005 5325 2256 5365 severare
2286 5310 2668 5380 cujuscunque
2720 5307 3037 5363 donationis
3065 5307 3357 5362 occasione
3383 5308 3622 5378 quilibet

2010 5399 2303 5472 delegerit,
2361 5415 2488 5470 spes
2517 5399 2568 5453 ei
2602 5397 2890 5469 praesentis
2947 5413 3013 5452 ac
3039 5395 3234 5452 futurae
3267 5396 3628 5451 restitutionis

2009 5503 2041 5541 a
2069 5502 2386 5543 successore
2415 5502 2562 5550 meo,
2603 5487 2901 5542 Remorum
2947 5485 3161 5542 scilicet
3193 5484 3478 5555 episc0po,
3504 5497 3629 5538 om-

2007 5579 2250 5636 nimodis
2279 5579 2557 5635 auferatur
2624 5581 2822 5636 Generi
2866 5576 3249 5636 tantummodo
3273 5575 3445 5647 regio,
3477 5573 3626 5644 quod

2005 5669 2074 5725 ad
2110 5669 2379 5727 honorem
2419 5675 2621 5725 sanctae
2673 5669 2954 5737 Ecclesiae,
2981 5677 3038 5724 et
3063 5664 3446 5722 defensionem
3487 5680 3629 5734 pau-
