4040 6176
382 763 719 834 septiformis
780 762 1019 832 Spiritus
1072 761 1422 835 consignavi,

379 269 448 324 67
1267 237 1269 240 i
1424 266 1861 324 FLODOARDUS
1900 268 2268 326 CANONICUS
2306 268 2655 325 REMENSIS.
3075 255 3090 265 ’
3652 277 3730 331 68

379 412 575 468 perum
605 412 716 451 una
741 411 865 451 cum
890 393 1155 450 fratribus
1185 393 1324 449 meis
1348 401 1403 450 et
1433 397 1784 468 coepiscOpis
1811 397 1997 452 omni-
2027 410 2078 477 Α
2095 398 2313 467 justitia
2341 396 2672 465 conﬁrmati,
2715 405 2770 452 et
2817 397 3158 454 corroborati
3189 414 3422 474 regnum
3465 400 3730 458 obtinere

379 489 487 544 bus
541 488 867 553 Germaniae,
916 486 1124 553 Galliae,
1174 493 1337 557 atque
1395 487 1683 554 Neustriae,
1742 489 1799 543 in
1835 490 2001 563 regite

383 581 686 648 majestatis
745 579 968 634 culmen
1023 588 1293 650 perpetuo
1333 587 1690 654 regnaturum
1752 590 2004 636 statuens

381 673 546 746 elegi,
607 670 901 742 baptizavi,
943 687 974 725 a
1020 670 1175 726 fonte
1222 687 1376 726 sacro
1429 673 1675 742 suscepi,
1745 672 2004 742 donoque

1501 771 1556 817 et
1602 777 1700 832 per
1751 763 2004 831 ejusdem

380 851 522 908 sacri
540 851 855 906 chrismatis
882 850 1206 906 unctionem
1237 850 1492 906 ordinato
1541 851 1599 904 in
1633 866 1844 922 regem,
1873 867 2006 922 par-

382 957 534 995 cens.
559 948 762 1006 statuo,
791 949 850 994 ut
869 939 913 993 si
946 938 1244 1010 aliquando
1271 954 1447 1010 genus
1488 938 1625 993 illud
1666 939 1884 1012 regium
1904 955 2005 1009 per

384 1030 837 1085 benedictionem
894 1045 1079 1083 meam
1124 1028 1286 1083 toties
1317 1027 1550 1082 Domino
1601 1034 2002 1094 consecratum,

384 1121 528 1174 mala
557 1135 654 1189 pro
675 1119 837 1173 bonis
887 1118 1147 1184 reddens,
1175 1116 1531 1172 ecclesiarum
1596 1116 1690 1170 Dei
1725 1130 2002 1185 pervasor,

385 1208 718 1274 destructor,
743 1207 1134 1278 depopulator,
1182 1204 1385 1279 gravis,
1426 1212 1522 1258 aut
1551 1203 1860 1259 contrarius
1886 1203 2005 1258 exi-

385 1303 532 1352 stere
559 1296 814 1362 voluerit,
861 1294 1173 1350 convocatis
1204 1294 1498 1349 Remorum
1543 1293 1849 1348 dioeceseos
1879 1293 2005 1363 epi-

385 1388 592 1458 scopis,
625 1388 864 1458 primum
920 1395 1243 1442 moneatur:
1273 1393 1328 1441 et
1383 1385 1588 1440 deinde
1617 1384 1866 1440 Ecclesia
1897 1385 2006 1438 Re-

388 1480 566 1535 mensi
585 1480 642 1550 [i,
661 1479 966 1549 Remensis]
993 1478 1238 1549 praefata,
1262 1479 1522 1547 adjuncta
1541 1477 1651 1532 sibi
1671 1491 1882 1542 sorore,
1903 1476 2006 1531 Ec-

385 1572 554 1627 clesia
583 1571 795 1626 scilicet
813 1571 1145 1637 Trevirensi,
1163 1571 1360 1626 iterum
1381 1570 1750 1626 conveniatur
1785 1569 1845 1639 [i,
1871 1584 2007 1624 con-

388 1659 613 1730 veniat].
681 1659 863 1714 Tertio
913 1674 1066 1726 vero,
1125 1659 1562 1730 archiepiscopis
1625 1657 2006 1713 tantummodo

388 1749 683 1803 Galliarum
715 1748 892 1804 tribus
953 1755 1048 1802 aut
1103 1754 1340 1819 quatuor
1365 1747 1702 1812 convocatis,
1745 1745 2005 1816 princeps

389 1842 506 1908 ille,
537 1841 860 1912 quicunque
912 1840 1098 1906 fuerit,
1155 1847 1448 1894 moneatur
1479 1857 1492 1893 :
1526 1839 1603 1893 ita
1644 1845 1706 1893 ut
1734 1852 1911 1908 usque
1941 1836 2011 1890 ad

387 1933 679 2004 septimam
710 1932 1092 1993 monitionem,
1125 1931 1172 1985 si
1204 1931 1360 2001 prius
1385 1929 1710 1985 satisfacere
1741 1929 2010 1993 renuerit,

388 2029 629 2092 paternae
656 2021 872 2092 pietatis
919 2019 1345 2094 longanimitate
1376 2017 1677 2075 differatur.
1729 2019 2008 2074 Tandem-

388 2113 589 2184 que,si
639 2112 961 2184 postpositis
989 2111 1250 2167 omnibus
1302 2112 1542 2181 praefatis
1595 2111 2009 2167 benedictioni-

387 2201 494 2256 bus
554 2202 640 2273 [f.,
697 2201 1144 2270 monitionibus],
1206 2200 1603 2273 incorrigibilis
1647 2200 2009 2256 contumaciae

387 2293 644 2364 spiritum
672 2308 782 2348 non
811 2293 1157 2363 deposuerit,
1191 2299 1246 2346 et
1273 2307 1332 2346 se
1353 2307 1452 2362 per
1481 2292 1689 2356 omnia,
1717 2291 1826 2347 Deo
1843 2291 2008 2346 subdi

390 2382 606 2448 nolens,
636 2379 1126 2436 benedictionibus
1145 2379 1404 2434 Ecclesiae
1450 2380 1781 2450 participare
1807 2380 2007 2435 nolue-

392 2471 483 2529 rit.
527 2470 771 2544 elogium
828 2467 1231 2542 segregationis
1288 2484 1319 2522 a
1371 2476 1604 2538 corpore
1667 2468 1887 2535 Christi,
1943 2469 2012 2523 ab

391 2562 654 2618 omnibus
674 2562 725 2616 ei
754 2560 1092 2635 porrigatur,
1127 2559 1276 2631 quod
1327 2576 1427 2630 per
1478 2561 1804 2631 prophetam
1829 2569 1884 2615 et
1915 2577 2010 2615 re-

394 2668 518 2726 gem
537 2650 708 2706 David
738 2650 901 2721 longe
928 2656 1076 2712 ante,
1130 2649 1328 2731 eodem
1369 2665 1462 2719 qui
1510 2650 1566 2702 in
1597 2649 1877 2720 episc0pis
1903 2659 2010 2718 est,

394 2742 636 2796 dictante
661 2739 869 2810 Spiritu
898 2744 1111 2803 sancto,
1167 2737 1413 2792 noscitur
1447 2737 1799 2792 decantatum
1831 2755 1843 2791 :
1877 2738 2012 2801 Quia

395 2836 716 2900 persecutus
741 2835 844 2891 est,
894 2824 1094 2895 inquit,
1130 2825 1414 2880 hominem
1467 2826 1713 2897 inopem,
1761 2833 1815 2881 et
1848 2843 2011 2882 men-

393 2918 597 2980 dicum,
629 2924 683 2971 et
714 2924 1107 2986 compunctum
1134 2915 1322 2980 corde,
1350 2923 1404 2969 et
1446 2930 1556 2969 non
1579 2924 1662 2970 est
1693 2916 2014 2970 recordatus

393 3006 576 3061 facere
606 3003 1069 3070 misericordiam,
1129 3011 1184 3058 et
1221 3003 1415 3058 dilexit
1452 3003 1927 3075 maledictionem,
1959 3012 2014 3059 et

395 3099 580 3154 veniet
605 3098 655 3152 ei
680 3116 695 3163 ;
720 3103 774 3150 et
801 3095 1464 3158 noluitbeuedictionem,
1495 3106 1548 3151 et
1570 3096 1922 3172 elongabitur
1947 3096 2014 3151 ab

400 3208 467 3246 eo
497 3191 666 3257 (Psal.
695 3205 846 3254 cvm,
893 3187 982 3253 17,
1039 3188 1146 3256 18).
1203 3188 1510 3259 Totumque
1539 3188 1590 3243 ei
1621 3189 1770 3260 quod
1802 3189 1857 3242 in
1885 3205 2016 3260 per-

398 3295 537 3336 sona
561 3278 719 3334 Judze
751 3277 1032 3332 traditoris
1057 3276 1272 3331 Domini
1324 3277 1498 3331 nostri
1544 3277 1675 3331 Jesu
1715 3276 1934 3341 Christi,
1965 3285 2018 3332 et

398 3372 768 3446 malignorum
798 3369 1209 3440 episcOporum,
1249 3367 1483 3423 ecclesia
1530 3369 1822 3423 decantare
1853 3369 2013 3434 solet,

399 3481 498 3535 per
526 3463 770 3535 singulas
795 3461 862 3522 ei
892 3461 1220 3516 decantetur
1247 3459 1529 3515 ecclesias.
1593 3460 1724 3530 quia
1753 3460 2020 3514 Dominus

399 3552 539 3608 dixit
570 3571 582 3606 :
615 3550 870 3617 Quandiu
931 3549 1138 3605 fecistis
1187 3549 1282 3603 uni
1314 3565 1378 3602 ex
1409 3548 1657 3602 minimis
1689 3549 1849 3615 meis,
1880 3549 2016 3604 mihi

399 3645 612 3701 fecistis
646 3645 864 3712 (Matth.
912 3659 1038 3708 xxv,
1083 3642 1173 3709 40)
1208 3658 1220 3694 :
1256 3648 1312 3695 et
1341 3641 1590 3712 quandiu
1623 3640 1709 3694 his
1739 3655 1850 3696 non
1881 3640 2018 3697 feci-

398 3737 520 3802 stis,
562 3751 664 3789 nec
691 3734 828 3788 mihi
847 3732 1058 3787 fecistis
1089 3732 1271 3801 (Ibid,
1317 3730 1425 3800 45).
1461 3731 1523 3785 Et
1555 3731 1682 3786 ideo
1709 3731 1856 3802 quod
1884 3747 2019 3802 pro-

397 3825 560 3881 batur
588 3825 644 3879 in
675 3824 876 3896 capite,
911 3824 969 3877 in
1003 3823 1273 3878 membris
1303 3821 1728 3894 intelligendum
1759 3837 1880 3876 esse
1911 3837 2021 3878 non

398 3919 699 3975 dubitetur.
759 3919 935 3972 Unum
987 3917 1367 3973 tantummodo
1402 3915 1480 3970 ibi
1524 3914 1753 3969 verbum
1804 3929 1904 3984 per
1932 3913 2021 3968 in-

397 4011 811 4084 terpositionem
869 4020 1282 4066 commutetur:
1315 4010 1470 4064 Fiant
1525 4008 1646 4062 dies
1677 4007 1798 4076 ejus
1835 4007 2018 4076 pauci,

395 4109 451 4154 et
498 4100 870 4170 principatum
901 4099 1022 4166 ejus
1054 4099 1290 4168 accipiat
1347 4098 1485 4153 alter
1536 4097 1703 4164 (Psal.
1763 4110 1908 4159 cvm,
1940 4098 2016 4162 8).

397 4191 551 4254 Quod
577 4190 770 4260 utique
799 4189 846 4242 si
891 4204 1244 4244 successores
1290 4191 1398 4243 mei
1457 4190 1754 4245 Remorum
1809 4191 2022 4246 scilicet

395 4280 823 4350 archiepiscOpi,
855 4281 1098 4350 Operari,
1129 4281 1273 4336 sicut
1331 4297 1361 4334 a
1415 4298 1501 4335 me
1558 4283 1874 4338 ordinatum
1918 4291 2020 4350 est,

396 4370 758 4445 neglexerint,
790 4369 844 4422 in
860 4385 921 4423 se
963 4369 1236 4440 quidquid
1275 4369 1344 4423 in
1377 4370 1724 4441 principibus
1762 4387 2020 4428 resecan-

394 4460 526 4516 dum
555 4458 754 4526 fuerat,
786 4458 1274 4514 maledictiouibus
1311 4459 1598 4530 depravati
1627 4461 1930 4532 reperiant,
1959 4468 2019 4517 ut

399 4550 531 4607 fiant
557 4551 678 4606 dies
708 4566 898 4606 eorum
922 4552 1108 4622 pauci,
1141 4551 1524 4623 episcopatum
1564 4569 1757 4609 eorum
1784 4554 2020 4624 accipiat

395 4644 555 4698 alter.
583 4643 637 4697 Si
669 4658 798 4697 vero
858 4643 1122 4699 Dominus
1152 4660 1308 4699 meus
1351 4644 1510 4699 Jesus
1550 4645 1797 4702 Christus
1826 4661 2017 4702 vocem

397 4734 666 4790 orationis
711 4749 869 4801 meae,
928 4751 1090 4804 quam
1145 4735 1396 4806 quotidie
1452 4752 1552 4806 pro
1601 4754 1804 4811 genere
1836 4738 1931 4793 illo
1965 4739 2018 4793 in

398 4832 697 4895 conspectu
725 4825 927 4880 divinae
959 4827 1260 4896 majestatis
1308 4828 1627 4899 specialiter
1680 4829 1872 4897 fundo,
1922 4846 2022 4885 au-

395 4915 516 4969 dire
547 4914 808 4989 dignatus
879 4915 1065 4982 fuerit,
1116 4923 1173 4970 ut
1220 4915 1360 4972 sicut
1399 4934 1430 4971 a
1476 4932 1562 4970 me
1618 4919 1832 4989 accepit
1863 4919 1938 4972 ita
1966 4920 2020 4973 in

395 5006 760 5076 dispositione
788 5007 963 5082 regni,
996 5015 1049 5062 et
1071 5008 1423 5065 ordinatione
1471 5017 1674 5066 sanctae
1698 5010 1794 5065 Dei
1825 5009 2018 5065 Eccle-

396 5096 494 5150 siae
521 5103 857 5166 perseveret,
910 5096 1415 5164 benedictionibus,
1451 5115 1588 5170 quas
1627 5099 1864 5170 Spiritus
1883 5115 2018 5154 san-

397 5193 517 5240 ctus
545 5201 645 5255 per
675 5201 896 5241 manum
927 5203 1107 5242 meam
1133 5189 1496 5258 peccatricem
1519 5205 1688 5260 super
1703 5198 1868 5260 caput
1899 5188 2022 5257 ejus

395 5275 622 5342 infudit,
662 5277 914 5346 plurima:
943 5294 1112 5349 super
1133 5289 1300 5351 caput
1332 5281 1600 5336 illustrius
1632 5298 1732 5352 per
1760 5280 2020 5335 eumdem

396 5365 664 5437 Spiritum
695 5375 942 5423 sanctum
997 5370 1444 5439 superaddantur
1471 5388 1486 5436 ;
1519 5378 1574 5426 et
1604 5386 1671 5425 ex
1711 5371 1830 5441 ipso
1863 5386 2022 5442 reges

397 5466 453 5513 et
483 5458 846 5528 imperatores
899 5461 1225 5530 procedant,
1283 5462 1378 5534 qui
1425 5463 1480 5515 in
1532 5462 1815 5532 praesenti,
1871 5469 1926 5516 et
1965 5461 2022 5516 in

399 5545 608 5616 futuro,
653 5548 808 5617 juxta
854 5549 1192 5605 voluntatem
1244 5550 1483 5615 Domini,
1548 5550 1617 5605 ad
1663 5557 2020 5622 augmentum

398 5645 603 5694 sanctae
630 5653 744 5695 suae
765 5638 1043 5707 Ecclesiae,
1096 5639 1300 5697 virtute
1336 5639 1587 5710 ejusdem
1626 5640 1684 5696 in
1725 5641 1940 5710 judicio
1967 5648 2023 5698 et

2041 4421 2100 4492 D

2104 497 2266 559 atque
2295 502 2502 561 augere
2557 486 2808 557 quotidie
2861 487 3081 541 valeant
3110 505 3122 540 :
3162 495 3217 542 et
3250 488 3307 542 in
3339 489 3506 544 domo
3534 490 3728 557 David,

2105 579 2210 634 hoc
2257 587 2339 633 est
2391 579 2448 632 in
2495 577 2703 632 cmlesti
2765 578 3124 643 Hierusalem,
3185 594 3310 633 cum
3378 581 3612 636 Domino
3673 582 3729 636 in

2105 677 2378 725 aeternum
2438 669 2738 744 regnaturi,
2799 669 3086 724 sublimari
3150 681 3486 727 mereantur.
3531 674 3731 728 Amen.

2105 761 2391 816 Peractum
2434 761 2641 827 Remis,
2674 761 2766 816 die
2811 771 2866 817 et
2905 762 3132 818 consule
3175 763 3516 835 supradicto,
3546 766 3731 820 inter-

2105 848 2434 904 cedentibus
2464 856 2519 904 et
2539 848 2738 904 mediis
2758 849 3155 923 signatoribus.

2179 959 2206 986 α
2235 937 2350 1010 Ego
2400 937 2681 1011 Remigius
2731 938 3030 1010 episc0pus
3093 947 3486 995 testamentum
3547 957 3734 997 meum

2106 1029 2300 1102 relegi,
2345 1029 2579 1102 signavi,
2608 1029 2929 1100 subscripsi,
2989 1040 3044 1085 et
3084 1032 3138 1086 in
3172 1033 3399 1088 nomine
3440 1034 3634 1094 Patris.
3681 1041 3740 1088 et

2107 1118 2253 1183 Filii,
2279 1126 2334 1172 et
2377 1117 2614 1188 Spiritus
2658 1118 2854 1183 sancti,
2909 1119 3019 1174 Deo
3057 1121 3382 1189 adjuvante,
3430 1121 3710 1192 complevi

2103 1211 2143 1276 -ι-
2194 1207 2462 1262 Vedastus
2510 1207 2808 1277 episcopus
2857 1207 2945 1262 cui
3002 1216 3161 1279 pater
3229 1227 3390 1265 meus
3450 1211 3742 1285 Remigius

2106 1299 2412 1364 maledixit,
2470 1299 2751 1366 maledixi,
2813 1306 2869 1354 et
2928 1300 3016 1355 cui
3071 1301 3377 1366 benedixit,
3419 1302 3736 1357 benedixi:

2107 1390 2334 1445 interfui
2382 1406 2628 1461 quoque,
2687 1399 2852 1462 atque
2899 1391 3224 1462 subscripsi.
3277 1396 3317 1461 -ιη
3365 1393 3742 1449 Genebaudus

2106 1480 2405 1550 episcopus
2457 1482 2546 1535 cui
2600 1489 2757 1551 pater
2809 1497 2966 1535 meus
3021 1481 3305 1553 Remigius
3330 1482 3639 1547 maledixit,
3682 1491 3746 1537 et

2107 1569 2417 1635 maledixi,
2481 1578 2536 1624 et
2586 1570 2674 1625 cui
2732 1569 3050 1635 benidixit,
3119 1570 3385 1624 benedixi
3438 1589 3450 1625 :
3505 1571 3740 1626 interfui

2110 1675 2357 1732 quoque,
2410 1669 2576 1732 atque
2635 1661 2964 1731 subscripsi.
3017 1685 3051 1730 τ
3103 1661 3393 1717 Medardus
3438 1663 3746 1733 episcopus

2035 1735 2196 1808 Bcui
2251 1759 2407 1822 pater
2469 1769 2627 1808 meus
2684 1752 2966 1826 Remigius
3049 1753 3379 1818 maledixit,
3427 1753 3742 1819 maledixi,

2115 1852 2169 1899 et
2215 1845 2304 1899 cui
2371 1844 2711 1909 benedixit,
2773 1844 3036 1898 benedixi
3095 1862 3109 1898 :
3172 1843 3398 1900 interfui
3457 1861 3687 1917 quoque
3727 1887 3741 1911 ,

2110 1943 2279 2008 atque
2333 1936 2660 2007 subscripsi.
2733 1939 2772 2004 -Ι-
2826 1936 3010 2006 Lupus
3077 1937 3375 2007 episcopus
3428 1937 3517 1992 cui
3580 1945 3746 2008 pater

2112 2043 2268 2082 meus
2297 2027 2584 2102 Remigius
2636 2027 2956 2093 maledixit,
2993 2028 3276 2094 maledixi,
3335 2035 3392 2082 et
3421 2029 3509 2082 cui
3559 2028 3745 2083 bene-

2111 2115 2270 2181 dixit,
2311 2115 2598 2182 benedixi,
2663 2115 2884 2170 interfui
2913 2132 3155 2187 quoque,
3225 2124 3389 2186 atque
3437 2116 3742 2186 subcripsi.

2110 2205 2505 2272 +Benedictus
2556 2204 2852 2274 episcopus
2900 2205 2986 2259 cui
3047 2215 3206 2275 pater
3247 2221 3404 2260 meus
3450 2205 3747 2279 Remigius

2111 2291 2418 2360 maledixit,
2449 2292 2728 2357 maledixi,
2761 2301 2817 2347 et
2868 2292 2957 2347 cui
2987 2293 3293 2359 benedixit,
3327 2293 3588 2349 benedixi
3629 2295 3747 2349 :in‘

2114 2381 2272 2437 terfui
2289 2398 2532 2454 quoque,
2558 2391 2725 2454 atque
2746 2383 3071 2454 subscripsi.
3105 2386 3144 2451 1-
3161 2383 3422 2456 Eulogius
3443 2384 3748 2454 episcopus

2113 2473 2208 2528 Cui
2267 2483 2424 2544 pater
2457 2492 2615 2530 meus
2669 2475 2951 2550 Remigius
3005 2475 3315 2541 maledixit,
3373 2475 3658 2540 maledixi,
3685 2485 3747 2530 et

2113 2562 2200 2616 cui
2221 2562 2524 2629 benedixit,
2554 2563 2857 2619 benedixi:
2887 2564 3110 2619 interfui
3140 2579 3385 2635 quoque,
3405 2571 3571 2635 atque
3601 2564 3748 2618 sub-

2112 2651 2329 2720 scripsi.
2362 2654 2401 2719 1-
2438 2652 2690 2724 Agricola
2739 2652 3028 2724 presbyter
3077 2652 3166 2708 cui
3211 2660 3368 2724 pater
3412 2668 3569 2707 meus
3622 2653 3746 2707 Re-

2113 2739 2315 2814 migius
2347 2732 2652 2809 maledixit,
2683 2740 2963 2808 maledixi,
3024 2749 3078 2796 et
3099 2741 3186 2796 cui
3227 2741 3535 2807 benedixit,
3554 2741 3745 2796 bene-

2114 2831 2227 2886 dixi
2261 2849 2274 2885 :
2307 2830 2530 2885 interfui
2555 2847 2800 2903 quoque,
2848 2840 3026 2904 "atque
3058 2832 3386 2903 subscripsi.
3420 2835 3459 2901 -ι-
3483 2833 3750 2888 Theodo—

2115 2924 2243 2978 nius
2274 2924 2562 2995 presbyter
2591 2924 2678 2979 cui
2737 2933 2894 2996 pater
2922 2941 3080 2980 meus
3119 2925 3406 2998 Remigius
3430 2925 3749 2990 maledixit,

2117 3014 2374 3068 maledixi
2411 3031 2424 3067 :
2458 3021 2512 3068 et
2546 3014 2634 3069 cui
2668 3013 2977 3079 benedixit,
3008 3013 3293 3079 benedixi,
3330 3014 3555 3070 interfui
3589 3031 3748 3087 quo-

2118 3121 2248 3176 que,
2301 3113 2462 3177 atque
2526 3106 2852 3178 subscripsi.
2909 3109 2947 3175 -ί-
3008 3106 3261 3162 Celsinus
3319 3108 3611 3179 presbyter
3651 3109 3751 3164 cui

2118 3202 2278 3264 pater
2293 3211 2449 3248 meus
2479 3195 2763 3268 Remigius
2785 3194 3091 3262 maledixit,
3119 3195 3400 3260 maledixi,
3435 3206 3488 3252 et
3509 3197 3596 3252 cui
3638 3197 3754 3252 be-

2120 3283 2347 3346 nedixit,
2382 3283 2645 3337 benedixi
2686 3302 2698 3338 :
2731 3283 2956 3339 interfui
3007 3300 3252 3356 quoque,
3301 3293 3466 3356 atque
3495 3286 3754 3343 subscri-

2119 3373 2224 3443 psi.
2256 3375 2293 3440 -ι-
2323 3373 2382 3427 ν.
2409 3372 2465 3427 C.
2490 3372 2765 3443 Pappolus
2811 3372 3062 3441 interfui,
3100 3382 3156 3428 et
3189 3373 3516 3444 subscripsi.
3561 3376 3622 3429 V.
3683 3376 3750 3432 C.

2119 3464 2385 3519 Eulodius
2433 3464 2676 3529 interfui,
2729 3472 2782 3519 et
2810 3464 3138 3536 subscripsi.
3171 3467 3231 3520 V.
3261 3466 3316 3521 C.
3352 3467 3626 3523 Eusebius
3657 3470 3755 3524 in-

2120 3556 2307 3621 terfui,
2340 3565 2396 3612 et
2433 3557 2764 3628 subscripsi.
2816 3557 2876 3612 V.
2930 3558 2985 3612 C.
3050 3558 3360 3615 Rusticolus
3406 3560 3656 3630 interfui,
3694 3571 3755 3616 et.

2118 3645 2352 3719 signavi.
2394 3647 2454 3700 V.
2491 3645 2545 3700 C.
2586 3648 2881 3719 Eutropius
2934 3648 3184 3715 interfui,
3235 3658 3291 3705 et
3323 3651 3558 3726 signavi.
3587 3652 3649 3708 V.
3688 3651 3752 3707 C.

2125 3735 2356 3790 Daweus
2377 3735 2625 3802 interfui,
2657 3745 2713 3792 et
2737 3738 2974 3812 signavi.
3163 3798 3167 3803 ,

2204 3845 2225 3875 ι
2257 3826 2385 3881 Post
2429 3827 2712 3882 conditum
2740 3835 3151 3894 testamentum,
3183 3829 3293 3884 imo
3315 3830 3614 3902 signatum,
3638 3846 3751 3886 oc-

2123 3914 2293 3969 currit
2317 3915 2578 3970 sensibus
2607 3916 2767 3982 meis,
2789 3926 2849 3971 ut
2879 3917 3124 3973 basilicae
3151 3919 3502 3985 gdomnorum
3527 3929 3749 3991 marty-

2124 4023 2242 4060 rum
2280 4007 2551 4064 Timothei
2592 4016 2647 4064 et
2685 4009 3018 4080 Apollinaris
3047 4011 3360 4066 missorium
3415 4022 3753 4085 argenteum

2121 4115 2215 4154 sex
2238 4099 2502 4156 librarum
2555 4101 2633 4154 ibi
2681 4102 2966 4171 deputem,
3031 4110 3090 4159 ut
3145 4119 3210 4158 ex
3241 4119 3308 4158 eo
3366 4104 3530 4160 sedes
3560 4105 3754 4164 futura

2125 4202 2373 4242 meorum
2410 4188 2617 4244 ossium
2645 4198 3029 4259 componatur.
3065 4215 3089 4236 ιο

2746 4280 2955 4336 CAPUT
2982 4282 3112 4337 XIX.

2123 4372 2198 4423 De
2226 4370 2456 4426 remedio
2491 4374 2661 4440 pestis
2716 4375 3066 4441 inguinariae,
3113 4380 3165 4430 et
3191 4379 3394 4432 cmteris
3435 4393 3538 4447 per
3558 4380 3756 4449 ipsum

2817 4469 3047 4523 collatis.

2193 4551 2318 4607 Post
2341 4552 2507 4621 hujus
2553 4552 2859 4610 beatissimi
2904 4557 3082 4612 Patris
3122 4559 3358 4627 obitum,
3397 4580 3418 4610 ι
3457 4576 3582 4616 cum
3625 4561 3759 4618 lues

2122 4642 2455 4716 inguiuaria,
2495 4669 2519 4690 »
2573 4647 2746 4702 veluti
2785 4647 3084 4723 Gregorius
3134 4651 3469 4706 Turonensis
3525 4666 3759 4709 enarrat

2123 4738 2214 4804 (De
2239 4737 2425 4793 Gloria
2444 4740 2669 4806 confess.
2719 4756 2768 4796 c.
2817 4742 2929 4810 79),
2958 4763 2977 4790 ε
3009 4743 3274 4814 p0pulum
3299 4745 3492 4815 primas
3521 4744 3759 4802 Germa-

2123 4823 2230 4876 niae
2261 4825 2593 4892 devastaret,
2655 4834 2710 4882 et
2749 4843 2943 4885 omnes
2985 4831 3152 4900 hujus
3187 4831 3362 4886 cladis
3409 4841 3761 4890 terrerentur

2123 4916 2331 4980 auditu,
2361 4919 2640 4974 concurrit
2669 4920 2956 4977 Remensis
2988 4923 3227 4994 pepulus
3245 4925 3315 4980 ad
3336 4926 3513 4981 sancti
3555 4928 3758 4997 sepul-

2123 5019 2298 5071 crum,
2333 5020 2640 5078 congruum
2691 5009 2856 5078 hujus
2910 5027 3088 5066 causae
3119 5012 3367 5087 ﬂagitare
3411 5014 3755 5071 remedium.

2122 5097 2383 5151 Accensis
2423 5100 2622 5167 cereis,
2671 5101 2998 5174 lychnisque
3055 5106 3307 5160 accensis
3375 5121 3487 5161 non
3532 5108 3758 5177 paucis,

2124 5185 2362 5256 hymnis,
2409 5188 2754 5261 psalmisque
2801 5192 3125 5249 coelestibus
3186 5210 3283 5263 per
3315 5201 3485 5248 totam
3517 5197 3763 5252 excubat

2124 5279 2361 5330 noctem.
2394 5275 2551 5333 Mane
2583 5286 2767 5334 autem
2798 5279 2940 5336 facto
2967 5282 3102 5353 quid
3126 5283 3309 5337 adhuc
3330 5285 3576 5352 precatui
3605 5284 3764 5341 desit

2125 5363 2183 5417 in
2229 5371 2460 5420 tractatu
2507 5366 2756 5424 rimatur.
2817 5369 3121 5440 Reperiunt
3181 5371 3407 5436 etenim,
3465 5373 3762 5429 revelante

2124 5455 2257 5524 Deo,
2280 5457 2518 5526 qualiter
2536 5461 2789 5517 oratione
2840 5463 3146 5532 praemissa,
3181 5463 3376 5532 majori
3400 5464 3584 5520 adhuc
3612 5481 3760 5535 pro-

2124 5547 2440 5622 pugnaculo
2465 5551 2622 5606 urbis
2639 5555 3057 5627 prOpugnacula
3081 5555 3454 5611 munirentur.
3483 5557 3766 5627 Assump-

2124 5649 2232 5699 tam
2263 5642 2434 5716 igitur
2487 5643 2689 5714 pallam
2741 5644 2810 5700 de
2849 5645 2998 5703 beati
3025 5645 3285 5718 sepulcro
3314 5653 3660 5717 componunt
3692 5647 3760 5702 in
