4038 6166
247 261 317 319 69

909 256 1231 318 HISTORIA?
1269 255 1603 316 ECCLESIE
1641 255 1968 315 REMENSIS
2008 257 2184 314 LIBRI
2223 257 2549 326 QUATUOR.
2581 292 2646 302 —
2688 259 2815 318 LIB.
2859 259 2904 318 Ι.

3510 265 3583 321 70

249 394 484 449 modum
501 392 710 457 feretri,
741 391 1103 463 accensisque
1145 406 1316 462 super
1344 405 1538 445 cruces
1557 389 1752 455 cereis,
1782 395 1868 445 at-
1894 393 1947 461 Α
1969 387 2306 456 balbutiens,
2355 398 2412 444 et
2439 389 2528 444 vix
2549 405 2860 446 sermonem
2912 390 3188 462 explicare
3232 392 3438 460 valens,
3471 395 3546 450 ait
3573 413 3585 449 :

253 501 366 557 que
387 482 751 550 ceroferariis,
793 483 925 538 dant
950 497 1114 538 voces
1139 482 1195 536 in
1219 482 1452 538 canticis
1483 499 1497 546 ;
1529 481 1873 536 circumeunt

254 575 448 628 urbem
473 589 600 628 cum
624 572 780 638 vicis,
815 587 918 627 nec
955 579 1292 643 praetereunt
1339 570 1515 626 ullum
1547 571 1871 642 hospitium,

257 665 410 737 quod
441 680 554 721 non
610 665 713 718 hac
769 663 1155 720 circumitione
1207 663 1556 720 concludant.
1602 664 1712 719 Nec
1749 673 1875 736 post

257 758 462 813 multos
487 757 610 811 dies
629 755 771 811 ﬁnes
798 756 966 825 hujus
992 756 1228 812 civitatis
1271 756 1392 812 lues
1421 757 1873 830 aggrediturme-

258 857 487 905 morata.
522 849 907 905 Verumtamen
930 865 1107 922 usque
1124 849 1192 904 ad
1216 863 1342 904 eum
1369 849 1550 904 locum
1579 847 1870 912 accedens,

259 957 370 1014 quo
397 941 549 996 beati
579 941 782 1016 pignus
811 942 1066 1005 accessit,
1098 957 1163 996 ac
1203 941 1250 996 si
1284 941 1643 996 constitutum
1674 955 1875 996 cerne-

259 1044 342 1091 ret
367 1037 691 1100 terminum,
726 1035 871 1090 intro
905 1033 1120 1108 ingredi
1153 1049 1263 1089 non
1286 1042 1371 1089 est
1399 1050 1549 1101 ausa,
1577 1033 1677 1088 sed
1710 1033 1874 1089 etiam

261 1140 386 1196 quas
418 1125 473 1178 in
495 1123 773 1196 principio
818 1131 1158 1194 pervaserat,
1190 1123 1356 1192 hujus
1403 1123 1624 1178 virtutis
1653 1125 1880 1194 repulsu

263 1215 507 1288 reliquit.
542 1238 564 1265 ι
604 1215 771 1270 Multa
800 1215 1044 1286 denique
1103 1217 1450 1286 postmodum
1479 1217 1548 1271 ad
1570 1217 1748 1288 ipsius
1781 1233 1878 1272 se-

266 1305 517 1376 pulcrum
566 1313 693 1360 sunt
749 1303 1016 1361 divinitus
1059 1310 1280 1360 ostensa
1318 1306 1603 1373 miracula,
1637 1323 1759 1379 qua:
1785 1323 1885 1380 per

267 1394 660 1467 negligentiam
686 1409 798 1450 non
836 1393 1114 1448 habentur
1141 1394 1363 1466 scripta.

900 1481 1119 1536 CAPUT
1145 1481 1256 1537 XX.

265 1576 340 1628 De
377 1573 736 1628 translatione
761 1574 1000 1642 corporis
1039 1573 1236 1640 ipsius,
1279 1576 1328 1624 et
1359 1572 1686 1642 quibusdam
1714 1573 1889 1628 denuo

782 1663 1023 1732 patratis
1061 1660 1364 1715 miraculis.

1972 481 2194 536 Deferte
2221 497 2308 536 me
2337 481 2406 536 ad
2437 480 2721 538 basilicam
2761 483 2937 538 sancti
2963 500 2976 538 :
3007 493 3062 539 et
3092 491 3588 559 quantumcunque

1973 589 2141 645 super
2171 589 2257 628 me
2278 573 2338 644 [i,
2370 574 2520 644 apud
2571 572 2675 645 me]
2717 575 2836 630 auri
2876 583 2960 630 est
3002 575 3069 630 ad
3127 578 3442 647 sepulcrum
3471 579 3592 646 ejus

1974 661 2263 734 projicite:
2297 662 2520 732 peccavi
2559 663 2709 716 enim
2763 662 3067 719 auferendo
3119 681 3206 720 res
3265 667 3406 734 ejus.
3436 668 3594 738 Aspi-

1975 750 2128 806 ciens
2155 757 2341 806 autem
2379 751 2539 806 dator
2564 751 2742 822 campi
2780 752 2930 807 hunc
2967 767 3092 807 cum
3145 755 3468 812 muneribus
3494 757 3594 811 de-

1973 841 2124 908 ferri,
2156 841 2233 897 ait
2265 859 2278 896 :
2309 841 2420 898 Nec
2439 841 2678 913 accipias
2730 857 2940 914 quaeso,
2998 851 3186 899 sancte
3217 845 3332 914 Dei,
3367 864 3594 903 munera

1974 932 2096 1000 ejus
2125 947 2248 1002 quae
2269 947 2549 1003 nunquam
2609 931 2814 1002 cupide
2844 931 3096 1003 accipere
3127 935 3484 990 consuevisti.
3518 937 3595 991 Ne

1975 1025 2069 1091 sis,
2103 1025 2394 1096 deprecor,
2433 1024 2654 1093 adjutor
2685 1025 2827 1093 ejus,
2877 1025 2972 1096 qui
2998 1023 3373 1082 inﬂammante
3394 1043 3599 1083 concu-

1981 1115 2252 1186 piscentia
2286 1131 2467 1170 rerum
2526 1124 2744 1170 tuarum
2777 1131 3014 1187 nequam
3056 1132 3345 1187 possessor
3371 1119 3596 1175 exstitit.

1980 1207 2089 1261 Nec
2117 1207 2330 1262 distulit
2356 1213 2581 1262 sanctus
2605 1207 2798 1262 audire
2814 1222 3007 1263 vocem
3037 1209 3298 1278 pauperis
3319 1209 3404 1264 sui
3430 1228 3443 1264 :
3476 1227 3599 1265 nam

1981 1299 2148 1354 homo
2175 1299 2270 1353 ille
2297 1297 2425 1354 licet
2475 1298 2720 1354 dedisset
2785 1315 3033 1364 munera,
3091 1301 3336 1356 ostendit
3378 1308 3603 1358 sanctus

1987 1387 2204 1442 Domini
2229 1403 2290 1442 se
2319 1387 2431 1451 illa,
2466 1403 2578 1443 non
2609 1395 2946 1458 acceptasse,
2986 1388 3118 1443 dum
3146 1389 3368 1445 rediens
3397 1407 3602 1461 perva-

1987 1491 2080 1532 sor
2119 1477 2343 1532 domum
2374 1476 2558 1531 amisit
2601 1475 2879 1547 Spiritum,
2933 1483 2988 1532 et
3013 1477 3222 1548 recepit
3251 1479 3490 1534 ecclesia
3517 1496 3606 1535 res

1988 1585 2136 1625 81138.

2058 1655 2421 1729 Temporibus
2450 1657 2740 1730 Chilperici
2785 1659 3114 1714 Francorum
3146 1659 3292 1732 regis
3331 1661 3606 1716 exstitisse

336 1753 566 1824 Sepulto
587 1752 755 1826 igitur
800 1751 854 1806 in
900 1757 1320 1823 praememorata
1349 1751 1598 1814 basilica,
1634 1749 2162 1830 beatissi-Bfertur
2214 1749 2622 1816 Moderamnus,
2691 1750 3296 1821 Redonensis(Rennes)
3357 1751 3608 1808 ecclesiae

267 1843 339 1896 mi
374 1842 614 1916 Remigii
637 1856 892 1912 corpore,
933 1856 1058 1895 cum
1089 1840 1258 1895 multa
1295 1840 1681 1911 stupendaque
1713 1841 1768 1894 in
1793 1856 1890 1894 ea-

267 1932 394 1986 dem
426 1946 529 2002 per
554 1930 771 1985 Domini
827 1930 1058 2004 gratiam
1106 1929 1305 1985 fierent
1357 1930 1640 1994 miracula,
1665 1929 1889 1985 dilatata

269 2029 326 2074 et
344 2021 581 2075 exaltata
630 2027 713 2074 est
770 2020 887 2090 ipsa
936 2019 1190 2086 ecclesia,
1221 2018 1474 2090 factaque
1525 2026 1714 2090 crypta
1763 2028 1891 2089 post

264 2110 437 2164 altare
469 2109 526 2162 in
557 2124 666 2180 qua
697 2107 1090 2163 transferretur
1114 2106 1318 2182 pignus
1346 2106 1684 2162 venerabile.
1720 2107 1888 2162 Dete-

266 2206 407 2271 gunt
431 2199 600 2252 humo
639 2197 901 2260 loculum,
950 2212 1059 2267 quo
1109 2204 1476 2267 praeparatum
1509 2197 1791 2267 deponant
1834 2197 1888 2250 in

264 2298 509 2356 antrum,
531 2289 631 2343 sed
663 2289 842 2360 ipsum
866 2289 1086 2359 penitus
1115 2303 1338 2344 movere
1360 2303 1473 2343 non
1506 2296 1757 2358 possunt.
1784 2288 1889 2342 Su-

268 2378 632 2449 perveniente
671 2393 802 2433 vero
837 2385 997 2433 nocte
1023 2377 1210 2432 multis
1229 2377 1478 2432 accensis
1503 2376 1888 2439 luminaribus,

269 2469 414 2523 circa
445 2467 624 2524 noctis
651 2466 895 2521 medium
935 2481 1104 2536 scpor
1153 2466 1491 2521 excubantes
1507 2471 1741 2535 occupat
1769 2479 1892 2520 om-

272 2573 391 2612 nes.
453 2555 667 2621 Quibus
721 2553 1164 2629 evigilantibus,
1223 2555 1506 2610 invenitur
1552 2559 1895 2608 transvectus

274 2660 432 2701 sacro
487 2661 615 2701 cum
669 2645 930 2700 thesauro
974 2644 1372 2718 sarcophagus,
1413 2643 1470 2696 in
1524 2649 1893 2714 prmparatum

275 2747 404 2803 tuon
431 2735 542 2790 nisi
580 2734 838 2790 manibus
877 2733 1166 2809 angelicis)
1208 2731 1585 2787 habitaculum
1634 2732 1898 2802 deporta-

277 2835 385 2881 tus.
450 2826 730 2897 Tantaque
783 2826 967 2881 cuncti
1021 2825 1307 2896 replentur
1361 2824 1550 2880 odoris
1601 2823 1895 2889 suavitate,

280 2918 742 2990 quantamlingua
763 2933 874 2973 non
885 2917 1281 2974 valethumana
1312 2917 1623 2990 pr0palare.
1653 2916 1783 2980 Quae
1805 2916 1898 2970 de-

1990 1840 2210 1911 praesul,
2252 1838 2336 1893 vir
2361 1838 2534 1894 nobili
2567 1838 2824 1909 prosapia
2842 1838 3110 1894 oriundus
3132 1856 3145 1893 :
3170 1839 3265 1910 qui
3301 1856 3399 1910 per
3425 1840 3605 1896 licen-

1988 1932 2122 1986 tiam
2163 1929 2409 2003 praadicti
2439 1929 2587 2002 regis
2624 1929 2815 1984 limina
2841 1931 3018 1985 sancti
3046 1930 3187 1985 Petri
3221 1931 3374 1986 adire
3406 1931 3604 2004 dispo-

1990 2035 2152 2088 nens,
2175 2018 2396 2075 divertit
2450 2020 2505 2074 in
2555 2018 2952 2074 monasterium
2984 2018 3132 2074 beati
3165 2019 3398 2094 Remigii
3441 2020 3607 2076 situm

1992 2111 2046 2165 in
2077 2108 2348 2164 suburbio
2400 2107 2686 2163 Remensis
2729 2107 2901 2162 urbis.
2962 2108 3061 2162 Ubi
3118 2108 3422 2165 liberaliter
3450 2127 3480 2164 a
3508 2110 3611 2166 fra-

1989 2201 2167 2256 tribus
2187 2199 2438 2269 ejusdem
2471 2197 2578 2253 loci
2626 2207 2940 2269 susceptus,
2988 2199 3306 2270 impetravit
3346 2216 3377 2255 a
3406 2202 3611 2256 Berne-

1990 2292 2164 2347 hardo
2197 2307 2480 2346 sacrorum
2540 2291 2772 2346 custode
2820 2291 3082 2363 reliquias
3112 2292 3182 2346 de
3213 2292 3375 2359 stola,
3407 2293 3610 2362 cilicio,

1992 2389 2157 2452 atque
2205 2379 2428 2435 sudario
2494 2381 2670 2435 sancti
2727 2380 2984 2454 Remigii.
3072 2381 3282 2446 Quibus
3339 2390 3617 2456 gratanter

1993 2469 2257 2541 acceptis.
2309 2469 2415 2523 iter
2446 2468 2748 2539 inemptum
2801 2469 2957 2523 laetus
2986 2483 3178 2541 agens,
3210 2470 3342 2524 dum
3372 2479 3618 2540 permeat

1995 2562 2226 2628 Italiam,
2252 2561 2308 2615 in
2334 2569 2522 2615 monte
2546 2560 2861 2615 Bardonum
2894 2560 3131 2630 quadam
3161 2569 3322 2616 nocte
3352 2570 3614 2617 metatum

1995 2652 2227 2719 habens,
2267 2657 2600 2706 memoratas
2658 2649 2712 2704 in
2768 2649 2912 2704 ilicis
2967 2665 3118 2705 ramo
3180 2651 3618 2720 suspenditreli-

2000 2741 2178 2814 quias.
2203 2741 2450 2812 Cumque
2489 2739 2733 2795 diluculo
2783 2754 3037 2812 surgens,
3069 2738 3172 2793 iter
3207 2746 3448 2810 coeptum
3479 2741 3619 2795 arri-

1999 2836 2176 2902 peret,
2207 2831 2499 2884 immemor
2539 2829 2734 2882 harum
2763 2829 2940 2896 (nutu,
2979 2843 3082 2882 ceu
3115 2827 3378 2894 creditur,
3412 2828 3620 2896 divino)

2000 2921 2118 2976 haec
2168 2918 2376 2973 ibidem
2417 2931 2733 2972 remansere
2792 2916 3044 2990 pignora.
3101 2916 3442 2972 Procedente
3492 2932 3622 2973 vero

279 3007 892 3063 lectationisamdanitas
914 3008 971 3062 in
990 3006 1209 3074 eadem,
1242 3012 1524 3078 pertotam
1542 3005 1692 3060 diem
1723 3004 1895 3069 illam,

2002 3009 2282 3081 aliquanto
2315 3007 2534 3081 longius
2589 3004 2873 3076 episcopo,
2927 3004 3022 3059 ubi
3071 3005 3386 3060 relictarum
3415 3020 3625 3061 memor

283 3095 380 3150 sed
399 3105 457 3153 et
485 3095 543 3150 in
570 3096 828 3165 crastina,
862 3076 1256 3168 perseveravit
1275 3095 1537 3150 Ecclesia.
1599 3094 1707 3150 liae
1736 3093 1902 3169 igitur
1923 3076 1972 3102 υ
2002 3101 2066 3156 ῆι
2091 3076 2473 3172 ιῖθιίφιίειιιιιῖι,
2501 3114 2664 3153 suum
2720 3096 2902 3152 statim
2934 3096 3002 3150 ad
3036 3097 3132 3150 has
3162 3097 3508 3168 recipiendas
3539 3097 3626 3152 di-

286 3184 369 3239 die
419 3185 798 3240 translationis
851 3185 990 3254 ejus,
1042 3185 1259 3239 scilicet
1319 3182 1578 3238 Kalendis
1629 3181 1898 3247 Octobris,

278 3293 401 3332 cum
426 3277 1284 3348 divinislandibussumptzesunt
1321 3275 1571 3347 reliquiae
1598 3275 1667 3329 de
1686 3273 1904 3346 capillis

280 3367 420 3435 ejus,
484 3366 690 3431 casula,
747 3365 1038 3438 tunicaque
1089 3365 1383 3437 ipsiuszet
1435 3365 1732 3437 integrum,
1773 3363 1905 3418 licet

284 3459 642 3525 exsiccatum,
673 3474 875 3529 corpus
932 3459 1182 3526 ejusdem
1216 3458 1387 3513 rubeo
1415 3464 1628 3513 constat
1657 3456 1904 3511 brandeo

289 3547 602 3602 involutum
613 3588 626 3600 .

357 3639 454 3694 Hic
481 3640 671 3709 itaque
729 3638 887 3694 Pater
930 3638 1288 3702 reverendus,
1320 3644 1376 3692 et
1399 3637 1453 3692 in
1491 3638 1602 3692 vita
1632 3638 1905 3708 corporis,

291 3740 345 3786 et
401 3742 528 3802 post
581 3731 816 3798 obitum,
865 3731 1006 3786 sicut
1062 3730 1295 3786 inﬁrmis
1343 3731 1640 3785 sanitatum
1680 3727 1911 3803 gratiam

290 3825 548 3891 contulit,
579 3824 660 3879 sic
683 3825 752 3878 et'
778 3825 836 3878 in
866 3839 1189 3894 pervasores
1219 3824 1304 3878 vel
1339 3828 1774 3894 praesumptores
1801 3835 1911 3874 saa-

291 3914 520 3984 pissime
551 3912 750 3967 vindex
777 3913 1049 3982 apparuit.
1080 3913 1154 3968 De
1183 3927 1294 3984 quo
1324 3910 1583 3983 praefatus
1611 3909 1911 3980 episcopus

2009 3191 2137 3266 rigit
2158 3189 2442 3252 clericum,
2477 3186 2701 3242 nomine
2768 3185 3056 3240 Vulfadum
3109 3186 3225 3250 Quo
3257 3187 3323 3239 ad
3369 3187 3466 3240 has
3503 3203 3630 3257 per-

2007 3281 2288 3346 veniente,
2324 3277 2476 3333 nullo
2519 3277 2668 3332 valet
2722 3291 2816 3330 eas
2846 3275 3071 3346 ingenio
3117 3275 3460 3350 contingere,
3491 3278 3623 3330 dum

2004 3371 2245 3428 mirabili
2292 3370 2474 3444 signo,
2506 3377 2566 3423 ut
2595 3383 2689 3423 eas
2730 3367 3001 3442 attingere
3046 3367 3231 3433 vellet,
3278 3368 3628 3423 elevarentur

2005 3465 2061 3518 in
2081 3461 2341 3518 sublime.
2378 3459 2488 3514 Hoc
2519 3458 2778 3529 praefatus
2794 3457 3090 3529 episcOpus
3116 3457 3302 3512 audito
3337 3457 3628 3526 miraculo,

2006 3553 2350 3629 regrediens,
2372 3551 2429 3606 in
2460 3551 2656 3607 eodem
2686 3550 2809 3606 loco
2848 3549 2968 3604 ﬁxit
3008 3550 3305 3604 tentorium
3339 3567 3353 3615 ;
3386 3550 3486 3604 sed
3530 3565 3627 3606 re-

2011 3646 2139 3702 licta
2169 3645 2400 3719 pignora
2436 3641 2629 3696 eadem
2687 3646 2850 3695 nocte
2895 3639 3123 3694 minime
3151 3639 3320 3694 valuit
3359 3640 3627 3710 recipere,

2013 3739 2191 3795 donec
2216 3737 2358 3792 facto
2390 3751 2572 3802 mane,
2606 3736 2663 3788 in
2709 3733 3046 3789 monasterio
3077 3733 3225 3804 quod
3256 3740 3480 3788 vocatur
3498 3734 3630 3786 Ber-

2014 3836 2218 3892 cetum,
2254 3826 2309 3879 in
2351 3826 2565 3880 honore
2608 3823 2659 3878 S.
2721 3822 2963 3878 Abnndii
3019 3820 3273 3890 martyris
3312 3820 3450 3874 inibi
3490 3836 3632 3875 con-

2015 3921 2310 3980 structum,
2362 3913 2582 3966 missam
2645 3911 2952 3973 celebrans,
3003 3909 3389 3980 praedictorum
3420 3916 3631 3978 partem

290 4004 591 4078 Gregorius
611 4003 819 4058 referre
865 4003 1097 4070 studuit,
1139 4003 1288 4075 quod
1311 4020 1378 4058 ex
1410 4001 1584 4072 ipsius
1614 4001 1705 4056 hic
1729 3999 1917 4055 verbis
2017 4021 2309 4061 munerum
2349 4005 2645 4060 devoveret
2690 4002 2895 4058 ibidem
2950 4018 3010 4057 se
3069 4001 3409 4055 relicturum.
3437 4001 3635 4072 Sicque

293 4097 485 4150 indere
525 4095 734 4166 placuit
772 4094 1028 4164 (Gnaeos.
1076 4097 1231 4161 Tum,
1286 4097 1378 4149 ubi
1424 4097 1612 4162 supra)
1653 4111 1668 4146 :
1703 4113 1729 4140 α
1791 4091 1920 4146 Erat
2018 4101 2174 4166 rapta
2231 4093 2337 4149 sibi
2398 4093 2696 4165 recipiens,
2755 4091 2986 4162 impleto
3038 4089 3430 4145 venerabiliter
3486 4097 3634 4153 voto,

295 4189 442 4242 enim
476 4186 627 4241 haud
640 4187 833 4257 procul
866 4204 896 4241 a
925 4187 1154 4242 basilica
1174 4188 1308 4257 (scil.
1344 4187 1400 4242 S.
1433 4185 1686 4252 Remigii)
1710 4182 1919 4238 fundus
2025 4191 2266 4258 coeptum
2293 4183 2495 4255 repetit
2522 4182 2644 4237 iter.
2692 4181 2788 4236 Cui
2835 4181 3034 4236 obvius
3065 4179 3239 4236 factus
3273 4179 3640 4235 Luitbrandus

293 4277 491 4331 tellure
523 4275 802 4330 fecundus
841 4276 995 4346 (tales
1045 4276 1239 4332 incolae
1288 4275 1444 4330 Olcas
1501 4275 1710 4341 vocant)
1753 4278 1808 4326 et
1833 4271 1924 4327 hic
2025 4275 2484 4350 ]Luidbrandus]
2534 4275 2793 4331 Italorum
2844 4289 2938 4328 rex
2994 4282 3274 4339 strenuus,
3340 4272 3435 4344 qui
3501 4273 3642 4327 hanc

294 4366 456 4421 datus
500 4365 748 4420 basilicae
801 4367 975 4422 sancti
1024 4366 1241 4421 fuerat:
1275 4382 1440 4437 quem
1473 4386 1616 4424 unus
1647 4384 1677 4423 e
1707 4368 1922 4423 civibus
1948 4400 2001 4467 D
2028 4367 2219 4423 auditu
2271 4367 2383 4435 jam
2425 4371 2772 4434 compererat
2809 4377 3090 4418 sacrorum
3121 4361 3400 4424 virtutem,
3455 4375 3642 4416 amore

296 4455 571 4525 pervadit,
605 4454 921 4524 deSpiciens
980 4457 1259 4512 hominem
1291 4457 1387 4526 qui
1417 4473 1543 4512 eum
1577 4457 1699 4512 loco
1729 4464 1920 4512 sancto
1948 4451 1997 4467 υ
2026 4457 2084 4510 Β.
2120 4454 2352 4528 Remigii
2392 4455 2608 4519 ductus,
2679 4452 2823 4506 idem
2882 4452 3298 4518 monasterium,
3356 4451 3640 4505 Bercetum

297 4547 632 4602 contulerat.
657 4547 758 4612 Qui
788 4563 913 4602 cum
930 4547 999 4602 ab
1030 4549 1297 4620 episcopo
1328 4565 1391 4604 ac
1421 4549 1526 4604 loci
1568 4549 1769 4603 abbate
1800 4564 1923 4603 cre-

301 4639 398 4695 bro
429 4645 744 4695 conventus
781 4638 996 4706 fuisset,
1042 4648 1105 4695 ut
1156 4656 1280 4712 quae
1336 4639 1539 4709 injuste
1608 4650 1928 4711 pervaserat

302 4729 601 4783 redderet:
630 4727 1040 4799 parvipendens
1078 4729 1250 4784 verba
1278 4745 1401 4801 quae
1440 4729 1722 4796 audiebat,
1751 4729 1925 4800 perti-

305 4817 666 4887 nacidirepta
719 4816 1044 4872 defensabat
1091 4817 1420 4873 intentione.
1471 4817 1730 4890 Denique
1765 4833 1929 4872 causa

304 4910 534 4975 exstitit,
567 4918 622 4963 et
652 4923 762 4964 non
809 4909 1056 4977 devotio,
1089 4919 1149 4966 ut
1176 4910 1370 4965 urbem
1403 4910 1618 4977 adiens,
1663 4924 1930 4980 pr0pera-

309 5012 388 5058 ret
414 5003 484 5058 ad
516 5001 693 5057 sancti
749 5001 1052 5058 basilicam.
1111 5003 1372 5076 Arguitur
1401 5002 1600 5058 iterum
1625 5003 1696 5058 ab
1729 5004 1929 5058 abbate

314 5107 408 5161 pro
452 5090 1001 5161 campipervasione.
1072 5090 1180 5145 Sed
1235 5091 1375 5145 nihil
1425 5091 1654 5164 dignum
1715 5091 1928 5146 ratione

316 5183 635 5253 reSpondet.
670 5182 1061 5254 Explicitisque
1111 5183 1350 5255 negotiis
1393 5199 1622 5238 ascenso
1652 5199 1796 5254 equo
1828 5183 1930 5237 do-

317 5287 462 5326 mum
491 5271 676 5326 redire
707 5271 972 5342 disponit.
1009 5271 1116 5326 Sed
1139 5271 1322 5326 obstat
1351 5271 1498 5326 nisui
1529 5272 1649 5341 ejus
1671 5271 1931 5326 sacerdo-

314 5358 383 5412 tis
413 5360 634 5428 injuria.
667 5359 800 5414 Nam
824 5360 1102 5416 sauciatus
1130 5360 1274 5432 [ms.',
1315 5360 1562 5430 satiatus]
1587 5375 1619 5414 a
1639 5359 1929 5433 sanguine,

2027 4546 2258 4610 scilicet,
2290 4559 2415 4598 cum
2473 4542 2733 4598 omnibus
2763 4540 3104 4609 adjacentiis,
3158 4539 3421 4610 omnique
3465 4539 3641 4593 abba-

2030 4638 2126 4701 tia,
2155 4651 2379 4691 mansos
2402 4634 2752 4709 octingentos
2795 4633 2894 4704 [C.,
2921 4631 3085 4702 octo].
3112 4639 3171 4686 ut
3191 4632 3436 4700 tradunt,
3459 4631 3642 4686 conti-

2030 4728 2205 4794 nenti,
2237 4726 2460 4799 praefato
2492 4725 2711 4797 praesuli
2753 4724 3106 4780 Moderamno
3150 4722 3448 4794 delegavit,
3480 4722 3644 4792 eique

2029 4819 2084 4874 in
2109 4816 2404 4889 praesentia
2435 4815 2680 4870 fidelium
2698 4829 2950 4879 suorum,
2982 4812 3143 4886 legali
3175 4812 3243 4865 de
3273 4825 3444 4872 more,
3477 4808 3648 4863 vesti-

2027 4922 2204 4968 turam
2233 4928 2300 4967 ex
2341 4926 2425 4977 ea,
2482 4916 2536 4963 et
2587 4909 2831 4963 chartam
2885 4906 3031 4961 fecit.
3065 4906 3336 4960 Remeans
3364 4911 3547 4958 autem
3575 4901 3644 4955 ab

2028 5001 2165 5057 urbe
2205 5000 2375 5055 Roma
2395 5006 2730 5053 memoratus
2760 4995 2982 5068 prmsul,
3024 4994 3257 5050 accessit
3277 4993 3344 5047 ad
3377 5006 3648 5046 veneran-

2030 5095 2160 5147 dum
2193 5093 2252 5146 Β.
2279 5089 2514 5164 Remigii
2545 5089 2858 5160 sepulcrum
2887 5107 2898 5141 2
2931 5095 3096 5158 atque
3127 5087 3268 5142 sicut
3290 5087 3367 5140 illi
3394 5085 3645 5156 praemis—

2030 5200 2230 5238 susrex
2289 5184 2432 5236 hanc
2477 5190 2677 5236 terram
2733 5179 2975 5246 tradidit,
3028 5179 3102 5233 ita
3141 5178 3500 5234 nihilominus
3553 5177 3644 5230 ille

2030 5273 2084 5327 S.
2118 5270 2368 5344 Remigio
2419 5270 2670 5324 eamdem
2726 5268 2976 5324 contulit.
3027 5268 3225 5339 Sicque
3275 5283 3538 5338 prospere
3590 5265 3644 5317 in

2031 5381 2194 5420 suum
2215 5379 2470 5419 reversus
2499 5361 2864 5433 cpiscOpium,
2886 5375 3263 5416 successorem
3284 5359 3389 5413 sibi
3407 5355 3645 5412 ordinari

311 5451 480 5506 diruit
514 5453 570 5506 in
591 5460 791 5508 terram
825 5469 838 5516 ;
873 5451 1153 5526 obligatur
1182 5452 1374 5527 lingua
1400 5468 1523 5523 quae
1545 5452 1727 5508 locuta
1759 5451 1935 5505 fuerat
2032 5453 2182 5519 fecit,
2208 5462 2262 5508 et
2290 5453 2410 5508 vale
2459 5451 2666 5506 faciens
2715 5449 2845 5504 filiis
2892 5449 3030 5516 suis,
3061 5449 3343 5503 Bercetum
3375 5451 3649 5500 monaste-

322 5558 576 5616 campum
605 5543 724 5599 tolli
757 5561 771 5609 ;
804 5544 1138 5600 clauduntur
1165 5544 1333 5610 oculi,
1368 5544 1462 5616 qui
1493 5544 1888 5616 concupierant
1919 5558 1934 5610 ;

2035 5542 2175 5598 rium
2206 5541 2446 5614 repetiit,
2481 5550 2537 5596 ct
2582 5555 2758 5612 usque
2798 5539 2868 5593 ad
2901 5538 3088 5594 obitus
3137 5537 3218 5591 sui
3268 5535 3415 5588 diem
3443 5533 3496 5585 in
3529 5531 3650 5585 loco

315 5651 512 5693 manus
574 5636 994 5706 contrahuntur,
1043 5653 1166 5709 qua:
1226 5637 1726 5709 apprehenderant.
1785 5636 1938 5693 Tunc
2037 5633 2132 5691 illo
2161 5633 2446 5690 moderate
2461 5641 2516 5689 et
2543 5633 2800 5700 honeste,
2834 5638 2894 5686 ut
2935 5643 3128 5685 servus
3153 5626 3272 5694 Dei,
3301 5627 3652 5679 conversatus
