  <div class='ocr_page' id='page_1' title='image "/cluster/home/n/w/nwhite01/storage/ocr_20150623/135/hvd.32044054759956/041.png"; bbox 0 0 4038 6166; ppageno 0'>
   <div class='ocr_carea' id='block_1_1' title="bbox 406 257 3752 334">
    <p class='ocr_par' dir='ltr' id='par_1_1' title="bbox 406 257 3752 334">
     <span class='ocr_line' id='line_1_1' title="bbox 406 257 3752 334; baseline -0.006 0"><span class='ocrx_word' id='word_1_1' title='bbox 406 281 469 334; x_wconf 82' lang='grc'>71</span> <span class='ocrx_word' id='word_1_2' title='bbox 1482 275 1565 330; x_wconf 88' lang='lat' dir='ltr'><strong>DE</strong></span> <span class='ocrx_word' id='word_1_3' title='bbox 1604 275 1990 332; x_wconf 81' lang='lat' dir='ltr'>FLODOARDO</span> <span class='ocrx_word' id='word_1_4' title='bbox 2031 274 2355 331; x_wconf 86' lang='lat' dir='ltr'>CANONICO</span> <span class='ocrx_word' id='word_1_5' title='bbox 2394 270 2743 328; x_wconf 84' lang='lat' dir='ltr'>REMENSIS.</span> <span class='ocrx_word' id='word_1_6' title='bbox 3683 257 3752 315; x_wconf 79' lang='lat'>7‘2</span> 
     </span>
    </p>
   </div>
   <div class='ocr_carea' id='block_1_2' title="bbox 412 392 3752 476">
    <p class='ocr_par' dir='ltr' id='par_1_2' title="bbox 412 392 3752 476">
     <span class='ocr_line' id='line_1_2' title="bbox 412 392 3752 476; baseline -0.007 -13"><span class='ocrx_word' id='word_1_7' title='bbox 412 407 566 463; x_wconf 86' lang='lat' dir='ltr'>vixit.</span> <span class='ocrx_word' id='word_1_8' title='bbox 595 403 695 471; x_wconf 92' lang='lat' dir='ltr'>Qui</span> <span class='ocrx_word' id='word_1_9' title='bbox 727 419 947 476; x_wconf 92' lang='lat' dir='ltr'>quoquc</span> <span class='ocrx_word' id='word_1_10' title='bbox 979 400 1262 458; x_wconf 87' lang='lat' dir='ltr'>nonnullis</span> <span class='ocrx_word' id='word_1_11' title='bbox 1289 401 1723 472; x_wconf 89' lang='lat' dir='ltr'>deincepslocus</span> <span class='ocrx_word' id='word_1_12' title='bbox 1750 402 2030 458; x_wconf 89' lang='lat' dir='ltr'>miraculis</span> <span class='ocrx_word' id='word_1_13' title='bbox 2056 409 2102 473; x_wconf 84' lang='grc' dir='ltr'>Α</span> <span class='ocrx_word' id='word_1_14' title='bbox 2132 403 2345 473; x_wconf 90' lang='lat' dir='ltr'>broque</span> <span class='ocrx_word' id='word_1_15' title='bbox 2387 401 2561 472; x_wconf 88' lang='lat' dir='ltr'>ipsius</span> <span class='ocrx_word' id='word_1_16' title='bbox 2599 400 2655 452; x_wconf 90' lang='lat' dir='ltr'>in</span> <span class='ocrx_word' id='word_1_17' title='bbox 2709 407 2909 453; x_wconf 91' lang='lat' dir='ltr'>terram</span> <span class='ocrx_word' id='word_1_18' title='bbox 2964 392 3270 457; x_wconf 86' lang='lat' dir='ltr'>defluente,</span> <span class='ocrx_word' id='word_1_19' title='bbox 3338 396 3587 445; x_wconf 90' lang='lat' dir='ltr'>mortuus</span> <span class='ocrx_word' id='word_1_20' title='bbox 3643 396 3752 442; x_wconf 91' lang='lat' dir='ltr'>est.</span> 
     </span>
    </p>
   </div>
   <div class='ocr_carea' id='block_1_3' title="bbox 417 496 955 554">
    <p class='ocr_par' dir='ltr' id='par_1_3' title="bbox 417 496 955 554">
     <span class='ocr_line' id='line_1_3' title="bbox 417 496 955 554; baseline -0.009 -2"><span class='ocrx_word' id='word_1_21' title='bbox 417 499 718 554; x_wconf 79' lang='lat' dir='ltr'>illustratus</span> <span class='ocrx_word' id='word_1_22' title='bbox 746 496 955 550; x_wconf 90' lang='lat' dir='ltr'>claruit.</span> 
     </span>
    </p>
   </div>
   <div class='ocr_carea' id='block_1_4' title="bbox 485 583 2030 655">
    <p class='ocr_par' dir='ltr' id='par_1_4' title="bbox 485 583 2030 655">
     <span class='ocr_line' id='line_1_4' title="bbox 485 583 2030 655; baseline -0.005 -10"><span class='ocrx_word' id='word_1_23' title='bbox 485 591 746 644; x_wconf 87' lang='lat' dir='ltr'>Processu</span> <span class='ocrx_word' id='word_1_24' title='bbox 782 586 1024 655; x_wconf 89' lang='lat' dir='ltr'>denique</span> <span class='ocrx_word' id='word_1_25' title='bbox 1085 583 1350 653; x_wconf 91' lang='lat' dir='ltr'>temporis</span> <span class='ocrx_word' id='word_1_26' title='bbox 1396 583 1666 654; x_wconf 90' lang='lat' dir='ltr'>Pippinus</span> <span class='ocrx_word' id='word_1_27' title='bbox 1707 599 1819 649; x_wconf 82' lang='lat' dir='ltr'>rex,</span> <span class='ocrx_word' id='word_1_28' title='bbox 1852 584 2030 639; x_wconf 87' lang='lat' dir='ltr'>Karoli</span> 
     </span>
    </p>
   </div>
   <div class='ocr_carea' id='block_1_5' title="bbox 411 671 2032 749">
    <p class='ocr_par' dir='ltr' id='par_1_5' title="bbox 411 671 2032 749">
     <span class='ocr_line' id='line_1_5' title="bbox 411 671 2032 749; baseline -0.004 -17"><span class='ocrx_word' id='word_1_29' title='bbox 411 677 587 749; x_wconf 80' lang='lat' dir='ltr'>Magni</span> <span class='ocrx_word' id='word_1_30' title='bbox 621 683 796 746; x_wconf 88' lang='lat' dir='ltr'>pater,</span> <span class='ocrx_word' id='word_1_31' title='bbox 829 672 1098 743; x_wconf 89' lang='lat' dir='ltr'>episc0pii</span> <span class='ocrx_word' id='word_1_32' title='bbox 1133 671 1514 726; x_wconf 87' lang='lat' dir='ltr'>Laudunensis</span> <span class='ocrx_word' id='word_1_33' title='bbox 1560 671 1765 739; x_wconf 91' lang='lat' dir='ltr'>villam,</span> <span class='ocrx_word' id='word_1_34' title='bbox 1799 688 1921 744; x_wconf 64' lang='lat' dir='ltr'>quae</span> <span class='ocrx_word' id='word_1_35' title='bbox 1945 671 2032 726; x_wconf 87' lang='lat' dir='ltr'>di-</span> 
     </span>
    </p>
   </div>
   <div class='ocr_carea' id='block_1_6' title="bbox 409 763 2029 834">
    <p class='ocr_par' dir='ltr' id='par_1_6' title="bbox 409 763 2029 834">
     <span class='ocr_line' id='line_1_6' title="bbox 409 763 2029 834; baseline -0.002 -12"><span class='ocrx_word' id='word_1_36' title='bbox 409 769 552 822; x_wconf 91' lang='lat' dir='ltr'>citur</span> <span class='ocrx_word' id='word_1_37' title='bbox 602 765 905 827; x_wconf 89' lang='lat' dir='ltr'>Anisiacus,</span> <span class='ocrx_word' id='word_1_38' title='bbox 955 763 1210 833; x_wconf 88' lang='lat' dir='ltr'>accipere</span> <span class='ocrx_word' id='word_1_39' title='bbox 1269 763 1424 817; x_wconf 93' lang='lat' dir='ltr'>nisus</span> <span class='ocrx_word' id='word_1_40' title='bbox 1471 763 1626 834; x_wconf 89' lang='lat' dir='ltr'>quasi</span> <span class='ocrx_word' id='word_1_41' title='bbox 1684 763 1787 817; x_wconf 92' lang='lat' dir='ltr'>sub</span> <span class='ocrx_word' id='word_1_42' title='bbox 1839 779 2029 830; x_wconf 87' lang='lat' dir='ltr'>censu,</span> 
     </span>
    </p>
   </div>
   <div class='ocr_carea' id='block_1_7' title="bbox 409 849 2030 924">
    <p class='ocr_par' dir='ltr' id='par_1_7' title="bbox 409 849 2030 924">
     <span class='ocr_line' id='line_1_7' title="bbox 409 849 2030 924; baseline -0.003 -15"><span class='ocrx_word' id='word_1_43' title='bbox 409 856 557 909; x_wconf 92' lang='lat' dir='ltr'>velut</span> <span class='ocrx_word' id='word_1_44' title='bbox 578 854 713 908; x_wconf 88' lang='lat' dir='ltr'>alias</span> <span class='ocrx_word' id='word_1_45' title='bbox 743 853 1008 924; x_wconf 88' lang='lat' dir='ltr'>quasdam</span> <span class='ocrx_word' id='word_1_46' title='bbox 1053 851 1278 905; x_wconf 78' lang='lat' dir='ltr'>fecerat.</span> <span class='ocrx_word' id='word_1_47' title='bbox 1320 850 1471 905; x_wconf 87' lang='lat' dir='ltr'>venit</span> <span class='ocrx_word' id='word_1_48' title='bbox 1522 851 1576 906; x_wconf 91' lang='lat' dir='ltr'>in</span> <span class='ocrx_word' id='word_1_49' title='bbox 1623 866 1765 918; x_wconf 88' lang='lat' dir='ltr'>eam,</span> <span class='ocrx_word' id='word_1_50' title='bbox 1790 849 1884 904; x_wconf 89' lang='lat' dir='ltr'>ubi</span> <span class='ocrx_word' id='word_1_51' title='bbox 1906 867 2030 905; x_wconf 91' lang='lat' dir='ltr'>cum</span> 
     </span>
    </p>
   </div>
   <div class='ocr_carea' id='block_1_8' title="bbox 411 942 2031 1017">
    <p class='ocr_par' dir='ltr' id='par_1_8' title="bbox 411 942 2031 1017">
     <span class='ocr_line' id='line_1_8' title="bbox 411 942 2031 1017; baseline -0.003 -16"><span class='ocrx_word' id='word_1_52' title='bbox 411 947 698 1012; x_wconf 89' lang='lat' dir='ltr'>dormiret,</span> <span class='ocrx_word' id='word_1_53' title='bbox 722 944 980 1016; x_wconf 80' lang='lat' dir='ltr'>apparuit</span> <span class='ocrx_word' id='word_1_54' title='bbox 1010 943 1060 997; x_wconf 93' lang='lat' dir='ltr'>ei</span> <span class='ocrx_word' id='word_1_55' title='bbox 1082 943 1135 996; x_wconf 95' lang='grc'>8.</span> <span class='ocrx_word' id='word_1_56' title='bbox 1169 942 1470 1017; x_wconf 81' lang='lat' dir='ltr'>Remigius,</span> <span class='ocrx_word' id='word_1_57' title='bbox 1523 943 1715 997; x_wconf 89' lang='lat' dir='ltr'>dicens</span> <span class='ocrx_word' id='word_1_58' title='bbox 1749 960 1761 996; x_wconf 93' lang='lat'>:</span> <span class='ocrx_word' id='word_1_59' title='bbox 1795 945 1875 997; x_wconf 91' lang='lat' dir='ltr'>Tu</span> <span class='ocrx_word' id='word_1_60' title='bbox 1899 945 2031 1012; x_wconf 85' lang='lat' dir='ltr'>quid</span> 
     </span>
    </p>
   </div>
   <div class='ocr_carea' id='block_1_9' title="bbox 411 1034 2032 1106">
    <p class='ocr_par' dir='ltr' id='par_1_9' title="bbox 411 1034 2032 1106">
     <span class='ocr_line' id='line_1_9' title="bbox 411 1034 2032 1106; baseline -0.001 -18"><span class='ocrx_word' id='word_1_61' title='bbox 411 1041 498 1092; x_wconf 83' lang='lat' dir='ltr'>hic</span> <span class='ocrx_word' id='word_1_62' title='bbox 520 1038 666 1106; x_wconf 80' lang='lat' dir='ltr'>jacis</span> <span class='ocrx_word' id='word_1_63' title='bbox 690 1040 717 1090; x_wconf 86' lang='lat'><strong><em>?</em></strong></span> <span class='ocrx_word' id='word_1_64' title='bbox 746 1037 921 1102; x_wconf 80' lang='lat' dir='ltr'>Quare</span> <span class='ocrx_word' id='word_1_65' title='bbox 948 1039 1007 1089; x_wconf 83' lang='lat' dir='ltr'>in</span> <span class='ocrx_word' id='word_1_66' title='bbox 1041 1036 1177 1089; x_wconf 87' lang='lat' dir='ltr'>hanc</span> <span class='ocrx_word' id='word_1_67' title='bbox 1207 1037 1396 1088; x_wconf 83' lang='lat' dir='ltr'>villam</span> <span class='ocrx_word' id='word_1_68' title='bbox 1422 1037 1668 1098; x_wconf 76' lang='lat' dir='ltr'>intrasti,</span> <span class='ocrx_word' id='word_1_69' title='bbox 1704 1050 1869 1104; x_wconf 90' lang='lat' dir='ltr'>quam</span> <span class='ocrx_word' id='word_1_70' title='bbox 1896 1034 2032 1088; x_wconf 88' lang='lat' dir='ltr'>mihi</span> 
     </span>
    </p>
   </div>
   <div class='ocr_carea' id='block_1_10' title="bbox 413 1123 2032 1193">
    <p class='ocr_par' dir='ltr' id='par_1_10' title="bbox 413 1123 2032 1193">
     <span class='ocr_line' id='line_1_10' title="bbox 413 1123 2032 1193; baseline -0.002 -13"><span class='ocrx_word' id='word_1_71' title='bbox 413 1129 564 1181; x_wconf 91' lang='lat' dir='ltr'>homo</span> <span class='ocrx_word' id='word_1_72' title='bbox 595 1131 642 1180; x_wconf 88' lang='lat' dir='ltr'>te</span> <span class='ocrx_word' id='word_1_73' title='bbox 671 1126 908 1178; x_wconf 75' lang='lat' dir='ltr'>devotior</span> <span class='ocrx_word' id='word_1_74' title='bbox 944 1124 1112 1188; x_wconf 75' lang='lat' dir='ltr'>dedit,</span> <span class='ocrx_word' id='word_1_75' title='bbox 1143 1127 1191 1178; x_wconf 86' lang='lat' dir='ltr'>et</span> <span class='ocrx_word' id='word_1_76' title='bbox 1240 1139 1403 1193; x_wconf 91' lang='lat' dir='ltr'>quam</span> <span class='ocrx_word' id='word_1_77' title='bbox 1433 1139 1524 1190; x_wconf 82' lang='lat' dir='ltr'>ego</span> <span class='ocrx_word' id='word_1_78' title='bbox 1556 1123 1783 1177; x_wconf 71' lang='lat' dir='ltr'>ecclesiae</span> <span class='ocrx_word' id='word_1_79' title='bbox 1804 1123 2032 1177; x_wconf 71' lang='lat' dir='ltr'>domina:</span> 
     </span>
    </p>
   </div>
   <div class='ocr_carea' id='block_1_11' title="bbox 415 1213 2030 1286">
    <p class='ocr_par' dir='ltr' id='par_1_11' title="bbox 415 1213 2030 1286">
     <span class='ocr_line' id='line_1_11' title="bbox 415 1213 2030 1286; baseline -0.001 -16"><span class='ocrx_word' id='word_1_80' title='bbox 415 1234 540 1273; x_wconf 66' lang='lat' dir='ltr'>meat</span> <span class='ocrx_word' id='word_1_81' title='bbox 568 1220 665 1272; x_wconf 90' lang='lat' dir='ltr'>Dei</span> <span class='ocrx_word' id='word_1_82' title='bbox 695 1218 980 1273; x_wconf 77' lang='lat' dir='ltr'>Genitricis</span> <span class='ocrx_word' id='word_1_83' title='bbox 1018 1216 1222 1270; x_wconf 79' lang='lat' dir='ltr'>donavi</span> <span class='ocrx_word' id='word_1_84' title='bbox 1253 1218 1281 1269; x_wconf 85' lang='lat'><strong><em>?</em></strong></span> <span class='ocrx_word' id='word_1_85' title='bbox 1309 1224 1364 1269; x_wconf 90' lang='lat' dir='ltr'>et</span> <span class='ocrx_word' id='word_1_86' title='bbox 1405 1213 1700 1286; x_wconf 83' lang='lat' dir='ltr'>flagellavit</span> <span class='ocrx_word' id='word_1_87' title='bbox 1729 1229 1856 1269; x_wconf 92' lang='lat' dir='ltr'>eum</span> <span class='ocrx_word' id='word_1_88' title='bbox 1899 1213 2030 1268; x_wconf 91' lang='lat' dir='ltr'>satis</span> 
     </span>
    </p>
   </div>
   <div class='ocr_carea' id='block_1_12' title="bbox 413 1305 2028 1376">
    <p class='ocr_par' dir='ltr' id='par_1_12' title="bbox 413 1305 2028 1376">
     <span class='ocr_line' id='line_1_12' title="bbox 413 1305 2028 1376; baseline -0.003 -13"><span class='ocrx_word' id='word_1_89' title='bbox 413 1309 628 1372; x_wconf 88' lang='lat' dir='ltr'>acriter,</span> <span class='ocrx_word' id='word_1_90' title='bbox 659 1309 730 1362; x_wconf 87' lang='lat' dir='ltr'>ita</span> <span class='ocrx_word' id='word_1_91' title='bbox 759 1314 818 1362; x_wconf 92' lang='lat' dir='ltr'>ut</span> <span class='ocrx_word' id='word_1_92' title='bbox 855 1307 1056 1360; x_wconf 89' lang='lat' dir='ltr'>livores</span> <span class='ocrx_word' id='word_1_93' title='bbox 1095 1306 1149 1359; x_wconf 94' lang='lat' dir='ltr'>in</span> <span class='ocrx_word' id='word_1_94' title='bbox 1181 1305 1299 1372; x_wconf 88' lang='lat' dir='ltr'>ejus</span> <span class='ocrx_word' id='word_1_95' title='bbox 1355 1312 1547 1375; x_wconf 85' lang='lat' dir='ltr'>postea</span> <span class='ocrx_word' id='word_1_96' title='bbox 1589 1320 1822 1376; x_wconf 89' lang='lat' dir='ltr'>corpore</span> <span class='ocrx_word' id='word_1_97' title='bbox 1866 1321 2028 1375; x_wconf 87' lang='lat' dir='ltr'>parc-</span> 
     </span>
    </p>
   </div>
   <div class='ocr_carea' id='block_1_13' title="bbox 413 1393 2030 1468">
    <p class='ocr_par' dir='ltr' id='par_1_13' title="bbox 413 1393 2030 1468">
     <span class='ocr_line' id='line_1_13' title="bbox 413 1393 2030 1468; baseline -0.004 -16"><span class='ocrx_word' id='word_1_98' title='bbox 413 1405 552 1452; x_wconf 89' lang='lat' dir='ltr'>rent.</span> <span class='ocrx_word' id='word_1_99' title='bbox 585 1399 648 1451; x_wconf 86' lang='lat' dir='ltr'>At</span> <span class='ocrx_word' id='word_1_100' title='bbox 669 1396 763 1451; x_wconf 94' lang='lat' dir='ltr'>ubi</span> <span class='ocrx_word' id='word_1_101' title='bbox 817 1395 1088 1466; x_wconf 82' lang='lat' dir='ltr'>disparuit</span> <span class='ocrx_word' id='word_1_102' title='bbox 1127 1395 1186 1448; x_wconf 88' lang='grc' dir='ltr'>Β.</span> <span class='ocrx_word' id='word_1_103' title='bbox 1224 1393 1523 1468; x_wconf 88' lang='lat' dir='ltr'>Remigius,</span> <span class='ocrx_word' id='word_1_104' title='bbox 1573 1393 1811 1448; x_wconf 88' lang='lat' dir='ltr'>surrexit</span> <span class='ocrx_word' id='word_1_105' title='bbox 1840 1393 2030 1464; x_wconf 92' lang='lat' dir='ltr'>Pippi-</span> 
     </span>
    </p>
   </div>
   <div class='ocr_carea' id='block_1_14' title="bbox 414 1481 2033 1554">
    <p class='ocr_par' dir='ltr' id='par_1_14' title="bbox 414 1481 2033 1554">
     <span class='ocr_line' id='line_1_14' title="bbox 414 1481 2033 1554; baseline -0.002 -14"><span class='ocrx_word' id='word_1_106' title='bbox 414 1501 537 1552; x_wconf 86' lang='lat' dir='ltr'>nus,</span> <span class='ocrx_word' id='word_1_107' title='bbox 568 1492 930 1554; x_wconf 90' lang='lat' dir='ltr'>etcorruptus</span> <span class='ocrx_word' id='word_1_108' title='bbox 981 1482 1161 1538; x_wconf 86' lang='lat' dir='ltr'>valida</span> <span class='ocrx_word' id='word_1_109' title='bbox 1202 1481 1376 1546; x_wconf 89' lang='lat' dir='ltr'>febre,</span> <span class='ocrx_word' id='word_1_110' title='bbox 1436 1481 1765 1553; x_wconf 86' lang='lat' dir='ltr'>quantocius</span> <span class='ocrx_word' id='word_1_111' title='bbox 1812 1481 1882 1536; x_wconf 88' lang='lat' dir='ltr'>ab</span> <span class='ocrx_word' id='word_1_112' title='bbox 1914 1481 2033 1551; x_wconf 90' lang='lat' dir='ltr'>ipsa</span> 
     </span>
    </p>
   </div>
   <div class='ocr_carea' id='block_1_15' title="bbox 411 1571 2033 1646">
    <p class='ocr_par' dir='ltr' id='par_1_15' title="bbox 411 1571 2033 1646">
     <span class='ocr_line' id='line_1_15' title="bbox 411 1571 2033 1646; baseline 0 -18"><span class='ocrx_word' id='word_1_113' title='bbox 411 1577 540 1632; x_wconf 92' lang='lat' dir='ltr'>villa</span> <span class='ocrx_word' id='word_1_114' title='bbox 557 1576 804 1632; x_wconf 83' lang='lat' dir='ltr'>recessit.</span> <span class='ocrx_word' id='word_1_115' title='bbox 839 1576 911 1630; x_wconf 89' lang='lat' dir='ltr'>De</span> <span class='ocrx_word' id='word_1_116' title='bbox 942 1592 1050 1646; x_wconf 90' lang='lat' dir='ltr'>qua</span> <span class='ocrx_word' id='word_1_117' title='bbox 1071 1575 1225 1629; x_wconf 85' lang='lat' dir='ltr'>febre</span> <span class='ocrx_word' id='word_1_118' title='bbox 1255 1589 1364 1628; x_wconf 91' lang='lat' dir='ltr'>non</span> <span class='ocrx_word' id='word_1_119' title='bbox 1387 1587 1556 1644; x_wconf 86' lang='lat' dir='ltr'>parvo</span> <span class='ocrx_word' id='word_1_120' title='bbox 1583 1583 1834 1644; x_wconf 90' lang='lat' dir='ltr'>tempore</span> <span class='ocrx_word' id='word_1_121' title='bbox 1880 1571 2033 1628; x_wconf 88' lang='lat' dir='ltr'>labo-</span> 
     </span>
    </p>
   </div>
   <div class='ocr_carea' id='block_1_16' title="bbox 2135 487 3752 560">
    <p class='ocr_par' dir='ltr' id='par_1_16' title="bbox 2135 487 3752 560">
     <span class='ocr_line' id='line_1_16' title="bbox 2135 487 3752 560; baseline -0.01 -13"><span class='ocrx_word' id='word_1_122' title='bbox 2135 493 2321 546; x_wconf 84' lang='lat' dir='ltr'>Frater</span> <span class='ocrx_word' id='word_1_123' title='bbox 2345 505 2476 545; x_wconf 90' lang='lat' dir='ltr'>vero</span> <span class='ocrx_word' id='word_1_124' title='bbox 2500 489 2673 560; x_wconf 90' lang='lat' dir='ltr'>ipsius</span> <span class='ocrx_word' id='word_1_125' title='bbox 2726 487 2781 540; x_wconf 92' lang='lat' dir='ltr'>in</span> <span class='ocrx_word' id='word_1_126' title='bbox 2827 487 3051 540; x_wconf 86' lang='lat' dir='ltr'>alteram</span> <span class='ocrx_word' id='word_1_127' title='bbox 3085 497 3324 553; x_wconf 89' lang='lat' dir='ltr'>pergens</span> <span class='ocrx_word' id='word_1_128' title='bbox 3356 487 3590 551; x_wconf 86' lang='lat' dir='ltr'>partem,</span> <span class='ocrx_word' id='word_1_129' title='bbox 3621 496 3752 549; x_wconf 85' lang='lat' dir='ltr'>per-</span> 
     </span>
    </p>
   </div>
   <div class='ocr_carea' id='block_1_17' title="bbox 2134 572 3746 650">
    <p class='ocr_par' dir='ltr' id='par_1_17' title="bbox 2134 572 3746 650">
     <span class='ocr_line' id='line_1_17' title="bbox 2134 572 3746 650; baseline -0.01 -14"><span class='ocrx_word' id='word_1_130' title='bbox 2134 583 2283 636; x_wconf 87' lang='lat' dir='ltr'>venit</span> <span class='ocrx_word' id='word_1_131' title='bbox 2311 581 2379 634; x_wconf 91' lang='lat' dir='ltr'>ad</span> <span class='ocrx_word' id='word_1_132' title='bbox 2421 579 2716 650; x_wconf 88' lang='lat' dir='ltr'>quamdam</span> <span class='ocrx_word' id='word_1_133' title='bbox 2755 583 2989 647; x_wconf 83' lang='lat' dir='ltr'>petram,</span> <span class='ocrx_word' id='word_1_134' title='bbox 3011 574 3205 628; x_wconf 90' lang='lat' dir='ltr'>dicens</span> <span class='ocrx_word' id='word_1_135' title='bbox 3239 590 3250 625; x_wconf 93' lang='lat'>:</span> <span class='ocrx_word' id='word_1_136' title='bbox 3286 572 3541 626; x_wconf 81' lang='lat' dir='ltr'>Omnibus</span> <span class='ocrx_word' id='word_1_137' title='bbox 3563 574 3746 622; x_wconf 83' lang='lat' dir='ltr'>notum</span> 
     </span>
    </p>
   </div>
   <div class='ocr_carea' id='block_1_18' title="bbox 2134 661 3750 758">
    <p class='ocr_par' dir='ltr' id='par_1_18' title="bbox 2134 661 3750 758">
     <span class='ocr_line' id='line_1_18' title="bbox 2134 661 3750 758; baseline -0.011 -32"><span class='ocrx_word' id='word_1_138' title='bbox 2134 674 2227 739; x_wconf 86' lang='lat' dir='ltr'>sit,</span> <span class='ocrx_word' id='word_1_139' title='bbox 2249 673 2381 740; x_wconf 82' lang='lat' dir='ltr'>quia</span> <span class='ocrx_word' id='word_1_140' title='bbox 2408 685 2575 739; x_wconf 81' lang='lat' dir='ltr'>usque</span> <span class='ocrx_word' id='word_1_141' title='bbox 2603 669 2677 722; x_wconf 89' lang='lat' dir='ltr'>ad</span> <span class='ocrx_word' id='word_1_142' title='bbox 2705 669 2842 721; x_wconf 84' lang='lat' dir='ltr'>hanc</span> <span class='ocrx_word' id='word_1_143' title='bbox 2876 670 3088 734; x_wconf 79' lang='lat' dir='ltr'>petram</span> <span class='ocrx_word' id='word_1_144' title='bbox 3101 667 3176 717; x_wconf 90' lang='lat' dir='ltr'>est</span> <span class='ocrx_word' id='word_1_145' title='bbox 3207 666 3316 715; x_wconf 86' lang='lat' dir='ltr'>ista</span> <span class='ocrx_word' id='word_1_146' title='bbox 3346 661 3484 713; x_wconf 78' lang='lat' dir='ltr'>silva</span> <span class='ocrx_word' id='word_1_147' title='bbox 3512 662 3750 758; x_wconf 56' lang='lat' dir='ltr'>impera-</span> 
     </span>
    </p>
   </div>
   <div class='ocr_carea' id='block_1_19' title="bbox 2135 750 3744 830">
    <p class='ocr_par' dir='ltr' id='par_1_19' title="bbox 2135 750 3744 830">
     <span class='ocr_line' id='line_1_19' title="bbox 2135 750 3744 830; baseline -0.009 -16"><span class='ocrx_word' id='word_1_148' title='bbox 2135 763 2264 815; x_wconf 83' lang='lat' dir='ltr'>toris</span> <span class='ocrx_word' id='word_1_149' title='bbox 2296 778 2309 813; x_wconf 88' lang='lat'><strong>:</strong></span> <span class='ocrx_word' id='word_1_150' title='bbox 2347 775 2524 830; x_wconf 90' lang='lat' dir='ltr'>eoque</span> <span class='ocrx_word' id='word_1_151' title='bbox 2555 758 2635 812; x_wconf 92' lang='lat' dir='ltr'>sic</span> <span class='ocrx_word' id='word_1_152' title='bbox 2680 755 2920 827; x_wconf 89' lang='lat' dir='ltr'>lapidem</span> <span class='ocrx_word' id='word_1_153' title='bbox 2958 769 3080 808; x_wconf 93' lang='lat' dir='ltr'>cum</span> <span class='ocrx_word' id='word_1_154' title='bbox 3112 752 3257 805; x_wconf 92' lang='lat' dir='ltr'>dicto</span> <span class='ocrx_word' id='word_1_155' title='bbox 3298 750 3548 820; x_wconf 87' lang='lat' dir='ltr'>bipenni,</span> <span class='ocrx_word' id='word_1_156' title='bbox 3580 763 3744 819; x_wconf 87' lang='lat' dir='ltr'>quam</span> 
     </span>
    </p>
   </div>
   <div class='ocr_carea' id='block_1_20' title="bbox 2133 839 3751 924">
    <p class='ocr_par' dir='ltr' id='par_1_20' title="bbox 2133 839 3751 924">
     <span class='ocr_line' id='line_1_20' title="bbox 2133 839 3751 924; baseline -0.009 -18"><span class='ocrx_word' id='word_1_157' title='bbox 2133 867 2298 906; x_wconf 92' lang='lat' dir='ltr'>manu</span> <span class='ocrx_word' id='word_1_158' title='bbox 2325 850 2592 924; x_wconf 82' lang='lat' dir='ltr'>gestabat,</span> <span class='ocrx_word' id='word_1_159' title='bbox 2637 846 3000 919; x_wconf 88' lang='lat' dir='ltr'>percutiente,</span> <span class='ocrx_word' id='word_1_160' title='bbox 3053 843 3165 898; x_wconf 85' lang='lat' dir='ltr'>saxi</span> <span class='ocrx_word' id='word_1_161' title='bbox 3199 841 3481 913; x_wconf 71' lang='lat' dir='ltr'>particula:</span> <span class='ocrx_word' id='word_1_162' title='bbox 3533 841 3587 893; x_wconf 90' lang='lat' dir='ltr'>in</span> <span class='ocrx_word' id='word_1_163' title='bbox 3629 839 3751 907; x_wconf 82' lang='lat' dir='ltr'>ejus</span> 
     </span>
    </p>
   </div>
   <div class='ocr_carea' id='block_1_21' title="bbox 2132 931 3747 1013">
    <p class='ocr_par' dir='ltr' id='par_1_21' title="bbox 2132 931 3747 1013">
     <span class='ocr_line' id='line_1_21' title="bbox 2132 931 3747 1013; baseline -0.01 -14"><span class='ocrx_word' id='word_1_164' title='bbox 2132 943 2323 999; x_wconf 89' lang='lat' dir='ltr'>oculos</span> <span class='ocrx_word' id='word_1_165' title='bbox 2349 943 2416 997; x_wconf 91' lang='lat' dir='ltr'>ab</span> <span class='ocrx_word' id='word_1_166' title='bbox 2448 943 2568 1013; x_wconf 89' lang='lat' dir='ltr'>ipso</span> <span class='ocrx_word' id='word_1_167' title='bbox 2603 939 2918 1012; x_wconf 91' lang='lat' dir='ltr'>prosiliunt,</span> <span class='ocrx_word' id='word_1_168' title='bbox 2961 944 3016 991; x_wconf 92' lang='lat' dir='ltr'>et</span> <span class='ocrx_word' id='word_1_169' title='bbox 3047 951 3223 991; x_wconf 65' lang='lat' dir='ltr'>caecus</span> <span class='ocrx_word' id='word_1_170' title='bbox 3241 932 3483 990; x_wconf 83' lang='lat' dir='ltr'>officitur</span> <span class='ocrx_word' id='word_1_171' title='bbox 3510 950 3524 996; x_wconf 86' lang='lat'><strong>;</strong></span> <span class='ocrx_word' id='word_1_172' title='bbox 3557 931 3747 1002; x_wconf 89' lang='lat' dir='ltr'>sicque</span> 
     </span>
    </p>
   </div>
   <div class='ocr_carea' id='block_1_22' title="bbox 2133 1026 3749 1106">
    <p class='ocr_par' dir='ltr' id='par_1_22' title="bbox 2133 1026 3749 1106">
     <span class='ocr_line' id='line_1_22' title="bbox 2133 1026 3749 1106; baseline -0.009 -15"><span class='ocrx_word' id='word_1_173' title='bbox 2133 1035 2583 1106; x_wconf 70' lang='lat' dir='ltr'>praesumptionis</span> <span class='ocrx_word' id='word_1_174' title='bbox 2633 1041 2862 1103; x_wconf 91' lang='lat' dir='ltr'>uterque</span> <span class='ocrx_word' id='word_1_175' title='bbox 2892 1029 3206 1084; x_wconf 88' lang='lat' dir='ltr'>mercedem</span> <span class='ocrx_word' id='word_1_176' title='bbox 3245 1026 3475 1097; x_wconf 87' lang='lat' dir='ltr'>recepit,</span> <span class='ocrx_word' id='word_1_177' title='bbox 3507 1032 3560 1078; x_wconf 91' lang='lat' dir='ltr'>et</span> <span class='ocrx_word' id='word_1_178' title='bbox 3589 1039 3749 1077; x_wconf 90' lang='lat' dir='ltr'>men-</span> 
     </span>
    </p>
   </div>
   <div class='ocr_carea' id='block_1_23' title="bbox 2131 1124 2411 1180">
    <p class='ocr_par' dir='ltr' id='par_1_23' title="bbox 2131 1124 2411 1180">
     <span class='ocr_line' id='line_1_23' title="bbox 2131 1124 2411 1180; baseline 0 -2"><span class='ocrx_word' id='word_1_179' title='bbox 2131 1124 2273 1180; x_wconf 89' lang='lat' dir='ltr'>dacii</span> <span class='ocrx_word' id='word_1_180' title='bbox 2305 1124 2411 1179; x_wconf 91' lang='lat' dir='ltr'>sui.</span> 
     </span>
    </p>
   </div>
   <div class='ocr_carea' id='block_1_24' title="bbox 2203 1201 3746 1278">
    <p class='ocr_par' dir='ltr' id='par_1_24' title="bbox 2203 1201 3746 1278">
     <span class='ocr_line' id='line_1_24' title="bbox 2203 1201 3746 1278; baseline -0.01 -9"><span class='ocrx_word' id='word_1_181' title='bbox 2203 1213 2433 1278; x_wconf 87' lang='lat' dir='ltr'>Quidam</span> <span class='ocrx_word' id='word_1_182' title='bbox 2473 1213 2556 1267; x_wconf 87' lang='lat' dir='ltr'>vir</span> <span class='ocrx_word' id='word_1_183' title='bbox 2596 1210 2799 1266; x_wconf 89' lang='lat' dir='ltr'>nobilis</span> <span class='ocrx_word' id='word_1_184' title='bbox 2857 1225 2922 1263; x_wconf 93' lang='lat' dir='ltr'>cx</span> <span class='ocrx_word' id='word_1_185' title='bbox 2983 1205 3259 1262; x_wconf 89' lang='lat' dir='ltr'>territorio</span> <span class='ocrx_word' id='word_1_186' title='bbox 3294 1201 3640 1267; x_wconf 89' lang='lat' dir='ltr'>Niverncnsi,</span> <span class='ocrx_word' id='word_1_187' title='bbox 3689 1201 3746 1254; x_wconf 95' lang='lat' dir='ltr'>B.</span> 
     </span>
    </p>
   </div>
   <div class='ocr_carea' id='block_1_25' title="bbox 2132 1291 3748 1377">
    <p class='ocr_par' dir='ltr' id='par_1_25' title="bbox 2132 1291 3748 1377">
     <span class='ocr_line' id='line_1_25' title="bbox 2132 1291 3748 1377; baseline -0.011 -17"><span class='ocrx_word' id='word_1_188' title='bbox 2132 1305 2364 1377; x_wconf 80' lang='lat' dir='ltr'>Remigii</span> <span class='ocrx_word' id='word_1_189' title='bbox 2388 1303 2638 1374; x_wconf 90' lang='lat' dir='ltr'>reliquiis</span> <span class='ocrx_word' id='word_1_190' title='bbox 2665 1300 2928 1366; x_wconf 86' lang='lat' dir='ltr'>obtentis,</span> <span class='ocrx_word' id='word_1_191' title='bbox 2949 1299 3246 1354; x_wconf 87' lang='lat' dir='ltr'>oratorium</span> <span class='ocrx_word' id='word_1_192' title='bbox 3281 1297 3336 1350; x_wconf 93' lang='lat' dir='ltr'>in</span> <span class='ocrx_word' id='word_1_193' title='bbox 3359 1312 3459 1350; x_wconf 90' lang='lat' dir='ltr'>sua</span> <span class='ocrx_word' id='word_1_194' title='bbox 3490 1291 3748 1365; x_wconf 86' lang='lat' dir='ltr'>proprie-</span> 
     </span>
    </p>
   </div>
   <div class='ocr_carea' id='block_1_26' title="bbox 2132 1384 3749 1466">
    <p class='ocr_par' dir='ltr' id='par_1_26' title="bbox 2132 1384 3749 1466">
     <span class='ocr_line' id='line_1_26' title="bbox 2132 1384 3749 1466; baseline -0.009 -15"><span class='ocrx_word' id='word_1_195' title='bbox 2132 1403 2241 1451; x_wconf 87' lang='lat' dir='ltr'>tate</span> <span class='ocrx_word' id='word_1_196' title='bbox 2295 1395 2398 1450; x_wconf 91' lang='lat' dir='ltr'>sub</span> <span class='ocrx_word' id='word_1_197' title='bbox 2456 1395 2631 1466; x_wconf 88' lang='lat' dir='ltr'>ipsius</span> <span class='ocrx_word' id='word_1_198' title='bbox 2686 1391 2979 1447; x_wconf 64' lang='lat' dir='ltr'>teditieavit</span> <span class='ocrx_word' id='word_1_199' title='bbox 3039 1392 3268 1445; x_wconf 84' lang='lat' dir='ltr'>honore.</span> <span class='ocrx_word' id='word_1_200' title='bbox 3333 1387 3432 1442; x_wconf 89' lang='lat' dir='ltr'>Ubi</span> <span class='ocrx_word' id='word_1_201' title='bbox 3487 1384 3749 1440; x_wconf 90' lang='lat' dir='ltr'>Dominus</span> 
     </span>
    </p>
   </div>
   <div class='ocr_carea' id='block_1_27' title="bbox 2134 1475 3744 1559">
    <p class='ocr_par' dir='ltr' id='par_1_27' title="bbox 2134 1475 3744 1559">
     <span class='ocr_line' id='line_1_27' title="bbox 2134 1475 3744 1559; baseline -0.007 -20"><span class='ocrx_word' id='word_1_202' title='bbox 2134 1485 2418 1550; x_wconf 90' lang='lat' dir='ltr'>nonnulla,</span> <span class='ocrx_word' id='word_1_203' title='bbox 2479 1495 2704 1554; x_wconf 86' lang='lat' dir='ltr'>prOpter</span> <span class='ocrx_word' id='word_1_204' title='bbox 2747 1483 2908 1559; x_wconf 85' lang='lat' dir='ltr'>hujus</span> <span class='ocrx_word' id='word_1_205' title='bbox 2968 1479 3174 1544; x_wconf 80' lang='lat' dir='ltr'>dilecti</span> <span class='ocrx_word' id='word_1_206' title='bbox 3216 1477 3300 1532; x_wconf 92' lang='lat' dir='ltr'>sui</span> <span class='ocrx_word' id='word_1_207' title='bbox 3359 1475 3552 1530; x_wconf 90' lang='lat' dir='ltr'>merita</span> <span class='ocrx_word' id='word_1_208' title='bbox 3621 1488 3744 1544; x_wconf 86' lang='lat' dir='ltr'>pro-</span> 
     </span>
    </p>
   </div>
   <div class='ocr_carea' id='block_1_28' title="bbox 2134 1566 3748 1650">
    <p class='ocr_par' dir='ltr' id='par_1_28' title="bbox 2134 1566 3748 1650">
     <span class='ocr_line' id='line_1_28' title="bbox 2134 1566 3748 1650; baseline -0.008 -18"><span class='ocrx_word' id='word_1_209' title='bbox 2134 1577 2389 1648; x_wconf 83' lang='lat' dir='ltr'>palanda,</span> <span class='ocrx_word' id='word_1_210' title='bbox 2421 1576 2678 1650; x_wconf 89' lang='lat' dir='ltr'>dignatus</span> <span class='ocrx_word' id='word_1_211' title='bbox 2705 1581 2789 1629; x_wconf 91' lang='lat' dir='ltr'>est</span> <span class='ocrx_word' id='word_1_212' title='bbox 2813 1573 3105 1628; x_wconf 88' lang='lat' dir='ltr'>ostendere</span> <span class='ocrx_word' id='word_1_213' title='bbox 3122 1571 3298 1645; x_wconf 89' lang='lat' dir='ltr'>signa.</span> <span class='ocrx_word' id='word_1_214' title='bbox 3343 1567 3473 1623; x_wconf 90' lang='lat' dir='ltr'>Cum</span> <span class='ocrx_word' id='word_1_215' title='bbox 3504 1566 3748 1636; x_wconf 84' lang='lat' dir='ltr'>denique</span> 
     </span>
    </p>
   </div>
   <div class='ocr_carea' id='block_1_29' title="bbox 414 1659 3747 1738">
    <p class='ocr_par' dir='ltr' id='par_1_29' title="bbox 414 1659 3747 1738">
     <span class='ocr_line' id='line_1_29' title="bbox 414 1659 3747 1738; baseline -0.003 -18"><span class='ocrx_word' id='word_1_216' title='bbox 414 1667 568 1720; x_wconf 91' lang='lat' dir='ltr'>ravit.</span> <span class='ocrx_word' id='word_1_217' title='bbox 616 1666 884 1736; x_wconf 89' lang='lat' dir='ltr'>Deinceps</span> <span class='ocrx_word' id='word_1_218' title='bbox 931 1679 1062 1719; x_wconf 85' lang='lat' dir='ltr'>vero</span> <span class='ocrx_word' id='word_1_219' title='bbox 1091 1662 1249 1736; x_wconf 82' lang='lat' dir='ltr'>regni</span> <span class='ocrx_word' id='word_1_220' title='bbox 1291 1662 1549 1734; x_wconf 90' lang='lat' dir='ltr'>princeps</span> <span class='ocrx_word' id='word_1_221' title='bbox 1599 1661 1734 1716; x_wconf 90' lang='lat' dir='ltr'>inibi</span> <span class='ocrx_word' id='word_1_222' title='bbox 1760 1661 2029 1732; x_wconf 89' lang='lat' dir='ltr'>usquead</span> <span class='ocrx_word' id='word_1_223' title='bbox 2059 1732 2100 1738; x_wconf 88' lang='lat'><strong><em>_</em></strong></span> <span class='ocrx_word' id='word_1_224' title='bbox 2133 1668 2407 1724; x_wconf 69' lang='lat' dir='ltr'>Ludovico</span> <span class='ocrx_word' id='word_1_225' title='bbox 2457 1669 2790 1738; x_wconf 66' lang='lat' dir='ltr'>imperatore</span> <span class='ocrx_word' id='word_1_226' title='bbox 2855 1666 3138 1732; x_wconf 71' lang='lat' dir='ltr'>defuncto,</span> <span class='ocrx_word' id='word_1_227' title='bbox 3196 1662 3473 1736; x_wconf 75' lang='lat' dir='ltr'>Aquitanii</span> <span class='ocrx_word' id='word_1_228' title='bbox 3537 1659 3747 1731; x_wconf 85' lang='lat' dir='ltr'>absque</span> 
     </span>
    </p>
   </div>
   <div class='ocr_carea' id='block_1_30' title="bbox 413 1732 3751 1833">
    <p class='ocr_par' dir='ltr' id='par_1_30' title="bbox 413 1732 3751 1833">
     <span class='ocr_line' id='line_1_30' title="bbox 413 1732 3751 1833; baseline -0.005 -26"><span class='ocrx_word' id='word_1_229' title='bbox 413 1754 681 1809; x_wconf 92' lang='lat' dir='ltr'>moderna</span> <span class='ocrx_word' id='word_1_230' title='bbox 709 1732 954 1823; x_wconf 81' lang='lat' dir='ltr'>tempora</span> <span class='ocrx_word' id='word_1_231' title='bbox 987 1767 1096 1807; x_wconf 89' lang='lat' dir='ltr'>non</span> <span class='ocrx_word' id='word_1_232' title='bbox 1150 1732 1370 1815; x_wconf 77' lang='lat' dir='ltr'>mansit,</span> <span class='ocrx_word' id='word_1_233' title='bbox 1411 1732 1614 1805; x_wconf 21' lang='lat' dir='ltr'>utinec</span> <span class='ocrx_word' id='word_1_234' title='bbox 1644 1750 1700 1804; x_wconf 89' lang='lat' dir='ltr'>in</span> <span class='ocrx_word' id='word_1_235' title='bbox 1742 1749 2032 1805; x_wconf 91' lang='lat' dir='ltr'>Codiciaco</span> <span class='ocrx_word' id='word_1_236' title='bbox 2057 1732 2110 1800; x_wconf 86' lang='grc' dir='ltr'>Β</span> <span class='ocrx_word' id='word_1_237' title='bbox 2134 1759 2403 1830; x_wconf 63' lang='lat' dir='ltr'>principis</span> <span class='ocrx_word' id='word_1_238' title='bbox 2436 1732 2570 1833; x_wconf 48' lang='lat' dir='ltr'>jug&#39;o</span> <span class='ocrx_word' id='word_1_239' title='bbox 2628 1759 2778 1826; x_wconf 63' lang='lat' dir='ltr'>facti,</span> <span class='ocrx_word' id='word_1_240' title='bbox 2845 1757 3232 1832; x_wconf 59' lang='lat' dir='ltr'>gemuitiaque</span> <span class='ocrx_word' id='word_1_241' title='bbox 3260 1732 3590 1810; x_wconf 62' lang='grc' dir='ltr'>’πηοδίιίιειε</span> <span class='ocrx_word' id='word_1_242' title='bbox 3622 1768 3751 1822; x_wconf 65' lang='grc' dir='ltr'>ρετ.</span> 
     </span>
    </p>
   </div>
   <div class='ocr_carea' id='block_1_31' title="bbox 412 1841 2034 1913">
    <p class='ocr_par' dir='ltr' id='par_1_31' title="bbox 412 1841 2034 1913">
     <span class='ocr_line' id='line_1_31' title="bbox 412 1841 2034 1913; baseline -0.004 -13"><span class='ocrx_word' id='word_1_243' title='bbox 412 1846 497 1900; x_wconf 91' lang='lat' dir='ltr'>vel</span> <span class='ocrx_word' id='word_1_244' title='bbox 521 1845 755 1905; x_wconf 86' lang='lat' dir='ltr'>Juliaco.</span> <span class='ocrx_word' id='word_1_245' title='bbox 775 1844 880 1899; x_wconf 91' lang='lat' dir='ltr'>nisi</span> <span class='ocrx_word' id='word_1_246' title='bbox 899 1843 1205 1900; x_wconf 88' lang='lat' dir='ltr'>Ludovicus</span> <span class='ocrx_word' id='word_1_247' title='bbox 1236 1859 1328 1898; x_wconf 91' lang='lat' dir='ltr'>rex</span> <span class='ocrx_word' id='word_1_248' title='bbox 1347 1842 1669 1907; x_wconf 72' lang='lat' dir='ltr'>Germaniae,</span> <span class='ocrx_word' id='word_1_249' title='bbox 1689 1841 1783 1913; x_wconf 93' lang='lat' dir='ltr'>qui</span> <span class='ocrx_word' id='word_1_250' title='bbox 1811 1841 2034 1913; x_wconf 88' lang='lat' dir='ltr'>quando</span> 
     </span>
    </p>
   </div>
   <div class='ocr_carea' id='block_1_32' title="bbox 415 1933 2036 2009">
    <p class='ocr_par' dir='ltr' id='par_1_32' title="bbox 415 1933 2036 2009">
     <span class='ocr_line' id='line_1_32' title="bbox 415 1933 2036 2009; baseline -0.003 -19"><span class='ocrx_word' id='word_1_251' title='bbox 415 1936 599 1992; x_wconf 86' lang='lat' dir='ltr'>fratris</span> <span class='ocrx_word' id='word_1_252' title='bbox 630 1937 713 1991; x_wconf 92' lang='lat' dir='ltr'>sui</span> <span class='ocrx_word' id='word_1_253' title='bbox 751 1937 928 1992; x_wconf 88' lang='lat' dir='ltr'>Karoli</span> <span class='ocrx_word' id='word_1_254' title='bbox 951 1952 1184 2009; x_wconf 88' lang='lat' dir='ltr'>regnum</span> <span class='ocrx_word' id='word_1_255' title='bbox 1225 1935 1485 2006; x_wconf 81' lang='lat' dir='ltr'>pervasit,</span> <span class='ocrx_word' id='word_1_256' title='bbox 1530 1934 1586 1988; x_wconf 90' lang='lat' dir='ltr'>in</span> <span class='ocrx_word' id='word_1_257' title='bbox 1629 1933 1849 1988; x_wconf 88' lang='lat' dir='ltr'>Juliano</span> <span class='ocrx_word' id='word_1_258' title='bbox 1881 1948 2036 1987; x_wconf 89' lang='lat' dir='ltr'>man-</span> 
     </span>
    </p>
   </div>
   <div class='ocr_carea' id='block_1_33' title="bbox 412 2021 2032 2096">
    <p class='ocr_par' dir='ltr' id='par_1_33' title="bbox 412 2021 2032 2096">
     <span class='ocr_line' id='line_1_33' title="bbox 412 2021 2032 2096; baseline -0.002 -16"><span class='ocrx_word' id='word_1_259' title='bbox 412 2025 501 2091; x_wconf 90' lang='lat' dir='ltr'>sit,</span> <span class='ocrx_word' id='word_1_260' title='bbox 526 2035 581 2080; x_wconf 92' lang='lat' dir='ltr'>et</span> <span class='ocrx_word' id='word_1_261' title='bbox 609 2025 734 2080; x_wconf 91' lang='lat' dir='ltr'>inde</span> <span class='ocrx_word' id='word_1_262' title='bbox 758 2024 991 2095; x_wconf 89' lang='lat' dir='ltr'>turpiter</span> <span class='ocrx_word' id='word_1_263' title='bbox 1019 2025 1074 2077; x_wconf 93' lang='lat' dir='ltr'>in</span> <span class='ocrx_word' id='word_1_264' title='bbox 1112 2023 1412 2078; x_wconf 90' lang='lat' dir='ltr'>crastinum</span> <span class='ocrx_word' id='word_1_265' title='bbox 1439 2022 1658 2096; x_wconf 85' lang='lat' dir='ltr'>fugiens</span> <span class='ocrx_word' id='word_1_266' title='bbox 1687 2029 1815 2077; x_wconf 84' lang='lat' dir='ltr'>ante</span> <span class='ocrx_word' id='word_1_267' title='bbox 1854 2021 2032 2092; x_wconf 90' lang='lat' dir='ltr'>ipsum</span> 
     </span>
    </p>
   </div>
   <div class='ocr_carea' id='block_1_34' title="bbox 408 2115 1169 2183">
    <p class='ocr_par' dir='ltr' id='par_1_34' title="bbox 408 2115 1169 2183">
     <span class='ocr_line' id='line_1_34' title="bbox 408 2115 1169 2183; baseline -0.003 -13"><span class='ocrx_word' id='word_1_268' title='bbox 408 2116 636 2171; x_wconf 87' lang='lat' dir='ltr'>fratrem</span> <span class='ocrx_word' id='word_1_269' title='bbox 655 2132 837 2183; x_wconf 91' lang='lat' dir='ltr'>suum,</span> <span class='ocrx_word' id='word_1_270' title='bbox 871 2115 957 2170; x_wconf 90' lang='lat' dir='ltr'>vix</span> <span class='ocrx_word' id='word_1_271' title='bbox 978 2115 1169 2170; x_wconf 89' lang='lat' dir='ltr'>evasit.</span> 
     </span>
    </p>
   </div>
   <div class='ocr_carea' id='block_1_35' title="bbox 485 2205 2029 2283">
    <p class='ocr_par' dir='ltr' id='par_1_35' title="bbox 485 2205 2029 2283">
     <span class='ocr_line' id='line_1_35' title="bbox 485 2205 2029 2283; baseline -0.001 -21"><span class='ocrx_word' id='word_1_272' title='bbox 485 2209 699 2263; x_wconf 89' lang='lat' dir='ltr'>Partem</span> <span class='ocrx_word' id='word_1_273' title='bbox 759 2224 981 2280; x_wconf 92' lang='lat' dir='ltr'>quoque</span> <span class='ocrx_word' id='word_1_274' title='bbox 1035 2224 1288 2283; x_wconf 91' lang='lat' dir='ltr'>magnam</span> <span class='ocrx_word' id='word_1_275' title='bbox 1341 2207 1495 2262; x_wconf 76' lang='lat' dir='ltr'>silvae</span> <span class='ocrx_word' id='word_1_276' title='bbox 1537 2206 1594 2260; x_wconf 92' lang='lat' dir='ltr'>in</span> <span class='ocrx_word' id='word_1_277' title='bbox 1648 2206 1789 2261; x_wconf 90' lang='lat' dir='ltr'>saltu</span> <span class='ocrx_word' id='word_1_278' title='bbox 1819 2205 2029 2280; x_wconf 89' lang='lat' dir='ltr'>Vosago</span> 
     </span>
    </p>
   </div>
   <div class='ocr_carea' id='block_1_36' title="bbox 366 2293 2030 2366">
    <p class='ocr_par' dir='ltr' id='par_1_36' title="bbox 366 2293 2030 2366">
     <span class='ocr_line' id='line_1_36' title="bbox 366 2293 2030 2366; baseline -0.002 -14"><span class='ocrx_word' id='word_1_279' title='bbox 366 2323 369 2325; x_wconf 49' lang='grc'>&gt;</span> <span class='ocrx_word' id='word_1_280' title='bbox 413 2297 608 2352; x_wconf 87' lang='lat' dir='ltr'>beatus</span> <span class='ocrx_word' id='word_1_281' title='bbox 654 2297 742 2353; x_wconf 91' lang='lat' dir='ltr'>hic</span> <span class='ocrx_word' id='word_1_282' title='bbox 792 2297 970 2357; x_wconf 87' lang='lat' dir='ltr'>Pater,</span> <span class='ocrx_word' id='word_1_283' title='bbox 1032 2296 1160 2350; x_wconf 91' lang='lat' dir='ltr'>dato</span> <span class='ocrx_word' id='word_1_284' title='bbox 1213 2294 1520 2366; x_wconf 90' lang='lat' dir='ltr'>comparuit</span> <span class='ocrx_word' id='word_1_285' title='bbox 1567 2294 1782 2365; x_wconf 90' lang='lat' dir='ltr'>pretio;</span> <span class='ocrx_word' id='word_1_286' title='bbox 1813 2293 2030 2349; x_wconf 88' lang='lat' dir='ltr'>villulas</span> 
     </span>
    </p>
   </div>
   <div class='ocr_carea' id='block_1_37' title="bbox 412 2385 2029 2460">
    <p class='ocr_par' dir='ltr' id='par_1_37' title="bbox 412 2385 2029 2460">
     <span class='ocr_line' id='line_1_37' title="bbox 412 2385 2029 2460; baseline -0.002 -18"><span class='ocrx_word' id='word_1_287' title='bbox 412 2389 579 2443; x_wconf 90' lang='lat' dir='ltr'>etiam</span> <span class='ocrx_word' id='word_1_288' title='bbox 624 2389 887 2460; x_wconf 90' lang='lat' dir='ltr'>quasdam</span> <span class='ocrx_word' id='word_1_289' title='bbox 925 2387 1059 2440; x_wconf 93' lang='lat' dir='ltr'>inibi</span> <span class='ocrx_word' id='word_1_290' title='bbox 1089 2387 1440 2442; x_wconf 89' lang='lat' dir='ltr'>constituisse</span> <span class='ocrx_word' id='word_1_291' title='bbox 1491 2386 1684 2454; x_wconf 88' lang='lat' dir='ltr'>fertur,</span> <span class='ocrx_word' id='word_1_292' title='bbox 1729 2401 1851 2457; x_wconf 72' lang='lat' dir='ltr'>quae</span> <span class='ocrx_word' id='word_1_293' title='bbox 1872 2385 2029 2440; x_wconf 91' lang='lat' dir='ltr'>Cosla</span> 
     </span>
    </p>
   </div>
   <div class='ocr_carea' id='block_1_38' title="bbox 410 2477 2029 2550">
    <p class='ocr_par' dir='ltr' id='par_1_38' title="bbox 410 2477 2029 2550">
     <span class='ocr_line' id='line_1_38' title="bbox 410 2477 2029 2550; baseline -0.002 -15"><span class='ocrx_word' id='word_1_294' title='bbox 410 2489 466 2536; x_wconf 91' lang='lat' dir='ltr'>et</span> <span class='ocrx_word' id='word_1_295' title='bbox 493 2480 646 2534; x_wconf 91' lang='lat' dir='ltr'>Gleni</span> <span class='ocrx_word' id='word_1_296' title='bbox 667 2488 981 2546; x_wconf 89' lang='lat' dir='ltr'>vocantur;</span> <span class='ocrx_word' id='word_1_297' title='bbox 1036 2479 1354 2550; x_wconf 86' lang='lat' dir='ltr'>incolasque</span> <span class='ocrx_word' id='word_1_298' title='bbox 1411 2480 1480 2534; x_wconf 88' lang='lat' dir='ltr'>de</span> <span class='ocrx_word' id='word_1_299' title='bbox 1534 2479 1717 2533; x_wconf 90' lang='lat' dir='ltr'>vicina</span> <span class='ocrx_word' id='word_1_300' title='bbox 1757 2477 2029 2550; x_wconf 91' lang='lat' dir='ltr'>episcopii</span> 
     </span>
    </p>
   </div>
   <div class='ocr_carea' id='block_1_39' title="bbox 409 2565 2029 2635">
    <p class='ocr_par' dir='ltr' id='par_1_39' title="bbox 409 2565 2029 2635">
     <span class='ocr_line' id='line_1_39' title="bbox 409 2565 2029 2635; baseline -0.002 -12"><span class='ocrx_word' id='word_1_301' title='bbox 409 2568 558 2635; x_wconf 90' lang='lat' dir='ltr'>villa,</span> <span class='ocrx_word' id='word_1_302' title='bbox 588 2567 810 2622; x_wconf 89' lang='lat' dir='ltr'>nomine</span> <span class='ocrx_word' id='word_1_303' title='bbox 845 2569 1043 2631; x_wconf 90' lang='lat' dir='ltr'>Berna,</span> <span class='ocrx_word' id='word_1_304' title='bbox 1084 2567 1295 2622; x_wconf 89' lang='lat' dir='ltr'>dudum</span> <span class='ocrx_word' id='word_1_305' title='bbox 1316 2567 1424 2621; x_wconf 87' lang='lat' dir='ltr'>sibi</span> <span class='ocrx_word' id='word_1_306' title='bbox 1468 2583 1499 2621; x_wconf 89' lang='lat' dir='ltr'>a</span> <span class='ocrx_word' id='word_1_307' title='bbox 1533 2565 1757 2621; x_wconf 81' lang='lat' dir='ltr'>Francis</span> <span class='ocrx_word' id='word_1_308' title='bbox 1787 2567 1935 2635; x_wconf 89' lang='lat' dir='ltr'>data,</span> <span class='ocrx_word' id='word_1_309' title='bbox 1972 2565 2029 2619; x_wconf 90' lang='lat' dir='ltr'>in</span> 
     </span>
    </p>
   </div>
   <div class='ocr_carea' id='block_1_40' title="bbox 407 2658 2030 2728">
    <p class='ocr_par' dir='ltr' id='par_1_40' title="bbox 407 2658 2030 2728">
     <span class='ocr_line' id='line_1_40' title="bbox 407 2658 2030 2728; baseline -0.002 -14"><span class='ocrx_word' id='word_1_310' title='bbox 407 2675 500 2714; x_wconf 90' lang='lat' dir='ltr'>eas</span> <span class='ocrx_word' id='word_1_311' title='bbox 557 2659 913 2725; x_wconf 88' lang='lat' dir='ltr'>transferens,</span> <span class='ocrx_word' id='word_1_312' title='bbox 974 2659 1180 2712; x_wconf 91' lang='lat' dir='ltr'>ibidem</span> <span class='ocrx_word' id='word_1_313' title='bbox 1240 2675 1461 2712; x_wconf 91' lang='lat' dir='ltr'>manere</span> <span class='ocrx_word' id='word_1_314' title='bbox 1519 2658 1816 2728; x_wconf 87' lang='lat' dir='ltr'>disposuit,</span> <span class='ocrx_word' id='word_1_315' title='bbox 1864 2666 1920 2713; x_wconf 89' lang='lat' dir='ltr'>et</span> <span class='ocrx_word' id='word_1_316' title='bbox 1968 2665 2030 2712; x_wconf 91' lang='lat' dir='ltr'>ut</span> 
     </span>
    </p>
   </div>
   <div class='ocr_carea' id='block_1_41' title="bbox 414 2748 2027 2824">
    <p class='ocr_par' dir='ltr' id='par_1_41' title="bbox 414 2748 2027 2824">
     <span class='ocr_line' id='line_1_41' title="bbox 414 2748 2027 2824; baseline -0.002 -19"><span class='ocrx_word' id='word_1_317' title='bbox 414 2750 594 2820; x_wconf 91' lang='lat' dir='ltr'>picem</span> <span class='ocrx_word' id='word_1_318' title='bbox 620 2751 895 2824; x_wconf 86' lang='lat' dir='ltr'>religiosis</span> <span class='ocrx_word' id='word_1_319' title='bbox 922 2749 1205 2804; x_wconf 90' lang='lat' dir='ltr'>annuatim</span> <span class='ocrx_word' id='word_1_320' title='bbox 1250 2750 1386 2804; x_wconf 91' lang='lat' dir='ltr'>locis</span> <span class='ocrx_word' id='word_1_321' title='bbox 1435 2748 1686 2804; x_wconf 68' lang='lat' dir='ltr'>ecclesiae</span> <span class='ocrx_word' id='word_1_322' title='bbox 1741 2748 2027 2802; x_wconf 91' lang='lat' dir='ltr'>Remensis</span> 
     </span>
    </p>
   </div>
   <div class='ocr_carea' id='block_1_42' title="bbox 410 2840 2022 2912">
    <p class='ocr_par' dir='ltr' id='par_1_42' title="bbox 410 2840 2022 2912">
     <span class='ocr_line' id='line_1_42' title="bbox 410 2840 2022 2912; baseline -0.002 -15"><span class='ocrx_word' id='word_1_323' title='bbox 410 2842 876 2906; x_wconf 79' lang='lat' dir='ltr'>administrarent,</span> <span class='ocrx_word' id='word_1_324' title='bbox 911 2842 1169 2896; x_wconf 90' lang='lat' dir='ltr'>instituit.</span> <span class='ocrx_word' id='word_1_325' title='bbox 1211 2841 1422 2906; x_wconf 81' lang='lat' dir='ltr'>Quibus</span> <span class='ocrx_word' id='word_1_326' title='bbox 1469 2848 1524 2896; x_wconf 89' lang='lat' dir='ltr'>et</span> <span class='ocrx_word' id='word_1_327' title='bbox 1555 2857 1783 2912; x_wconf 88' lang='lat' dir='ltr'>pensam</span> <span class='ocrx_word' id='word_1_328' title='bbox 1809 2840 2022 2906; x_wconf 88' lang='lat' dir='ltr'>tribuit,</span> 
     </span>
    </p>
   </div>
   <div class='ocr_carea' id='block_1_43' title="bbox 413 2929 2024 3002">
    <p class='ocr_par' dir='ltr' id='par_1_43' title="bbox 413 2929 2024 3002">
     <span class='ocr_line' id='line_1_43' title="bbox 413 2929 2024 3002; baseline -0.001 -17"><span class='ocrx_word' id='word_1_329' title='bbox 413 2946 534 3002; x_wconf 65' lang='lat' dir='ltr'>quae</span> <span class='ocrx_word' id='word_1_330' title='bbox 555 2929 721 2985; x_wconf 87' lang='lat' dir='ltr'>hodie</span> <span class='ocrx_word' id='word_1_331' title='bbox 748 2930 816 2984; x_wconf 89' lang='lat' dir='ltr'>ab</span> <span class='ocrx_word' id='word_1_332' title='bbox 851 2931 1096 3001; x_wconf 92' lang='lat' dir='ltr'>ipsorum</span> <span class='ocrx_word' id='word_1_333' title='bbox 1136 2929 1551 2985; x_wconf 90' lang='lat' dir='ltr'>successoribus</span> <span class='ocrx_word' id='word_1_334' title='bbox 1575 2929 1864 2999; x_wconf 90' lang='lat' dir='ltr'>accipitur,</span> <span class='ocrx_word' id='word_1_335' title='bbox 1897 2945 2024 2983; x_wconf 92' lang='lat' dir='ltr'>cum</span> 
     </span>
    </p>
   </div>
   <div class='ocr_carea' id='block_1_44' title="bbox 2137 1844 3750 1921">
    <p class='ocr_par' dir='ltr' id='par_1_44' title="bbox 2137 1844 3750 1921">
     <span class='ocr_line' id='line_1_44' title="bbox 2137 1844 3750 1921; baseline -0.008 -13"><span class='ocrx_word' id='word_1_336' title='bbox 2137 1852 2290 1919; x_wconf 91' lang='lat' dir='ltr'>moti,</span> <span class='ocrx_word' id='word_1_337' title='bbox 2327 1857 2492 1921; x_wconf 86' lang='lat' dir='ltr'>prout</span> <span class='ocrx_word' id='word_1_338' title='bbox 2534 1849 2769 1920; x_wconf 91' lang='lat' dir='ltr'>quisque</span> <span class='ocrx_word' id='word_1_339' title='bbox 2819 1853 3055 1918; x_wconf 87' lang='lat' dir='ltr'>poterat,</span> <span class='ocrx_word' id='word_1_340' title='bbox 3097 1844 3290 1900; x_wconf 73' lang='lat' dir='ltr'>efferre</span> <span class='ocrx_word' id='word_1_341' title='bbox 3331 1860 3473 1908; x_wconf 89' lang='lat' dir='ltr'>sese,</span> <span class='ocrx_word' id='word_1_342' title='bbox 3526 1852 3750 1896; x_wconf 87' lang='lat' dir='ltr'>mutuo-</span> 
     </span>
    </p>
   </div>
   <div class='ocr_carea' id='block_1_45' title="bbox 2136 1930 3748 2013">
    <p class='ocr_par' dir='ltr' id='par_1_45' title="bbox 2136 1930 3748 2013">
     <span class='ocr_line' id='line_1_45' title="bbox 2136 1930 3748 2013; baseline -0.007 -17"><span class='ocrx_word' id='word_1_343' title='bbox 2136 1957 2245 2013; x_wconf 92' lang='lat' dir='ltr'>que</span> <span class='ocrx_word' id='word_1_344' title='bbox 2269 1941 2616 2012; x_wconf 89' lang='lat' dir='ltr'>impugnare,</span> <span class='ocrx_word' id='word_1_345' title='bbox 2645 1954 2709 1991; x_wconf 91' lang='lat' dir='ltr'>ac</span> <span class='ocrx_word' id='word_1_346' title='bbox 2754 1952 2854 2008; x_wconf 92' lang='lat' dir='ltr'>per</span> <span class='ocrx_word' id='word_1_347' title='bbox 2891 1935 3180 2010; x_wconf 89' lang='lat' dir='ltr'>contiguos</span> <span class='ocrx_word' id='word_1_348' title='bbox 3212 1947 3382 2006; x_wconf 88' lang='lat' dir='ltr'>pagos</span> <span class='ocrx_word' id='word_1_349' title='bbox 3420 1930 3748 1986; x_wconf 91' lang='lat' dir='ltr'>debacchari</span> 
     </span>
    </p>
   </div>
   <div class='ocr_carea' id='block_1_46' title="bbox 2136 2021 3749 2101">
    <p class='ocr_par' dir='ltr' id='par_1_46' title="bbox 2136 2021 3749 2101">
     <span class='ocr_line' id='line_1_46' title="bbox 2136 2021 3749 2101; baseline -0.007 -15"><span class='ocrx_word' id='word_1_350' title='bbox 2136 2030 2458 2101; x_wconf 73' lang='lat' dir='ltr'>ccepissent,</span> <span class='ocrx_word' id='word_1_351' title='bbox 2493 2041 2765 2097; x_wconf 88' lang='lat' dir='ltr'>pauperes</span> <span class='ocrx_word' id='word_1_352' title='bbox 2802 2025 3009 2097; x_wconf 89' lang='lat' dir='ltr'>quique</span> <span class='ocrx_word' id='word_1_353' title='bbox 3041 2039 3130 2078; x_wconf 90' lang='lat' dir='ltr'>res</span> <span class='ocrx_word' id='word_1_354' title='bbox 3147 2039 3276 2078; x_wconf 91' lang='lat' dir='ltr'>suas</span> <span class='ocrx_word' id='word_1_355' title='bbox 3303 2021 3358 2075; x_wconf 91' lang='lat' dir='ltr'>in</span> <span class='ocrx_word' id='word_1_356' title='bbox 3389 2021 3641 2076; x_wconf 90' lang='lat' dir='ltr'>ecclesiis</span> <span class='ocrx_word' id='word_1_357' title='bbox 3659 2037 3749 2074; x_wconf 87' lang='lat' dir='ltr'>re-</span> 
     </span>
    </p>
   </div>
   <div class='ocr_carea' id='block_1_47' title="bbox 2130 2111 3745 2189">
    <p class='ocr_par' dir='ltr' id='par_1_47' title="bbox 2130 2111 3745 2189">
     <span class='ocr_line' id='line_1_47' title="bbox 2130 2111 3745 2189; baseline -0.006 -15"><span class='ocrx_word' id='word_1_358' title='bbox 2130 2133 2339 2189; x_wconf 91' lang='lat' dir='ltr'>ponere</span> <span class='ocrx_word' id='word_1_359' title='bbox 2379 2117 2729 2180; x_wconf 83' lang='lat' dir='ltr'>studuerunt,</span> <span class='ocrx_word' id='word_1_360' title='bbox 2762 2114 2916 2169; x_wconf 91' lang='lat' dir='ltr'>Unde</span> <span class='ocrx_word' id='word_1_361' title='bbox 2947 2111 3163 2178; x_wconf 85' lang='lat' dir='ltr'>conﬁsi,</span> <span class='ocrx_word' id='word_1_362' title='bbox 3197 2111 3459 2167; x_wconf 90' lang='lat' dir='ltr'>virtutum</span> <span class='ocrx_word' id='word_1_363' title='bbox 3492 2126 3612 2181; x_wconf 65' lang='lat' dir='ltr'>quae</span> <span class='ocrx_word' id='word_1_364' title='bbox 3655 2111 3745 2164; x_wconf 90' lang='lat' dir='ltr'>in-</span> 
     </span>
    </p>
   </div>
   <div class='ocr_carea' id='block_1_48' title="bbox 2129 2203 3744 2279">
    <p class='ocr_par' dir='ltr' id='par_1_48' title="bbox 2129 2203 3744 2279">
     <span class='ocr_line' id='line_1_48' title="bbox 2129 2203 3744 2279; baseline -0.005 -15"><span class='ocrx_word' id='word_1_365' title='bbox 2129 2207 2206 2264; x_wconf 90' lang='lat' dir='ltr'>ibi</span> <span class='ocrx_word' id='word_1_366' title='bbox 2230 2208 2458 2273; x_wconf 84' lang='lat' dir='ltr'>fiebant,</span> <span class='ocrx_word' id='word_1_367' title='bbox 2491 2208 2774 2279; x_wconf 84' lang='lat' dir='ltr'>Opinione,</span> <span class='ocrx_word' id='word_1_368' title='bbox 2812 2222 2911 2262; x_wconf 90' lang='lat' dir='ltr'>sua</span> <span class='ocrx_word' id='word_1_369' title='bbox 2956 2204 3111 2260; x_wconf 93' lang='lat' dir='ltr'>multi</span> <span class='ocrx_word' id='word_1_370' title='bbox 3165 2203 3436 2258; x_wconf 86' lang='lat' dir='ltr'>servanda</span> <span class='ocrx_word' id='word_1_371' title='bbox 3468 2203 3522 2257; x_wconf 92' lang='lat' dir='ltr'>in</span> <span class='ocrx_word' id='word_1_372' title='bbox 3549 2203 3744 2257; x_wconf 90' lang='lat' dir='ltr'>eodem</span> 
     </span>
    </p>
   </div>
   <div class='ocr_carea' id='block_1_49' title="bbox 2129 2292 3747 2362">
    <p class='ocr_par' dir='ltr' id='par_1_49' title="bbox 2129 2292 3747 2362">
     <span class='ocr_line' id='line_1_49' title="bbox 2129 2292 3747 2362; baseline -0.006 -8"><span class='ocrx_word' id='word_1_373' title='bbox 2129 2299 2378 2354; x_wconf 89' lang='lat' dir='ltr'>certatim</span> <span class='ocrx_word' id='word_1_374' title='bbox 2407 2297 2716 2353; x_wconf 87' lang='lat' dir='ltr'>recondunt</span> <span class='ocrx_word' id='word_1_375' title='bbox 2760 2294 3021 2350; x_wconf 84' lang='lat' dir='ltr'>oratorio.</span> <span class='ocrx_word' id='word_1_376' title='bbox 3053 2292 3356 2347; x_wconf 90' lang='lat' dir='ltr'>Audientes</span> <span class='ocrx_word' id='word_1_377' title='bbox 3385 2298 3566 2346; x_wconf 91' lang='lat' dir='ltr'>autem</span> <span class='ocrx_word' id='word_1_378' title='bbox 3601 2307 3747 2362; x_wconf 72' lang='lat' dir='ltr'>prae-</span> 
     </span>
    </p>
   </div>
   <div class='ocr_carea' id='block_1_50' title="bbox 2129 2383 3748 2460">
    <p class='ocr_par' dir='ltr' id='par_1_50' title="bbox 2129 2383 3748 2460">
     <span class='ocr_line' id='line_1_50' title="bbox 2129 2383 3748 2460; baseline -0.005 -15"><span class='ocrx_word' id='word_1_379' title='bbox 2129 2391 2306 2447; x_wconf 90' lang='lat' dir='ltr'>dones</span> <span class='ocrx_word' id='word_1_380' title='bbox 2341 2392 2447 2446; x_wconf 92' lang='lat' dir='ltr'>hoc</span> <span class='ocrx_word' id='word_1_381' title='bbox 2476 2389 2678 2460; x_wconf 91' lang='lat' dir='ltr'>opibus</span> <span class='ocrx_word' id='word_1_382' title='bbox 2711 2387 3012 2443; x_wconf 90' lang='lat' dir='ltr'>oratorium</span> <span class='ocrx_word' id='word_1_383' title='bbox 3055 2384 3306 2456; x_wconf 91' lang='lat' dir='ltr'>pluribus</span> <span class='ocrx_word' id='word_1_384' title='bbox 3331 2383 3590 2439; x_wconf 88' lang='lat' dir='ltr'>refertum</span> <span class='ocrx_word' id='word_1_385' title='bbox 3624 2384 3748 2454; x_wconf 94' lang='lat' dir='ltr'>plu-</span> 
     </span>
    </p>
   </div>
   <div class='ocr_carea' id='block_1_51' title="bbox 2130 2475 3745 2547">
    <p class='ocr_par' dir='ltr' id='par_1_51' title="bbox 2130 2475 3745 2547">
     <span class='ocr_line' id='line_1_51' title="bbox 2130 2475 3745 2547; baseline -0.003 -14"><span class='ocrx_word' id='word_1_386' title='bbox 2130 2480 2418 2546; x_wconf 91' lang='lat' dir='ltr'>rimorum,</span> <span class='ocrx_word' id='word_1_387' title='bbox 2451 2494 2545 2533; x_wconf 91' lang='lat' dir='ltr'>eas</span> <span class='ocrx_word' id='word_1_388' title='bbox 2573 2477 2626 2532; x_wconf 90' lang='lat' dir='ltr'>vi</span> <span class='ocrx_word' id='word_1_389' title='bbox 2657 2477 2896 2547; x_wconf 89' lang='lat' dir='ltr'>diripere</span> <span class='ocrx_word' id='word_1_390' title='bbox 2922 2475 3190 2530; x_wconf 90' lang='lat' dir='ltr'>nituntur.</span> <span class='ocrx_word' id='word_1_391' title='bbox 3225 2475 3472 2539; x_wconf 85' lang='lat' dir='ltr'>Quorum</span> <span class='ocrx_word' id='word_1_392' title='bbox 3505 2475 3745 2546; x_wconf 90' lang='lat' dir='ltr'>quodam</span> 
     </span>
    </p>
   </div>
   <div class='ocr_carea' id='block_1_52' title="bbox 2130 2562 3748 2636">
    <p class='ocr_par' dir='ltr' id='par_1_52' title="bbox 2130 2562 3748 2636">
     <span class='ocr_line' id='line_1_52' title="bbox 2130 2562 3748 2636; baseline -0.004 -13"><span class='ocrx_word' id='word_1_393' title='bbox 2130 2567 2371 2624; x_wconf 89' lang='lat' dir='ltr'>obserati</span> <span class='ocrx_word' id='word_1_394' title='bbox 2417 2582 2595 2620; x_wconf 88' lang='lat' dir='ltr'>seram</span> <span class='ocrx_word' id='word_1_395' title='bbox 2661 2571 2895 2620; x_wconf 89' lang='lat' dir='ltr'>conante</span> <span class='ocrx_word' id='word_1_396' title='bbox 2926 2562 3181 2636; x_wconf 88' lang='lat' dir='ltr'>frangere</span> <span class='ocrx_word' id='word_1_397' title='bbox 3238 2562 3386 2627; x_wconf 91' lang='lat' dir='ltr'>ostii,</span> <span class='ocrx_word' id='word_1_398' title='bbox 3419 2577 3541 2618; x_wconf 87' lang='lat' dir='ltr'>mox</span> <span class='ocrx_word' id='word_1_399' title='bbox 3573 2571 3633 2617; x_wconf 92' lang='lat' dir='ltr'>ut</span> <span class='ocrx_word' id='word_1_400' title='bbox 3656 2564 3748 2632; x_wconf 91' lang='lat' dir='ltr'>ja-</span> 
     </span>
    </p>
   </div>
   <div class='ocr_carea' id='block_1_53' title="bbox 2129 2656 3750 2731">
    <p class='ocr_par' dir='ltr' id='par_1_53' title="bbox 2129 2656 3750 2731">
     <span class='ocr_line' id='line_1_53' title="bbox 2129 2656 3750 2731; baseline -0.004 -15"><span class='ocrx_word' id='word_1_401' title='bbox 2129 2677 2296 2716; x_wconf 91' lang='lat' dir='ltr'>nuam</span> <span class='ocrx_word' id='word_1_402' title='bbox 2319 2661 2467 2716; x_wconf 90' lang='lat' dir='ltr'>calce</span> <span class='ocrx_word' id='word_1_403' title='bbox 2501 2659 2790 2731; x_wconf 88' lang='lat' dir='ltr'>percussit,</span> <span class='ocrx_word' id='word_1_404' title='bbox 2841 2657 3023 2712; x_wconf 91' lang='lat' dir='ltr'>eidem</span> <span class='ocrx_word' id='word_1_405' title='bbox 3049 2657 3365 2711; x_wconf 74' lang='lat' dir='ltr'>cohaerente</span> <span class='ocrx_word' id='word_1_406' title='bbox 3397 2656 3540 2726; x_wconf 90' lang='lat' dir='ltr'>pede</span> <span class='ocrx_word' id='word_1_407' title='bbox 3573 2656 3750 2727; x_wconf 89' lang='lat' dir='ltr'>ipsius</span> 
     </span>
    </p>
   </div>
   <div class='ocr_carea' id='block_1_54' title="bbox 2125 2745 3721 2819">
    <p class='ocr_par' dir='ltr' id='par_1_54' title="bbox 2125 2745 3721 2819">
     <span class='ocr_line' id='line_1_54' title="bbox 2125 2745 3721 2819; baseline -0.004 -13"><span class='ocrx_word' id='word_1_408' title='bbox 2125 2749 2293 2816; x_wconf 91' lang='lat' dir='ltr'>ostio,</span> <span class='ocrx_word' id='word_1_409' title='bbox 2355 2748 2651 2819; x_wconf 90' lang='lat' dir='ltr'>resupinus</span> <span class='ocrx_word' id='word_1_410' title='bbox 2710 2747 2767 2801; x_wconf 92' lang='lat' dir='ltr'>in</span> <span class='ocrx_word' id='word_1_411' title='bbox 2823 2753 3025 2801; x_wconf 91' lang='lat' dir='ltr'>terram</span> <span class='ocrx_word' id='word_1_412' title='bbox 3090 2754 3456 2816; x_wconf 67' lang='lat' dir='ltr'>praesumptor</span> <span class='ocrx_word' id='word_1_413' title='bbox 3521 2745 3721 2800; x_wconf 90' lang='lat' dir='ltr'>cecidit</span> 
     </span>
    </p>
   </div>
   <div class='ocr_carea' id='block_1_55' title="bbox 2127 2834 3746 2907">
    <p class='ocr_par' dir='ltr' id='par_1_55' title="bbox 2127 2834 3746 2907">
     <span class='ocr_line' id='line_1_55' title="bbox 2127 2834 3746 2907; baseline -0.004 -13"><span class='ocrx_word' id='word_1_414' title='bbox 2127 2839 2278 2904; x_wconf 91' lang='lat' dir='ltr'>Quod</span> <span class='ocrx_word' id='word_1_415' title='bbox 2335 2838 2426 2894; x_wconf 89' lang='lat' dir='ltr'>alii</span> <span class='ocrx_word' id='word_1_416' title='bbox 2465 2845 2776 2901; x_wconf 89' lang='lat' dir='ltr'>cernentes,</span> <span class='ocrx_word' id='word_1_417' title='bbox 2833 2835 3146 2907; x_wconf 89' lang='lat' dir='ltr'>aufugiunt.</span> <span class='ocrx_word' id='word_1_418' title='bbox 3190 2837 3315 2906; x_wconf 90' lang='lat' dir='ltr'>Ipse</span> <span class='ocrx_word' id='word_1_419' title='bbox 3371 2849 3501 2890; x_wconf 89' lang='lat' dir='ltr'>vero</span> <span class='ocrx_word' id='word_1_420' title='bbox 3554 2834 3746 2900; x_wconf 89' lang='lat' dir='ltr'>miser,</span> 
     </span>
    </p>
   </div>
   <div class='ocr_carea' id='block_1_56' title="bbox 2125 2925 3746 3006">
    <p class='ocr_par' dir='ltr' id='par_1_56' title="bbox 2125 2925 3746 3006">
     <span class='ocr_line' id='line_1_56' title="bbox 2125 2925 3746 3006; baseline -0.004 -19"><span class='ocrx_word' id='word_1_421' title='bbox 2125 2938 2361 3006; x_wconf 90' lang='lat' dir='ltr'>cogente</span> <span class='ocrx_word' id='word_1_422' title='bbox 2389 2930 2655 2996; x_wconf 89' lang='lat' dir='ltr'>cruciatu,</span> <span class='ocrx_word' id='word_1_423' title='bbox 2709 2945 2830 2984; x_wconf 92' lang='lat' dir='ltr'>cum</span> <span class='ocrx_word' id='word_1_424' title='bbox 2876 2928 3116 2983; x_wconf 84' lang='lat' dir='ltr'>maximo</span> <span class='ocrx_word' id='word_1_425' title='bbox 3169 2943 3301 2983; x_wconf 91' lang='lat' dir='ltr'>suos</span> <span class='ocrx_word' id='word_1_426' title='bbox 3331 2925 3538 2995; x_wconf 77' lang='lat' dir='ltr'>eiulatu</span> <span class='ocrx_word' id='word_1_427' title='bbox 3579 2926 3746 2996; x_wconf 80' lang='lat' dir='ltr'>ccepit</span> 
     </span>
    </p>
   </div>
   <div class='ocr_carea' id='block_1_57' title="bbox 413 3015 3744 3116">
    <p class='ocr_par' dir='ltr' id='par_1_57' title="bbox 413 3015 3744 3116">
     <span class='ocr_line' id='line_1_57' title="bbox 413 3015 3744 3116; baseline -0.003 -38"><span class='ocrx_word' id='word_1_428' title='bbox 413 3039 522 3094; x_wconf 91' lang='lat' dir='ltr'>qua</span> <span class='ocrx_word' id='word_1_429' title='bbox 539 3039 700 3078; x_wconf 92' lang='lat' dir='ltr'>suum</span> <span class='ocrx_word' id='word_1_430' title='bbox 722 3038 944 3094; x_wconf 91' lang='lat' dir='ltr'>quoque</span> <span class='ocrx_word' id='word_1_431' title='bbox 985 3022 1307 3093; x_wconf 88' lang='lat' dir='ltr'>persolvunt</span> <span class='ocrx_word' id='word_1_432' title='bbox 1340 3020 1606 3076; x_wconf 90' lang='lat' dir='ltr'>debitum.</span> <span class='ocrx_word' id='word_1_433' title='bbox 1660 3020 1828 3089; x_wconf 82' lang='lat' dir='ltr'>Hujus</span> <span class='ocrx_word' id='word_1_434' title='bbox 1857 3021 2022 3075; x_wconf 88' lang='lat' dir='ltr'>etiam</span> <span class='ocrx_word' id='word_1_435' title='bbox 2050 3048 2098 3116; x_wconf 66' lang='grc' dir='ltr'>Ο</span> <span class='ocrx_word' id='word_1_436' title='bbox 2127 3019 2437 3090; x_wconf 86' lang='lat' dir='ltr'>exprimere</span> <span class='ocrx_word' id='word_1_437' title='bbox 2469 3019 2708 3083; x_wconf 85' lang='lat' dir='ltr'>dolores,</span> <span class='ocrx_word' id='word_1_438' title='bbox 2743 3025 2799 3073; x_wconf 92' lang='lat' dir='ltr'>et</span> <span class='ocrx_word' id='word_1_439' title='bbox 2853 3016 3211 3072; x_wconf 90' lang='lat' dir='ltr'>amarissimis</span> <span class='ocrx_word' id='word_1_440' title='bbox 3257 3015 3590 3086; x_wconf 67' lang='lat' dir='ltr'>praemittere</span> <span class='ocrx_word' id='word_1_441' title='bbox 3619 3031 3744 3070; x_wconf 91' lang='lat' dir='ltr'>cum</span> 
     </span>
    </p>
   </div>
   <div class='ocr_carea' id='block_1_58' title="bbox 412 3109 2029 3183">
    <p class='ocr_par' dir='ltr' id='par_1_58' title="bbox 412 3109 2029 3183">
     <span class='ocr_line' id='line_1_58' title="bbox 412 3109 2029 3183; baseline -0.002 -17"><span class='ocrx_word' id='word_1_442' title='bbox 412 3127 524 3167; x_wconf 85' lang='lat' dir='ltr'>suae</span> <span class='ocrx_word' id='word_1_443' title='bbox 545 3112 914 3183; x_wconf 90' lang='lat' dir='ltr'>coemptionis</span> <span class='ocrx_word' id='word_1_444' title='bbox 935 3110 1074 3166; x_wconf 82' lang='lat' dir='ltr'>fines</span> <span class='ocrx_word' id='word_1_445' title='bbox 1097 3112 1171 3166; x_wconf 90' lang='lat' dir='ltr'>ita</span> <span class='ocrx_word' id='word_1_446' title='bbox 1200 3126 1301 3182; x_wconf 91' lang='lat' dir='ltr'>per</span> <span class='ocrx_word' id='word_1_447' title='bbox 1330 3127 1523 3182; x_wconf 86' lang='lat' dir='ltr'>gyrum</span> <span class='ocrx_word' id='word_1_448' title='bbox 1552 3109 2029 3174; x_wconf 89' lang='lat' dir='ltr'>determinavit,et</span> 
     </span>
    </p>
   </div>
   <div class='ocr_carea' id='block_1_59' title="bbox 413 3202 2028 3274">
    <p class='ocr_par' dir='ltr' id='par_1_59' title="bbox 413 3202 2028 3274">
     <span class='ocr_line' id='line_1_59' title="bbox 413 3202 2028 3274; baseline -0.001 -16"><span class='ocrx_word' id='word_1_449' title='bbox 413 3213 472 3259; x_wconf 90' lang='lat' dir='ltr'>ut</span> <span class='ocrx_word' id='word_1_450' title='bbox 500 3204 759 3260; x_wconf 91' lang='lat' dir='ltr'>omnibus</span> <span class='ocrx_word' id='word_1_451' title='bbox 788 3204 1104 3258; x_wconf 85' lang='lat' dir='ltr'>videntibus</span> <span class='ocrx_word' id='word_1_452' title='bbox 1144 3211 1326 3274; x_wconf 82' lang='lat' dir='ltr'>pateat</span> <span class='ocrx_word' id='word_1_453' title='bbox 1354 3203 1472 3274; x_wconf 90' lang='lat' dir='ltr'>ipsa</span> <span class='ocrx_word' id='word_1_454' title='bbox 1516 3202 1921 3266; x_wconf 88' lang='lat' dir='ltr'>determinatio,</span> <span class='ocrx_word' id='word_1_455' title='bbox 1975 3209 2028 3256; x_wconf 90' lang='lat' dir='ltr'>et</span> 
     </span>
    </p>
   </div>
   <div class='ocr_carea' id='block_1_60' title="bbox 416 3292 2030 3363">
    <p class='ocr_par' dir='ltr' id='par_1_60' title="bbox 416 3292 2030 3363">
     <span class='ocr_line' id='line_1_60' title="bbox 416 3292 2030 3363; baseline 0 -17"><span class='ocrx_word' id='word_1_456' title='bbox 416 3293 682 3347; x_wconf 89' lang='lat' dir='ltr'>hactenus</span> <span class='ocrx_word' id='word_1_457' title='bbox 713 3293 814 3363; x_wconf 91' lang='lat' dir='ltr'>ipsi</span> <span class='ocrx_word' id='word_1_458' title='bbox 849 3292 987 3346; x_wconf 85' lang='lat' dir='ltr'>fines</span> <span class='ocrx_word' id='word_1_459' title='bbox 1018 3292 1086 3346; x_wconf 89' lang='lat' dir='ltr'>ab</span> <span class='ocrx_word' id='word_1_460' title='bbox 1115 3308 1181 3347; x_wconf 91' lang='lat' dir='ltr'>eo</span> <span class='ocrx_word' id='word_1_461' title='bbox 1214 3292 1457 3346; x_wconf 89' lang='lat' dir='ltr'>denotati</span> <span class='ocrx_word' id='word_1_462' title='bbox 1491 3292 1714 3346; x_wconf 91' lang='lat' dir='ltr'>nomine</span> <span class='ocrx_word' id='word_1_463' title='bbox 1745 3299 1908 3346; x_wconf 80' lang='lat' dir='ltr'>tenus</span> <span class='ocrx_word' id='word_1_464' title='bbox 1939 3307 2030 3346; x_wconf 83' lang='lat' dir='ltr'>vo-</span> 
     </span>
    </p>
   </div>
   <div class='ocr_carea' id='block_1_61' title="bbox 413 3379 2029 3455">
    <p class='ocr_par' dir='ltr' id='par_1_61' title="bbox 413 3379 2029 3455">
     <span class='ocr_line' id='line_1_61' title="bbox 413 3379 2029 3455; baseline -0.002 -17"><span class='ocrx_word' id='word_1_465' title='bbox 413 3383 653 3438; x_wconf 88' lang='lat' dir='ltr'>citentur</span> <span class='ocrx_word' id='word_1_466' title='bbox 667 3390 723 3437; x_wconf 91' lang='lat' dir='ltr'>et</span> <span class='ocrx_word' id='word_1_467' title='bbox 741 3383 1114 3455; x_wconf 85' lang='lat' dir='ltr'>assignentur.</span> <span class='ocrx_word' id='word_1_468' title='bbox 1155 3383 1214 3435; x_wconf 90' lang='lat' dir='ltr'>ln</span> <span class='ocrx_word' id='word_1_469' title='bbox 1237 3381 1445 3451; x_wconf 91' lang='lat' dir='ltr'>quibus</span> <span class='ocrx_word' id='word_1_470' title='bbox 1467 3379 2029 3436; x_wconf 89' lang='lat' dir='ltr'>determinationibus</span> 
     </span>
    </p>
   </div>
   <div class='ocr_carea' id='block_1_62' title="bbox 411 3469 2028 3545">
    <p class='ocr_par' dir='ltr' id='par_1_62' title="bbox 411 3469 2028 3545">
     <span class='ocr_line' id='line_1_62' title="bbox 411 3469 2028 3545; baseline -0.001 -21"><span class='ocrx_word' id='word_1_471' title='bbox 411 3470 843 3545; x_wconf 89' lang='lat' dir='ltr'>lignicujusdam</span> <span class='ocrx_word' id='word_1_472' title='bbox 875 3486 1140 3526; x_wconf 89' lang='lat' dir='ltr'>coneavo.</span> <span class='ocrx_word' id='word_1_473' title='bbox 1167 3486 1335 3524; x_wconf 91' lang='lat' dir='ltr'>manu</span> <span class='ocrx_word' id='word_1_474' title='bbox 1367 3486 1466 3524; x_wconf 90' lang='lat' dir='ltr'>sua</span> <span class='ocrx_word' id='word_1_475' title='bbox 1490 3480 1700 3541; x_wconf 91' lang='lat' dir='ltr'>petram</span> <span class='ocrx_word' id='word_1_476' title='bbox 1723 3469 2028 3538; x_wconf 88' lang='lat' dir='ltr'>conjecisse</span> 
     </span>
    </p>
   </div>
   <div class='ocr_carea' id='block_1_63' title="bbox 413 3562 2026 3634">
    <p class='ocr_par' dir='ltr' id='par_1_63' title="bbox 413 3562 2026 3634">
     <span class='ocr_line' id='line_1_63' title="bbox 413 3562 2026 3634; baseline -0.001 -18"><span class='ocrx_word' id='word_1_477' title='bbox 413 3563 685 3616; x_wconf 90' lang='lat' dir='ltr'>traditur:</span> <span class='ocrx_word' id='word_1_478' title='bbox 730 3579 892 3634; x_wconf 89' lang='lat' dir='ltr'>quam</span> <span class='ocrx_word' id='word_1_479' title='bbox 953 3563 1270 3634; x_wconf 89' lang='lat' dir='ltr'>quicunque</span> <span class='ocrx_word' id='word_1_480' title='bbox 1323 3562 1603 3617; x_wconf 90' lang='lat' dir='ltr'>voluerint</span> <span class='ocrx_word' id='word_1_481' title='bbox 1662 3568 2026 3627; x_wconf 90' lang='lat' dir='ltr'>contrectare,</span> 
     </span>
    </p>
   </div>
   <div class='ocr_carea' id='block_1_64' title="bbox 411 3648 2027 3722">
    <p class='ocr_par' dir='ltr' id='par_1_64' title="bbox 411 3648 2027 3722">
     <span class='ocr_line' id='line_1_64' title="bbox 411 3648 2027 3722; baseline -0.002 -16"><span class='ocrx_word' id='word_1_482' title='bbox 411 3668 633 3706; x_wconf 90' lang='lat' dir='ltr'>manum</span> <span class='ocrx_word' id='word_1_483' title='bbox 663 3651 716 3704; x_wconf 93' lang='lat' dir='ltr'>in</span> <span class='ocrx_word' id='word_1_484' title='bbox 778 3652 950 3722; x_wconf 89' lang='lat' dir='ltr'>ipsam</span> <span class='ocrx_word' id='word_1_485' title='bbox 985 3666 1273 3706; x_wconf 85' lang='lat' dir='ltr'>cavernam</span> <span class='ocrx_word' id='word_1_486' title='bbox 1318 3651 1499 3705; x_wconf 91' lang='lat' dir='ltr'>valent</span> <span class='ocrx_word' id='word_1_487' title='bbox 1532 3648 1755 3714; x_wconf 89' lang='lat' dir='ltr'>inferre,</span> <span class='ocrx_word' id='word_1_488' title='bbox 1789 3649 2027 3721; x_wconf 86' lang='lat' dir='ltr'>lapidem</span> 
     </span>
    </p>
   </div>
   <div class='ocr_carea' id='block_1_65' title="bbox 411 3738 2028 3808">
    <p class='ocr_par' dir='ltr' id='par_1_65' title="bbox 411 3738 2028 3808">
     <span class='ocr_line' id='line_1_65' title="bbox 411 3738 2028 3808; baseline -0.001 -12"><span class='ocrx_word' id='word_1_489' title='bbox 411 3742 727 3808; x_wconf 89' lang='lat' dir='ltr'>devolvere,</span> <span class='ocrx_word' id='word_1_490' title='bbox 756 3741 854 3795; x_wconf 88' lang='lat' dir='ltr'>sed</span> <span class='ocrx_word' id='word_1_491' title='bbox 908 3740 978 3795; x_wconf 89' lang='lat' dir='ltr'>ab</span> <span class='ocrx_word' id='word_1_492' title='bbox 1033 3740 1228 3794; x_wconf 90' lang='lat' dir='ltr'>eadem</span> <span class='ocrx_word' id='word_1_493' title='bbox 1285 3740 1628 3795; x_wconf 84' lang='lat' dir='ltr'>concavitate</span> <span class='ocrx_word' id='word_1_494' title='bbox 1679 3739 1829 3793; x_wconf 92' lang='lat' dir='ltr'>nullo</span> <span class='ocrx_word' id='word_1_495' title='bbox 1863 3738 2028 3794; x_wconf 90' lang='lat' dir='ltr'>modo</span> 
     </span>
    </p>
   </div>
   <div class='ocr_carea' id='block_1_66' title="bbox 411 3831 2027 3905">
    <p class='ocr_par' dir='ltr' id='par_1_66' title="bbox 411 3831 2027 3905">
     <span class='ocr_line' id='line_1_66' title="bbox 411 3831 2027 3905; baseline -0.002 -17"><span class='ocrx_word' id='word_1_496' title='bbox 411 3841 624 3905; x_wconf 90' lang='lat' dir='ltr'>queunt</span> <span class='ocrx_word' id='word_1_497' title='bbox 663 3833 917 3888; x_wconf 91' lang='lat' dir='ltr'>educere.</span> <span class='ocrx_word' id='word_1_498' title='bbox 972 3833 1096 3887; x_wconf 89' lang='lat' dir='ltr'>Post</span> <span class='ocrx_word' id='word_1_499' title='bbox 1125 3832 1310 3904; x_wconf 89' lang='lat' dir='ltr'>aliqua</span> <span class='ocrx_word' id='word_1_500' title='bbox 1362 3847 1490 3888; x_wconf 91' lang='lat' dir='ltr'>vero</span> <span class='ocrx_word' id='word_1_501' title='bbox 1531 3840 1781 3903; x_wconf 81' lang='lat' dir='ltr'>tempore</span> <span class='ocrx_word' id='word_1_502' title='bbox 1801 3831 2027 3902; x_wconf 91' lang='lat' dir='ltr'>quidam</span> 
     </span>
    </p>
   </div>
   <div class='ocr_carea' id='block_1_67' title="bbox 411 3925 2025 3996">
    <p class='ocr_par' dir='ltr' id='par_1_67' title="bbox 411 3925 2025 3996">
     <span class='ocr_line' id='line_1_67' title="bbox 411 3925 2025 3996; baseline -0.001 -16"><span class='ocrx_word' id='word_1_503' title='bbox 411 3925 559 3981; x_wconf 88' lang='lat' dir='ltr'>beati</span> <span class='ocrx_word' id='word_1_504' title='bbox 585 3926 687 3982; x_wconf 90' lang='lat' dir='ltr'>viri</span> <span class='ocrx_word' id='word_1_505' title='bbox 717 3925 975 3981; x_wconf 89' lang='lat' dir='ltr'>laudibus</span> <span class='ocrx_word' id='word_1_506' title='bbox 1002 3925 1276 3992; x_wconf 91' lang='lat' dir='ltr'>invidens,</span> <span class='ocrx_word' id='word_1_507' title='bbox 1312 3925 1484 3996; x_wconf 91' lang='lat' dir='ltr'>ipsam</span> <span class='ocrx_word' id='word_1_508' title='bbox 1524 3941 1690 3980; x_wconf 90' lang='lat' dir='ltr'>manu</span> <span class='ocrx_word' id='word_1_509' title='bbox 1722 3932 1935 3995; x_wconf 90' lang='lat' dir='ltr'>petram</span> <span class='ocrx_word' id='word_1_510' title='bbox 1956 3925 2025 3979; x_wconf 90' lang='lat' dir='ltr'>de</span> 
     </span>
    </p>
   </div>
   <div class='ocr_carea' id='block_1_68' title="bbox 409 4014 2024 4088">
    <p class='ocr_par' dir='ltr' id='par_1_68' title="bbox 409 4014 2024 4088">
     <span class='ocr_line' id='line_1_68' title="bbox 409 4014 2024 4088; baseline -0.001 -19"><span class='ocrx_word' id='word_1_511' title='bbox 409 4016 558 4088; x_wconf 87' lang='lat' dir='ltr'>ligno</span> <span class='ocrx_word' id='word_1_512' title='bbox 583 4016 736 4070; x_wconf 91' lang='lat' dir='ltr'>nisus</span> <span class='ocrx_word' id='word_1_513' title='bbox 755 4024 836 4069; x_wconf 89' lang='lat' dir='ltr'>est</span> <span class='ocrx_word' id='word_1_514' title='bbox 897 4014 1134 4069; x_wconf 90' lang='lat' dir='ltr'>evellere</span> <span class='ocrx_word' id='word_1_515' title='bbox 1165 4033 1178 4081; x_wconf 90' lang='lat'><strong>;</strong></span> <span class='ocrx_word' id='word_1_516' title='bbox 1212 4014 1360 4084; x_wconf 92' lang='lat' dir='ltr'>quod</span> <span class='ocrx_word' id='word_1_517' title='bbox 1399 4014 1621 4084; x_wconf 83' lang='lat' dir='ltr'>explere</span> <span class='ocrx_word' id='word_1_518' title='bbox 1669 4028 1781 4068; x_wconf 88' lang='lat' dir='ltr'>non</span> <span class='ocrx_word' id='word_1_519' title='bbox 1814 4014 2024 4082; x_wconf 88' lang='lat' dir='ltr'>valens,</span> 
     </span>
    </p>
   </div>
   <div class='ocr_carea' id='block_1_69' title="bbox 411 4102 2025 4175">
    <p class='ocr_par' dir='ltr' id='par_1_69' title="bbox 411 4102 2025 4175">
     <span class='ocr_line' id='line_1_69' title="bbox 411 4102 2025 4175; baseline 0 -17"><span class='ocrx_word' id='word_1_520' title='bbox 411 4105 588 4175; x_wconf 92' lang='lat' dir='ltr'>ipsum</span> <span class='ocrx_word' id='word_1_521' title='bbox 607 4103 787 4158; x_wconf 91' lang='lat' dir='ltr'>securi</span> <span class='ocrx_word' id='word_1_522' title='bbox 819 4103 1066 4158; x_wconf 92' lang='lat' dir='ltr'>foramen</span> <span class='ocrx_word' id='word_1_523' title='bbox 1092 4103 1321 4156; x_wconf 85' lang='lat' dir='ltr'>tentavit</span> <span class='ocrx_word' id='word_1_524' title='bbox 1347 4102 1636 4172; x_wconf 89' lang='lat' dir='ltr'>ampliare.</span> <span class='ocrx_word' id='word_1_525' title='bbox 1669 4102 1777 4156; x_wconf 86' lang='lat' dir='ltr'>Sed</span> <span class='ocrx_word' id='word_1_526' title='bbox 1808 4103 2025 4158; x_wconf 89' lang='lat' dir='ltr'>elevato</span> 
     </span>
    </p>
   </div>
   <div class='ocr_carea' id='block_1_70' title="bbox 409 4189 2025 4262">
    <p class='ocr_par' dir='ltr' id='par_1_70' title="bbox 409 4189 2025 4262">
     <span class='ocr_line' id='line_1_70' title="bbox 409 4189 2025 4262; baseline -0.001 -17"><span class='ocrx_word' id='word_1_527' title='bbox 409 4192 555 4246; x_wconf 90' lang='lat' dir='ltr'>ferro</span> <span class='ocrx_word' id='word_1_528' title='bbox 616 4202 673 4246; x_wconf 90' lang='lat' dir='ltr'>ut</span> <span class='ocrx_word' id='word_1_529' title='bbox 738 4191 993 4246; x_wconf 88' lang='lat' dir='ltr'>arborem</span> <span class='ocrx_word' id='word_1_530' title='bbox 1053 4198 1385 4262; x_wconf 89' lang='lat' dir='ltr'>percuteret,</span> <span class='ocrx_word' id='word_1_531' title='bbox 1451 4189 1692 4245; x_wconf 86' lang='lat' dir='ltr'>arefacta</span> <span class='ocrx_word' id='word_1_532' title='bbox 1732 4205 1858 4245; x_wconf 84' lang='lat' dir='ltr'>mox</span> <span class='ocrx_word' id='word_1_533' title='bbox 1911 4190 2025 4258; x_wconf 91' lang='lat' dir='ltr'>jam</span> 
     </span>
    </p>
   </div>
   <div class='ocr_carea' id='block_1_71' title="bbox 407 4281 2022 4354">
    <p class='ocr_par' dir='ltr' id='par_1_71' title="bbox 407 4281 2022 4354">
     <span class='ocr_line' id='line_1_71' title="bbox 407 4281 2022 4354; baseline -0.001 -17"><span class='ocrx_word' id='word_1_534' title='bbox 407 4283 650 4350; x_wconf 85' lang='lat' dir='ltr'>dextera,</span> <span class='ocrx_word' id='word_1_535' title='bbox 710 4299 872 4354; x_wconf 92' lang='lat' dir='ltr'>quam</span> <span class='ocrx_word' id='word_1_536' title='bbox 935 4281 1244 4354; x_wconf 87' lang='lat' dir='ltr'>procaciter</span> <span class='ocrx_word' id='word_1_537' title='bbox 1310 4281 1522 4341; x_wconf 87' lang='lat' dir='ltr'>extulit.</span> <span class='ocrx_word' id='word_1_538' title='bbox 1592 4281 1770 4351; x_wconf 91' lang='lat' dir='ltr'>ipsum</span> <span class='ocrx_word' id='word_1_539' title='bbox 1819 4281 1939 4352; x_wconf 72' lang='grc' dir='ltr'>[τηε.</span> <span class='ocrx_word' id='word_1_540' title='bbox 1981 4284 2022 4347; x_wconf 81' lang='lat' dir='ltr'>i,</span> 
     </span>
    </p>
   </div>
   <div class='ocr_carea' id='block_1_72' title="bbox 411 4372 2022 4446">
    <p class='ocr_par' dir='ltr' id='par_1_72' title="bbox 411 4372 2022 4446">
     <span class='ocr_line' id='line_1_72' title="bbox 411 4372 2022 4446; baseline 0.001 -19"><span class='ocrx_word' id='word_1_541' title='bbox 411 4373 546 4445; x_wconf 91' lang='lat' dir='ltr'>ipse]</span> <span class='ocrx_word' id='word_1_542' title='bbox 573 4390 796 4446; x_wconf 89' lang='lat' dir='ltr'>quoque</span> <span class='ocrx_word' id='word_1_543' title='bbox 827 4374 1013 4428; x_wconf 92' lang='lat' dir='ltr'>lumen</span> <span class='ocrx_word' id='word_1_544' title='bbox 1045 4374 1332 4428; x_wconf 89' lang='lat' dir='ltr'>oculorum</span> <span class='ocrx_word' id='word_1_545' title='bbox 1363 4372 1566 4438; x_wconf 90' lang='lat' dir='ltr'>amisit,</span> <span class='ocrx_word' id='word_1_546' title='bbox 1596 4380 1651 4428; x_wconf 91' lang='lat' dir='ltr'>et</span> <span class='ocrx_word' id='word_1_547' title='bbox 1701 4373 1792 4444; x_wconf 92' lang='lat' dir='ltr'>qui</span> <span class='ocrx_word' id='word_1_548' title='bbox 1822 4372 2022 4428; x_wconf 90' lang='lat' dir='ltr'>famam</span> 
     </span>
    </p>
   </div>
   <div class='ocr_carea' id='block_1_73' title="bbox 407 4464 2024 4538">
    <p class='ocr_par' dir='ltr' id='par_1_73' title="bbox 407 4464 2024 4538">
     <span class='ocr_line' id='line_1_73' title="bbox 407 4464 2024 4538; baseline 0 -19"><span class='ocrx_word' id='word_1_549' title='bbox 407 4465 579 4520; x_wconf 87' lang='lat' dir='ltr'>sancti</span> <span class='ocrx_word' id='word_1_550' title='bbox 610 4466 782 4520; x_wconf 86' lang='lat' dir='ltr'>Patris</span> <span class='ocrx_word' id='word_1_551' title='bbox 813 4465 978 4534; x_wconf 90' lang='lat' dir='ltr'>hujus</span> <span class='ocrx_word' id='word_1_552' title='bbox 997 4465 1350 4538; x_wconf 87' lang='lat' dir='ltr'>exstinguere</span> <span class='ocrx_word' id='word_1_553' title='bbox 1382 4464 1578 4529; x_wconf 88' lang='lat' dir='ltr'>voluit,</span> <span class='ocrx_word' id='word_1_554' title='bbox 1609 4464 2024 4520; x_wconf 89' lang='lat' dir='ltr'>venerationem</span> 
     </span>
    </p>
   </div>
   <div class='ocr_carea' id='block_1_74' title="bbox 411 4555 1092 4610">
    <p class='ocr_par' dir='ltr' id='par_1_74' title="bbox 411 4555 1092 4610">
     <span class='ocr_line' id='line_1_74' title="bbox 411 4555 1092 4610; baseline 0.001 -3"><span class='ocrx_word' id='word_1_555' title='bbox 411 4555 589 4609; x_wconf 91' lang='lat' dir='ltr'>laudis</span> <span class='ocrx_word' id='word_1_556' title='bbox 618 4555 841 4610; x_wconf 85' lang='lat' dir='ltr'>adauxit</span> <span class='ocrx_word' id='word_1_557' title='bbox 871 4555 1092 4610; x_wconf 90' lang='lat' dir='ltr'>invitus.</span> 
     </span>
    </p>
   </div>
   <div class='ocr_carea' id='block_1_75' title="bbox 481 4645 2027 4718">
    <p class='ocr_par' dir='ltr' id='par_1_75' title="bbox 481 4645 2027 4718">
     <span class='ocr_line' id='line_1_75' title="bbox 481 4645 2027 4718; baseline -0.001 -17"><span class='ocrx_word' id='word_1_558' title='bbox 481 4647 641 4702; x_wconf 83' lang='lat' dir='ltr'>Istius</span> <span class='ocrx_word' id='word_1_559' title='bbox 662 4657 873 4718; x_wconf 87' lang='lat' dir='ltr'>partem</span> <span class='ocrx_word' id='word_1_560' title='bbox 895 4647 1046 4701; x_wconf 78' lang='lat' dir='ltr'>silsz</span> <span class='ocrx_word' id='word_1_561' title='bbox 1079 4647 1241 4714; x_wconf 91' lang='lat' dir='ltr'>hujus</span> <span class='ocrx_word' id='word_1_562' title='bbox 1283 4646 1409 4700; x_wconf 91' lang='lat' dir='ltr'>almi</span> <span class='ocrx_word' id='word_1_563' title='bbox 1462 4647 1676 4716; x_wconf 89' lang='lat' dir='ltr'>patroni</span> <span class='ocrx_word' id='word_1_564' title='bbox 1709 4645 1879 4700; x_wconf 90' lang='lat' dir='ltr'>nostri</span> <span class='ocrx_word' id='word_1_565' title='bbox 1909 4652 2027 4699; x_wconf 90' lang='lat' dir='ltr'>stu-</span> 
     </span>
    </p>
   </div>
   <div class='ocr_carea' id='block_1_76' title="bbox 405 4734 2024 4809">
    <p class='ocr_par' dir='ltr' id='par_1_76' title="bbox 405 4734 2024 4809">
     <span class='ocr_line' id='line_1_76' title="bbox 405 4734 2024 4809; baseline 0 -19"><span class='ocrx_word' id='word_1_566' title='bbox 405 4737 514 4791; x_wconf 90' lang='lat' dir='ltr'>diis</span> <span class='ocrx_word' id='word_1_567' title='bbox 543 4745 764 4809; x_wconf 70' lang='lat' dir='ltr'>emptaz,</span> <span class='ocrx_word' id='word_1_568' title='bbox 798 4737 908 4792; x_wconf 93' lang='lat' dir='ltr'>duo</span> <span class='ocrx_word' id='word_1_569' title='bbox 940 4736 1162 4808; x_wconf 91' lang='lat' dir='ltr'>quidam</span> <span class='ocrx_word' id='word_1_570' title='bbox 1182 4734 1375 4790; x_wconf 89' lang='lat' dir='ltr'>fratres</span> <span class='ocrx_word' id='word_1_571' title='bbox 1395 4736 1651 4790; x_wconf 90' lang='lat' dir='ltr'>custodes</span> <span class='ocrx_word' id='word_1_572' title='bbox 1683 4736 1818 4807; x_wconf 86' lang='lat' dir='ltr'>regii</span> <span class='ocrx_word' id='word_1_573' title='bbox 1855 4736 2024 4790; x_wconf 90' lang='lat' dir='ltr'>saltus</span> 
     </span>
    </p>
   </div>
   <div class='ocr_carea' id='block_1_77' title="bbox 406 4825 2021 4899">
    <p class='ocr_par' dir='ltr' id='par_1_77' title="bbox 406 4825 2021 4899">
     <span class='ocr_line' id='line_1_77' title="bbox 406 4825 2021 4899; baseline -0.001 -17"><span class='ocrx_word' id='word_1_574' title='bbox 406 4828 754 4894; x_wconf 84' lang='lat' dir='ltr'>invadentes,</span> <span class='ocrx_word' id='word_1_575' title='bbox 789 4827 1112 4883; x_wconf 88' lang='lat' dir='ltr'>asserebant</span> <span class='ocrx_word' id='word_1_576' title='bbox 1139 4828 1286 4898; x_wconf 88' lang='lat' dir='ltr'>quod</span> <span class='ocrx_word' id='word_1_577' title='bbox 1318 4827 1497 4897; x_wconf 87' lang='lat' dir='ltr'>potius</span> <span class='ocrx_word' id='word_1_578' title='bbox 1527 4827 1593 4880; x_wconf 89' lang='lat' dir='ltr'>ad</span> <span class='ocrx_word' id='word_1_579' title='bbox 1624 4825 1814 4882; x_wconf 89' lang='lat' dir='ltr'>fiscum</span> <span class='ocrx_word' id='word_1_580' title='bbox 1857 4844 2021 4899; x_wconf 89' lang='lat' dir='ltr'>quam</span> 
     </span>
    </p>
   </div>
   <div class='ocr_carea' id='block_1_78' title="bbox 405 4917 2023 4994">
    <p class='ocr_par' dir='ltr' id='par_1_78' title="bbox 405 4917 2023 4994">
     <span class='ocr_line' id='line_1_78' title="bbox 405 4917 2023 4994; baseline -0.001 -20"><span class='ocrx_word' id='word_1_581' title='bbox 405 4920 473 4974; x_wconf 87' lang='lat' dir='ltr'>ad</span> <span class='ocrx_word' id='word_1_582' title='bbox 515 4921 608 4989; x_wconf 89' lang='lat' dir='ltr'>jus</span> <span class='ocrx_word' id='word_1_583' title='bbox 649 4921 702 4976; x_wconf 90' lang='lat' dir='ltr'>S.</span> <span class='ocrx_word' id='word_1_584' title='bbox 738 4919 972 4994; x_wconf 84' lang='lat' dir='ltr'>Remigii</span> <span class='ocrx_word' id='word_1_585' title='bbox 1033 4919 1355 4990; x_wconf 88' lang='lat' dir='ltr'>pertineret.</span> <span class='ocrx_word' id='word_1_586' title='bbox 1415 4917 1624 4972; x_wconf 79' lang='lat' dir='ltr'>Accidit</span> <span class='ocrx_word' id='word_1_587' title='bbox 1669 4926 1850 4973; x_wconf 91' lang='lat' dir='ltr'>autem</span> <span class='ocrx_word' id='word_1_588' title='bbox 1893 4919 2023 4973; x_wconf 92' lang='lat' dir='ltr'>dum</span> 
     </span>
    </p>
   </div>
   <div class='ocr_carea' id='block_1_79' title="bbox 406 5010 2024 5083">
    <p class='ocr_par' dir='ltr' id='par_1_79' title="bbox 406 5010 2024 5083">
     <span class='ocr_line' id='line_1_79' title="bbox 406 5010 2024 5083; baseline -0.002 -16"><span class='ocrx_word' id='word_1_589' title='bbox 406 5013 688 5083; x_wconf 89' lang='lat' dir='ltr'>quondam</span> <span class='ocrx_word' id='word_1_590' title='bbox 716 5029 836 5067; x_wconf 91' lang='lat' dir='ltr'>cum</span> <span class='ocrx_word' id='word_1_591' title='bbox 875 5011 1069 5066; x_wconf 86' lang='lat' dir='ltr'>incolis</span> <span class='ocrx_word' id='word_1_592' title='bbox 1091 5011 1340 5065; x_wconf 71' lang='lat' dir='ltr'>ecclesia:</span> <span class='ocrx_word' id='word_1_593' title='bbox 1369 5010 1655 5064; x_wconf 90' lang='lat' dir='ltr'>Remensis</span> <span class='ocrx_word' id='word_1_594' title='bbox 1675 5010 1872 5066; x_wconf 89' lang='lat' dir='ltr'>ditioni</span> <span class='ocrx_word' id='word_1_595' title='bbox 1897 5010 2024 5064; x_wconf 85' lang='lat' dir='ltr'>sub-</span> 
     </span>
    </p>
   </div>
   <div class='ocr_carea' id='block_1_80' title="bbox 403 5103 2020 5170">
    <p class='ocr_par' dir='ltr' id='par_1_80' title="bbox 403 5103 2020 5170">
     <span class='ocr_line' id='line_1_80' title="bbox 403 5103 2020 5170; baseline -0.001 -12"><span class='ocrx_word' id='word_1_596' title='bbox 403 5104 554 5170; x_wconf 89' lang='lat' dir='ltr'>ditis,</span> <span class='ocrx_word' id='word_1_597' title='bbox 587 5103 658 5160; x_wconf 93' lang='lat' dir='ltr'>ob</span> <span class='ocrx_word' id='word_1_598' title='bbox 692 5104 747 5158; x_wconf 93' lang='lat' dir='ltr'>id</span> <span class='ocrx_word' id='word_1_599' title='bbox 769 5105 1192 5170; x_wconf 89' lang='lat' dir='ltr'>altercarentur,</span> <span class='ocrx_word' id='word_1_600' title='bbox 1226 5111 1288 5159; x_wconf 91' lang='lat' dir='ltr'>ut</span> <span class='ocrx_word' id='word_1_601' title='bbox 1313 5119 1458 5158; x_wconf 91' lang='lat' dir='ltr'>unus</span> <span class='ocrx_word' id='word_1_602' title='bbox 1483 5117 1672 5157; x_wconf 90' lang='lat' dir='ltr'>eorum</span> <span class='ocrx_word' id='word_1_603' title='bbox 1705 5103 2020 5157; x_wconf 89' lang='lat' dir='ltr'>veniensad</span> 
     </span>
    </p>
   </div>
   <div class='ocr_carea' id='block_1_81' title="bbox 403 5191 2019 5264">
    <p class='ocr_par' dir='ltr' id='par_1_81' title="bbox 403 5191 2019 5264">
     <span class='ocr_line' id='line_1_81' title="bbox 403 5191 2019 5264; baseline -0.001 -16"><span class='ocrx_word' id='word_1_604' title='bbox 403 5207 599 5264; x_wconf 91' lang='lat' dir='ltr'>porcos</span> <span class='ocrx_word' id='word_1_605' title='bbox 612 5208 764 5261; x_wconf 91' lang='lat' dir='ltr'>suos,</span> <span class='ocrx_word' id='word_1_606' title='bbox 783 5208 924 5264; x_wconf 91' lang='lat' dir='ltr'>quos</span> <span class='ocrx_word' id='word_1_607' title='bbox 963 5192 1015 5245; x_wconf 91' lang='lat' dir='ltr'>in</span> <span class='ocrx_word' id='word_1_608' title='bbox 1037 5192 1288 5247; x_wconf 89' lang='lat' dir='ltr'>eamdem</span> <span class='ocrx_word' id='word_1_609' title='bbox 1314 5191 1506 5246; x_wconf 87' lang='lat' dir='ltr'>silvam</span> <span class='ocrx_word' id='word_1_610' title='bbox 1537 5198 1751 5262; x_wconf 88' lang='lat' dir='ltr'>pastum</span> <span class='ocrx_word' id='word_1_611' title='bbox 1771 5191 2019 5258; x_wconf 88' lang='lat' dir='ltr'>miserat,</span> 
     </span>
    </p>
   </div>
   <div class='ocr_carea' id='block_1_82' title="bbox 399 5283 2018 5356">
    <p class='ocr_par' dir='ltr' id='par_1_82' title="bbox 399 5283 2018 5356">
     <span class='ocr_line' id='line_1_82' title="bbox 399 5283 2018 5356; baseline 0 -18"><span class='ocrx_word' id='word_1_612' title='bbox 399 5285 589 5356; x_wconf 89' lang='lat' dir='ltr'>lupum</span> <span class='ocrx_word' id='word_1_613' title='bbox 624 5284 768 5340; x_wconf 88' lang='lat' dir='ltr'>inter</span> <span class='ocrx_word' id='word_1_614' title='bbox 797 5299 896 5340; x_wconf 89' lang='lat' dir='ltr'>eos</span> <span class='ocrx_word' id='word_1_615' title='bbox 930 5283 1244 5339; x_wconf 87' lang='lat' dir='ltr'>inveniret:</span> <span class='ocrx_word' id='word_1_616' title='bbox 1287 5299 1452 5354; x_wconf 86' lang='lat' dir='ltr'>quem</span> <span class='ocrx_word' id='word_1_617' title='bbox 1483 5299 1714 5338; x_wconf 90' lang='lat' dir='ltr'>ascenso</span> <span class='ocrx_word' id='word_1_618' title='bbox 1748 5298 1893 5353; x_wconf 92' lang='lat' dir='ltr'>equo</span> <span class='ocrx_word' id='word_1_619' title='bbox 1923 5299 2018 5338; x_wconf 89' lang='lat' dir='ltr'>ce-</span> 
     </span>
    </p>
   </div>
   <div class='ocr_carea' id='block_1_83' title="bbox 399 5371 2015 5444">
    <p class='ocr_par' dir='ltr' id='par_1_83' title="bbox 399 5371 2015 5444">
     <span class='ocr_line' id='line_1_83' title="bbox 399 5371 2015 5444; baseline -0.001 -16"><span class='ocrx_word' id='word_1_620' title='bbox 399 5373 588 5430; x_wconf 90' lang='lat' dir='ltr'>leriter</span> <span class='ocrx_word' id='word_1_621' title='bbox 615 5373 922 5438; x_wconf 88' lang='lat' dir='ltr'>insecutus,</span> <span class='ocrx_word' id='word_1_622' title='bbox 953 5387 1194 5444; x_wconf 91' lang='lat' dir='ltr'>eumque</span> <span class='ocrx_word' id='word_1_623' title='bbox 1241 5380 1528 5442; x_wconf 89' lang='lat' dir='ltr'>percutere</span> <span class='ocrx_word' id='word_1_624' title='bbox 1592 5371 1838 5441; x_wconf 91' lang='lat' dir='ltr'>molitus,</span> <span class='ocrx_word' id='word_1_625' title='bbox 1872 5387 2015 5444; x_wconf 91' lang='lat' dir='ltr'>equo</span> 
     </span>
    </p>
   </div>
   <div class='ocr_carea' id='block_1_84' title="bbox 397 5459 2024 5536">
    <p class='ocr_par' dir='ltr' id='par_1_84' title="bbox 397 5459 2024 5536">
     <span class='ocr_line' id='line_1_84' title="bbox 397 5459 2024 5536; baseline -0.003 -16"><span class='ocrx_word' id='word_1_626' title='bbox 397 5461 684 5536; x_wconf 83' lang='lat' dir='ltr'>pavefacto</span> <span class='ocrx_word' id='word_1_627' title='bbox 706 5469 873 5534; x_wconf 89' lang='lat' dir='ltr'>caput</span> <span class='ocrx_word' id='word_1_628' title='bbox 914 5461 982 5515; x_wconf 88' lang='lat' dir='ltr'>ad</span> <span class='ocrx_word' id='word_1_629' title='bbox 1006 5460 1300 5533; x_wconf 89' lang='lat' dir='ltr'>quamdam</span> <span class='ocrx_word' id='word_1_630' title='bbox 1329 5460 1529 5515; x_wconf 83' lang='lat' dir='ltr'>collisit</span> <span class='ocrx_word' id='word_1_631' title='bbox 1549 5459 1830 5532; x_wconf 74' lang='lat' dir='ltr'>arborem,</span> <span class='ocrx_word' id='word_1_632' title='bbox 1866 5477 2024 5516; x_wconf 90' lang='lat' dir='ltr'>cere-</span> 
     </span>
    </p>
   </div>
   <div class='ocr_carea' id='block_1_85' title="bbox 2128 3105 3744 3181">
    <p class='ocr_par' dir='ltr' id='par_1_85' title="bbox 2128 3105 3744 3181">
     <span class='ocr_line' id='line_1_85' title="bbox 2128 3105 3744 3181; baseline -0.002 -18"><span class='ocrx_word' id='word_1_633' title='bbox 2128 3109 2403 3181; x_wconf 89' lang='lat' dir='ltr'>lacrymis,</span> <span class='ocrx_word' id='word_1_634' title='bbox 2433 3109 2563 3181; x_wconf 92' lang='lat' dir='ltr'>quia</span> <span class='ocrx_word' id='word_1_635' title='bbox 2587 3108 2633 3162; x_wconf 92' lang='lat' dir='ltr'>si</span> <span class='ocrx_word' id='word_1_636' title='bbox 2659 3109 2804 3162; x_wconf 92' lang='lat' dir='ltr'>Deus</span> <span class='ocrx_word' id='word_1_637' title='bbox 2834 3123 2935 3178; x_wconf 89' lang='lat' dir='ltr'>per</span> <span class='ocrx_word' id='word_1_638' title='bbox 2959 3106 3156 3162; x_wconf 89' lang='lat' dir='ltr'>merita</span> <span class='ocrx_word' id='word_1_639' title='bbox 3193 3107 3247 3160; x_wconf 95' lang='lat' dir='ltr'>S.</span> <span class='ocrx_word' id='word_1_640' title='bbox 3283 3105 3516 3180; x_wconf 83' lang='lat' dir='ltr'>Remigii</span> <span class='ocrx_word' id='word_1_641' title='bbox 3546 3105 3744 3177; x_wconf 86' lang='lat' dir='ltr'>pedem</span> 
     </span>
    </p>
   </div>
   <div class='ocr_carea' id='block_1_86' title="bbox 2131 3198 3745 3272">
    <p class='ocr_par' dir='ltr' id='par_1_86' title="bbox 2131 3198 3745 3272">
     <span class='ocr_line' id='line_1_86' title="bbox 2131 3198 3745 3272; baseline -0.002 -17"><span class='ocrx_word' id='word_1_642' title='bbox 2131 3201 2306 3272; x_wconf 91' lang='lat' dir='ltr'>ipsius</span> <span class='ocrx_word' id='word_1_643' title='bbox 2343 3201 2412 3254; x_wconf 89' lang='lat' dir='ltr'>ab</span> <span class='ocrx_word' id='word_1_644' title='bbox 2443 3201 2543 3255; x_wconf 90' lang='lat' dir='ltr'>hac</span> <span class='ocrx_word' id='word_1_645' title='bbox 2573 3200 2842 3271; x_wconf 91' lang='lat' dir='ltr'>compede</span> <span class='ocrx_word' id='word_1_646' title='bbox 2882 3199 3141 3265; x_wconf 85' lang='lat' dir='ltr'>solveret,</span> <span class='ocrx_word' id='word_1_647' title='bbox 3174 3198 3406 3253; x_wconf 91' lang='lat' dir='ltr'>ulterius</span> <span class='ocrx_word' id='word_1_648' title='bbox 3437 3213 3745 3270; x_wconf 89' lang='lat' dir='ltr'>nunquam,</span> 
     </span>
    </p>
   </div>
   <div class='ocr_carea' id='block_1_87' title="bbox 2128 3287 3746 3358">
    <p class='ocr_par' dir='ltr' id='par_1_87' title="bbox 2128 3287 3746 3358">
     <span class='ocr_line' id='line_1_87' title="bbox 2128 3287 3746 3358; baseline -0.002 -12"><span class='ocrx_word' id='word_1_649' title='bbox 2128 3289 2214 3346; x_wconf 91' lang='lat' dir='ltr'>vel</span> <span class='ocrx_word' id='word_1_650' title='bbox 2239 3290 2308 3345; x_wconf 93' lang='lat' dir='ltr'>de</span> <span class='ocrx_word' id='word_1_651' title='bbox 2335 3289 2446 3356; x_wconf 90' lang='lat' dir='ltr'>illa,</span> <span class='ocrx_word' id='word_1_652' title='bbox 2478 3289 2564 3344; x_wconf 90' lang='lat' dir='ltr'>vel</span> <span class='ocrx_word' id='word_1_653' title='bbox 2619 3289 2688 3342; x_wconf 93' lang='lat' dir='ltr'>de</span> <span class='ocrx_word' id='word_1_654' title='bbox 2737 3288 2985 3358; x_wconf 91' lang='lat' dir='ltr'>qualibet</span> <span class='ocrx_word' id='word_1_655' title='bbox 3011 3287 3218 3358; x_wconf 90' lang='lat' dir='ltr'>aliquid</span> <span class='ocrx_word' id='word_1_656' title='bbox 3251 3288 3486 3342; x_wconf 88' lang='lat' dir='ltr'>ecclesia</span> <span class='ocrx_word' id='word_1_657' title='bbox 3509 3288 3746 3354; x_wconf 91' lang='lat' dir='ltr'>tolleret,</span> 
     </span>
    </p>
   </div>
   <div class='ocr_carea' id='block_1_88' title="bbox 2129 3379 3751 3452">
    <p class='ocr_par' dir='ltr' id='par_1_88' title="bbox 2129 3379 3751 3452">
     <span class='ocr_line' id='line_1_88' title="bbox 2129 3379 3751 3452; baseline -0.002 -15"><span class='ocrx_word' id='word_1_658' title='bbox 2129 3389 2223 3436; x_wconf 91' lang='lat' dir='ltr'>aut</span> <span class='ocrx_word' id='word_1_659' title='bbox 2254 3381 2393 3449; x_wconf 88' lang='lat' dir='ltr'>tolli,</span> <span class='ocrx_word' id='word_1_660' title='bbox 2413 3387 2679 3452; x_wconf 90' lang='lat' dir='ltr'>quantum</span> <span class='ocrx_word' id='word_1_661' title='bbox 2710 3396 2777 3434; x_wconf 92' lang='lat' dir='ltr'>ex</span> <span class='ocrx_word' id='word_1_662' title='bbox 2810 3379 2930 3450; x_wconf 90' lang='lat' dir='ltr'>ipso</span> <span class='ocrx_word' id='word_1_663' title='bbox 2961 3386 3127 3444; x_wconf 89' lang='lat' dir='ltr'>esset,</span> <span class='ocrx_word' id='word_1_664' title='bbox 3179 3379 3290 3436; x_wconf 93' lang='lat' dir='ltr'>ullo</span> <span class='ocrx_word' id='word_1_665' title='bbox 3317 3379 3480 3435; x_wconf 91' lang='lat' dir='ltr'>modo</span> <span class='ocrx_word' id='word_1_666' title='bbox 3510 3394 3751 3434; x_wconf 89' lang='lat' dir='ltr'>consen-</span> 
     </span>
    </p>
   </div>
   <div class='ocr_carea' id='block_1_89' title="bbox 2130 3471 3748 3543">
    <p class='ocr_par' dir='ltr' id='par_1_89' title="bbox 2130 3471 3748 3543">
     <span class='ocr_line' id='line_1_89' title="bbox 2130 3471 3748 3543; baseline -0.001 -14"><span class='ocrx_word' id='word_1_667' title='bbox 2130 3475 2279 3530; x_wconf 90' lang='lat' dir='ltr'>tiret.</span> <span class='ocrx_word' id='word_1_668' title='bbox 2314 3473 2597 3528; x_wconf 88' lang='lat' dir='ltr'>Caballum</span> <span class='ocrx_word' id='word_1_669' title='bbox 2631 3487 2854 3543; x_wconf 91' lang='lat' dir='ltr'>quoque</span> <span class='ocrx_word' id='word_1_670' title='bbox 2884 3488 3043 3526; x_wconf 92' lang='lat' dir='ltr'>suum</span> <span class='ocrx_word' id='word_1_671' title='bbox 3071 3487 3194 3526; x_wconf 90' lang='lat' dir='ltr'>cum</span> <span class='ocrx_word' id='word_1_672' title='bbox 3225 3471 3381 3540; x_wconf 85' lang='lat' dir='ltr'>sella,</span> <span class='ocrx_word' id='word_1_673' title='bbox 3415 3480 3471 3526; x_wconf 92' lang='lat' dir='ltr'>et</span> <span class='ocrx_word' id='word_1_674' title='bbox 3491 3471 3595 3525; x_wconf 87' lang='lat' dir='ltr'>alia</span> <span class='ocrx_word' id='word_1_675' title='bbox 3625 3488 3748 3543; x_wconf 66' lang='lat' dir='ltr'>quae</span> 
     </span>
    </p>
   </div>
   <div class='ocr_carea' id='block_1_90' title="bbox 2130 3559 3746 3646">
    <p class='ocr_par' dir='ltr' id='par_1_90' title="bbox 2130 3559 3746 3646">
     <span class='ocr_line' id='line_1_90' title="bbox 2130 3559 3746 3646; baseline -0.002 -28"><span class='ocrx_word' id='word_1_676' title='bbox 2130 3563 2308 3634; x_wconf 90' lang='lat' dir='ltr'>potuit</span> <span class='ocrx_word' id='word_1_677' title='bbox 2351 3562 2420 3616; x_wconf 89' lang='lat' dir='ltr'>ad</span> <span class='ocrx_word' id='word_1_678' title='bbox 2452 3561 2704 3646; x_wconf 61' lang='lat' dir='ltr'>eamdem</span> <span class='ocrx_word' id='word_1_679' title='bbox 2755 3560 2980 3614; x_wconf 90' lang='lat' dir='ltr'>donavit</span> <span class='ocrx_word' id='word_1_680' title='bbox 3009 3561 3324 3615; x_wconf 90' lang='lat' dir='ltr'>ecclesiam.</span> <span class='ocrx_word' id='word_1_681' title='bbox 3387 3559 3588 3632; x_wconf 89' lang='lat' dir='ltr'>Sicque</span> <span class='ocrx_word' id='word_1_682' title='bbox 3622 3568 3746 3630; x_wconf 92' lang='lat' dir='ltr'>post</span> 
     </span>
    </p>
   </div>
   <div class='ocr_carea' id='block_1_91' title="bbox 2129 3651 3741 3725">
    <p class='ocr_par' dir='ltr' id='par_1_91' title="bbox 2129 3651 3741 3725">
     <span class='ocr_line' id='line_1_91' title="bbox 2129 3651 3741 3725; baseline -0.002 -16"><span class='ocrx_word' id='word_1_683' title='bbox 2129 3651 2558 3716; x_wconf 89' lang='lat' dir='ltr'>confessionem,</span> <span class='ocrx_word' id='word_1_684' title='bbox 2592 3654 2858 3725; x_wconf 89' lang='lat' dir='ltr'>lacrymas</span> <span class='ocrx_word' id='word_1_685' title='bbox 2889 3658 3171 3717; x_wconf 88' lang='lat' dir='ltr'>etvotum,</span> <span class='ocrx_word' id='word_1_686' title='bbox 3197 3667 3297 3721; x_wconf 91' lang='lat' dir='ltr'>pes</span> <span class='ocrx_word' id='word_1_687' title='bbox 3327 3651 3448 3720; x_wconf 89' lang='lat' dir='ltr'>ejus</span> <span class='ocrx_word' id='word_1_688' title='bbox 3478 3652 3544 3706; x_wconf 91' lang='lat' dir='ltr'>ab</span> <span class='ocrx_word' id='word_1_689' title='bbox 3578 3651 3741 3717; x_wconf 91' lang='lat' dir='ltr'>ostio,</span> 
     </span>
    </p>
   </div>
   <div class='ocr_carea' id='block_1_92' title="bbox 2129 3741 3740 3811">
    <p class='ocr_par' dir='ltr' id='par_1_92' title="bbox 2129 3741 3740 3811">
     <span class='ocr_line' id='line_1_92' title="bbox 2129 3741 3740 3811; baseline -0.001 -13"><span class='ocrx_word' id='word_1_690' title='bbox 2129 3744 2216 3799; x_wconf 91' lang='lat' dir='ltr'>cui</span> <span class='ocrx_word' id='word_1_691' title='bbox 2246 3743 2574 3811; x_wconf 69' lang='lat' dir='ltr'>adhazserat,</span> <span class='ocrx_word' id='word_1_692' title='bbox 2607 3751 2690 3798; x_wconf 91' lang='lat' dir='ltr'>est</span> <span class='ocrx_word' id='word_1_693' title='bbox 2710 3743 2943 3799; x_wconf 90' lang='lat' dir='ltr'>solutus.</span> <span class='ocrx_word' id='word_1_694' title='bbox 2978 3741 3366 3796; x_wconf 88' lang='lat' dir='ltr'>Verumtamen</span> <span class='ocrx_word' id='word_1_695' title='bbox 3383 3755 3449 3796; x_wconf 93' lang='lat' dir='ltr'>eo</span> <span class='ocrx_word' id='word_1_696' title='bbox 3487 3749 3740 3811; x_wconf 82' lang='lat' dir='ltr'>postmo-</span> 
     </span>
    </p>
   </div>
   <div class='ocr_carea' id='block_1_93' title="bbox 2129 3828 3742 3905">
    <p class='ocr_par' dir='ltr' id='par_1_93' title="bbox 2129 3828 3742 3905">
     <span class='ocr_line' id='line_1_93' title="bbox 2129 3828 3742 3905; baseline -0.003 -17"><span class='ocrx_word' id='word_1_697' title='bbox 2129 3833 2260 3888; x_wconf 92' lang='lat' dir='ltr'>dum</span> <span class='ocrx_word' id='word_1_698' title='bbox 2299 3833 2441 3905; x_wconf 89' lang='lat' dir='ltr'>pede</span> <span class='ocrx_word' id='word_1_699' title='bbox 2469 3833 2700 3888; x_wconf 88' lang='lat' dir='ltr'>claudus</span> <span class='ocrx_word' id='word_1_700' title='bbox 2732 3830 3056 3903; x_wconf 90' lang='lat' dir='ltr'>permansit,</span> <span class='ocrx_word' id='word_1_701' title='bbox 3079 3830 3210 3886; x_wconf 91' lang='lat' dir='ltr'>dum</span> <span class='ocrx_word' id='word_1_702' title='bbox 3243 3845 3401 3885; x_wconf 90' lang='lat' dir='ltr'>crure</span> <span class='ocrx_word' id='word_1_703' title='bbox 3418 3828 3742 3900; x_wconf 77' lang='lat' dir='ltr'>femorequé</span> 
     </span>
    </p>
   </div>
   <div class='ocr_carea' id='block_1_94' title="bbox 2128 3923 3099 3998">
    <p class='ocr_par' dir='ltr' id='par_1_94' title="bbox 2128 3923 3099 3998">
     <span class='ocr_line' id='line_1_94' title="bbox 2128 3923 3099 3998; baseline -0.003 -17"><span class='ocrx_word' id='word_1_704' title='bbox 2128 3933 2628 3998; x_wconf 87' lang='lat' dir='ltr'>computrescente,</span> <span class='ocrx_word' id='word_1_705' title='bbox 2645 3931 2820 3981; x_wconf 89' lang='lat' dir='ltr'>morte</span> <span class='ocrx_word' id='word_1_706' title='bbox 2842 3923 3099 3980; x_wconf 90' lang='lat' dir='ltr'>decessit.</span> 
     </span>
    </p>
   </div>
   <div class='ocr_carea' id='block_1_95' title="bbox 2199 4011 3743 4080">
    <p class='ocr_par' dir='ltr' id='par_1_95' title="bbox 2199 4011 3743 4080">
     <span class='ocr_line' id='line_1_95' title="bbox 2199 4011 3743 4080; baseline -0.003 -10"><span class='ocrx_word' id='word_1_707' title='bbox 2199 4014 2426 4080; x_wconf 89' lang='lat' dir='ltr'>Quando</span> <span class='ocrx_word' id='word_1_708' title='bbox 2455 4020 2566 4070; x_wconf 89' lang='lat' dir='ltr'>tres</span> <span class='ocrx_word' id='word_1_709' title='bbox 2597 4012 2794 4069; x_wconf 87' lang='lat' dir='ltr'>fratres</span> <span class='ocrx_word' id='word_1_710' title='bbox 2835 4013 3144 4079; x_wconf 89' lang='lat' dir='ltr'>Lotharius,</span> <span class='ocrx_word' id='word_1_711' title='bbox 3196 4011 3522 4078; x_wconf 90' lang='lat' dir='ltr'>Ludovicus,</span> <span class='ocrx_word' id='word_1_712' title='bbox 3554 4018 3611 4066; x_wconf 88' lang='lat' dir='ltr'>et</span> <span class='ocrx_word' id='word_1_713' title='bbox 3639 4011 3743 4066; x_wconf 89' lang='lat' dir='ltr'>Ka-</span> 
     </span>
    </p>
   </div>
   <div class='ocr_carea' id='block_1_96' title="bbox 2131 4101 3743 4178">
    <p class='ocr_par' dir='ltr' id='par_1_96' title="bbox 2131 4101 3743 4178">
     <span class='ocr_line' id='line_1_96' title="bbox 2131 4101 3743 4178; baseline -0.001 -20"><span class='ocrx_word' id='word_1_714' title='bbox 2131 4104 2279 4160; x_wconf 89' lang='lat' dir='ltr'>rolus</span> <span class='ocrx_word' id='word_1_715' title='bbox 2306 4119 2536 4178; x_wconf 89' lang='lat' dir='ltr'>regnum</span> <span class='ocrx_word' id='word_1_716' title='bbox 2568 4103 2675 4158; x_wconf 92' lang='lat' dir='ltr'>sibi</span> <span class='ocrx_word' id='word_1_717' title='bbox 2703 4103 3035 4158; x_wconf 86' lang='lat' dir='ltr'>Francorum</span> <span class='ocrx_word' id='word_1_718' title='bbox 3064 4109 3188 4173; x_wconf 88' lang='lat' dir='ltr'>post</span> <span class='ocrx_word' id='word_1_719' title='bbox 3218 4101 3388 4173; x_wconf 89' lang='lat' dir='ltr'>patris</span> <span class='ocrx_word' id='word_1_720' title='bbox 3419 4101 3628 4157; x_wconf 91' lang='lat' dir='ltr'>obitum</span> <span class='ocrx_word' id='word_1_721' title='bbox 3652 4101 3743 4156; x_wconf 91' lang='lat' dir='ltr'>di-</span> 
     </span>
    </p>
   </div>
   <div class='ocr_carea' id='block_1_97' title="bbox 2126 4190 3740 4264">
    <p class='ocr_par' dir='ltr' id='par_1_97' title="bbox 2126 4190 3740 4264">
     <span class='ocr_line' id='line_1_97' title="bbox 2126 4190 3740 4264; baseline -0.003 -16"><span class='ocrx_word' id='word_1_722' title='bbox 2126 4193 2329 4261; x_wconf 90' lang='lat' dir='ltr'>visere,</span> <span class='ocrx_word' id='word_1_723' title='bbox 2369 4195 2496 4248; x_wconf 90' lang='lat' dir='ltr'>villa</span> <span class='ocrx_word' id='word_1_724' title='bbox 2525 4193 2796 4264; x_wconf 83' lang='lat' dir='ltr'>episcOpii</span> <span class='ocrx_word' id='word_1_725' title='bbox 2830 4191 3138 4257; x_wconf 90' lang='lat' dir='ltr'>Remensis,</span> <span class='ocrx_word' id='word_1_726' title='bbox 3171 4190 3317 4262; x_wconf 92' lang='lat' dir='ltr'>quod</span> <span class='ocrx_word' id='word_1_727' title='bbox 3360 4190 3586 4246; x_wconf 88' lang='lat' dir='ltr'>tenebat</span> <span class='ocrx_word' id='word_1_728' title='bbox 3612 4191 3740 4244; x_wconf 86' lang='lat' dir='ltr'>Ful-</span> 
     </span>
    </p>
   </div>
   <div class='ocr_carea' id='block_1_98' title="bbox 2127 4277 3742 4354">
    <p class='ocr_par' dir='ltr' id='par_1_98' title="bbox 2127 4277 3742 4354">
     <span class='ocr_line' id='line_1_98' title="bbox 2127 4277 3742 4354; baseline -0.004 -16"><span class='ocrx_word' id='word_1_729' title='bbox 2127 4297 2192 4338; x_wconf 91' lang='lat' dir='ltr'>co</span> <span class='ocrx_word' id='word_1_730' title='bbox 2223 4282 2531 4354; x_wconf 84' lang='lat' dir='ltr'>presbyter,</span> <span class='ocrx_word' id='word_1_731' title='bbox 2578 4281 2811 4338; x_wconf 85' lang='lat' dir='ltr'>Karolus</span> <span class='ocrx_word' id='word_1_732' title='bbox 2841 4280 2958 4335; x_wconf 91' lang='lat' dir='ltr'>suis</span> <span class='ocrx_word' id='word_1_733' title='bbox 3007 4279 3290 4334; x_wconf 90' lang='lat' dir='ltr'>distribuit</span> <span class='ocrx_word' id='word_1_734' title='bbox 3335 4279 3609 4334; x_wconf 88' lang='lat' dir='ltr'>militibus</span> <span class='ocrx_word' id='word_1_735' title='bbox 3666 4277 3742 4333; x_wconf 85' lang='lat' dir='ltr'>Ex</span> 
     </span>
    </p>
   </div>
   <div class='ocr_carea' id='block_1_99' title="bbox 2126 4369 3742 4445">
    <p class='ocr_par' dir='ltr' id='par_1_99' title="bbox 2126 4369 3742 4445">
     <span class='ocr_line' id='line_1_99' title="bbox 2126 4369 3742 4445; baseline -0.002 -17"><span class='ocrx_word' id='word_1_736' title='bbox 2126 4375 2328 4445; x_wconf 92' lang='lat' dir='ltr'>quibus</span> <span class='ocrx_word' id='word_1_737' title='bbox 2364 4373 2549 4429; x_wconf 91' lang='lat' dir='ltr'>villam</span> <span class='ocrx_word' id='word_1_738' title='bbox 2578 4373 2849 4429; x_wconf 83' lang='lat' dir='ltr'>Juliacum</span> <span class='ocrx_word' id='word_1_739' title='bbox 2880 4373 3095 4428; x_wconf 89' lang='lat' dir='ltr'>cuidam</span> <span class='ocrx_word' id='word_1_740' title='bbox 3128 4371 3355 4427; x_wconf 88' lang='lat' dir='ltr'>Ricuino</span> <span class='ocrx_word' id='word_1_741' title='bbox 3368 4371 3540 4427; x_wconf 89' lang='lat' dir='ltr'>dedit.</span> <span class='ocrx_word' id='word_1_742' title='bbox 3571 4369 3742 4439; x_wconf 89' lang='lat' dir='ltr'>Cujus</span> 
     </span>
    </p>
   </div>
   <div class='ocr_carea' id='block_1_100' title="bbox 2127 4461 3742 4534">
    <p class='ocr_par' dir='ltr' id='par_1_100' title="bbox 2127 4461 3742 4534">
     <span class='ocr_line' id='line_1_100' title="bbox 2127 4461 3742 4534; baseline -0.001 -18"><span class='ocrx_word' id='word_1_743' title='bbox 2127 4478 2262 4518; x_wconf 85' lang='lat' dir='ltr'>uxor</span> <span class='ocrx_word' id='word_1_744' title='bbox 2319 4463 2542 4518; x_wconf 91' lang='lat' dir='ltr'>nomine</span> <span class='ocrx_word' id='word_1_745' title='bbox 2601 4463 2856 4534; x_wconf 88' lang='lat' dir='ltr'>Berta[c.</span> <span class='ocrx_word' id='word_1_746' title='bbox 2915 4465 2955 4529; x_wconf 86' lang='lat' dir='ltr'>i,</span> <span class='ocrx_word' id='word_1_747' title='bbox 3016 4461 3226 4532; x_wconf 89' lang='lat' dir='ltr'>Beuta],</span> <span class='ocrx_word' id='word_1_748' title='bbox 3259 4461 3389 4516; x_wconf 91' lang='lat' dir='ltr'>dum</span> <span class='ocrx_word' id='word_1_749' title='bbox 3452 4461 3505 4516; x_wconf 92' lang='lat' dir='ltr'>in</span> <span class='ocrx_word' id='word_1_750' title='bbox 3564 4461 3742 4531; x_wconf 92' lang='lat' dir='ltr'>ipsius</span> 
     </span>
    </p>
   </div>
   <div class='ocr_carea' id='block_1_101' title="bbox 2124 4551 3742 4624">
    <p class='ocr_par' dir='ltr' id='par_1_101' title="bbox 2124 4551 3742 4624">
     <span class='ocr_line' id='line_1_101' title="bbox 2124 4551 3742 4624; baseline -0.002 -16"><span class='ocrx_word' id='word_1_751' title='bbox 2124 4552 2263 4608; x_wconf 69' lang='lat' dir='ltr'>villae</span> <span class='ocrx_word' id='word_1_752' title='bbox 2295 4551 2552 4610; x_wconf 91' lang='lat' dir='ltr'>cubiculo</span> <span class='ocrx_word' id='word_1_753' title='bbox 2601 4552 2830 4621; x_wconf 87' lang='lat' dir='ltr'>jaceret,</span> <span class='ocrx_word' id='word_1_754' title='bbox 2887 4552 3038 4607; x_wconf 90' lang='lat' dir='ltr'>venit</span> <span class='ocrx_word' id='word_1_755' title='bbox 3069 4552 3135 4606; x_wconf 87' lang='lat' dir='ltr'>ad</span> <span class='ocrx_word' id='word_1_756' title='bbox 3192 4568 3313 4607; x_wconf 89' lang='lat' dir='ltr'>eam</span> <span class='ocrx_word' id='word_1_757' title='bbox 3344 4552 3397 4606; x_wconf 93' lang='grc'>8.</span> <span class='ocrx_word' id='word_1_758' title='bbox 3460 4551 3742 4624; x_wconf 88' lang='lat' dir='ltr'>Remigius</span> 
     </span>
    </p>
   </div>
   <div class='ocr_carea' id='block_1_102' title="bbox 2126 4640 3742 4710">
    <p class='ocr_par' dir='ltr' id='par_1_102' title="bbox 2126 4640 3742 4710">
     <span class='ocr_line' id='line_1_102' title="bbox 2126 4640 3742 4710; baseline -0.001 -14"><span class='ocrx_word' id='word_1_759' title='bbox 2126 4641 2182 4696; x_wconf 92' lang='lat' dir='ltr'>in</span> <span class='ocrx_word' id='word_1_760' title='bbox 2211 4642 2423 4698; x_wconf 90' lang='lat' dir='ltr'>somnis</span> <span class='ocrx_word' id='word_1_761' title='bbox 2461 4641 2653 4697; x_wconf 87' lang='lat' dir='ltr'>dicens</span> <span class='ocrx_word' id='word_1_762' title='bbox 2682 4660 2698 4696; x_wconf 90' lang='lat'><strong><em>:</em></strong></span> <span class='ocrx_word' id='word_1_763' title='bbox 2727 4643 2848 4699; x_wconf 83' lang='lat' dir='ltr'>Non</span> <span class='ocrx_word' id='word_1_764' title='bbox 2875 4646 2953 4696; x_wconf 89' lang='lat' dir='ltr'>est</span> <span class='ocrx_word' id='word_1_765' title='bbox 2981 4643 3082 4696; x_wconf 88' lang='lat' dir='ltr'>iste</span> <span class='ocrx_word' id='word_1_766' title='bbox 3124 4642 3267 4698; x_wconf 86' lang='lat' dir='ltr'>locus</span> <span class='ocrx_word' id='word_1_767' title='bbox 3305 4645 3432 4696; x_wconf 86' lang='lat' dir='ltr'>tuus</span> <span class='ocrx_word' id='word_1_768' title='bbox 3452 4640 3526 4694; x_wconf 88' lang='lat' dir='ltr'>ad</span> <span class='ocrx_word' id='word_1_769' title='bbox 3547 4640 3742 4710; x_wconf 84' lang='lat' dir='ltr'>jacen-</span> 
     </span>
    </p>
   </div>
   <div class='ocr_carea' id='block_1_103' title="bbox 2124 4732 3743 4802">
    <p class='ocr_par' dir='ltr' id='par_1_103' title="bbox 2124 4732 3743 4802">
     <span class='ocr_line' id='line_1_103' title="bbox 2124 4732 3743 4802; baseline -0.001 -16"><span class='ocrx_word' id='word_1_770' title='bbox 2124 4735 2269 4787; x_wconf 85' lang='lat' dir='ltr'>dum.</span> <span class='ocrx_word' id='word_1_771' title='bbox 2308 4734 2536 4787; x_wconf 53' lang='grc' dir='ltr'>Μανίας</span> <span class='ocrx_word' id='word_1_772' title='bbox 2565 4735 2746 4787; x_wconf 83' lang='lat' dir='ltr'>meriti</span> <span class='ocrx_word' id='word_1_773' title='bbox 2759 4737 2808 4787; x_wconf 89' lang='lat' dir='ltr'>et</span> <span class='ocrx_word' id='word_1_774' title='bbox 2829 4734 3001 4802; x_wconf 83' lang='lat' dir='ltr'>ofﬁcii</span> <span class='ocrx_word' id='word_1_775' title='bbox 3018 4732 3169 4788; x_wconf 88' lang='lat' dir='ltr'>debet</span> <span class='ocrx_word' id='word_1_776' title='bbox 3180 4748 3305 4795; x_wconf 78' lang='lat' dir='ltr'>esse,</span> <span class='ocrx_word' id='word_1_777' title='bbox 3340 4734 3438 4802; x_wconf 87' lang='lat' dir='ltr'>qui</span> <span class='ocrx_word' id='word_1_778' title='bbox 3468 4733 3606 4785; x_wconf 76' lang='lat' dir='ltr'>hanc</span> <span class='ocrx_word' id='word_1_779' title='bbox 3634 4733 3743 4786; x_wconf 78' lang='lat' dir='ltr'>vil-</span> 
     </span>
    </p>
   </div>
   <div class='ocr_carea' id='block_1_104' title="bbox 2125 4825 3743 4895">
    <p class='ocr_par' dir='ltr' id='par_1_104' title="bbox 2125 4825 3743 4895">
     <span class='ocr_line' id='line_1_104' title="bbox 2125 4825 3743 4895; baseline 0.001 -17"><span class='ocrx_word' id='word_1_780' title='bbox 2125 4826 2234 4879; x_wconf 82' lang='lat' dir='ltr'>lam</span> <span class='ocrx_word' id='word_1_781' title='bbox 2265 4826 2475 4890; x_wconf 78' lang='lat' dir='ltr'>habere,</span> <span class='ocrx_word' id='word_1_782' title='bbox 2508 4829 2558 4879; x_wconf 85' lang='lat' dir='ltr'>et</span> <span class='ocrx_word' id='word_1_783' title='bbox 2602 4827 2664 4878; x_wconf 86' lang='lat' dir='ltr'>in</span> <span class='ocrx_word' id='word_1_784' title='bbox 2712 4826 2807 4880; x_wconf 84' lang='lat' dir='ltr'>hoc</span> <span class='ocrx_word' id='word_1_785' title='bbox 2837 4826 3079 4880; x_wconf 80' lang='lat' dir='ltr'>cubiculo</span> <span class='ocrx_word' id='word_1_786' title='bbox 3134 4826 3287 4880; x_wconf 85' lang='lat' dir='ltr'>debet</span> <span class='ocrx_word' id='word_1_787' title='bbox 3329 4825 3530 4895; x_wconf 79' lang='lat' dir='ltr'>jacere.</span> <span class='ocrx_word' id='word_1_788' title='bbox 3568 4825 3743 4894; x_wconf 84' lang='lat' dir='ltr'>Surge</span> 
     </span>
    </p>
   </div>
   <div class='ocr_carea' id='block_1_105' title="bbox 2125 4916 3738 4988">
    <p class='ocr_par' dir='ltr' id='par_1_105' title="bbox 2125 4916 3738 4988">
     <span class='ocr_line' id='line_1_105' title="bbox 2125 4916 3738 4988; baseline 0 -16"><span class='ocrx_word' id='word_1_789' title='bbox 2125 4921 2464 4987; x_wconf 85' lang='lat' dir='ltr'>quantocius,</span> <span class='ocrx_word' id='word_1_790' title='bbox 2525 4923 2574 4972; x_wconf 86' lang='lat' dir='ltr'>et</span> <span class='ocrx_word' id='word_1_791' title='bbox 2607 4919 2734 4974; x_wconf 85' lang='lat' dir='ltr'>hinc</span> <span class='ocrx_word' id='word_1_792' title='bbox 2783 4919 3022 4974; x_wconf 87' lang='lat' dir='ltr'>abscede.</span> <span class='ocrx_word' id='word_1_793' title='bbox 3058 4917 3212 4981; x_wconf 90' lang='lat' dir='ltr'>Quod</span> <span class='ocrx_word' id='word_1_794' title='bbox 3245 4916 3337 4972; x_wconf 90' lang='lat' dir='ltr'>illa</span> <span class='ocrx_word' id='word_1_795' title='bbox 3368 4916 3738 4988; x_wconf 88' lang='lat' dir='ltr'>parvipendit,</span> 
     </span>
    </p>
   </div>
   <div class='ocr_carea' id='block_1_106' title="bbox 2127 5010 3741 5083">
    <p class='ocr_par' dir='ltr' id='par_1_106' title="bbox 2127 5010 3741 5083">
     <span class='ocr_line' id='line_1_106' title="bbox 2127 5010 3741 5083; baseline 0 -18"><span class='ocrx_word' id='word_1_796' title='bbox 2127 5010 2502 5080; x_wconf 87' lang='lat' dir='ltr'>putansinane</span> <span class='ocrx_word' id='word_1_797' title='bbox 2533 5026 2593 5064; x_wconf 90' lang='lat' dir='ltr'>se</span> <span class='ocrx_word' id='word_1_798' title='bbox 2622 5011 2800 5066; x_wconf 91' lang='lat' dir='ltr'>visum</span> <span class='ocrx_word' id='word_1_799' title='bbox 2833 5011 3037 5066; x_wconf 87' lang='lat' dir='ltr'>videre.</span> <span class='ocrx_word' id='word_1_800' title='bbox 3070 5012 3272 5066; x_wconf 92' lang='lat' dir='ltr'>lterum</span> <span class='ocrx_word' id='word_1_801' title='bbox 3313 5026 3536 5083; x_wconf 90' lang='lat' dir='ltr'>quoque</span> <span class='ocrx_word' id='word_1_802' title='bbox 3565 5027 3741 5082; x_wconf 89' lang='lat' dir='ltr'>appa-</span> 
     </span>
    </p>
   </div>
   <div class='ocr_carea' id='block_1_107' title="bbox 2124 5103 3736 5171">
    <p class='ocr_par' dir='ltr' id='par_1_107' title="bbox 2124 5103 3736 5171">
     <span class='ocr_line' id='line_1_107' title="bbox 2124 5103 3736 5171; baseline 0.001 -15"><span class='ocrx_word' id='word_1_803' title='bbox 2124 5103 2232 5157; x_wconf 92' lang='lat' dir='ltr'>ruit</span> <span class='ocrx_word' id='word_1_804' title='bbox 2271 5103 2321 5156; x_wconf 93' lang='lat' dir='ltr'>ei</span> <span class='ocrx_word' id='word_1_805' title='bbox 2371 5110 2596 5158; x_wconf 88' lang='lat' dir='ltr'>sanctus</span> <span class='ocrx_word' id='word_1_806' title='bbox 2626 5103 2870 5171; x_wconf 91' lang='lat' dir='ltr'>Domini,</span> <span class='ocrx_word' id='word_1_807' title='bbox 2902 5103 3092 5158; x_wconf 88' lang='lat' dir='ltr'>dicens</span> <span class='ocrx_word' id='word_1_808' title='bbox 3122 5121 3134 5157; x_wconf 88' lang='lat'>:</span> <span class='ocrx_word' id='word_1_809' title='bbox 3168 5104 3278 5160; x_wconf 81' lang='lat' dir='ltr'>Cur</span> <span class='ocrx_word' id='word_1_810' title='bbox 3319 5103 3443 5156; x_wconf 84' lang='lat' dir='ltr'>hinc</span> <span class='ocrx_word' id='word_1_811' title='bbox 3473 5119 3580 5156; x_wconf 81' lang='lat' dir='ltr'>non</span> <span class='ocrx_word' id='word_1_812' title='bbox 3608 5104 3736 5157; x_wconf 88' lang='lat' dir='ltr'>abs-</span> 
     </span>
    </p>
   </div>
   <div class='ocr_carea' id='block_1_108' title="bbox 2120 5192 3740 5263">
    <p class='ocr_par' dir='ltr' id='par_1_108' title="bbox 2120 5192 3740 5263">
     <span class='ocr_line' id='line_1_108' title="bbox 2120 5192 3740 5263; baseline 0 -17"><span class='ocrx_word' id='word_1_813' title='bbox 2120 5195 2346 5259; x_wconf 84' lang='lat' dir='ltr'>cessist-i,</span> <span class='ocrx_word' id='word_1_814' title='bbox 2380 5195 2520 5247; x_wconf 85' lang='lat' dir='ltr'>sicut</span> <span class='ocrx_word' id='word_1_815' title='bbox 2549 5193 2649 5248; x_wconf 82' lang='lat' dir='ltr'>tibi</span> <span class='ocrx_word' id='word_1_816' title='bbox 2671 5195 2908 5263; x_wconf 59' lang='lat' dir='ltr'>precept</span> <span class='ocrx_word' id='word_1_817' title='bbox 2936 5195 2964 5246; x_wconf 83' lang='lat'><em>?</em></span> <span class='ocrx_word' id='word_1_818' title='bbox 2995 5193 3126 5249; x_wconf 82' lang='lat' dir='ltr'>Vide</span> <span class='ocrx_word' id='word_1_819' title='bbox 3174 5207 3240 5246; x_wconf 86' lang='lat' dir='ltr'>ne</span> <span class='ocrx_word' id='word_1_820' title='bbox 3277 5192 3363 5246; x_wconf 87' lang='lat' dir='ltr'>hic</span> <span class='ocrx_word' id='word_1_821' title='bbox 3392 5193 3623 5260; x_wconf 78' lang='lat' dir='ltr'>amplius</span> <span class='ocrx_word' id='word_1_822' title='bbox 3650 5195 3740 5246; x_wconf 80' lang='lat' dir='ltr'>in-</span> 
     </span>
    </p>
   </div>
   <div class='ocr_carea' id='block_1_109' title="bbox 2121 5283 3740 5357">
    <p class='ocr_par' dir='ltr' id='par_1_109' title="bbox 2121 5283 3740 5357">
     <span class='ocr_line' id='line_1_109' title="bbox 2121 5283 3740 5357; baseline 0.001 -19"><span class='ocrx_word' id='word_1_823' title='bbox 2121 5288 2354 5340; x_wconf 79' lang='lat' dir='ltr'>veniam.</span> <span class='ocrx_word' id='word_1_824' title='bbox 2390 5285 2543 5349; x_wconf 91' lang='lat' dir='ltr'>Quod</span> <span class='ocrx_word' id='word_1_825' title='bbox 2577 5285 2696 5357; x_wconf 91' lang='lat' dir='ltr'>ipsa</span> <span class='ocrx_word' id='word_1_826' title='bbox 2723 5301 2822 5340; x_wconf 93' lang='lat' dir='ltr'>ceu</span> <span class='ocrx_word' id='word_1_827' title='bbox 2855 5284 3026 5355; x_wconf 90' lang='lat' dir='ltr'>prius,</span> <span class='ocrx_word' id='word_1_828' title='bbox 3059 5284 3224 5339; x_wconf 91' lang='lat' dir='ltr'>etiam</span> <span class='ocrx_word' id='word_1_829' title='bbox 3258 5300 3402 5338; x_wconf 90' lang='lat' dir='ltr'>nunc</span> <span class='ocrx_word' id='word_1_830' title='bbox 3439 5299 3539 5355; x_wconf 92' lang='lat' dir='ltr'>pro</span> <span class='ocrx_word' id='word_1_831' title='bbox 3562 5283 3740 5339; x_wconf 87' lang='lat' dir='ltr'>nihilo</span> 
     </span>
    </p>
   </div>
   <div class='ocr_carea' id='block_1_110' title="bbox 2123 5373 3735 5444">
    <p class='ocr_par' dir='ltr' id='par_1_110' title="bbox 2123 5373 3735 5444">
     <span class='ocr_line' id='line_1_110' title="bbox 2123 5373 3735 5444; baseline -0.001 -16"><span class='ocrx_word' id='word_1_832' title='bbox 2123 5375 2296 5432; x_wconf 89' lang='lat' dir='ltr'>duxit.</span> <span class='ocrx_word' id='word_1_833' title='bbox 2330 5375 2515 5430; x_wconf 87' lang='lat' dir='ltr'>Tertio</span> <span class='ocrx_word' id='word_1_834' title='bbox 2535 5375 2684 5430; x_wconf 92' lang='lat' dir='ltr'>venit</span> <span class='ocrx_word' id='word_1_835' title='bbox 2714 5373 2782 5429; x_wconf 92' lang='lat' dir='ltr'>ad</span> <span class='ocrx_word' id='word_1_836' title='bbox 2830 5374 3081 5430; x_wconf 89' lang='lat' dir='ltr'>eamdem</span> <span class='ocrx_word' id='word_1_837' title='bbox 3128 5373 3484 5429; x_wconf 87' lang='lat' dir='ltr'>beatissimus</span> <span class='ocrx_word' id='word_1_838' title='bbox 3515 5375 3735 5444; x_wconf 72' lang='lat' dir='ltr'>praesul,</span> 
     </span>
    </p>
   </div>
   <div class='ocr_carea' id='block_1_111' title="bbox 2124 5463 3739 5534">
    <p class='ocr_par' dir='ltr' id='par_1_111' title="bbox 2124 5463 3739 5534">
     <span class='ocr_line' id='line_1_111' title="bbox 2124 5463 3739 5534; baseline 0.001 -19"><span class='ocrx_word' id='word_1_839' title='bbox 2124 5469 2179 5516; x_wconf 90' lang='lat' dir='ltr'>et</span> <span class='ocrx_word' id='word_1_840' title='bbox 2210 5463 2384 5518; x_wconf 92' lang='lat' dir='ltr'>dixit:</span> <span class='ocrx_word' id='word_1_841' title='bbox 2422 5465 2608 5520; x_wconf 82' lang='lat' dir='ltr'>Nonne</span> <span class='ocrx_word' id='word_1_842' title='bbox 2636 5464 2758 5533; x_wconf 82' lang='lat' dir='ltr'>jam</span> <span class='ocrx_word' id='word_1_843' title='bbox 2795 5466 2952 5519; x_wconf 82' lang='lat' dir='ltr'>semel</span> <span class='ocrx_word' id='word_1_844' title='bbox 2981 5468 3032 5518; x_wconf 90' lang='lat' dir='ltr'>et</span> <span class='ocrx_word' id='word_1_845' title='bbox 3078 5464 3307 5520; x_wconf 81' lang='lat' dir='ltr'>secundo</span> <span class='ocrx_word' id='word_1_846' title='bbox 3346 5465 3450 5518; x_wconf 83' lang='lat' dir='ltr'>tibi</span> <span class='ocrx_word' id='word_1_847' title='bbox 3477 5464 3649 5534; x_wconf 84' lang='lat' dir='ltr'>jussi,</span> <span class='ocrx_word' id='word_1_848' title='bbox 3679 5469 3739 5518; x_wconf 84' lang='lat' dir='ltr'>ut</span> 
     </span>
    </p>
   </div>
  </div>
