4038 6166
2536 168 2561 181 \

237 296 306 350 73
902 294 1229 351 HISTORIA?)
1270 296 1600 352 ECCLESIIE
1641 298 1969 354 REMENSIS
2010 299 2182 353 LIBRI
2227 299 2553 363 QUATUOR.
2588 331 2651 339 —-
2698 302 2817 354 LIB.
2865 302 2899 354 Ι.
3502 307 3575 358 Ἠ

237 424 366 477 hinc
390 423 692 477 abscedens
712 425 740 477 ?
766 423 874 479 Sed
903 427 1036 493 quia
1057 441 1280 495 pergere
1304 430 1691 497 contempsisti,
1713 429 1853 482 alio-
1877 432 1929 501 Α
1947 427 2203 497 ﬁscalini,
2234 438 2444 485 terrore
2464 430 2722 501 perculsi,
2749 431 2937 486 mortis
2969 431 3261 487 imminere
3289 433 3396 489 sibi
3426 435 3577 506 peri-

236 531 361 569 rum
391 515 760 585 deportatione
809 516 1069 571 discedes.
1106 518 1173 572 Et
1201 520 1472 589 percussit
1507 519 1654 575 illam
1702 520 1851 593 virga

238 624 405 679 quam
443 607 671 662 tenebat
702 608 757 662 in
789 625 954 663 manu
1010 626 1132 681 quae
1166 626 1289 665 mox
1322 611 1378 665 in
1411 612 1707 667 maximum
1736 620 1851 667 toto

236 713 469 769 corpore
498 713 765 754 conversa
795 698 1088 764 tumorem,
1130 699 1249 755 viro
1279 716 1399 765 suo,
1434 702 1581 773 quod
1620 701 1851 770 viderat,

236 787 473 859 aliisque
493 786 778 842 nonnullis
794 787 953 855 dixit,
974 798 1028 843 et
1056 805 1158 860 per
1180 789 1393 861 aliquot
1421 791 1543 846 dies
1563 792 1855 848 severissi-

236 894 323 933 me
364 876 814 943 cruciata,vitam
855 873 1050 931 ﬁnivit.
1088 876 1252 945 Cujus
1304 895 1506 949 corpus
1534 880 1618 934 vir
1647 880 1767 949 ejus
1798 880 1853 935 in

235 968 472 1023 ecclesia
498 949 552 1021 8.
586 965 820 1037 Remigii
852 965 1153 1036 deportari,
1185 973 1239 1021 et
1267 966 1472 1022 ibidem
1505 969 1731 1039 sepeliri
1772 968 1856 1023 fe-

234 1062 329 1117 cit.
360 1060 518 1126 Quod
572 1066 757 1114 autem
788 1057 954 1113 funus
992 1057 1164 1127 ipsius
1207 1057 1262 1112 in
1294 1059 1527 1114 ecclesia
1564 1076 1663 1115 sua
1695 1060 1855 1116 Pater

234 1153 328 1210 hic
365 1153 545 1207 almus
593 1150 887 1222 receperit,
947 1165 1057 1205 non
1109 1149 1248 1206 adeo
1283 1151 1592 1216 mirabitur,
1626 1152 1672 1207 si
1726 1153 1853 1225 quis

233 1246 405 1318 digne
433 1242 796 1315 perpenderit
822 1242 1116 1314 quasaucti
1135 1242 1406 1298 vindictas
1437 1244 1492 1298 in
1516 1243 1854 1317 delinquen-

235 1341 324 1389 tes
342 1349 603 1388 exercere
632 1332 847 1387 soleant
887 1330 1228 1386 intentione:
1259 1331 1516 1387 videlicet
1544 1340 1623 1397 ut,
1658 1334 1711 1388 si
1735 1350 1854 1405 pa:-

238 1426 528 1491 nituerint,
574 1425 665 1479 hic
730 1424 999 1494 recipiant
1047 1423 1196 1499 quod
1251 1435 1553 1494 merentur,
1594 1443 1663 1482 ne
1731 1436 1854 1501 post

233 1517 460 1573 aeternis
489 1516 779 1588 suppliciis
814 1515 1159 1578 addicantur,
1203 1524 1261 1572 ut
1294 1517 1347 1571 iu
1383 1518 1591 1593 Regum
1624 1518 1767 1576 libro
1792 1521 1861 1576 de

232 1611 511 1682 prepheta
528 1610 749 1683 legitur,
774 1609 865 1682 qui
896 1609 978 1664 ori
1006 1609 1222 1664 Domini
1276 1611 1607 1667 inobediens
1632 1613 1859 1679 exstitit,

231 1710 287 1755 et
307 1717 340 1753 a
356 1701 523 1754 leone
550 1697 1088 1769 percussusinteriit,
1111 1705 1274 1770 atque
1291 1707 1417 1769 post
1435 1699 1707 1755 ultionem
1731 1719 1861 1773 pcr-

1952 521 2074 576 cula
2102 521 2285 583 veriti,
2345 519 2682 590 tandemque
2715 520 2972 591 correpti,
3007 532 3296 578 cessarunt
3326 522 3392 576 ab
3426 524 3573 577 afﬂi-

1953 614 2136 667 ctione
2160 611 2417 683 pauperis
2457 612 2507 664 S.
2547 611 2802 683 Remigii.
2837 612 2943 666 Sed
2976 614 3104 685 quia
3160 631 3320 670 secus
3355 632 3573 670 amnem

1954 705 2138 759 Saram
2170 705 2363 771 (Serre;
2396 704 2517 759 loco
2550 705 2727 758 lutoso
2768 702 3047 771 manebat,
3082 722 3141 759 et
3197 706 3253 761 iu
3276 707 3393 762 suis
3418 704 3576 762 habi.

1954 798 2148 853 taculis
2175 814 2206 853 a
2236 796 2596 868 serpentibus
2623 795 2935 850 molestiam
2970 813 3220 870 magnam
3240 799 3573 865 sustinebat,

1956 887 2235 958 accipiens
2265 886 2566 957 pulverem,
2602 900 2768 956 quem
2817 901 3003 940 secum
3036 884 3103 938 ab
3135 886 3383 942 ecclesiae
3417 887 3573 958 pavi-

1956 983 2143 1031 mento
2168 975 2460 1030 collectum
2498 974 2791 1039 detulerat,
2831 989 2928 1045 per
2987 972 3300 1029 habitacula
3353 992 3451 1030 sua
3484 992 3574 1029 re-

1953 1064 2192 1135 spersit;
2223 1080 2286 1119 ac
2301 1071 2492 1135 postea
2523 1078 2754 1134 serpens
2783 1065 2836 1118 in
2856 1064 3065 1118 eisdem
3100 1064 3234 1118 locis
3260 1080 3368 1119 non
3401 1082 3572 1135 appa-

1954 1153 2083 1207 ruit.
2119 1152 2470 1223 Compertum
2502 1166 2721 1223 quoque
2754 1151 2986 1207 traditur
3015 1153 3163 1223 quod
3210 1152 3266 1206 iu
3318 1152 3577 1207 omnibus

1955 1245 2206 1299 ecclesiae
2236 1244 2383 1298 beati
2441 1241 2675 1315 Remigii
2724 1243 3253 1314 circumjecentibus
3281 1243 3456 1308 atriis,
3492 1245 3575 1297 vel

1954 1332 2306 1398 cmmeteriis,
2332 1331 2564 1387 coluber
2593 1348 2878 1404 nunquam
2892 1333 3067 1388 soleat
3086 1332 3321 1387 inveniri
3352 1349 3365 1385 ε
3398 1332 3495 1386 sed
3524 1339 3579 1386 et

1953 1424 1999 1478 si
2062 1425 2277 1479 delatus
2325 1424 2432 1478 huc
2470 1423 2824 1496 aliquomodo
2883 1423 3067 1487 fuerit,
3118 1424 3436 1479 nullatenus
3492 1423 3583 1478 hic

1962 1516 2149 1571 vivere
2180 1515 2373 1587 possit.

2035 1608 2306 1678 Tempore
2336 1607 2522 1661 domui
2539 1606 2809 1663 Hincmari
2830 1606 3098 1678 praesulis,
3115 1607 3340 1678 quidam
3377 1607 3583 1680 Blitga-

1965 1695 2078 1751 rius
2108 1695 2356 1751 ecclesiae
2396 1712 2648 1751 mansum
2690 1696 2746 1749 in
2778 1695 2908 1751 villa
2953 1695 3203 1761 Tenoilo,
3228 1696 3374 1765 apud
3408 1696 3582 1766 ipsius

230 1795 455 1860 ceptam
470 1787 857 1865 corpusipsius
889 1786 1151 1841 intactum
1185 1803 1212 1840 a
1236 1786 1351 1842 fera
1374 1788 1637 1844 remansit
1661 1791 1709 1853 (Ι
1724 1792 1852 1859 Reg.
1891 1800 1940 1867 Β
1965 1789 2217 1844 ecclesiae
2249 1789 2536 1844 custodem
2567 1787 2882 1859 impetravit
2933 1788 3134 1858 pretio,
3166 1787 3316 1842 unde
3347 1787 3582 1843 famulos

230 1880 353 1945 xm)
386 1876 540 1940 Quod
553 1891 685 1931 vero
704 1876 1042 1947 prmmissam
1056 1876 1340 1941 mulierem
1357 1885 1442 1931 ter
1454 1878 1753 1933 admonere
1766 1896 1858 1935 cu-

230 1972 457 2037 raverit,
484 1986 587 2025 nec
617 1985 737 2024 eam
780 1971 957 2041 primo
988 1970 1074 2025 vel
1099 1972 1346 2026 secundo
1372 1972 1625 2040 visitaus,
1651 1969 1854 2045 percu-

224 2068 348 2116 tere
380 2059 557 2115 voluit
602 2063 786 2131 (quam
828 2069 1013 2114 tamen
1045 2059 1257 2114 ultione
1287 2061 1634 2131 plectendam
1665 2070 1855 2134 utpote

231 2152 343 2208 Deo
375 2151 710 2220 conjunctus
743 2167 852 2207 non
886 2152 1172 2227 ignoravit)
1207 2153 1342 2225 quid
1370 2154 1521 2209 aliud
1550 2173 1713 2227 quam
1750 2174 1855 2227 pa-

229 2242 444 2298 tientiae
475 2241 637 2295 nobis
657 2242 907 2311 exempla
933 2242 1220 2312 proposuit
1240 2241 1268 2295 7
1299 2259 1367 2297 ue
1391 2244 1603 2300 scilicet
1634 2246 1702 2299 ad
1728 2262 1859 2316 pro-

231 2329 527 2385 ferendam
558 2330 613 2384 in
653 2346 929 2401 quemque
973 2330 1260 2385 scientiam
1312 2330 1502 2387 faciles
1532 2333 1728 2400 simus,
1762 2334 1855 2406 qui

228 2420 342 2474 Deo
375 2435 479 2490 per
503 2419 718 2473 diversa
748 2418 1139 2494 disjuugimur,
1172 2436 1296 2475 cum
1340 2429 1393 2475 ct
1424 2437 1551 2475 eum
1584 2422 1857 2492 patienter

225 2519 553 2583 exspectare
584 2512 902 2582 probemus,
960 2527 1126 2582 quem
1189 2512 1299 2568 Deo
1354 2513 1655 2581 cohaerere,
1688 2522 1854 2587 atque

227 2619 355 2657 cum
390 2603 515 2673 ipso
548 2602 804 2671 judicare
824 2601 1179 2658 confidimus.

294 2695 568 2750 Hoderno
598 2694 1091 2765 temporecolonus
1122 2696 1350 2767 quidam
1379 2696 1527 2752 villae
1561 2697 1853 2754 Remensis

226 2783 506 2855 episcopi,
563 2800 686 2856 quae
718 2784 978 2855 plumbea
1038 2785 1280 2840 Fontana
1338 2785 1558 2854 dicitur,
1622 2804 1855 2843 manens

221 2875 384 2942 juxta
411 2874 552 2949 regii
599 2874 784 2929 villam
818 2873 958 2940 ﬁsci,
992 2891 1156 2947 quam
1191 2877 1449 2931 Rosetum
1496 2886 1713 2945 vocant,
1744 2894 1849 2932 ue-

225 2980 337 3036 que
370 2979 631 3029 messem,
666 2979 849 3036 neque
902 2973 1140 3036 pratum.
1193 2972 1520 3020 czetcrumve
1553 2967 1847 3036 peculium,

227 3063 464 3124 propter
494 3052 865 3107 ﬁscalinorum
925 3052 1356 3119 infestationem,
1412 3054 1620 3109 habere
1667 3057 1855 3127 quiete

227 3140 497 3196 valebat:
532 3141 683 3196 unde
734 3156 883 3213 saepe
934 3141 1204 3211 justitiam
1266 3142 1413 3214 apud
1460 3143 1854 3200 ministeriales

226 3235 415 3311 regios
442 3234 555 3289 sibi
608 3234 727 3290 ﬁeri
754 3235 931 3305 petiit,
983 3252 1085 3292 nec
1114 3236 1371 3292 obtinere
1412 3238 1609 3309 potuit.
1641 3239 1855 3294 Invenit

226 3338 414 3385 autem
474 3329 697 3384 tandem
756 3329 862 3383 sibi
907 3330 1129 3385 salubre
1175 3331 1488 3386 consilium.
1548 3332 1678 3386 Nam
1710 3331 1855 3388 coxit

228 3438 403 3492 panes
447 3430 505 3477 et
531 3438 748 3488 carnes,
806 3430 862 3477 et
884 3432 1116 3494 accepta
1143 3424 1431 3488 cerevisia,
1489 3425 1852 3495 proutvisum

227 3511 353 3578 fuit,
380 3512 441 3566 in
486 3512 741 3579 vasculis,
799 3511 915 3565 haec
968 3514 1155 3567 omnia
1205 3513 1483 3572 vehiculo.
1523 3530 1648 3585 quae
1687 3515 1853 3588 vulgo

227 3600 415 3657 benna
446 3601 672 3668 dicitur,
692 3601 973 3671 imposuit,
1005 3609 1061 3656 et
1102 3602 1310 3670 junctis
1356 3602 1538 3659 bobus
1568 3603 1638 3658 ad
1660 3604 1846 3660 basili-

226 3710 347 3749 cam
376 3694 559 3749 sancti
594 3693 849 3768 Remigii,
882 3693 1169 3749 candelam
1204 3711 1368 3750 manu
1408 3695 1613 3763 ferens,
1646 3714 1852 3769 prope-

227 3787 385 3842 ravit.
420 3787 541 3852 Quo
596 3786 947 3859 perveniens,
1002 3786 1228 3842 cibariis
1272 3804 1398 3859 quae
1424 3789 1622 3845 detulit
1658 3790 1848 3845 matri-

226 3878 475 3933 cularios
518 3877 685 3948 pavit,
739 3877 807 3931 ad
844 3876 1161 3947 sepulcrum
1209 3878 1387 3932 sancti
1430 3879 1718 3934 candelam
1750 3894 1852 3951 po-

225 3969 353 4034 suit,
390 3976 451 4023 et
474 3968 598 4036 ejus
646 3965 913 4021 auxilium
944 3974 1130 4021 contra
1166 3981 1296 4021 suos
1353 3982 1721 4038 Oppressuros
1741 3985 1842 4023 ex-

229 4058 410 4129 petiit.
436 4056 728 4112 Pulverem
758 4070 977 4127 quoque
1007 4055 1075 4109 de
1104 4055 1419 4126 pavimento
1450 4057 1698 4111 ecclesiae
1719 4057 1841 4113 col-

225 4150 433 4226 ligens,
467 4163 655 4221 panno
674 4147 974 4221 colligavit,
1026 4154 1081 4202 et
1124 4147 1180 4201 in
1230 4147 1492 4219 praedicta
1520 4148 1703 4204 benna
1737 4164 1840 4220 po-

228 4255 387 4306 nens,
448 4238 684 4293 linteum
747 4238 989 4308 desuper
1027 4240 1108 4309 (ut
1161 4254 1328 4310 supra
1381 4253 1584 4311 corpus
1640 4238 1842 4294 mortui

224 4334 365 4390 solet
393 4330 881 4402 ﬁerijcomposuit,
930 4338 985 4385 et
1038 4329 1104 4383 ad
1137 4329 1361 4402 propria
1392 4347 1635 4387 remeare
1656 4333 1842 4404 coepit.

1960 1884 2134 1937 sancti
2171 1882 2404 1956 Remigii
2439 1883 2604 1951 ejecit
2632 1899 2755 1939 cum
2807 1883 3061 1956 ﬂagellis,
3097 1883 3579 1939 conclamantibus

1956 1973 2036 2029 eis
2066 1975 2118 2028 8.
2155 1974 2461 2048 Remigium
2492 1975 2599 2029 sibi
2640 1975 2783 2030 ferre
2821 1975 3155 2030 subsidium.
3202 1974 3579 2040 Quibusidem

1957 2066 2252 2141 Blitgarius
2281 2083 2405 2122 cum
2439 2067 2697 2123 irrisione
2723 2067 2894 2122 dixit:
2926 2068 3083 2123 Modo
3096 2069 3314 2137 parebit
3342 2068 3584 2137 qualiter

1955 2171 2048 2211 vos
2087 2162 2307 2211 sanctus
2348 2160 2622 2225 Remigius
2659 2157 2967 2227 adjuvabit.
3016 2158 3203 2213 Videte
3232 2156 3494 2227 quomodo
3522 2159 3581 2210 in

1958 2248 2301 2317 adjutorium
2329 2252 2566 2303 vestrum
2592 2251 2757 2303 venit.
2807 2249 3039 2320 Moxque
3071 2249 3217 2304 inter
3237 2250 3356 2304 hare
3386 2248 3577 2312 verba,

1961 2337 2200 2392 maximo
2256 2336 2497 2391 clamore
2565 2337 2979 2410 ingemiscens,
3049 2338 3288 2393 mirabili
3356 2346 3579 2412 turgore
3650 2373 3659 2379 -

1958 2429 2231 2484 distentus
2264 2429 2539 2491 intumuit,
2576 2436 2630 2483 et
2656 2428 2915 2500 expirans
2947 2428 3163 2501 crepuit
3190 2430 3429 2485 medius.
3467 2431 3579 2496 Qua

1956 2518 2201 2575 vindicta
2230 2518 2949 2595 commonemur_ultionem
3006 2518 3249 2573 divinam
3307 2518 3574 2589 pertime-

1957 2623 2133 2673 scere,
2162 2602 2461 2663 crudeliter
2507 2606 2934 2663 ecclesiasticam
2977 2622 3089 2662 nou
3143 2613 3374 2662 tractare
3410 2606 3576 2662 fami-

1956 2695 2106 2761 liam,
2134 2703 2189 2751 et
2220 2696 2276 2749 in
2307 2696 2477 2751 Deum
2509 2711 2572 2751 ac
2611 2704 2831 2751 sanctos
2849 2695 2969 2764 ejus
2995 2711 3348 2766 summopere
3380 2712 3576 2751 cavere

1957 2784 2379 2855 blasphemiam.
2834 2854 2843 2859 ν

2027 2874 2236 2930 Nostris
2269 2874 2400 2929 olim
2433 2872 2633 2930 diebus
2663 2873 2888 2945 quidam
2920 2872 3241 2927 Warnerius
3274 2873 3398 2945 pagi
3444 2873 3581 2929 Vor-

1957 2963 2233 3018 macensis
2275 2978 2476 3018 comes.
2513 2979 2602 3017 res
2632 2964 2807 3018 sancti
2860 2963 3098 3036 Remigii
3157 2964 3491 3035 praemissas,
3523 2964 3577 3018 in

1956 3054 2169 3128 Vosago
2199 3052 2351 3120 sitas,
2382 3051 2672 3114 invadens,
2706 3052 3028 3108 hominibus
3055 3054 3170 3108 suis
3183 3054 3574 3109 distribuerat.

1882 3124 1930 3193 C
1950 3124 2191 3198 Veniens
2218 3151 2403 3198 autem
2435 3143 2470 3195 Β
2545 3142 2829 3216 Remigius
2856 3143 2926 3197 ad
2963 3143 3310 3218 Herigarium
3346 3142 3579 3216 Mogun-

1956 3238 2047 3294 tiae
2078 3238 2397 3309 praesulem,
2427 3237 2486 3292 in
2517 3237 2728 3293 somnis
2754 3236 2805 3291 ei
2850 3238 3003 3292 visus
3030 3237 3488 3310 est,pra2cipiens
3516 3246 3576 3294 ut

1959 3330 2063 3385 iret
2093 3330 2161 3384 ad
2193 3329 2502 3385 Conradum
2562 3346 2770 3403 regem,
2805 3344 3164 3384 commouens
3218 3345 3343 3383 eum
3376 3330 3575 3398 jubere

1955 3421 2062 3475 sibi
2094 3420 2360 3489 subjectis
2401 3427 2676 3491 quatenus
2706 3418 3051 3474 dimitterent
3108 3428 3307 3473 terram
3334 3434 3447 3475 suae
3487 3421 3575 3474 di-

1956 3513 2125 3570 tionis
2186 3514 2286 3580 Qui
2312 3528 2654 3587 consurgens
2698 3528 2728 3566 a
2781 3525 2997 3575 somno,
3048 3510 3176 3565 licet
3225 3510 3461 3565 miratus
3509 3511 3578 3565 de

1953 3608 2188 3671 visione,
2221 3606 2335 3681 regi
2392 3612 2577 3660 tamen
2625 3602 2814 3659 omisit
2871 3602 3140 3657 indicare.
3203 3601 3414 3656 Rursus
3453 3610 3579 3673 post

1954 3697 2163 3769 aliquot
2193 3695 2314 3750 dies
2344 3709 2617 3766 apparens
2640 3693 2690 3747 ei
2723 3694 2777 3747 S.
2801 3691 3086 3766 Remigius
3111 3690 3396 3765 redarguit
3423 3707 3573 3757 eum,

1953 3805 2124 3861 quare
2177 3787 2438 3842 mandata
2492 3801 2603 3841 non
2663 3784 3025 3855 adimplesset
3064 3782 3235 3847 illius,
3270 3783 3578 3838 admonens

1951 3880 2149 3936 iterum
2179 3896 2249 3933 ne
2275 3876 2493 3932 differat
2532 3878 2668 3947 quin
2701 3875 2817 3947 regi
2859 3875 3014 3943 jussa
3061 3874 3375 3928 denuntiet.
3411 3875 3567 3938 Item,

1952 3986 2054 4025 ceu
2087 3968 2260 4039 prius,
2288 3965 2378 4020 ille
2410 3964 2588 4020 visum
2618 3970 2879 4034 reputans
2902 3962 3087 4025 inane,
3124 3960 3367 4032 neglexit
3404 3961 3573 4032 perfi-

1946 4078 2071 4121 cere
2096 4060 2423 4131 jussionem.
2456 4056 2637 4112 Tertio
2696 4057 2842 4112 hunc
2874 4056 2988 4124 jam
3029 4071 3155 4111 cum
3177 4054 3395 4127 ﬂagello
3427 4073 3568 4111 sau-

1946 4162 2066 4209 ctus
2094 4151 2309 4216 adiens,
2344 4148 2521 4220 ipsius
2549 4145 2859 4216 increpavit
2896 4144 3322 4211 contumaciam,
3357 4162 3566 4217 quem-

1946 4261 2053 4319 que
2114 4259 2213 4315 per
2263 4238 2551 4296 brachium
2584 4235 3088 4307 comprehendens,
3123 4236 3267 4290 lecto
3309 4236 3457 4291 visus
3482 4246 3572 4292 est

1946 4332 2263 4390 extraxisse.
2304 4330 2506 4400 Sicque
2550 4325 2790 4400 ﬂagello,
2824 4326 2974 4398 quod
3006 4324 3250 4392 tenebat,
3288 4342 3414 4381 eum
3443 4344 3574 4382 ver-

224 4422 278 4475 Si
334 4422 438 4494 qui
490 4436 625 4477 vero
690 4420 761 4475 de
816 4418 1172 4475 obviantibus
1233 4435 1359 4474 eum
1427 4420 1844 4493 interrogabant
1871 4426 2173 4517 Dbcraus,
2207 4423 2405 4479 acriter
2461 4437 2664 4477 casum
2696 4419 2907 4475 dimisit
2933 4428 2987 4475 et
3041 4419 3413 4475 humiliatum.
3450 4421 3569 4477 Non

224 4512 362 4583 quid
396 4512 455 4566 in
485 4511 583 4567 illo
612 4525 769 4566 carro
807 4509 1053 4578 duceret,
1080 4510 1452 4582 respondebat
1481 4526 1540 4565 se
1570 4511 1622 4565 S.
1661 4512 1849 4568 Remi-

223 4604 378 4677 gium
404 4604 635 4659 ducere.
670 4602 1006 4658 Mirabantur
1068 4610 1252 4657 autem
1288 4618 1483 4658 omnes
1513 4602 1569 4656 in
1600 4602 1764 4658 dictis
1795 4612 1850 4659 et

223 4696 388 4752 factis
409 4696 589 4760 illius,
619 4704 895 4751 amentem
928 4695 1074 4751 hunc
1104 4711 1227 4751 esse
1244 4694 1504 4753 ferentes.
1542 4698 1602 4751 lu
1634 4705 1848 4767 pratum

220 4801 359 4842 vero
388 4801 556 4841 suum
590 4784 944 4856 perveniens,
988 4793 1235 4855 pastores
1261 4784 1401 4839 inibi
1426 4785 1498 4841 de
1538 4785 1739 4841 Roseto
1760 4786 1849 4840 di-

221 4879 369 4934 versi
422 4877 651 4955 generis
700 4877 959 4933 animalia
989 4885 1276 4950 pascentes
1324 4878 1553 4934 invenit.
1605 4880 1700 4934 Ast
1754 4878 1847 4934 ubi

222 4970 277 5024 8.
310 4969 634 5042 Remigium
664 4968 807 5025 ferre
835 4968 945 5024 sibi
989 4968 1247 5045 suﬂ'ragia
1286 4971 1595 5040 postulans,
1628 4968 1852 5024 invoca-

222 5060 323 5127 vit,
357 5075 584 5131 erepere
607 5059 798 5127 boves,
852 5060 1009 5125 hirci,
1042 5075 1335 5132 capraeque
1368 5059 1605 5116 invicem
1637 5076 1699 5116 se
1720 5076 1849 5117 cor-

226 5152 400 5207 nibus
418 5152 714 5224 impetere,
739 5151 893 5223 porci
923 5167 1054 5208 cum
1078 5150 1261 5223 porcis
1297 5150 1622 5225 conﬂigere,
1656 5167 1850 5207 verve-

222 5258 322 5297 ces
349 5259 477 5298 cum
506 5242 835 5300 vervecibus
855 5258 914 5298 se
934 5242 1222 5308 collidere,
1246 5248 1495 5314 pastores
1520 5258 1581 5297 se
1609 5242 1854 5299 fustibus

223 5342 280 5389 et
346 5336 552 5408 pugnis
589 5343 783 5391 mutuo
834 5342 1146 5407 percutere.
1191 5334 1537 5406 Maximoque
1592 5341 1854 5409 surgente

219 5424 455 5480 turbine
482 5431 736 5496 pastores
780 5424 1076 5494 ejulantes,
1120 5424 1378 5479 animalia
1417 5439 1674 5496 quaeque,
1702 5425 1854 5492 juxta

214 5531 409 5589 genus
431 5531 616 5581 suum,
648 5530 848 5590 magno
884 5515 1071 5571 sonitu
1094 5514 1524 5586 perstrependo,
1559 5515 1633 5571 ita
1663 5531 1853 5585 crepe-

214 5612 351 5659 runt
382 5604 646 5661 Rosetum
675 5620 868 5659 versus
893 5603 1110 5678 fugere,
1143 5620 1207 5660 ac
1248 5605 1294 5660 si
1326 5604 1622 5662 multitudo
1651 5621 1849 5676 perse-

210 5693 522 5765 quentium
551 5693 744 5769 ﬂagris
758 5692 1334 5749 videreturinsistere.
1377 5694 1532 5758 Quod
1554 5702 1851 5750 cernentes

536 5795 819 5856 PATROL
870 5794 1205 5857 CXXXV.

1952 4514 2191 4586 amplius
2212 4514 2360 4569 enim
2387 4512 2501 4581 jam
2528 4520 2772 4566 temnere
2793 4512 2947 4581 jussa
2977 4526 3338 4580 pmsumens,
3380 4527 3567 4585 regem

1949 4623 2074 4663 mox
2104 4606 2237 4671 adit,
2270 4612 2541 4661 secretum
2575 4603 2733 4675 petit,
2795 4611 3003 4658 vestem
3044 4602 3297 4674 deponit,
3343 4602 3569 4657 lividum

1949 4716 2151 4770 corpus
2177 4698 2438 4761 ostendit,
2472 4704 2527 4752 et
2555 4697 2701 4752 dicta
2726 4696 2811 4752 vel
2843 4704 2962 4752 acta
2989 4695 3228 4752 fideliter
3270 4712 3335 4750 ex
3375 4696 3570 4750 ordine

1951 4788 2162 4860 pandit.
2194 4787 2405 4843 Accidit
2444 4792 2651 4853 autem,
2684 4790 2745 4839 ut
2784 4784 2979 4840 eadem
3011 4785 3102 4838 die
3135 4786 3349 4858 legatus
3376 4784 3567 4839 domui

1951 4878 2205 4950 praesulis
2235 4877 2405 4933 nostri
2427 4866 2650 4938 Hirivei',
2669 4874 2891 4930 nomine
2914 4875 3254 4937 Tendoinus,
3283 4874 3351 4928 ab
3371 4875 3568 4929 eodem

1948 4971 2172 5027 seniore
2202 4986 2303 5026 suo
2358 4986 2458 5042 pro
2516 4970 2651 5040 ipsis
2704 4968 2873 5024 rebus
2929 4969 3252 5040 repetendis
3281 4968 3350 5022 ad
3382 4984 3566 5041 regem

1951 5075 2075 5115 cum
2117 5060 2443 5115 muneribus
2494 5058 2804 5133 deveniret,
2862 5066 3027 5132 atque
3058 5061 3273 5123 horam,
3304 5074 3413 5129 qua
3451 5058 3567 5133 regi

1953 5150 2275 5220 praesentari
2307 5149 2499 5221 possit,
2533 5156 2686 5205 extra
2714 5131 2893 5205 'stans
2922 5131 3285 5221 exspectaret.
3323 5131 3570 5221 Cumque

1958 5257 2073 5298 rem
2107 5252 2315 5319 gestam
2350 5258 2443 5298 rex
2496 5242 2820 5311 admiratus,
2878 5243 3087 5317 requiri
3136 5242 3494 5314 pmcepisset
3523 5244 3567 5295 si

1956 5335 2080 5404 quis
2112 5335 2228 5390 illic
2255 5334 2401 5389 inter
2431 5349 2562 5389 suos
2592 5334 2733 5389 forte
2765 5335 2969 5390 nostris
2998 5351 3029 5389 e
3069 5334 3325 5407 partibus
3356 5334 3572 5388 inveni-

1956 5433 2122 5492 retur,
2157 5423 2252 5478 ille
2281 5439 2380 5494 pro
2414 5424 2516 5479 hac
2547 5425 2740 5480 eadem
2761 5442 2819 5480 re
2852 5426 2987 5483 foris
3016 5428 3301 5481 sustinens
3356 5423 3571 5494 reperi-

1955 5522 2042 5569 tur
2071 5513 2285 5582 adesse,
2335 5513 2452 5584 regi
2486 5513 2790 5581 nuntiatur,
2823 5530 2890 5570 eo
2916 5514 3147 5584 jubente
3174 5529 3358 5570 coram
3394 5511 3572 5564 dedu-

1952 5606 2115 5672 citur,
2139 5615 2196 5661 et
2216 5606 2266 5660 ei
2303 5620 2391 5660 res
2447 5622 2572 5677 quae
2619 5609 2901 5678 propalata
2944 5608 3115 5663 fuerat
3172 5606 3437 5677 aperitur.
3478 5603 3572 5657 Hic

1920 5718 1923 5721 ·
1952 5696 2158 5770 gratias
2177 5713 2369 5768 agens,
2402 5712 2503 5766 pro
2523 5698 2691 5753 rebus
2708 5699 2845 5768 ipsis
2867 5715 2928 5753 se
2961 5700 3185 5754 missum
3211 5695 3431 5770 retegit,
3463 5710 3572 5759 res,

3241 5799 3280 5860 3
