4040 6176
472 257 543 310 75
1593 231 1961 291 FLODOARDI
2003 227 2309 284 CANONICI
2350 228 2679 284 REMENSIS
3736 237 3803 289 76

474 419 603 480 rege
643 398 932 461 reddente,
988 390 1205 461 recipit,
1254 396 1308 443 et
1366 385 1563 441 eodem
1603 381 1820 436 favente
1855 375 2081 448 praefato
2109 377 2536 445 Areconditum
2577 376 2847 442 eburneo,
2904 375 3090 431 Remis
3129 377 3335 431 abinde
3387 385 3717 444 reservatur,
3749 379 3800 432 in

472 465 720 568 poiitifici
780 481 1064 555 Herigario
1104 479 1360 534 tutandas
1399 477 1467 531 ad
1529 474 1851 530 fidelitatem
1885 469 1936 521 S.
1975 465 2081 565 Re.-

472 556 624 662 inigii
672 576 980 639 committit.
1041 573 1348 642 Posteaque
1398 570 1633 624 domnus
1686 561 1886 634 praesul
1932 556 2084 662 Heri-

473 651 627 747 veus,
659 680 789 733 dum
821 671 1047 735 advixit,
1083 685 1148 723 ex
1177 667 1374 721 iisdem
1407 663 1574 718 rebus
1605 655 1891 714 annuatim
1923 651 2090 706 debi-

475 784 588 830 tum
618 773 741 826 sine
763 762 1200 825 contradictione
1231 774 1456 816 censum
1483 752 1709 823 recepit.

545 866 780 921 Easdem
797 876 885 916 res
898 858 1134 912 domnus
1160 853 1411 909 Artaldus
1424 850 1719 920 episcopus
1731 843 1940 897 dudum
1956 839 2091 894 Con-

477 958 608 1012 rado
641 953 768 1010 duci
800 948 1154 1006 commiserat
1177 963 1188 997 :
1210 959 1346 1015 quas
1365 941 1454 995 ille
1487 933 1838 1012 Ragenbaldo
1871 932 2088 986 cuidam

476 1065 701 1104 suorum
758 1046 1128 1118 delegaverat.
1179 1037 1279 1103 Qui
1335 1030 1725 1107 Ragenbaldus
1769 1023 2090 1081 earumdem

481 1160 658 1202 rerum
673 1116 1070 1196 colonos'valde
1083 1131 1384 1205 afﬂigebat.
1405 1126 1515 1198 Ipsi
1532 1140 1660 1180 vero
1675 1135 1774 1193 pro
1790 1116 2092 1205 afflictione

479 1253 577 1292 sua
603 1247 750 1302 saepe
779 1229 847 1283 ad
876 1233 1123 1282 sanctum
1169 1204 1482 1291 Remigium
1515 1210 1848 1269 clamabant,
1907 1204 2092 1260 Remis

481 1329 785 1388 venientes,
807 1328 862 1377 et
893 1320 1066 1392 ipsius
1090 1314 1303 1388 patroni
1337 1311 1420 1366 sui
1455 1304 1761 1380 patrocinia
1797 1299 2093 1372 requiren-

482 1433 580 1479 tes.
612 1422 714 1474 Pro
759 1433 867 1489 qua
897 1431 956 1469 re
1012 1427 1189 1482 nuper
1244 1420 1388 1462 anno
1447 1401 1744 1474 praeterito,
1802 1410 1928 1449 cum
1964 1406 2091 1464 rege

483 1513 676 1568 Ottone
704 1515 757 1562 et
779 1483 1014 1578 praefato
1045 1503 1184 1556 duce
1213 1496 1383 1554 locuti
1417 1509 1627 1557 sumus,
1661 1487 1882 1578 quando
1926 1483 2096 1578 Aquis

485 1601 551 1655 ad
577 1573 833 1653 eumdem
866 1609 1053 1667 regem
1084 1589 1237 1643 missi
1270 1586 1497 1641 fuimus.
1552 1582 1658 1636 Sed
1716 1586 1775 1632 ut
1808 1576 1956 1630 idem
1989 1573 2099 1627 Ra-

484 1687 793 1762 genbaldus
825 1684 892 1738 ab
934 1664 1196 1753 ipsarum
1228 1691 1411 1731 rerum
1462 1669 1776 1742 direptione
1804 1664 2098 1720 desisteret

2187 471 2424 525 ecclesia
2451 469 2624 524 beatae
2679 468 2775 522 Dei
2819 468 3105 541 genitricis
3158 469 3362 525 Mariae.
3396 471 3644 542 Denique
3679 487 3801 525 cum

2187 580 2387 635 corpus
2413 563 2587 634 ipsius
2635 562 3064 616 sacratissimum
3105 562 3173 616 de
3204 563 3428 632 lapideo
3459 563 3804 636 sarcOphago

2191 653 2243 706 in
2277 651 2559 723 praemisso
2591 650 2965 720 transponitur
2993 651 3194 716 loculo,
3219 649 3366 704 Rado
3400 650 3625 722 quidam
3640 650 3810 704 Sues—

2190 741 2392 796 sonicze
2418 749 2546 794 tunc
2567 739 2822 793 Ecclesia
2844 738 3240 802 subdiaconus,
3273 738 3368 809 qui
3399 754 3523 793 cum
3544 739 3808 809 episcOpo

2191 849 2290 888 suo
2324 831 2573 887 Rothado
2607 829 2739 885 illuc
2793 830 3107 894 advenerat,
3167 829 3307 886 adeo
3339 830 3530 884 dolore
3561 829 3810 885 dentium

2195 939 2291 993 per
2318 923 2590 996 integrum
2620 927 2846 974 vexatus
2906 935 3134 983 annum,
3169 926 3250 984 ut,
3282 918 3491 974 doloris
3522 919 3809 973 nimietate

2195 1014 2509 1085 perditurus
2526 1021 2866 1066 metueretur
2882 1027 3128 1076 sensum,
3148 1010 3422 1064 maxillam
3452 1018 3608 1081 peste
3621 1026 3814 1085 grava-

2195 1117 2302 1160 tam
2345 1105 2465 1159 loco
2496 1103 2592 1158 ubi
2625 1111 2875 1158 sanctum
2905 1103 3110 1176 pignus
3133 1103 3404 1170 jacuerat,
3438 1103 3735 1173 apposuit:
3763 1113 3816 1157 et

2197 1214 2321 1252 mox
2343 1197 2410 1251 ab
2442 1197 2544 1251 hac
2569 1196 2712 1251 liber
2725 1195 2974 1250 redditus
2990 1196 3351 1269 aegritudine,
3377 1196 3629 1251 dolorem
3651 1195 3817 1250 dein-

2196 1303 2328 1356 ceps
2357 1284 2738 1354 hujuscemodi
2759 1285 2964 1338 meruit
2984 1300 3095 1338 non
3117 1284 3340 1338 sentire.
3371 1283 3478 1338 Hac
3509 1284 3705 1338 eadem
3728 1283 3818 1337 die

2198 1380 2306 1434 duo
2333 1378 2558 1450 quidam
2601 1378 2853 1432 homines
2906 1377 3101 1432 morbo
3132 1375 3398 1431 contracti
3426 1375 3576 1447 apud
3613 1393 3819 1450 pagum

2200 1469 2523 1524 Ribuarium
2554 1467 3183 1539 (Bruz'éresinLannois),
3214 1467 3270 1520 in
3300 1467 3547 1521 oratorio
3578 1466 3821 1537 quodam

2202 1562 2481 1616 memoriae
2513 1561 2676 1631 hujus
2706 1560 2855 1614 beati
2915 1559 3088 1615 nostri
3130 1558 3346 1629 patroni
3375 1557 3635 1612 dedicato
3664 1558 3822 1612 sani-

2202 1659 2363 1706 tatem
2398 1650 2682 1705 nuntiatur
2712 1649 3009 1720 recepisse.
3036 1650 3095 1702 ln
3129 1647 3304 1719 ipsius
3341 1654 3528 1702 autem
3567 1662 3672 1718 qua
3699 1661 3826 1700 cor—

486 1739 780 1849 impetrare
834 1739 1207 1844 nequivimus.
1243 1765 1398 1821 Unde
1429 1739 1660 1832 contigit
1692 1760 1866 1813 horno
1898 1755 1955 1825 [i,
1995 1755 2097 1808 hoc
2119 1755 2174 1816 Β
2202 1761 2334 1817 pore
2361 1742 2862 1815 quiescitbasilica.
2895 1742 3154 1796 continua
3183 1739 3300 1794 fieri
3350 1753 3461 1794 non
3485 1739 3826 1794 omittuntur

485 1848 622 1941 an.],
673 1877 733 1922 ut
777 1867 906 1920 dum
939 1864 1203 1947 quodam.
1234 1858 1471 1913 Sabbato
1522 1853 1746 1908 eosdem
1779 1850 2004 1904 colonos
2031 1848 2099 1902 ad

487 1939 625 2032 Opus
655 1956 933 2030 quoddam
988 1939 1364 2024 peragendum
1425 1949 1792 2015 congregatos
1849 1939 2100 1998 haberet,

489 2027 924 2121 praciperetque
981 2040 1305 2113 presbytero
1364 2051 1432 2089 ne
1491 2034 1650 2104 signa
1707 2027 2101 2098 vespertinalia

492 2118 668 2212 usque
721 2153 894 2209 pr0pe
926 2141 1141 2188 noctem
1177 2129 1438 2200 pulsaret,
1490 2123 1759 2193 Operique
1817 2118 2101 2188 implendo

489 2208 792 2294 insisteret,
822 2227 1206 2296 percuteretur
1243 2229 1571 2287 percussore
1600 2211 1800 2264 inviso.
1833 2209 1933 2273 Qui
1967 2208 2098 2261 dum

491 2323 798 2395 requireret
827 2319 953 2390 quis
965 2332 1091 2370 eum
1105 2310 1485 2383 percussisset,
1505 2319 1810 2373 omnesque
1823 2317 1880 2356 se
1902 2300 2103 2356 vidisse

492 2422 777 2487 negarent,
809 2410 966 2466 furiis
1019 2406 1346 2481 exagitatus,
1406 2414 1632 2454 sensum
1690 2395 1893 2460 amisit,
1922 2393 2103 2467 gravi-

491 2517 683 2580 terque
709 2513 953 2573 vexatus,
994 2499 1246 2572 spiritum
1305 2490 1599 2550 exhalavit.
1648 2489 1761 2554 Quo
1817 2492 2101 2556 comperto

492 2575 610 2653 dux
633 2594 912 2651 Conradus
952 2589 1184 2644 nimium
1229 2585 1453 2640 territus
1509 2579 1576 2633 ad
1637 2587 1887 2632 sanctum
1921 2575 2106 2630 Remi-

489 2692 640 2766 gium
663 2687 838 2755 venit,
857 2685 1020 2755 eique
1053 2679 1302 2749 resipsas
1334 2672 1596 2737 reddidit,
1627 2687 1762 2741 quas
1791 2667 2106 2740 praemissus

492 2761 690 2855 praesul
720 2777 972 2832 Artaldus
1004 2773 1294 2827 Hincmaro
1322 2764 1532 2825 abbati.
1563 2779 1626 2818 ac
1649 2761 1863 2818 caeteris
1911 2775 2103 2815 mona-

491 2851 611 2928 chis
637 2870 706 2924 ad
728 2866 1172 2938 supplementum
1199 2860 1381 2916 victus
1411 2851 1686 2910 attribuit.

565 2963 624 3016 In
679 2955 985 3012 Vulﬁniaco
1043 2953 1200 3018 Rivo,
1261 2962 1401 3022 pago
1444 2941 1815 3004 Laudunensi,
1873 2939 2106 2995 habetur

491 3053 789 3112 oratorium
817 3049 872 3103 in
921 3047 1130 3102 honore
1172 3043 1227 3096 S.
1261 3036 1496 3113 Remigii
1530 3035 1869 3090 dedicatum.
1909 3034 1965 3087 ln
1998 3047 2107 3103 quo

493 3146 622 3201 dum
648 3138 918 3198 Rodulfus
948 3153 1040 3191 rex
1065 3133 1413 3189 lleribertum
1450 3126 1710 3182 comitem
1741 3137 2105 3194 persequere-
2133 3118 2183 3188 ί]

495 3244 601 3304 tur,
633 3233 726 3306 qui
758 3231 1140 3302 episcopatum
1160 3224 1485 3278 Remensem
1509 3234 1539 3271 a
1561 3231 1689 3289 rege
1704 3214 1809 3268 sibi
1829 3227 2111 3268 commen-

495 3332 682 3386 datum
714 3322 956 3385 tenebat,
991 3311 1437 3383 hominesipsius
1462 3307 1606 3361 villa
1630 3323 1716 3361 res
1734 3321 1864 3359 suas
1885 3311 2111 3374 pr0pter

492 3416 722 3475 hostiles
751 3414 1006 3468 incursus
1035 3405 1337 3462 recondere
1368 3398 1719 3454 studuerunt.
1759 3397 1823 3448 At
1855 3394 1985 3448 dum
2015 3409 2107 3447 rex

493 3511 750 3586 praefatus
778 3507 846 3562 ad
865 3500 1231 3561 obsidendam
1264 3497 1592 3551 Remensem
1614 3488 1858 3544 venisset
1887 3484 2102 3550 urbem,

493 3576 547 3661 et
573 3605 626 3658 in
660 3597 1015 3656 Culmissiaco
1045 3599 1284 3648 metatus
1323 3595 1486 3651 esset,
1515 3582 1792 3639 exercitus
1821 3580 1943 3647 ejus
1970 3576 2106 3632 vici-

494 3713 594 3750 nas
622 3690 915 3763 occupavit
942 3687 1118 3742 villas.
1176 3683 1406 3749 Quidam
1458 3692 1585 3734 vero
1620 3675 1862 3737 illorum,
1922 3668 2018 3740 qui
2050 3668 2105 3721 in

495 3791 798 3858 praenotata
848 3779 997 3844 villa,
1031 3775 1244 3831 scilicet
1281 3768 1587 3826 Vulﬁniaco
1648 3763 1782 3816 Rivo
1847 3765 2107 3813 metatum

495 3855 792 3940 habebant,
858 3871 1047 3926 vinum
1086 3867 1235 3940 quod
1288 3867 1342 3919 in
1393 3861 1627 3918 ecclesia
1681 3855 1896 3913 timoris
1944 3866 2109 3907 causa

493 3970 838 4027 reconditum
877 3963 1053 4018 fuerat
1079 3958 1289 4015 invadit
1321 3975 1335 4023 ;
1371 3965 1425 4011 et
1467 3952 1624 4026 quasi
1654 3949 1939 4005 tabernam
1974 3959 2110 3998 con-

491 4064 726 4118 stituens
749 4062 803 4114 in
826 4055 1019 4111 eadem
1042 4050 1295 4116 ecclesia,
1316 4048 1543 4120 paribus
1565 4045 1679 4100 suis
1701 4041 1835 4096 illud
1863 4037 2106 4092 vendere

491 4157 678 4226 cmpit.
731 4154 855 4207 Haec
883 4151 1014 4203 dum
1047 4150 1251 4220 ageret,
1294 4153 1589 4211 percussus
1628 4133 1842 4196 morbo,
1879 4135 2108 4199 repente

492 4225 717 4302 sensum
738 4240 944 4308 amisit,
963 4253 1056 4293 ore
1075 4234 1182 4290 sibi
1211 4233 1477 4287 adaurem
1509 4241 1682 4297 usque
1707 4239 1847 4294 pene
1878 4225 2106 4284 retorto,

494 4341 702 4411 diuque
733 4333 1009 4392 cruciatus
1056 4333 1331 4384 tormento
1363 4323 1528 4378 vitam
1562 4320 1758 4376 finivit.
1804 4314 1958 4382 Quod
1987 4328 2110 4365 cer-

493 4405 689 4483 nentes
730 4420 934 4487 caeteri,
967 4419 1147 4475 eidem
1179 4417 1298 4471 loco
1336 4429 1492 4468 sacro
1545 4411 1787 4467 debitam
1843 4405 2108 4474 deinceps

2203 1834 2462 1908 insignia,
2496 1832 2628 1886 dum
2659 1830 3021 1886 advenientes
3057 1829 3250 1903 {egroti
3287 1837 3579 1892 sanantur,
3613 1827 3824 1897 perjur‘t

2203 1927 2452 1982 daemone
2493 1925 2890 1996 pervaduntur,
2940 1922 3302 1995 energumeui
3335 1921 3668 1985 liberantur,
3693 1919 3828 1974 illu-

2201 2017 2482 2071 minantur
2509 2015 2661 2081 caeci,
2691 2015 2976 2086 eriguntur
3005 2011 3209 2078 claudi,
3244 2010 3373 2065 utin
3398 2008 3556 2064 cmlis
3583 2007 3830 2082 gloriose

2203 2125 2325 2162 cum
2359 2107 2571 2162 Christo
2625 2107 2809 2161 vivere
2866 2104 3276 2158 demonstretur
3305 2101 3397 2173 qui
3455 2107 3533 2156 tot
3585 2100 3832 2153 miracu-

2204 2199 2383 2255 lorum
2413 2199 2609 2272 signis,
2644 2197 2740 2252 ubi
2772 2212 2972 2267 corpus
3011 2195 3264 2249 examine
3295 2199 3564 2256 servatur,
3597 2192 3651 2245 in
3681 2200 3833 2245 terra

2204 2289 2387 2343 vivere
2417 2285 2831 2358 comprobatur.
2857 2286 2916 2338 In
2941 2285 3121 2340 loculo
3148 2298 3278 2338 vero
3312 2281 3406 2336 ubi
3443 2289 3572 2336 tunc
3599 2279 3835 2350 deposi-

2207 2388 2320 2434 tum
2353 2395 2552 2449 corpus
2579 2377 2700 2446 ejus
2731 2385 2833 2444 est,
2891 2377 2946 2430 hi
2977 2391 3170 2430 \ersus
3208 2391 3240 2429 a
3278 2373 3486 2428 domno
3529 2371 3828 2426 Ilincmaro

2207 2467 2364 2534 editi,
2397 2468 2654 2540 leguntur
2681 2465 2964 2535 insculpti.

2270 2618 2358 2667 Hic
2387 2618 2606 2666 famulus
2628 2617 2864 2665 Hincmar
2893 2614 3090 2664 Domini
3125 2627 3262 2662 sacra
3285 2611 3507 2661 membra
3530 2610 3730 2668 locavit,

2332 2680 2495 2729 Dulcis
2525 2679 2752 2742 Remigii,
2787 2679 2966 2727 ductus
2998 2691 3163 2742 amore
3196 2676 3293 2738 pio.

2267 2743 2358 2802 Qui
2383 2742 2522 2805 prius
2543 2751 2614 2791 est
2643 2740 2858 2805 sanctus,
2881 2740 3070 2805 mundo
3095 2753 3245 2805 quam
3271 2744 3426 2785 matre
3453 2743 3665 2784 creatus.

2419 2819 2627 2868 magnus
2649 2804 2810 2852 dictus
2831 2801 3149 2868 cmlitusgore
3165 2801 3265 2849 Dei.

2270 2866 2355 2930 Bis
2365 2863 2534 2923 denos,
2561 2867 2802 2930 binosque
2825 2863 3229 2930 gerensjeliciter
3251 2875 3426 2918 annos,

2332 2929 2469 2979 Sorte
2492 2929 2578 2978 Dei
2609 2925 3126 2991 sumpsit'pontiﬁcale
3154 2925 3320 2980 decus,

2271 2991 2536 3060 Sexaginta
2563 2985 2818 3060 simul—his
2841 2985 3027 3053 septem
3051 2994 3310 3060 manserat
3344 2985 3490 3034 annis

2329 3049 2476 3102 Istius
2511 3054 2647 3102 urbis
2673 3053 2845 3109 honor,
2885 3049 3083 3115 praesul,
3116 3058 3163 3098 et
3191 3049 3330 3115 urbis
3353 3061 3508 3096 amor.

2273 3115 2441 3167 Vitam
2458 3115 2716 3172 defunctis,
2742 3109 2952 3177 reddens
2983 3127 3177 3177 quoque
3203 3112 3396 3177 lumina
3417 3109 3588 3166 caecis;

2337 3179 2511 3241 Egerat
2529 3187 2576 3227 et
2598 3179 2772 3227 vivens
2799 3175 3017 3241 plurima
3029 3175 3155 3241 mira
3185 3175 3321 3241 satis.

2274 3233 2401 3289 Nam
2428 3241 2625 3290 domuit
2654 3241 2758 3288 fera
2779 3233 2928 3288 corda
2959 3239 3127 3287 animo
3154 3238 3283 3300 pius,
3307 3249 3391 3284 ore
3419 3233 3671 3297 profusus,

2335 3303 2602 3372 Sicambraa
2631 3303 2804 3372 gentis,
2832 3302 2964 3364 regia
2992 3308 3426 3372 sceptra‘sacrans.

2271 3362 2771 3432 Nonagintaqujdem
2796 3362 3019 3432 sex'cum
3043 3362 3376 3432 compleverat
3399 3372 3573 3416 annos,

2333 3423 2604 3491 Spfendida
2627 3426 2713 3476 lux
2755 3435 2948 3491 nostras
2973 3423 3194 3474 deseruit
3217 3423 3458 3491 tenebras.

2272 3485 2389 3538 Idus
2419 3491 2524 3553 jam
2547 3489 2720 3553 plenas
2749 3503 2862 3538 cum
2886 3489 3245 3553 Janusmensis
3273 3485 3489 3553 haberet,

2332 3548 2582 3616 Emerita—5
2612 3552 2755 3601 miles
2782 3551 2996 3616 praemia
3011 3548 3327 3616 digna_capit.

2270 3613 2429 3663 Isdem
2452 3615 2750 3664 Hincmarus
2771 3610 2962 3676 primus
2985 3610 3210 3676 hac‘sede
3229 3610 3454 3660 sacerdos

2339 3678 2447 3726 Post
2468 3678 2684 3740 triginta,
2710 3675 2816 3726 loco
2849 3675 3069 3740 constitit
3088 3683 3366 3740 et__numero
3390 3687 3400 3718 :

2271 3739 2363 3798 Qui
2383 3735 2555 3789 sextus
2571 3740 2794 3789 decimus
2819 3738 2910 3787 sub
2941 3738 3032 3786 hac
3058 3736 3291 3798 radiante,
3314 3735 3512 3784 lucerna

2339 3802 2571 3865 Remigio,
2598 3801 2767 3850 Remis
2797 3801 2972 3865 munia
3005 3797 3337 3865 chara_dedit.

2273 3864 2434 3913 Annis
2462 3860 2698 3926 septenis,
2729 3863 2900 3927 quinis
2929 3877 2985 3912 ac
3007 3861 3264 3927 mensibus
3287 3860 3384 3922 egit

2335 3924 2548 3976 Pastoris
2577 3924 2765 3979 curam,
2790 3927 2895 3974 hasc
2922 3924 3184 3974 recolenda
3216 3936 3415 3986 parans.

2269 3988 2624 4054 Octingenteno
2653 3988 3101 4054 quinquagenoque
3127 3985 3342 4054 secundo

2333 4049 2438 4112 Quo
2461 4054 2590 4103 Deus
2611 4049 2685 4100 est
2705 4049 2837 4099 anno
2866 4049 3056 4113 virgine
3079 4056 3228 4098 natus
3255 4049 3396 4096 homo
3419 4060 3430 4093 :

2271 4113 2466 4164 Tertius
2494 4123 2542 4164 et
2571 4113 2779 4164 Karolus
2803 4113 2938 4175 regni
2967 4118 3284 4175 componeret
3313 4118 3466 4175 actus,

2332 4177 2581 4226 Octimber
2602 4176 2816 4240 primam
2840 4171 2954 4224 c'um
2984 4171 3126 4222 daret
3147 4181 3296 4237 atque
3327 4171 3479 4229 diem,

2271 4241 2700 4308 Acuterrenten‘us
2726 4245 2930 4308 octavus
2957 4243 3365 4308 tangeretannus

2334 4301 2422 4351 Hic
2439 4303 2602 4365 justus
2623 4299 2822 4365 Domini
2852 4315 2950 4364 quo
2973 4297 3097 4365 petit
3121 4306 3253 4347 astra
3276 4297 3395 4361 poli.

2271 4365 2364 4412 Ter
2397 4357 2593 4414 ce'ntum
2621 4364 2833 4418 fuerant,
2864 4357 3040 4412 tres—et
3067 4361 3182 4411 dem
3213 4357 3386 4424 quater
3409 4357 3547 4415 anni,

2333 4427 2438 4495 Quo
2455 4427 2573 4495 vita:
2603 4425 2814 4495 Francos
2837 4425 3024 4495 gurgite
3055 4423 3176 4495 lavit
3188 4423 3379 4495 ovans;

493 4520 822 4576 exhibentes
836 4511 1222 4577 reverentiam,
1256 4510 1323 4565 ab
1339 4510 1654 4582 hujusmodi
1669 4523 1796 4564 sese
1809 4501 2102 4562 cohibuere

2272 4485 2432 4554 Ipsius
2452 4490 2494 4539 is
2517 4488 2745 4552 precibus
2767 4485 2952 4536 caelesti
2967 4487 3018 4534 in
3051 4486 3166 4534 sede
3188 4485 3393 4541 locetur,

2332 4552 2483 4582 nnnm
2519 4551 2658 4582 Ian-io
2680 4551 2829 4582 nnIniI
2852 4564 2996 4582 "aI-nc
3030 4556 3220 4582 nmnfnr
3282 4547 3393 4582 Ama

496 4609 947 4684 praesumptione.

1118 4696 1325 4751 CAPUT
1351 4694 1486 4749 XXI.

2332 4552 2486 4612 Quem
2517 4547 2660 4600 terris
2679 4551 2831 4600 coluit
2852 4564 2997 4600 verus
3027 4556 3235 4597 amator.
3273 4547 3451 4596 Amen.

2282 4695 2692 4751 Acciditautem
2720 4701 2933 4764 postea,
2978 4697 3328 4762 peccatorum
3360 4685 3572 4741 meritis
3592 4685 3862 4756 exigen—

496 4801 568 4852 De
596 4797 770 4852 altera
797 4793 878 4846 vel
914 4793 1113 4845 iterata
1151 4791 1527 4849 translatione,
1562 4801 1654 4842 seu
1682 4787 1944 4841 relatione
1974 4797 2107 4838 cor-

1000 4881 1153 4948 poris
1185 4879 1299 4947 ejus
1313 4879 1387 4932 ad
1407 4873 1610 4932 urbem.

569 4973 737 5043 IIujus
764 4968 1069 5025 beatissimi
1118 4968 1292 5022 Patris
1331 4965 1500 5022 nostri
1534 4963 1852 5020 venerabile
1883 4965 2104 5037 pignus,

495 5064 733 5119 domnus
764 5061 1086 5115 Hincmarus
1123 5057 1590 5128 archiepiscOpus,
1626 5055 1806 5109 adhuc
1845 5052 2110 5124 ampliata

494 5157 670 5228 ipsius
703 5152 957 5217 ecclesia,
991 5161 1291 5223 cryptaque
1323 5165 1492 5221 Opera
1522 5147 1728 5215 majore
1775 5154 1941 5218 atque
1986 5144 2109 5215 pul-

493 5249 710 5302 cliriore
740 5250 1064 5316 praeparata,
1095 5240 1466 5312 praesentibus
1495 5246 1549 5293 et
1579 5237 1959 5292 annitentibus
1986 5236 2112 5304 epi-

493 5339 679 5410 scopis
705 5336 1012 5391 dimceseos
1045 5333 1210 5401 hujus
1231 5329 1828 5395 Remensis,transtulit
1854 5329 1961 5400 [cm
1984 5327 2108 5392 852,

496 5430 724 5486 Kalend.
767 5426 979 5496 0ctob.]
1014 5425 1437 5498 :integrumque
1489 5422 1623 5477 illud
1664 5438 1788 5476 cum
1841 5421 2107 5486 brandeo,

494 5540 604 5597 quo
635 5523 790 5594 prius
839 5526 1117 5590 repertum
1169 5517 1345 5570 fuerat
1375 5515 1701 5578 involutum,
1754 5514 1811 5568 in
1849 5522 2111 5586 argenteo

493 5615 692 5672 locello
720 5609 1076 5682 transposuit.
1098 5607 1388 5663 Sudarium
1405 5623 1536 5662 vero
1575 5605 1725 5678 quod
1749 5620 1918 5677 super
1944 5615 2110 5677 caput

495 5705 672 5776 ipsius
701 5711 840 5769 erat,
881 5716 1006 5757 cum
1053 5705 1206 5770 parte
1261 5696 1509 5768 praedicti
1542 5694 1797 5758 brandei,
1839 5693 2104 5751 scriniolo

2211 4786 2380 4846 tibus.
2409 4794 2467 4840 ut
2488 4783 2784 4839 Dominicm
2817 4779 3212 4836 incarnationis
3242 4792 3388 4832 anno
3435 4774 3540 4829 882
3571 4775 3676 4829 sub
3704 4792 3872 4850 rege

2213 4877 2598 4941 Karlomanno,
2629 4873 2889 4945 praedicto
2912 4871 3116 4925 domno
3141 4867 3430 4922 Hincmaro
3454 4864 3870 4934 archiepisco-

2213 4984 2284 5038 po
2313 4975 2615 5040 satagente,
2649 4963 3040 5019 transferretur
3085 4958 3406 5016 venerabile
3471 4956 3673 5028 pignus
3707 4970 3872 5010 cor-

2213 5056 2363 5127 poris
2392 5057 2558 5125 hujus
2597 5051 2956 5110 sacratissimi
3001 5050 3173 5121 patris
3204 5057 3260 5104 et
3289 5047 3479 5103 domni
3511 5043 3687 5100 nostri
3728 5045 3874 5100 Re-

2215 5149 2369 5222 migii
2399 5154 2648 5219 (pr0pter
2686 5145 3098 5200 infestationem
3152 5141 3518 5216 paganorum)
3543 5137 3610 5193 ad
3640 5137 3870 5192 villam

2214 5239 2390 5309 ipsius
2413 5238 2527 5306 jam
2558 5253 2725 5307 supra
2765 5242 3018 5301 taxatam,
3055 5233 3279 5288 nomine
3302 5231 3664 5301 Sparnacum,
3697 5227 3872 5301 quia

2213 5331 2404 5386 civitas
2449 5329 2744 5385 Remorum
2801 5335 2933 5383 tunc
2987 5325 3254 5396 temporis
3295 5339 3407 5377 non
3467 5319 3717 5374 habebat
3788 5321 3870 5375 in

2213 5421 2424 5477 ambitu
2451 5421 2788 5476 suimurum.
2823 5419 2988 5488 Cujus
3003 5418 3233 5473 obtentu
3268 5415 3436 5469 totius
3465 5422 3593 5467 tunc
3623 5411 3763 5486 pagi
3782 5414 3884 5468 ad

2213 5528 2376 5584 quem
2409 5511 2651 5566 delatum
2689 5526 2892 5564 munus
2947 5509 3051 5564 hoc
3081 5505 3317 5561 habetur
3366 5499 3880 5568 amantissimum,

2213 5602 2432 5674 provisa
2458 5601 2723 5672 probatur
2765 5601 2914 5655 salus
2952 5615 2983 5653 a
3027 5595 3389 5669 persuasione
3443 5591 3882 5663 barbarorum,

2210 5692 2295 5748 vel
2326 5693 2548 5748 incursu
2577 5689 2922 5762 praedonum.
2949 5687 3075 5743 Post
3103 5683 3377 5741 Hincmari
3406 5679 3651 5751 denique
3685 5694 3887 5751 pon-
