4034 6174
175 278 242 330 77

852 272 1177 328 HISTORIz’E
1218 272 1551 328 ECCI.ESIA'3
1591 273 1918 328 REMENSIS
1958 274 2134 328 LIBRI
2175 273 2504 339 QUATIIOR.
2538 305 2606 314 —
2639 275 2763 329 LIB.
2810 276 2853 330 I.

3447 282 3518 336 78

172 409 340 464 titicis
388 407 603 463 obitum
662 407 819 474 (obiit
875 407 1018 461 dicto
1074 423 1165 460 an.
1201 405 1328 473 882,
1373 412 1434 462 ut
1490 409 1657 462 estin
1693 409 1799 476 ﬁne
1825 415 1878 479 Α
1903 408 2228 464 Grimoldus
2261 407 2506 473 nomine,
2531 407 2626 461 diu
2657 408 2866 463 lumine
2909 407 3172 478 privatus,
3199 421 3263 461 os
3293 422 3515 479 quoque

171 501 266 553 lir.
297 499 403 567 ιιι),
434 494 821 550 desiderabilis
842 495 933 550 hic
966 511 1250 551 sacrorum
1284 497 1579 550 thesaurus
1611 511 1788 550 mem-

174 589 421 652 brorum,
455 585 522 639 ad
555 585 869 639 Orbacense
900 584 1220 655 perducitur
1242 585 1663 640 monasterium.
1698 583 1793 638 llic

173 695 396 750 quoque
428 676 736 732 beatissimi
790 676 954 744 hujus
1008 675 1228 746 patroni
1298 675 1468 731 nostri
1521 674 1797 749 suffragiis

173 772 355 827 omnis
381 769 750 826 commoditas
808 767 950 822 aeris
1005 768 1440 839 circumquaque
1465 767 1798 841 degentibus

172 861 729 925 attribuiturincolis,
748 877 870 914 cum
903 859 1124 914 insolita
1148 858 1434 914 fertilitate
1456 859 1687 914 telluris.

244 956 372 1010 Post
395 955 692 1008 decessum
721 968 850 1006 vero
891 951 1180 1022 saepedicti
1234 951 1489 1021 praesulis
1523 949 1799 1005 Hincmari

171 1063 296 1101 cum
333 1044 691 1118 pontiﬁcatus
718 1043 979 1098 subiisset
1002 1043 1269 1098 honorem
1299 1041 1589 1106 Fulco,sui
1624 1041 1800 1112 primo

174 1139 507 1208 prmsulatus
537 1153 682 1190 anno
733 1135 943 1190 referre
1005 1134 1254 1189 decrevit
1301 1135 1442 1188 alma
1493 1131 1801 1188 beatissimi

176 1228 341 1296 hujus
374 1227 550 1282 nostri
590 1225 768 1279 Patris
806 1239 931 1279 ossa
956 1223 1066 1294 [απ.
1099 1222 1243 1294 883].
1278 1223 1433 1288 Quod
1475 1221 1571 1276 ubi
1603 1237 1802 1295 aggre-

175 1319 351 1383 ditur,
385 1317 747 1388 perveniente
768 1315 882 1383 jam
910 1330 996 1376 eo,
1029 1331 1154 1368 cum
1181 1313 1536 1385 coepiSCOpis
1558 1320 1613 1367 et
1637 1312 1802 1366 cleris

179 1406 442 1476 plurimis
471 1405 538 1459 ad
559 1406 736 1459 locum
769 1404 865 1458 ubi
891 1403 1090 1478 pignus
1116 1403 1444 1457 servabatur
1477 1401 1800 1473 pretiosum,

178 1515 306 1553 cum
336 1506 485 1551 esset
509 1513 709 1570 magna
746 1495 868 1550 coeli
899 1495 1188 1558 serenitas,
1221 1493 1319 1548 sed
1363 1493 1584 1547 fervens
1615 1493 1806 1546 admo-

177 1588 312 1641 dum
365 1586 606 1648 siccitas,
665 1584 850 1638 subito
902 1600 960 1638 se
1001 1591 1184 1638 tantus
1241 1581 1434 1636 effudit
1483 1581 1682 1646 imber,
1745 1589 1803 1634 ut

1892 500 2278 559 miserabiliter
2307 515 2337 553 a
2361 499 2712 554 rectitudinis
2761 500 2882 556 loco
2909 501 3190 563 distortus,
3227 499 3516 572 invisaque

1892 591 2242 647 deformitate
2301 597 2552 659 turpatus
2581 605 2612 642 a
2664 589 2988 660 parentibus
3018 590 3239 645 obviam
3275 590 3513 653 delatus,

1896 681 2210 754 pristinum,
2244 695 2410 750 quem
2442 677 2651 732 dudum
2686 677 2968 743 amiserat,
2995 689 3078 733 est
3109 679 3286 734 visum
3317 694 3516 734 conse-

1896 781 2074 836 cutus,
2117 779 2172 825 et
2203 771 2258 824 in
2290 771 2570 840 propriam
2622 770 2956 824 sanctissimi
2990 770 3164 825 Patris
3193 771 3357 838 hujus
3380 770 3512 841 cpi-

1900 860 2167 916 tulatione
2200 858 2520 913 mirabiliter
2551 867 2633 912 est
2687 856 2930 930 effigiem
2983 859 3285 914 restitutus.
3339 861 3516 913 Inter-

1895 952 2042 1019 jecto
2068 949 2215 1003 velut
2249 949 2412 1002 unius
2464 948 2614 1002 horae
2645 948 2847 1018 spatio.
2879 963 3019 1018 puer
3055 948 3195 1002 alius
3223 964 3254 1003 a
3284 956 3512 1004 contra-

1902 1040 2086 1094 ctione
2113 1037 2363 1109 corporis
2410 1036 2662 1104 ejusdem
2730 1037 2949 1107 patroni
2981 1035 3257 1111 suffragiis
3290 1037 3522 1092 feliciter

1903 1141 1989 1187 est
2017 1139 2233 1186 erectus
2282 1130 2490 1185 Cohors
2517 1129 2687 1201 igitur
2716 1130 2938 1197 devota,
2975 1130 3236 1186 melodiis
3266 1131 3523 1186 Davidica

1905 1236 2254 1292 nequaquam
2309 1217 2594 1273 sufficiens
2656 1219 2889 1274 reboare
2947 1219 3216 1285 carmina,
3287 1219 3526 1275 maximo

1901 1313 2086 1368 cordis
2106 1311 2306 1367 affectu
2335 1321 2601 1383 permota,
2627 1311 2770 1366 inter
2797 1312 3020 1366 laudum
3051 1328 3234 1379 voces,
3269 1313 3527 1368 eliciente

1904 1402 2105 1475 gaudio
2156 1401 2409 1472 lacrymis
2467 1417 2564 1456 ora
2621 1403 2800 1474 rigare
2858 1401 3118 1472 profusis,
3169 1409 3225 1456 et
3264 1401 3525 1472 suspiria,

1905 1495 2291 1568 singultusque
2337 1495 2574 1550 formare
2633 1510 2732 1565 pro
2786 1494 3036 1550 canticis.
3072 1493 3525 1550 Concurrentium

1905 1603 2125 1658 quoque
2160 1587 2330 1641 nimia
2355 1587 2577 1658 stipatio
2615 1586 2884 1658 plebium,
2923 1587 3064 1642 sacri
3095 1586 3340 1642 muneris
3365 1603 3529 1660 geru-

180 1676 350 1731 totius
383 1676 549 1744 hujus
600 1672 951 1744 superficiem
997 1681 1156 1726 terrae
1211 1671 1494 1725 videretur
1562 1668 1802 1724 ubertim
1832 1678 2017 1752 Blum
2051 1675 2368 1731 deosculari
2425 1676 2772 1748 cupientium
2813 1676 3079 1744 loculum,
3113 1676 3529 1748 importunitate

182 1765 463 1838 irrigasse.
500 1765 556 1818 lu
585 1765 888 1819 crastinum
920 1778 1052 1818 vero
1083 1763 1212 1816 dum
1246 1777 1401 1816 sacra
1448 1760 1651 1815 referre
1675 1776 1805 1829 pro-

183 1865 682 1921 moventmunera,
710 1863 906 1910 cuncta
924 1855 1089 1922 clara,
1117 1853 1809 1922 cunctajucunda,cuncta

185 1951 488 2005 mundanze
517 1949 724 2020 speciei
787 1948 1091 2002 redduntur
1139 1964 1392 2014 ammna;
1427 1959 1810 2019 prosperoque

187 2055 494 2114 progressu
517 2037 928 2093 confluentibus
967 2037 1214 2108 undique
1251 2037 1492 2108 papulis,
1527 2035 1596 2090 ad
1625 2035 1808 2088 vicum

187 2131 502 2186 deveniunt
550 2130 961 2193 Calmiciacum,
999 2129 1055 2183 in
1104 2145 1214 2200 quo
1237 2129 1504 2184 nonnulla
1534 2128 1692 2182 Pater
1720 2125 1811 2179 hic

186 2224 430 2278 eximius
458 2223 641 2277 adhuc
692 2239 856 2277 carne
912 2229 1099 2292 septus
1157 2221 1416 2275 virtutum
1469 2218 1814 2292 dignoscitur

186 2316 514 2370 exhibuisse
573 2316 860 2389 magnalia.
928 2315 1020 2368 Hic
1075 2313 1320 2368 membra
1384 2310 1701 2366 veneranda
1759 2309 1813 2362 in

187 2405 430 2460 ecclesia
469 2405 816 2475 deponentes
872 2403 993 2472 ejus
1053 2402 1278 2457 nomine
1335 2401 1610 2460 dedicata,
1641 2397 1819 2452 noctis

190 2499 383 2568 quiete
443 2498 587 2551 fessa
635 2497 821 2550 levant
873 2510 1123 2564 corpora.
1188 2493 1312 2548 Post
1361 2491 1573 2562 requiei
1637 2489 1822 2543 subsi-

192 2589 516 2658 dium,jam
573 2597 744 2643 terras
809 2587 944 2642 solis
1020 2587 1330 2640 illustrante
1380 2583 1601 2653 jubare,
1657 2596 1822 2636 voces

192 2682 450 2752 undique
483 2681 651 2734 Deum
687 2677 1138 2734 benedicentium
1161 2674 1820 2746 concrepantatquelau—

192 2771 472 2835 dantium,
531 2769 679 2840 quod
740 2768 821 2822 eis
875 2776 1171 2838 pastorem,
1231 2773 1524 2836 patronum
1585 2779 1648 2818 ac
1680 2777 1816 2832 pro-

195 2868 470 2913 tectorem
528 2857 787 2912 redderet
842 2855 1202 2926 corporaliter
1260 2853 1581 2925 proprium,
1651 2866 1818 2922 quem

196 2967 424 3020 semper
475 2949 621 3019 apud
679 2948 919 3002 divinam
971 2945 1321 3002 clementiam
1372 2944 1818 3008 intercessorem,

1910 1769 2089 1824 valida
2151 1768 2478 1824 vellentium
2511 1767 2681 1839 coapit
2740 1767 2912 1842 figere
2967 1784 3238 1839 gressum.
3272 1767 3528 1823 Mirorum

1909 1860 2184 1931 siquidem
2237 1876 2361 1932 qua:
2387 1860 2728 1934 gerebantur
2769 1861 3262 1931 percrebrescebat
3293 1861 3481 1931 opinio
3517 1875 3533 1927 ;

1910 1949 2273 2021 certatimque
2318 1958 2426 2004 tam
2475 1950 2594 2004 sani
2651 1965 2815 2021 quam
2867 1949 3097 2005 diversis
3125 1948 3535 2004 calamitatibus

1911 2042 2078 2096 attriti
2115 2059 2414 2114 properare
2474 2043 2796 2113 studebant,
2858 2044 3149 2116 cupientes
3189 2044 3389 2099 intueri
3417 2060 3535 2098 ma—

1913 2135 2096 2207 gnalia
2125 2152 2249 2207 quae
2275 2136 2538 2191 Dominus
2591 2137 2965 2208 omnipotens,
3009 2137 3062 2191 in
3104 2137 3274 2192 sancti
3301 2137 3384 2191 sui
3419 2137 3534 2191 cla-

1916 2223 2243 2288 rificatione,
2301 2225 2668 2295 multiplicare
2728 2231 3112 2297 prOposuerat.
3185 2227 3286 2281 Pro
3339 2241 3537 2298 magno

1918 2331 2156 2386 namque
2180 2315 2288 2368 sibi
2307 2315 2510 2370 damno
2529 2315 2764 2387 quisque
2791 2315 3104 2386 reputabat,
3131 2316 3241 2370 imo
3273 2315 3536 2370 delictum

1923 2403 2242 2475 deputabat,
2279 2419 2388 2458 non
2419 2403 2607 2470 modo,
2663 2403 2707 2457 si
2755 2419 2865 2458 non
2897 2404 3247 2474 procederet,
3276 2419 3465 2457 verum
3493 2403 3537 2456 si

1923 2502 2234 2563 postremus
2286 2493 2592 2547 accederet.
2649 2495 3095 2564 Approperantes
3144 2498 3328 2546 autem
3387 2492 3538 2546 cives

1921 2585 2161 2648 obviam,
2195 2585 2325 2639 dum
2346 2592 2499 2659 grata
2542 2585 2748 2640 deferri
2779 2597 3015 2642 cernunt
3042 2601 3292 2649 munera,
3316 2601 3375 2639 se
3407 2600 3540 2656 pro-

1920 2685 2257 2744 sternentes,
2287 2678 2391 2732 soli
2414 2678 2810 2733 deosculantur
2828 2688 2981 2751 terga
3007 2678 3540 2750 :suspicientesque,

1921 2767 2017 2822 ubi
2047 2767 2494 2838 contemplantur
2522 2767 2727 2835 locum,
2757 2769 3014 2838 pretiosae
3051 2767 3223 2823 divini
3255 2769 3543 2823 diadema-

1923 2857 1991 2911 tis
2019 2873 2252 2929 gemmze
2290 2857 2562 2924 bajulum,
2595 2857 2793 2912 multas
2835 2857 2980 2912 inter
3011 2858 3213 2913 eximia
3231 2859 3436 2933 gaudia
3468 2859 3545 2912 la-

1922 2965 2139 3020 crymas
2187 2949 2446 3015 fundunt,
2504 2949 2865 3005 obsecrantes
2921 2966 2991 3004 ne
3017 2950 3256 3021 amplius
3289 2951 3543 3019 ejusdem

197 3049 246 3093 et
268 3038 562 3092 assiduum
598 3053 654 3091 se
711 3036 914 3090 habere
953 3033 1234 3090 conﬁdant
1274 3033 1616 3088 advocatum.
1670 3032 1818 3085 ΡΓεΒ·
1853 3060 1902 3128 C
1925 3041 2098 3095 Patris
2119 3039 2265 3096 affici
2297 3050 2629 3097 censeantur
2657 3043 2934 3108 absentia,
2963 3043 3096 3114 quin
3134 3053 3397 3115 perpetua
3429 3059 3552 3097 me—

201 3135 343 3186 latus
379 3132 592 3185 interea
621 3132 843 3202 prazsul,
875 3129 1184 3184 ccelestium
1215 3127 1574 3182 sacramentis
1612 3132 1822 3196 myste-

203 3223 412 3274 riorum
457 3221 560 3275 rite
613 3219 925 3280 celebratis,
979 3217 1319 3273 imminentis
1369 3218 1504 3291 juga
1533 3231 1656 3270 cum
1705 3214 1824 3268 lau-

203 3312 375 3364 dibus
413 3310 632 3364 scandit
679 3309 903 3374 montis,
950 3307 1348 3364 comitantibus
1389 3305 1636 3376 undique
1663 3321 1825 3358 secus

206 3404 542 3474 populorum
570 3403 803 3473 stipatus
860 3401 1112 3456 catervis.
1175 3399 1270 3454 Hic
1327 3398 1421 3454 ubi
1475 3413 1576 3469 pro
1634 3397 1824 3468 p0puli

207 3495 445 3562 delictis,
501 3503 556 3549 et
613 3495 707 3549 iraa
757 3495 1102 3568 mitigatione
1161 3493 1400 3549 caelestis
1433 3492 1500 3546 ad
1534 3491 1824 3546 Dominum

209 3587 446 3642 fudisset
477 3587 809 3652 orationem,
840 3586 1235 3656 paululumque
1267 3583 1696 3655 processissent,
1729 3581 1829 3635 ad-

214 3677 316 3730 huc
348 3676 650 3731 clariticare
684 3675 952 3742 Christus,
1009 3673 1301 3728 mirificare
1329 3681 1494 3742 atque
1522 3670 1832 3744 gloriﬁcare

213 3771 521 3840 disponens
571 3770 715 3824 hunc
773 3769 1153 3824 beatissimum
1213 3768 1424 3822 Patrem
1481 3774 1730 3822 nostrum
1780 3765 1831 3818 in

215 3861 399 3924 terris,
445 3875 612 3929 quem
671 3857 1022 3931 magnificare
1080 3874 1205 3912 cum
1265 3858 1478 3932 angelis
1506 3857 1749 3926 elegerat
1781 3855 1836 3908 in

216 3953 390 4016 crelis,
424 3953 616 4022 quanti
654 3951 724 4005 sit
749 3950 894 4022 apud
927 3967 987 4005 se
1035 3951 1215 4005 meriti
1246 3949 1598 4006 concurrenti
1630 3964 1837 4020 propa-

217 4042 326 4095 lare
348 4040 601 4096 decernit
627 4039 985 4095 multitudini.

824 4153 1032 4209 CAPUT
1070 4153 1228 4207 XXII.

459 4246 533 4298 De
561 4243 813 4298 remediis
830 4243 1055 4297 subinde
1079 4243 1328 4312 pluribus
1345 4243 1620 4311 impensis.

288 4336 503 4392 Accidit
528 4336 714 4408 itaque
742 4336 942 4390 mulier
978 4351 1144 4397 caaca,
1205 4335 1430 4389 nomine
1461 4334 1632 4400 Doda,
1672 4349 1838 4387 manu

220 4425 324 4478 sibi
363 4441 589 4500 gressus
619 4423 863 4499 regentis
921 4423 1126 4490 innixa,
1159 4441 1282 4495 quae
1313 4440 1459 4489 mox,
1493 4431 1554 4477 ut
1584 4424 1840 4478 cominus

1925 3144 2145 3189 reantur
2187 3135 2446 3210 gratulari
2497 3137 2810 3206 praesentia.
2847 3137 3008 3192 Pater
3041 3137 3255 3193 interea
3286 3137 3548 3192 beatissi-

1926 3240 2048 3278 mus
2075 3222 2310 3278 filiorum
2361 3225 2642 3280 devotioni
2711 3227 2990 3296 przeclaris
3048 3226 3240 3282 favens
3298 3226 3547 3295 nutibus,

1926 3313 2079 3367 addit
2114 3314 2291 3368 adhuc
2325 3314 2530 3368 divinis
2562 3315 2783 3386 plebem
2813 3333 2968 3370 suam
2994 3316 3375 3386 multipliciter
3392 3316 3551 3370 exhi-

1928 3400 2103 3455 larare
2134 3401 2500 3458 mirabilibus.
2533 3403 2745 3458 Etenim
2775 3404 2904 3459 dum
2935 3406 3119 3460 clerus
3143 3420 3266 3459 cum
3289 3404 3552 3460 sacerdo-

1931 3493 2100 3559 tibus,
2133 3493 2378 3564 psalmis,
2413 3497 2652 3565 hymnis,
2687 3507 2741 3550 et
2779 3498 3009 3552 canticis
3049 3498 3301 3553 intonant
3324 3499 3552 3569 spirita-

1933 3581 2099 3651 libus,
2151 3584 2390 3654 populus
2441 3585 2606 3638 etiam
2641 3584 3308 3652 jubilationisimmensaa
3361 3589 3553 3644 reboat

1932 3678 2186 3741 vocibus,
2229 3685 2288 3734 ut
2317 3677 2626 3732 mirabilem
2659 3680 2829 3735 Deum
2865 3682 2919 3736 in
2951 3684 3157 3738 sanctis
3206 3684 3323 3738 suis
3349 3685 3554 3754 jucun-

1935 3767 2187 3823 dioribus
2228 3768 2410 3823 adhuc
2463 3777 2916 3838 praeconarentur
2963 3771 3200 3835 animis,
3266 3770 3553 3841 pristinam

1937 3858 2231 3913 multitudo
2263 3857 2640 3931 languentium
2675 3858 2998 3928 sospitatem
3019 3859 3312 3914 manifeste
3331 3860 3558 3930 conspi-

1937 3949 2081 4004 citur
2109 3964 2460 4019 recuperare,
2508 3949 2702 4003 levatis
2759 3949 3014 4018 pluribus
3043 3949 3193 4004 varia
3250 3958 3406 4021 peste
3433 3967 3559 4006 cor-

1939 4041 2206 4112 poribus:
2238 4041 2490 4112 adeoque
2550 4058 2650 4112 per
2678 4041 2899 4113 singula
2938 4057 3081 4113 pene
3117 4052 3415 4111 momenta,
3444 4059 3560 4098 cce-

1939 4134 2098 4188 Iestia
2127 4133 2518 4205 pandebantur
2547 4133 2834 4202 miracula,
2858 4143 2917 4189 ut
2943 4135 3010 4189 ad
3043 4135 3162 4189 haec
3189 4135 3439 4190 locorum
3474 4139 3561 4192 vel

1941 4235 2252 4297 temporum
2283 4227 2372 4281 vix
2426 4226 2807 4281 enumeranda
2852 4226 3068 4282 censeri
3117 4227 3365 4283 valerent
3397 4228 3567 4283 inter—

1940 4318 2111 4373 stitia.

2013 4408 2164 4462 Tunc
2196 4407 2362 4480 igitur
2393 4407 2648 4462 Iiosanna
2675 4407 2929 4478 quaedam
2964 4407 3184 4465 mulier.
3227 4421 3351 4460 cum
3385 4404 3566 4458 admi-

223 4487 577 4586 approperat,
603 4487 779 4568 visum
820 4513 927 4567 sibi
988 4513 1202 4568 restitui
1242 4529 1425 4568 coram
1456 4513 1716 4568 omnibus
1741 4513 1842 4566 im-
1867 4487 1923 4555 D
1947 4499 2160 4553 ratione
2191 4498 2576 4571 gaudentium,
2599 4499 2767 4553 celeri
2801 4499 2999 4554 meruit
3024 4499 3390 4570 prosperitate
3429 4498 3571 4552 reci-

230 4613 421 4672 petrat.
456 4602 610 4666 Quod
670 4603 868 4674 praesul
927 4601 1180 4668 audiens,
1243 4602 1505 4671 hymnum
1538 4601 1718 4655 laudis
1747 4600 1841 4654 Dei

229 4707 350 4746 cum
396 4691 627 4762 populo,
683 4707 883 4765 magno
941 4691 1186 4762 repletus
1233 4691 1584 4744 concelebrat
1613 4689 1839 4763 gaudio.

233 4782 473 4836 Necdum
512 4780 772 4836 finierant
808 4781 942 4834 odas
980 4779 1344 4834 exsultatione
1375 4779 1575 4834 coelum
1612 4779 1842 4850 replen-

235 4878 336 4935 tes,
381 4880 437 4924 et
486 4885 615 4924 ecce
651 4868 944 4923 frustratus
999 4867 1223 4939 quidam
1278 4867 1469 4922 multis
1499 4883 1690 4942 gressu
1722 4868 1846 4922 die-

237 4961 337 5015 bus
395 4978 524 5017 cum
585 4961 798 5033 integra
844 4960 1096 5031 procedit
1161 4959 1539 5014 incolumitate
1579 4959 1850 5014 laetabun-

244 5052 359 5108 dus.

306 5143 592 5198 Transierc
618 5159 744 5198 cum
772 5141 1030 5196 laudibus
1061 5141 1192 5195 inde
1222 5140 1504 5211 paulisper
1530 5157 1542 5192 :
1570 5147 1625 5194 et
1652 5139 1853 5194 mulier

243 5234 486 5302 quaedam
531 5247 795 5286 manuum
839 5230 1012 5302 potita
1064 5230 1297 5284 sanitate
1339 5228 1602 5284 succedit.
1661 5228 1854 5299 Dupli-

243 5332 365 5375 cant
439 5337 573 5396 ergo
607 5362 621 5388 ,
707 5321 1102 5392 triplicantque
1160 5318 1478 5374 comitantia
1553 5317 1852 5390 gratiarum

242 5415 484 5470 actiones
512 5413 754 5487 agmina.
785 5410 1109 5467 Tremefacti
1163 5410 1399 5483 proximi
1443 5411 1650 5482 quique
1688 5410 1853 5465 mira-

245 5503 435 5558 bilium
486 5501 896 5575 magnitudine,
951 5500 1221 5571 tantisper
1269 5517 1298 5554 a
1349 5507 1516 5555 tanta:
1547 5499 1857 5554 deliberant

245 5597 501 5651 secedere
528 5593 840 5650 sanctitatis
869 5592 1229 5648 sublimitate.
1272 5591 1381 5648 Nec
1409 5607 1512 5647 vox
1574 5591 1857 5662 reciproca

247 5684 584 5745 laudantium
631 5687 914 5742 defecerat
959 5687 1027 5740 ab
1083 5702 1200 5741 ore.
1257 5685 1386 5739 dum
1440 5684 1665 5756 quidam
1695 5700 1854 5754 puer,

1948 4606 2078 4661 pere
2107 4591 2301 4645 visum.
2339 4591 2398 4646 Et
2421 4598 2544 4661 post
2599 4591 2856 4660 pusillum
2904 4592 3134 4646 claudus
3166 4591 3388 4662 quidam
3425 4590 3567 4644 felici

1947 4697 2179 4736 munere
2209 4682 2568 4753 consequitur
2597 4699 2866 4756 gressum.
2898 4683 3140 4738 Deodata
3171 4683 3446 4754 quaedam,
3469 4699 3570 4753 pa-

1951 4772 2166 4828 tefactis
2211 4773 2425 4827 aurium
2471 4774 2684 4842 januis,
2715 4775 3043 4844 adipiscitur
3101 4775 3373 4829 auditum.
3439 4773 3571 4838 Qui-

1949 4861 2098 4928 dam,
2127 4861 2354 4917 nomine
2398 4863 2592 4926 Teuto,
2651 4862 3009 4917 desiderabili
3062 4863 3271 4934 potitur
3299 4861 3572 4916 illumina-

1952 4951 2120 5005 tionis
2149 4951 2318 5006 dono.
2368 4953 2522 5016 Item,
2582 4953 2834 5023 quaedam
2880 4953 3082 5008 mulier
3135 4952 3332 5007 eodem
3389 4952 3573 5023 gavisa

1952 5043 2165 5099 laetatur
2212 5041 2506 5099 beneficio.
2582 5045 2848 5100 Similiter
2921 5045 3193 5100 Ausoldus
3239 5044 3306 5115 [j,
3364 5044 3570 5116 Ansol.]

1953 5149 2174 5204 quoque
2202 5133 2433 5195 lumine,
2465 5133 2616 5204 quod
2672 5134 2842 5188 nimio
2875 5133 3141 5207 ﬂagrabat
3167 5134 3388 5204 assequi
3423 5134 3576 5188 desi-

1953 5225 2130 5292 derio,
2165 5224 2275 5280 fido
2321 5240 2423 5279 ceu
2456 5224 2696 5279 credidit
2753 5225 2963 5292 animo,
3014 5225 3186 5280 Patris
3243 5225 3407 5294 hujus
3439 5225 3579 5296 piis-

1954 5315 2094 5368 simo
2162 5313 2467 5385 perfruitur
2537 5311 2800 5387 suffragio
2939 5313 3170 5378 Quidam
3199 5307 3206 5320 ’
3237 5313 3536 5368 Gerbertus
3561 5353 3576 5376 ,

1956 5409 2223 5480 paralysis
2243 5417 2373 5464 esta
2411 5408 2782 5464 dissolutione
2812 5418 3056 5464 sanatus.
3088 5409 3320 5474 Quidam
3353 5426 3578 5482 quoque

1955 5497 2097 5552 alius
2125 5497 2377 5566 ejusdem
2423 5498 2670 5554 muneris
2729 5501 2967 5555 exsultat
3027 5499 3112 5554 hic
3169 5499 3420 5574 largitate
3451 5513 3580 5568 per-

1958 5589 2208 5646 functus.

2027 5683 2271 5753 Cumque
2303 5683 2551 5738 certatim
2596 5683 2823 5754 quique,
2875 5684 3060 5739 studio
3110 5684 3214 5753 μίξει
3273 5681 3585 5735 devotionis
