4038 6166
487 299 558 353 79

1540 288 1645 365 ‘DE
1683 284 2068 340 FLODOARDD
2109 282 2431 338 CANONICO
2470 280 2817 337 REMENSIS.

3756 286 3825 342 80

494 427 713 485 obviam
743 424 1028 480 studerent
1065 435 1376 485 occurrere,
1434 433 1496 472 ac
1540 432 1651 472 non
1682 414 1847 471 modo
1875 413 2103 489 benigni
2129 423 2178 486 Α
2208 411 2607 478 immolatione,
2654 410 2857 467 mulier
2903 409 3156 483 quadam
3202 409 3273 467 de
3329 426 3470 486 pago
3527 411 3825 470 Trecasino

494 516 676 573 cordis
697 513 1083 577 intentionem,
1113 509 1246 581 quin
1303 506 1468 562 etiam
1502 518 1683 560 rerum
1717 503 2104 575 temporalium

494 608 912 671 exhibitionem,
970 610 1135 675 prout
1203 600 1405 671 cuique
1466 598 1693 654 facultas
1750 596 2101 668 suppetebat.

496 701 785 756 afferrent:
816 697 1016 751 mulier
1059 694 1310 767 quaedam
1357 691 1711 764 paupercula,
1771 690 1839 744 de
1886 689 2107 745 civitate

496 804 801 861 properans
834 787 889 840 in
917 801 1228 849 occursum,
1282 798 1446 836 manu
1494 797 1716 835 cereum
1750 779 1980 844 ferebat,
2010 778 2105 849 qui

494 897 761 937 accensus
816 874 1099 949 nunquam
1148 876 1342 930 fuerat.
1384 872 1632 951 Mirabile
1677 872 1849 937 dictu,
1919 869 2105 924 subito

494 971 715 1026 ccelitus
770 976 907 1023 nutu
956 966 1142 1021 divino
1190 979 1385 1020 cereus
1434 962 1491 1016 in
1542 977 1706 1017 manu
1748 959 1995 1034 gerentis
2025 965 2109 1011 est

498 1052 886 1117 illuminatus:
935 1060 1204 1129 illumque
1253 1057 1384 1112 dum
1442 1071 1541 1126 per
1580 1062 1748 1109 totam
1792 1052 1968 1107 defert
2018 1050 2111 1104 illa

496 1155 661 1216 viam,
717 1153 812 1207 Dei
858 1150 1173 1207 confitendo
1228 1148 1577 1213 miraculum,
1620 1160 1971 1216 nequaquam
2014 1158 2127 1203 su-,

498 1243 657 1314 perni
690 1241 913 1297 luminis
941 1240 1143 1296 amittit
1174 1239 1266 1293 ille
1296 1236 1651 1301 beneficium,
1694 1235 1874 1290 donec
1895 1231 2113 1287 mirifici

501 1332 734 1405 pignora
770 1329 940 1402 patris
971 1329 1028 1412 in
1056 1327 1310 1383 stationis
1344 1326 1582 1397 proprim
1616 1323 1994 1395 perferrentur
2014 1321 2114 1376 do-

499 1437 670 1487 mum,
727 1420 930 1491 hicquo
979 1435 1011 1473 a
1049 1417 1307 1489 pontifice
1377 1415 1651 1472 solemnia
1697 1413 2116 1469 celebrarentur

502 1512 813 1566 missarum.
842 1511 991 1565 Tunc
1029 1509 1234 1565 femina
1292 1525 1513 1565 cereum
1557 1507 1767 1562 lumine
1791 1504 2115 1579 flagrantem

503 1601 743 1655 mirabili
775 1599 1018 1655 basilicae
1047 1597 1477 1654 traditcustodi:
1506 1595 1600 1668 qui
1619 1595 1690 1650 ob
1718 1608 1973 1666 supernae
1992 1608 2119 1664 gra—

500 1693 590 1749 tia:
622 1693 771 1765 quod
808 1691 1117 1765 contigerat
1136 1690 1423 1764 gaudium,
1445 1687 1740 1743 luminaria
1771 1698 2118 1757 quaecunque

2209 505 2582 560 membrorum
2634 503 2885 559 omnium
2936 502 3239 576 agitatione
3281 504 3533 571 multata,
3592 505 3824 561 veniens

2210 612 2391 651 coram
2421 594 2577 649 altari
2612 594 2792 649 ruitin
2824 593 3144 664 pavimento
3179 610 3193 658 ;
3226 593 3416 665 ibique
3432 593 3827 650 miserabiliter

2208 683 2302 739 diu
2334 694 2525 738 vexata
2564 683 2726 752 hujus
2784 681 3017 753 piissimi
3048 681 3414 738 consolatoris
3463 681 3823 739 miseratione

2208 775 2386 849 surgit
2416 774 2708 830 incolumis
2756 773 2970 829 eﬂecta.
3026 774 3157 838 Quae
3197 790 3368 846 super
3415 782 3620 830 eventu
3652 781 3826 830 tantae

2208 867 2457 923 consulta
2504 866 2849 931 calamitatis,
2900 882 3097 921 necem
3142 883 3202 922 se
3264 867 3501 939 prepriae
3532 866 3829 924 conﬁtetur

2212 968 2559 1031 perpetrasse
2598 960 2810 1014 matris.
2856 958 3141 1013 Missarum
3171 958 3421 1032 denique
3479 960 3830 1016 solemnibus

2213 1067 2276 1105 ex
2310 1066 2463 1105 more
2519 1049 2779 1120 peractis,
2848 1064 2949 1103 sua
2979 1049 3188 1119 quique
3221 1056 3505 1120 repetunt,
3554 1051 3831 1106 reversuri

2213 1147 2427 1194 mature
2458 1139 2512 1192 in
2542 1138 2863 1202 crastinum,
2887 1137 2955 1191 ad
2986 1138 3092 1193 hoc
3124 1137 3309 1194 tutelae
3350 1154 3464 1193 suae
3513 1139 3831 1210 praesidium

2218 1229 2273 1282 in
2304 1228 2580 1283 civitatem
2614 1227 3026 1298 perferendum.
3084 1226 3242 1282 Mane
3267 1227 3379 1299 jam
3412 1228 3573 1297 facto,
3600 1230 3734 1284 dum
3766 1231 3831 1284 ad

2215 1318 2530 1376 condictum
2586 1319 2832 1374 studiose
2887 1319 3260 1384 contenditur,
3313 1320 3551 1375 Erluidis
3578 1323 3834 1394 quaedam

2217 1410 2432 1477 mulier,
2468 1409 2613 1464 haud
2648 1409 2839 1479 procul
2868 1409 2936 1463 ab
2969 1410 3107 1464 urbe
3147 1410 3383 1483 degens,
3415 1410 3482 1464 ad
3516 1418 3683 1467 tantae
3707 1426 3838 1483 pro-

2217 1500 2484 1556 cessionis
2542 1501 2920 1571 spectaculum
2976 1500 3308 1572 disponebat
3346 1501 3521 1556 exire.
3564 1511 3839 1573 quatenus

2219 1599 2416 1664 optatae
2448 1591 2732 1663 SOSpitatis
2763 1593 2843 1647 uti
2900 1601 3207 1649 mereretur
3263 1608 3511 1648 munere.
3547 1594 3678 1659 Quae
3708 1596 3839 1665 quia

2215 1685 2327 1752 jam
2358 1701 2459 1755 per
2485 1684 3216 1760 quinquenniumlanguore
3236 1704 3450 1758 pressa,
3485 1695 3701 1759 partem
3717 1703 3843 1744 cor-

502 1798 601 1853 per
629 1780 919 1836 ecclesiam
970 1778 1302 1834 videbantur
1340 1778 1534 1832 ardere
1559 1774 1787 1830 mandat
1814 1771 2112 1845 exstingui,
2149 1780 2195 1846 B
2221 1776 2372 1846 poris
2401 1777 2648 1831 dextram
2697 1786 3112 1847 prmmortuam,
3156 1794 3418 1850 peneque
3464 1779 3719 1853 gestabat
3750 1778 3841 1832 in-

503 1872 823 1943 lumiueque
852 1870 1119 1925 divinitus
1150 1871 1255 1925 hoc
1283 1869 1410 1923 dato
1442 1884 1632 1923 rursus
1658 1865 1918 1921 accendi:
1950 1865 2118 1933 hujus

503 1977 636 2018 vero
684 1968 895 2032 partem
939 1958 1087 2014 cerei
1137 1958 1279 2014 coelo
1329 1958 1441 2012 dati
1497 1955 1745 2011 miraculi
1780 1953 2032 2008 decernit
2062 1952 2119 2005 in

508 2050 886 2105 testimonium
928 2046 1216 2102 reservari.

582 2141 887 2215 Rotgardus
916 2140 1059 2210 {ms.,
1079 2137 1384 2211 Totgardis]
1404 2137 1654 2208 quaedam
1670 2134 1877 2190 femina
1898 2134 1966 2188 de
1982 2148 2123 2206 pago

508 2233 789 2300 Castricio,
828 2230 1119 2307 gradiendi
1174 2245 1369 2285 carens
1404 2228 1608 2295 officio,
1648 2227 1895 2298 pristinre
1924 2224 2127 2299 gaudet

506 2343 631 2382 cum
656 2324 1051 2379 incolumitatis
1074 2322 1221 2377 dono
1264 2338 1277 2374 :
1307 2327 1365 2375 ut
1396 2335 1520 2392 quae
1544 2319 1791 2390 plaustro
1815 2318 2124 2371 devehente

506 2418 683 2473 fuerat
704 2416 959 2481 adducta,
979 2413 1223 2485 prepriis
1254 2412 1609 2483 postmodum
1624 2410 1863 2481 pedibus
1877 2423 2124 2464 remeare

506 2510 713 2565 valeret
759 2508 827 2563 ad
885 2523 1005 2561 sua.
1066 2506 1337 2560 Praeterea
1378 2502 1577 2558 mulier
1632 2502 1884 2574 quaedam
1937 2516 2124 2554 secum

506 2603 789 2674 parvulam
819 2617 915 2655 sex
947 2614 1216 2654 annorum
1274 2598 1389 2652 fere
1429 2594 1609 2651 defert
1676 2593 1867 2656 filiam,
1900 2591 2125 2647 nomine

506 2690 776 2747 Vulfidem
808 2707 820 2744 :
863 2704 986 2760 quae
1025 2686 1154 2742 dum
1195 2685 1432 2756 quadam
1459 2686 1550 2739 die
1578 2699 1705 2738 cum
1738 2681 1936 2737 coaevis
1961 2679 2121 2734 lude-

506 2792 609 2850 ret,
640 2782 708 2837 ab
760 2781 946 2852 aliqua
992 2785 1313 2833 transeunte
1380 2777 1518 2832 forte
1573 2774 1801 2830 muliere
1865 2786 2126 2843 percussa

506 2870 685 2924 fuerat
714 2868 772 2922 in
828 2867 1026 2940 capite.
1058 2867 1172 2932 Quo
1228 2867 1342 2921 ictu
1386 2865 1534 2931 laesa,
1592 2863 1669 2917 ita
1716 2870 1776 2916 ut
1813 2862 1934 2930 ejus
1982 2866 2139 2914 retro.

505 2961 770 3017 reﬂexum
802 2960 1074 3015 inhaerere
1129 2958 1274 3013 cervi
1306 2956 1587 3014 videretur
1647 2953 1991 3025 occipitium,
2024 2967 2128 3007 nec

506 3052 563 3105 in
594 3050 758 3105 aliam
798 3055 963 3120 caput
995 3046 1265 3102 reclinare
1305 3053 1517 3117 partem
1557 3044 1763 3099 valeret
1799 3061 1812 3108 ;
1846 3041 1956 3097 cibi
1994 3055 2126 3097 vero

509 3140 736 3204 nullam,
762 3107 1157 3209 nisi‘liquidam
1183 3151 1405 3193 sumere
1423 3140 1607 3206 posset
1639 3131 2124 3197 sustentationem,
2148 3107 2197 3177 C

510 3245 633 3301 quae
666 3228 940 3299 integrum
998 3226 1101 3280 sub
1126 3225 1218 3280 tali
1260 3226 1432 3279 ferme
1498 3223 1690 3278 labore
1741 3222 1971 3277 duxerat
1994 3219 2123 3275 anni

508 3321 863 3377 curriculum.
924 3321 1095 3386 Quam
1158 3328 1333 3375 mater
1389 3317 1588 3373 affectu
1628 3316 1870 3389 diligens
1909 3322 2121 3379 tenero,

509 3415 689 3486 deque
733 3414 926 3469 salutis
958 3414 1135 3486 ipsius
1164 3411 1402 3468 sollicita
1446 3409 1891 3481 recuperatione,
1915 3396 2153 3461 studuit'

508 3508 727 3562 obviam
747 3506 1042 3561 deducere.
1089 3505 1337 3576 Dumque
1402 3503 1656 3559 cominus
1693 3501 1764 3556 ob
1798 3499 2124 3555 densitatem

438 3648 447 3659 ,
506 3594 878 3650 multitudinis
920 3610 1030 3650 non
1063 3594 1208 3649 valet
1262 3591 1549 3657 accedere,
1591 3596 1849 3661 procurat
1877 3587 2129 3658 aliquan-

509 3685 680 3739 tulum
711 3684 906 3756 vulgus
956 3682 1309 3737 antecedere.
1342 3680 1464 3735 Mox
1489 3680 1546 3734 in
1579 3678 1669 3733 via
1714 3695 1813 3749 per
1837 3692 2000 3748 quam
2029 3677 2130 3732 iter

508 3780 627 3827 erat
654 3772 954 3847 agendum,
986 3788 1111 3826 sese
1142 3779 1500 3843 prosternens
1554 3768 1720 3823 simul
1757 3782 1881 3822 cum
1911 3765 2123 3828 sobole,

510 3864 648 3921 fulta
670 3864 851 3920 valide
893 3861 1025 3932 fide,
1059 3880 1255 3935 preces
1285 3862 1354 3917 ad
1394 3862 1689 3918 Dominum
1710 3860 1914 3916 devota
1942 3857 2130 3932 dirigit

509 3962 714 4009 mente.
748 3954 992 4009 Necdum
1043 3952 1113 4008 ab
1141 3952 1394 4008 oratione
1420 3960 1681 4015 cessarat,
1725 3957 1781 4006 et
1808 3946 2128 4019 ecceipsius

508 4047 679 4117 ccepit
710 4044 1000 4101 vociferari
1061 4042 1192 4099 filia.
1226 4044 1396 4109 Quam
1435 4043 1699 4118 genitrix,
1751 4052 1811 4097 ut
1861 4039 2129 4095 maternis

509 4137 829 4193 consoletur
858 4135 1167 4205 blanditiis,
1212 4150 1467 4207 surgens,
1520 4134 1741 4199 intuita,
1783 4141 1950 4203 caput
2010 4131 2131 4199 ejus

510 4228 577 4282 ab
611 4222 909 4283 inflexione
942 4226 1090 4280 videt
1119 4227 1189 4280 ad
1229 4225 1510 4297 propriam
1543 4223 1891 4279 rectitudinis
1922 4222 2127 4276 lineam

512 4336 807 4375 remeasse.
843 4319 994 4374 Tunc
1041 4319 1208 4373 nimia
1248 4317 1525 4373 hilaritate
1578 4316 1808 4387 repleta,
1849 4314 1947 4369 sed
1971 4320 2029 4369 et
2058 4313 2127 4368 de

494 4398 681 4482 prolis
711 4408 947 4464 sanitate
978 4407 1210 4473 confisa,
1262 4406 1605 4480 perlustrans
1632 4404 1879 4461 vulneris
1921 4403 2125 4469 locum,

509 4501 689 4557 cernit
716 4501 988 4574 sanguine
1009 4501 1314 4568 madidum,
1331 4514 1643 4572 nervosque
1676 4498 1773 4554 diu
1790 4504 2122 4565 contractos,
2150 4484 2206 4553 D

510 4611 573 4649 ac
603 4594 647 4648 si
680 4592 843 4648 funes
871 4594 1112 4661 extendi,
1175 4592 1494 4665 productos.
1529 4592 1619 4648 Sic
1657 4596 1885 4662 accepta.
1910 4589 2130 4645 miseri-

508 4686 711 4743 cordire
740 4704 906 4760 quam
954 4687 1251 4760 quaesierat
1280 4686 1698 4751 benedictione,
1730 4685 1957 4742 domum
2005 4683 2129 4739 laeta

510 4795 635 4835 cum
660 4780 963 4851 gratiarum
994 4779 1291 4836 revertitur
1318 4780 1554 4837 actione.

584 4871 692 4927 Hac
719 4870 889 4942 igitur
912 4871 1183 4945 dignitate
1201 4869 1632 4939 clarificationis,
1657 4876 1713 4926 et
1736 4886 1919 4926 rerum
1940 4876 2129 4943 gesta-

512 4980 632 5018 rum
664 4963 1030 5020 admiratione
1087 4964 1287 5021 cohors
1316 4964 1541 5035 stipata,
1589 4968 1834 5033 votoque
1879 4959 2129 5032 gratula-

511 5052 679 5107 tionis
707 5060 986 5123 arreptum
1018 5061 1131 5109 toto
1181 5053 1416 5109 fervoris
1455 5053 1560 5125 iter
1590 5051 1811 5113 annisu,
1842 5066 1966 5107 cum
1992 5065 2129 5105 can-

512 5143 1009 5217 ticis,hymnisque
1048 5162 1377 5217 percurrere
1416 5145 1726 5217 satagebat.
1763 5144 2129 5200 Prmeesserat

510 5232 773 5303 equidem
830 5235 1053 5306 praesul,
1108 5235 1206 5291 sed
1265 5251 1519 5291 reversus
1544 5233 1677 5290 cleri
1729 5232 2129 5291 comitantibus

509 5321 696 5376 choris
727 5322 1191 5394 pretiosissimum
1217 5325 1455 5395 propriis
1474 5323 1797 5380 thesaurum
1821 5322 1993 5378 sumit
2023 5322 2129 5378 hu-

511 5410 679 5464 meris
712 5428 724 5464 :
764 5418 818 5466 et
838 5411 917 5467 sic
942 5412 1009 5467 ad
1041 5412 1220 5484 ipsius
1248 5414 1530 5486 propriam
1558 5412 1870 5469 beatissimi
1896 5412 2122 5468 domum

512 5498 707 5569 patris,
738 5516 863 5556 cum
909 5517 1109 5576 magna
1145 5501 1352 5575 perfert
1406 5502 1583 5580 gloria
1614 5501 1989 5572 jubilationis.
2032 5502 2124 5557 Ast

509 5586 603 5642 ubi
620 5588 941 5661 pervenitur
986 5590 1042 5645 in
1106 5590 1419 5660 ecclesiam,
1472 5606 1596 5665 quae
1642 5599 1959 5663 competere
2008 5591 2131 5647 visa

509 5689 643 5737 sunt
668 5683 769 5738 rite
798 5681 1105 5757 dispositis,
1152 5685 1411 5743 inchoata
1456 5684 1571 5755 jam
1601 5684 1838 5742 victimae
1860 5684 2129 5759 spiritalis

2220 1866 2431 1931 utilem,
2457 1867 2581 1920 nisu
2623 1881 2731 1937 quo
2773 1872 2987 1937 poterat
3019 1867 3305 1934 accedere,
3359 1872 3415 1922 et
3442 1866 3509 1922 ad
3539 1868 3837 1924 visendum

2219 1955 2359 2011 sacri
2393 1957 2559 2028 hujus
2592 1957 2839 2011 muneris
2888 1958 3150 2027 loculum,
3183 1974 3309 2014 sese
3353 1959 3578 2016 molitur
3607 1975 3840 2031 promo-

2222 2062 2369 2101 vere.
2397 2046 2643 2119 Cumque
2668 2046 3076 2103 taliconamine
3116 2049 3230 2118 jam
3260 2049 3376 2105 fere
3420 2049 3665 2106 medium
3704 2067 3841 2124 per-

2226 2143 2472 2211 agrasset
2520 2136 2738 2191 itineris
2789 2138 2955 2207 hujus
3008 2138 3274 2209 spatium,
3318 2155 3429 2195 non
3468 2141 3660 2196 valens
3700 2140 3844 2196 ultra

2227 2230 2550 2300 procedere,
2583 2229 2738 2303 gravi
2772 2230 2981 2285 corruit
3024 2231 3274 2287 confecta
3306 2232 3517 2289 labore.
3546 2232 3844 2290 Meditatur

2226 2322 2449 2377 domum
2482 2322 2681 2389 redire,
2716 2322 2813 2376 sed
2846 2323 3039 2395 nequit
3062 2323 3168 2379 hoc
3206 2323 3485 2381 ullatenus
3514 2324 3838 2397 adimplere.

2226 2411 2352 2476 Quae
2384 2420 2672 2484 postquam
2701 2414 2803 2467 hac
2833 2412 3155 2486 aliquandiu
3188 2422 3391 2471 nutans
3413 2416 3586 2486 jacuit
3617 2416 3846 2471 haesita-

2228 2501 2397 2564 tione,
2424 2502 2644 2555 demum
2698 2510 2981 2574 resumpto
3038 2504 3343 2560 moliminis
3373 2521 3535 2572 ausu,
3568 2512 3742 2561 tentat
3773 2521 3843 2559 an

2225 2595 2406 2648 valeat
2463 2594 2643 2648 adhuc
2696 2594 3102 2666 aliquantulum
3156 2596 3552 2669 propinquare.
3611 2596 3847 2668 Moxque

2226 2682 2413 2738 divina
2452 2682 2751 2737 miserante
2789 2682 3104 2749 clementia,
3126 2684 3282 2760 vigor
3314 2685 3477 2758 aegris
3505 2685 3730 2741 additur
3757 2684 3846 2739 ni-

2227 2771 2379 2826 sibus
2414 2772 2775 2844 ;viribusque
2807 2790 2932 2829 cum
2989 2774 3311 2831 salubritate
3364 2776 3624 2847 receptis,
3668 2775 3847 2831 libera

2230 2864 2501 2919 festinans
2527 2866 2827 2928 celeritate,
2888 2866 3167 2939 nimiaque
3209 2868 3521 2940 tripudians
3544 2867 3846 2936 hilaritate,

2228 2972 2339 3028 quo
2362 2956 2681 3013 decreverat
2704 2966 2912 3034 aegrota
2934 2974 2995 3014 se
3028 2960 3246 3017 trahere
3264 2961 3392 3036 agili
3426 2961 3594 3033 coepit
3625 2942 3848 3017 incessu

2228 3045 2481 3117 gaudens
2497 3063 2895 3120 approperare.
2917 3047 3256 3105 lnfirmitatis
3269 3050 3435 3106 etiam
3461 3065 3579 3106 suae
3592 3049 3848 3106 solamen

2222 3154 2390 3195 manu
2420 3138 2607 3195 ferens
2625 3140 2906 3209 baculum,
2946 3142 3054 3197 iter
3084 3141 3297 3215 peragit
3325 3140 3687 3209 destinatum,
3734 3156 3849 3196 non

2224 3238 2283 3284 ut
2310 3229 2429 3297 ejus
2447 3230 2685 3301 amplius
2714 3237 2901 3303 egeret
2930 3230 3153 3297 auxilio,
3207 3230 3307 3287 sed
3334 3238 3397 3286 ut
3432 3232 3486 3286 in
3506 3232 3673 3300 hujus
3702 3231 3850 3287 datae

2224 3320 2331 3375 sibi
2353 3320 2609 3375 sanitatis
2636 3319 2956 3376 ostenderet
2992 3320 3331 3378 testimonio.
3384 3321 3844 3394 Perveniensque

2226 3428 2335 3485 quo
2365 3413 2791 3480 desideraverat,
2841 3413 3199 3469 laudabunda
3221 3413 3449 3469 devotas
3474 3413 3851 3469 interventori

2226 3518 2329 3559 suo
2385 3503 2642 3576 rependit
2670 3503 2875 3577 gratias
2920 3503 3166 3575 :hicque
3227 3503 3500 3574 perlatum
3560 3501 3855 3558 dimittens

2228 3592 2509 3658 bacillum,
2542 3591 2737 3663 priscae
2775 3592 3105 3648 calamitatis
3162 3608 3276 3649 suae
3326 3592 3609 3658 solatium,
3653 3592 3855 3647 alacris

2224 3681 2360 3750 jam,
2386 3697 2490 3737 nec
2513 3680 2637 3752 opis
2678 3681 2843 3751 hujus
2874 3681 3127 3755 indigna,
3167 3682 3370 3752 repetit
3400 3680 3507 3739 iter
3533 3696 3851 3746 emensum,

2230 3777 2481 3831 referens
2504 3776 2627 3830 beta
2668 3775 2964 3847 quaesitum
2980 3776 3199 3833 divinae
3220 3775 3619 3834 consolationis
3640 3773 3853 3831 suffra-

2230 3867 2405 3943 gium.

2298 3955 2610 4014 Adveniens
2644 3956 2912 4029 pontifex,
2963 3957 3095 4014 cleri
3147 3964 3584 4034 magnatumque
3614 3956 3857 4028 stipatus

2230 4050 2472 4124 agmine,
2519 4049 2739 4105 victima
2768 4050 2963 4107 salutis
2982 4050 3188 4116 oblata,
3238 4049 3485 4106 vestibus
3518 4047 3661 4104 albis
3685 4047 3857 4104 indu—

2231 4151 2342 4209 tus,
2374 4159 2500 4198 cum
2528 4142 2713 4197 choris
2741 4143 3096 4214 psallentium
3126 4141 3502 4217 gratissimum
3528 4140 3761 4197 deducit
3783 4140 3857 4194 ad

2229 4235 2431 4289 moenia
2466 4234 2703 4291 civitatis
2758 4236 3098 4292 thesaurum.
3142 4235 3254 4291 Illis
3299 4243 3486 4290 autem
3518 4232 3757 4288 feliciter
3788 4248 3860 4287 eo

2230 4323 2736 4395 progredientibus,
2770 4331 2824 4378 et
2871 4331 3156 4399 gratanter
3183 4323 3251 4379 ad
3292 4323 3627 4379 destinatum
3670 4321 3858 4376 locum

2231 4412 2606 4480 tendentibus,
2637 4412 2994 4485 omnipotens
3043 4413 3186 4469 Deus
3239 4412 3296 4467 in
3331 4412 3498 4482 hujus
3539 4409 3860 4465 charissimi

2229 4505 2313 4562 sui
2344 4504 2745 4582 glorificatione
2775 4506 2984 4563 fontem
3006 4522 3119 4563 suae
3143 4506 3506 4580 benignitatis
3533 4518 3598 4561 ac
3626 4503 3859 4575 largita-

2231 4597 2300 4652 tis
2316 4597 2541 4654 abunde
2570 4605 2654 4655 est
2683 4598 2941 4672 dignatus
2964 4597 3270 4665 effundere,
3288 4606 3348 4653 ut
3375 4597 3463 4655 vix
3494 4596 3688 4669 lingua
3706 4609 3862 4667 quae-

2231 4689 2535 4747 libeteﬂ‘ari
2556 4690 2752 4758 valeat,
2783 4706 2908 4764 quae
2924 4692 3031 4747 hoc
3062 4690 3407 4747 tuncitinere
3437 4703 3537 4760 per
3567 4688 3686 4760 ipsa
3710 4702 3863 4759 pene

2230 4788 2617 4836 momentanea
2659 4787 2815 4852 gesta
2862 4780 3170 4851 probantur
3223 4780 3479 4835 horarum
3533 4776 3861 4833 mterstitia.

2231 4870 2361 4925 Nam
2394 4876 2604 4924 tantam
2633 4868 2896 4924 Dominus
2948 4868 3036 4925 hic
3083 4877 3347 4940 operatus
3399 4876 3485 4923 est
3507 4868 3611 4924 hac
3627 4865 3718 4921 die
3747 4865 3861 4921 mi-

2231 4959 2547 5015 raculorum
2596 4956 3053 5033 magnitudinem,
3111 4966 3172 5013 ut
3198 4958 3302 5014 viri
3343 4963 3605 5029 quatuor,
3630 4954 3859 5010 feminae

2228 5064 2357 5104 vero
2388 5063 2611 5115 novem,
2644 5049 2822 5103 visum
2852 5066 2867 5114 ;
2900 5048 3001 5104 viri
3029 5062 3254 5120 quoque
3285 5046 3663 5120 duogressum
3706 5044 3859 5099 reci-

2230 5156 2361 5211 pere
2391 5150 2759 5196 mererentur.
2795 5139 2929 5197 Cum
2978 5140 3141 5209 hujus
3194 5140 3383 5211 itaque
3412 5135 3690 5210 praeclarae
3718 5152 3856 5210 gra-

2232 5230 2515 5286 tulationis
2568 5229 2955 5299 admiratione,
3004 5228 3060 5283 in
3098 5228 3378 5285 civitatem
3436 5226 3505 5281 ad
3556 5224 3855 5281 ecclesiam

2229 5322 2326 5377 Dei
2351 5321 2660 5388 Genitricis,
2694 5320 3064 5393 prosperrima
3092 5319 3413 5392 pervenitur
3451 5316 3857 5374 exsultatione.

2226 5411 2422 5482 Sicque
2449 5411 2674 5467 lucerna
2706 5412 2825 5467 haec
2848 5412 3043 5467 lucens
3088 5418 3144 5466 et
3173 5410 3375 5465 ardens
3404 5406 3766 5472 aaternaliter,
3795 5405 3856 5459 in

2224 5504 2415 5560 altaris
2439 5504 2653 5559 sistitur
2697 5504 2998 5576 crepidine.
3032 5505 3170 5560 Dum
3216 5502 3420 5573 praesul
3460 5501 3628 5575 igitur
3661 5499 3731 5553 ad
3765 5513 3858 5552 sa-

2228 5592 2497 5649 crandum
2523 5591 2722 5649 vivifici
2766 5609 2971 5649 munus
3016 5592 3231 5649 accedit
3267 5590 3534 5664 mysterii,
3587 5589 3716 5661 quis
3742 5596 3856 5641 tam

2230 5686 2467 5743 ferreum
2510 5694 2722 5757 pectus,
2748 5694 2858 5742 tam
2916 5686 3197 5758 lapideum
3224 5700 3321 5742 cor
3356 5683 3554 5756 gessit,
3596 5680 3694 5753 qui
3737 5692 3853 5736 non
