4038 6166
197 342 250 396 81
384 336 393 345 ’λ
856 332 1179 389 HISTORUE
1216 329 1560 387 ECCLESUE
1599 328 1929 385 REMENSIS
1966 328 2145 384 LIBRI
2186 330 2510 394 QUATUOR.
2537 363 2608 371 —
2649 331 2770 387 LIB.
2814 335 2853 388 Ι.
3410 296 3413 303 Ἴ
3459 338 3529 393 82

196 464 431 541 gemitus
453 462 664 528 ederet,
690 468 888 533 pectus
918 458 1211 525 tunderet,
1229 456 1499 528 lacrymas
1522 454 1803 522 funderet,
1837 460 1888 526 Α
1914 461 2110 526 petunt
2134 454 2404 518 ecclesiae,
2435 455 2626 511 videre
2646 457 2937 528 cupientes
2967 461 3241 534 magnalia
3264 460 3387 515 Dei.
3428 462 3529 516 Vi-

199 556 317 609 dum
360 564 468 609 tam
517 550 795 623 stupenda
843 549 1157 605 divinorum
1212 547 1360 603 dona
1413 544 1804 602 charismatum

198 630 588 717 conspiceret?
607 643 738 708 Quis
755 641 965 697 etenim
992 646 1160 713 queat
1181 654 1513 695 enumerare
1539 637 1805 693 mirorum

198 737 401 809 copiam
422 735 644 792 caelitus
672 734 765 789 hic
785 750 850 788 ea
888 732 978 787 die
1010 731 1293 803 profusam
1329 729 1356 782 ?
1385 730 1560 785 Nemo
1592 744 1803 795 revera,

197 826 280 898 qui
311 825 611 897 praevaleat
649 822 912 895 expedire
968 836 1228 877 sermone
1283 829 1419 892 quot
1470 826 1807 894 aegrotantes

196 914 384 978 sanati,
420 922 557 986 quot
585 911 890 968 titubantes
930 909 1123 978 erecti,
1148 916 1285 981 quot
1313 909 1434 980 ipsa
1457 908 1548 963 die
1574 907 1810 963 diversis

196 1008 273 1062 hic
290 1016 425 1062 sunt
453 1003 709 1061 cladibus
738 1003 1003 1060 absoluti.

256 1097 388 1153 Post
417 1096 638 1167 expleta
689 1094 1051 1165 mysticorum
1102 1088 1455 1147 discedentes
1482 1104 1657 1155 sacra,
1692 1104 1811 1144 ma-

196 1190 447 1245 turabant
478 1190 688 1260 quique
737 1192 990 1258 repetere
1020 1200 1139 1239 sua.
1172 1182 1281 1238 Sed
1326 1183 1473 1245 inter
1501 1180 1812 1237 absceden-

193 1281 313 1334 dum
356 1280 544 1334 minax
584 1277 717 1333 oriri
776 1275 1065 1341 territatio,
1114 1273 1294 1330 nubes
1333 1273 1626 1328 teterrimae
1650 1273 1810 1327 terri-

194 1373 441 1443 bilesque
468 1384 827 1444 consurgere,
845 1367 1161 1423 truculenta
1181 1366 1367 1437 polum
1395 1364 1633 1437 caligine
1654 1365 1805 1419 clau-

194 1462 338 1526 dere,
355 1460 561 1515 micare
585 1457 821 1531 fulgura,
842 1470 1178 1527 concrepare
1192 1454 1455 1519 tonitrua,
1478 1453 1806 1528 grandoque
1851 1502 1857 1511 .

191 1549 363 1604 solum
395 1548 693 1604 verberare
755 1547 925 1618 coepit
977 1560 1094 1601 non
1145 1544 1394 1600 minima.
1450 1544 1566 1608 Quo
1598 1551 1808 1599 terrore

194 1641 427 1714 perculsi
488 1640 706 1695 rediere
744 1637 990 1710 plurimi,
1050 1636 1397 1693 clementiam
1447 1637 1843 1707 deprecantes~

192 1734 478 1800 Altissimi,
512 1741 786 1804 quatenus
814 1729 1391 1800 hujusintercessione
1404 1728 1578 1800 patris
1597 1729 1809 1783 beatis-

1905 552 2123 615 dentes,
2183 553 2244 601 ut
2285 546 2598 611 audierant,
2655 548 2967 604 divinarum
3021 552 3179 625 signa
3237 553 3523 621 virtutum,

1905 640 2168 699 manibus
2195 646 2476 711 gratanter
2522 639 2578 693 in
2610 641 2809 695 cmlum
2860 644 3151 713 porrectis,
3183 645 3528 701 benedicunt

1907 731 2222 788 Dominum.
2250 729 2404 794 Quod
2418 728 2621 783 divinae
2638 729 3001 804 benignitatis
3025 733 3346 788 miraculum
3366 735 3525 790 valde

1910 831 2042 877 tunc
2061 818 2337 891 profuisse
2393 818 2739 891 dignoscitur
2784 820 2853 873 ad
2884 835 3074 874 eorum
3107 823 3386 887 solatium,
3429 825 3523 896 qui

1909 927 1969 966 se
1999 908 2365 980 corporaliter
2393 908 2577 963 deseri
2619 916 2772 964 tanto
2822 910 3205 980 querebantur
3262 923 3518 982 patrono.

1910 999 2122 1065 Quibus
2155 1007 2337 1053 tamen
2368 997 2696 1070 spiritaliter
2722 1014 2781 1053 se
2810 1014 2920 1054 non
2950 999 3147 1055 deesse
3170 1001 3262 1054 tali
3297 1009 3524 1072 patrataa

1912 1090 2139 1163 pietatis
2151 1089 2454 1145 declaravit
2481 1089 2707 1145 indicio.

1982 1183 2044 1238 In
2077 1181 2314 1237 ecclesia
2344 1196 2569 1253 quoque
2599 1181 2777 1236 beatae
2803 1182 2898 1237 Dei
2919 1182 3530 1249 Genitricis,ubivene-

1910 1277 2087 1333 rabile
2118 1277 2291 1349 patris
2351 1277 2517 1345 hujus
2558 1276 2885 1331 servabatur
2904 1276 3125 1351 pignus,
3166 1277 3529 1331 nonnullidi-

1908 1370 2082 1425 versis
2110 1368 2301 1442 aegroti
2334 1378 2464 1423 sunt
2502 1367 2724 1423 interim
2764 1367 2939 1423 curati
2977 1368 3359 1441 languoribus.
3395 1368 3526 1423 Nam

1908 1462 2130 1533 quidam
2163 1461 2387 1517 nomine
2436 1461 2640 1516 Natalis
2670 1461 2739 1517 de
2770 1459 3335 1529 Burdenaco,‘mulier
3364 1462 3528 1515 etiam

1909 1554 2161 1625 quaedam
2184 1555 2333 1611 dicta
2362 1555 2694 1628 Teutberga,
2712 1555 2843 1609 item
2870 1554 3076 1609 mulier
3103 1554 3275 1609 altera
3304 1555 3529 1609 nomine

1913 1644 2245 1707 Gonthildis,
2290 1645 2454 1713 hujus
2511 1644 2822 1715 patrocinio
2853 1644 3026 1714 patris
3063 1643 3243 1698 visum
3273 1642 3524 1714 recipere

1916 1742 2259 1788 meruerunt.
2289 1733 2409 1787 Alia
2430 1733 2683 1804 quaedam
2715 1747 2939 1803 quoque
2967 1732 3168 1786 mulier
3187 1731 3357 1786 unius
3381 1731 3525 1787 oculi

191 1828 302 1881 simi
334 1833 692 1881 mererentur
721 1824 789 1878 ab
827 1822 914 1878 his
935 1821 1358 1877 imminentibus
1388 1821 1650 1892 periculis
1666 1821 1781 1876 erui
1838 1828 1886 1896 Β
1908 1827 2084 1882 visum
2106 1826 2161 1880 in
2175 1826 2369 1881 eadem
2391 1826 2558 1881 domo
2590 1825 2942 1896 recuperavit
2964 1825 3247 1880 amissum.
3273 1825 3529 1890 Quaedam

192 1916 385 1970 Mirum
426 1915 483 1969 in
523 1915 750 1969 modum
787 1912 1163 1985 perturbatio,
1193 1927 1317 1984 quae
1336 1918 1599 1967 terrorem
1625 1912 1809 1966 incus-

190 2014 345 2071 serat,
384 2002 685 2069 immutari,
720 2001 949 2057 nubium
980 2015 1260 2056 rarescere
1306 2000 1367 2072 [ε.
1405 2003 1444 2054 i.
1479 2000 1802 2071 clarescere]

191 2094 577 2155 tenebrositas,
649 2107 867 2147 cessare
941 2090 1181 2166 fulgura,
1240 2090 1482 2166 mitigari
1542 2089 1803 2157 tonitrua,

191 2193 500 2256 cunctaque
524 2183 706 2239 sedari
729 2183 897 2255 coepit
915 2199 981 2237 ac
1019 2181 1273 2252 dissipari
1299 2186 1617 2249 tempestas,
1652 2189 1711 2234 et
1739 2195 1804 2233 ex

191 2277 315 2331 truci
370 2292 643 2331 conversa
695 2276 753 2330 in
791 2274 1167 2346 exoptabilem
1216 2274 1459 2345 pluviam
1506 2272 1801 2346 grandine,

189 2364 397 2419 telluris
440 2363 683 2418 ubertim
714 2361 1059 2436 superﬁcies,
1092 2379 1217 2436 qum
1262 2363 1435 2418 nimio
1466 2362 1598 2418 solis
1613 2371 1806 2417 exusta

189 2456 431 2510 fervebat
463 2455 684 2521 ardore,
716 2455 939 2527 perfusa
964 2455 1214 2511 secundo
1244 2454 1547 2510 salubriter
1592 2454 1809 2510 refove-

190 2546 542 2600 turhumore.
591 2544 794 2617 Sicque
835 2544 1125 2600 manifeste
1189 2544 1442 2618 dignosci
1471 2544 1631 2599 datur
1662 2542 1809 2597 indi-

187 2637 469 2707 gnationis
509 2636 578 2691 ad
604 2636 797 2692 horam
849 2637 1129 2693 concitata
1154 2635 1448 2707 permotio,
1481 2636 1674 2691 salutis
1702 2636 1808 2690 im-

187 2733 391 2781 mutata
436 2725 713 2781 subsidio.
748 2727 996 2798 Denique
1023 2724 1414 2798 benignissimi
1444 2726 1614 2796 patris
1642 2726 1807 2795 hujus

185 2818 380 2890 solatio
430 2818 604 2873 totius
664 2818 798 2874 dirae
847 2818 1022 2890 pestis
1077 2819 1279 2875 nostris
1332 2818 1554 2874 videtur
1598 2818 1805 2875 ﬁnibus

184 2910 471 2966 eliminata
499 2911 803 2983 corruptio.
850 2910 1096 2966 Salubris
1133 2927 1247 2978 aer,
1276 2911 1462 2983 pluvia
1507 2912 1634 2967 data
1668 2927 1805 2968 con-

185 3016 408 3073 gruens,
432 3000 602 3056 timor
630 3001 797 3057 etiam
826 3001 922 3074 qui
954 3018 1187 3077 regnum
1218 3008 1534 3073 pervaserat
1564 3002 1801 3071 hostilis,

186 3093 233 3146 in
252 3109 416 3164 spem
461 3093 727 3164 paulatim
765 3094 1079 3151 securitatis
1120 3095 1517 3167 tranquillitate
1573 3095 1808 3151 vertitur

188 3185 350 3252 pacis.

248 3276 359 3332 Hac
377 3276 585 3331 eadem
634 3277 860 3349 praefata
903 3278 1118 3335 scilicet
1147 3278 1409 3336 illationis
1429 3280 1570 3335 sacri
1606 3296 1808 3352 corpo-

184 3366 320 3419 rein
352 3364 560 3420 urbem
611 3364 725 3434 die,
776 3367 954 3443 tingui
1012 3367 1225 3423 fervida
1250 3369 1365 3436 jam
1398 3369 1533 3425 solis
1590 3370 1806 3426 Oceano

184 3461 291 3507 rota
321 3462 578 3524 petente,
611 3454 857 3526 quidam,
889 3455 1115 3511 Nivolus
1156 3457 1400 3524 nomine,
1425 3458 1493 3513 de
1525 3458 1656 3514 villa
1683 3475 1806 3531 qua:

185 3556 403 3600 vocatur
436 3545 752 3610 Dominica,
810 3546 1106 3603 Remorum
1147 3550 1350 3604 montis
1376 3549 1431 3604 in
1483 3551 1653 3605 latere
1680 3549 1804 3617 sita,

184 3635 378 3689 surdus
407 3641 469 3689 et
489 3636 983 3705 mutus,manibus
1036 3654 1259 3710 quoque
1287 3655 1385 3710 per
1412 3654 1588 3695 annos
1607 3654 1803 3695 novem

184 3722 379 3777 debilis
411 3739 481 3777 ac
542 3724 802 3793 pedibus,
856 3727 1234 3799 qualicunque
1281 3728 1449 3783 valuit
1500 3744 1597 3799 per
1636 3735 1803 3783 totam

184 3811 320 3867 diem
350 3815 677 3882 conamine,
709 3816 779 3871 ab
811 3817 990 3890 ipsius
1018 3820 1298 3892 surgentis
1339 3836 1551 3875 aurora
1576 3818 1806 3884 lumine,

186 3920 278 3973 per
305 3907 571 3978 quinque
619 3907 789 3964 ferme
843 3927 1104 3982 passuum
1137 3928 1340 3984 repens
1398 3912 1588 3979 millia,
1621 3913 1708 3967 vix
1739 3911 1809 3965 ad

187 3993 354 4064 ipsius
375 3996 522 4051 aedis
542 3997 782 4068 sepulcri
803 3999 1012 4067 limina,
1046 4017 1155 4073 qua
1186 4001 1401 4057 decima
1426 4002 1647 4057 tandem
1682 4016 1808 4072 per-

186 4088 329 4142 venit
356 4090 523 4144 hora.
569 4089 669 4154 Qui
696 4091 827 4146 dum
848 4092 1100 4154 veniens,
1127 4110 1343 4150 sacrum
1367 4110 1568 4166 corpus
1600 4093 1808 4147 ibidem

187 4195 288 4234 non
319 4182 530 4238 adesse
562 4185 942 4255 comperisset,
1002 4186 1305 4259 templique
1338 4186 1485 4241 fores
1509 4184 1650 4241 seris
1672 4183 1806 4237 dili-

186 4282 384 4339 genter
416 4271 731 4329 obfirmatis
750 4275 965 4331 clausas
987 4277 1342 4347 perspiceret,
1372 4277 1580 4332 cadens
1622 4276 1678 4329 in
1718 4274 1805 4329 fa-

186 4361 323 4416 ciem
347 4380 530 4435 super
584 4371 808 4431 terram,
838 4364 1075 4438 quadam
1128 4366 1808 4439 prmsumptionisimpor-

185 4457 445 4525 tunitate,
472 4461 783 4516 sanctitatis
796 4476 962 4517 aures
1001 4459 1348 4517 clandestino
1378 4460 1548 4531 cmpit
1572 4460 1810 4515 clamore

1829 3157 1878 3226 C

1909 1923 2177 1986 praeterea
2218 1915 2422 1984 puella,
2454 1914 2786 1986 cognomine
2815 1914 3123 1989 Flotgildis,
3154 1931 3219 1969 ex
3249 1914 3376 1968 villa
3405 1931 3529 1986 qum

1908 2015 2135 2060 vocatur
2160 2004 2413 2059 Cancella
2437 2018 2599 2057 secus
2620 2001 2838 2057 Libram
2864 2003 3100 2058 rivulum
3128 2003 3254 2067 sita,
3296 2012 3535 2074 quatuor

1908 2092 2130 2147 circiter
2171 2092 2351 2147 aetatis
2399 2109 2574 2148 annos
2636 2109 2858 2167 gerens,
2896 2092 3220 2152 lubricando
3254 2093 3530 2164 prolapsa,

1908 2188 2201 2252 utrumque
2241 2182 2350 2236 sibi
2390 2198 2536 2255 genu
2564 2182 2949 2238 debilitaverat
2984 2200 2997 2237 :
3035 2182 3109 2236 ita
3139 2182 3335 2237 clauda
3363 2182 3525 2249 facta,

1906 2277 1966 2324 ut
1991 2271 2221 2325 omnino
2251 2286 2354 2325 nec
2410 2286 2661 2344 gressum
2688 2269 2880 2346 ﬁgere,
2924 2287 3027 2326 nec
3056 2271 3293 2342 pedibus
3323 2273 3530 2326 valeret

1908 2362 2185 2417 insistere.
2217 2364 2388 2428 Quam
2407 2372 2666 2435 parentes
2687 2363 2831 2432 ejus,
2857 2363 3108 2434 quamvis
3130 2379 3425 2434 pauperes,
3455 2361 3525 2417 de

1908 2455 2174 2526 sospitate
2201 2463 2383 2513 tamen
2418 2455 2595 2526 ipsius
2622 2455 2865 2521 solliciti,
2912 2472 3010 2526 per
3030 2455 3278 2510 diversas
3307 2456 3525 2510 deferre

1910 2557 2225 2605 sanctorum
2257 2557 2585 2605 curaverunt
2640 2548 2923 2603 ecclesias.
2974 2550 3069 2603 Ast
3121 2549 3214 2602 ubi
3270 2549 3380 2619 jam
3426 2565 3527 2619 per

1909 2646 2229 2702 duodenum
2284 2643 2401 2699 fere
2462 2658 2732 2698 annorum
2786 2643 3022 2713 spatium
3081 2642 3173 2697 tali
3237 2651 3528 2697 vexaretur

1906 2735 2190 2809 languoris
2216 2732 2535 2794 acerbitate,
2596 2747 2699 2786 nec
2757 2730 3065 2786 remedium
3108 2738 3293 2802 posset.
3326 2731 3532 2785 rloloris

1907 2824 2158 2880 invenire
2190 2842 2205 2886 ;
2247 2820 2597 2892 comperiens
2662 2821 2732 2875 de
2788 2820 3057 2876 relatione
3084 2819 3224 2874 sacri
3256 2819 3524 2890 corporis,

1905 2931 2249 2988 operumque
2279 2915 2578 2981 miraculis,
2608 2929 2718 2985 quo
2734 2913 2907 2968 valuit
2933 2913 3079 2977 nisu,
3116 2928 3311 2982 repere
3337 2912 3527 2984 C(Bpit,

1908 3024 2008 3064 nec
2034 3025 2094 3063 se
2121 3017 2385 3078 carpento
2417 3005 2687 3077 permittit
2717 3005 2949 3076 imponi,
2984 3005 3082 3059 sed
3142 3012 3341 3069 tractu,
3364 3013 3531 3075 prout

1906 3103 2070 3167 valet,
2104 3100 2239 3155 illud
2269 3114 2434 3175 agere
2466 3099 2631 3173 gestit
2662 3099 2785 3154 iter.
2842 3098 2921 3152 Ad
2953 3098 3218 3168 templum
3249 3112 3380 3152 vero
3409 3114 3536 3167 per-

1906 3193 2158 3258 veniens,
2213 3204 2323 3261 quo
2399 3188 2709 3260 pretiosum
2769 3188 2962 3243 salutis
3015 3188 3267 3242 audierat
3332 3204 3533 3243 munus

1911 3283 2114 3347 inesse,
2144 3279 2283 3334 fusis
2311 3278 2529 3334 Domini
2546 3276 2899 3332 clementiam
2920 3277 3063 3333 votis
3086 3293 3189 3348 pro
3212 3276 3528 3350 suiﬂagitat

1909 3374 2263 3429 liberatione.
2299 3372 2406 3427 Sed
2428 3379 2484 3425 et
2510 3369 2753 3442 propriis
2792 3368 2966 3424 fertur
2997 3369 3313 3440 pavimenta
3343 3370 3528 3441 lacry-

1910 3466 2013 3520 mis
2041 3467 2412 3525 humectasse,
2465 3462 2594 3526 Qua:
2649 3469 2945 3532 postquam
3000 3477 3101 3532 per
3145 3469 3260 3517 tres
3309 3462 3383 3517 ita
3408 3463 3533 3518 dies

1906 3556 2134 3630 egisset,
2194 3555 2326 3608 dum
2385 3553 2570 3606 denuo
2616 3549 2880 3621 precibus
2922 3549 3289 3616 incumberet,
3344 3551 3531 3607 divina

1906 3645 2014 3700 sibi
2042 3644 2220 3717 gratia
2248 3640 2699 3713 superveniente,
2750 3641 2861 3695 vim
2903 3639 3200 3695 medicinae
3230 3642 3321 3697 vix
3343 3642 3534 3697 valens

1908 3738 2053 3793 ferre
2086 3735 2304 3809 magnis
2360 3734 2531 3805 erepit
2584 3732 2813 3788 vocibus
2866 3740 3136 3804 strepere,
3180 3742 3235 3789 et
3285 3733 3526 3803 ejulatus

1908 3826 2137 3882 acerbos
2198 3824 2367 3878 edere
2434 3822 2636 3893 Sicque
2689 3823 2853 3877 nodis
2898 3838 3192 3878 nervorum
3250 3824 3530 3890 resolutis,

1911 3916 2177 3987 omnique
2205 3916 2477 3987 poplitum
2509 3914 2889 3969 contractione
2904 3913 3165 3977 relaxata,
3197 3912 3363 3966 unius
3382 3913 3532 3967 horae

1909 4005 2079 4060 ferme
2108 4004 2311 4075 spatio,
2341 4001 2556 4059 viribus
2585 4002 2871 4067 exhausta,
2895 3999 3071 4068 jacuit
3095 3999 3255 4071 quasi
3279 4008 3530 4055 mortua.

1908 4095 2013 4149 Sed
2044 4093 2139 4165 qui
2167 4091 2402 4148 contulit
2441 4089 2809 4145 absolutionis
2843 4103 3028 4160 opem,
3064 4088 3283 4144 roboris
3310 4088 3529 4143 addidit

1909 4202 2134 4260 quoque
2186 4185 2453 4257 vigorem.
2493 4182 2725 4255 Moxque
2789 4197 2888 4237 ceu
2931 4181 3001 4237 de
3050 4181 3202 4256 gravi
3247 4181 3528 4253 evigilans

1912 4294 2129 4350 somno,
2157 4278 2256 4334 ubi
2307 4293 2608 4349 supernum
2637 4275 2746 4331 sibi
2777 4275 2949 4331 sentit
2985 4274 3283 4332 obvenisse
3310 4274 3532 4330 benefi-

1912 4373 2082 4437 cium,
2116 4370 2367 4447 pignoris
2396 4369 2525 4425 almi
2556 4368 2696 4441 petit
2727 4369 2990 4433 loculum,
3024 4368 3183 4437 cujus
3207 4368 3385 4442 gratia
3422 4367 3533 4422 sibi

1910 4463 2208 4538 contigisse
2228 4479 2340 4519 non
2388 4462 2683 4517 haesitabat
2731 4459 3532 4533 remedium.Dehincgratias

185 4551 438 4620 pulsare,
464 4557 573 4604 tam
596 4566 798 4623 magno
828 4567 889 4606 se
919 4566 1268 4624 conquerens
1295 4551 1483 4606 labore
1500 4550 1810 4623 fatigatum,
1832 4538 1892 4605 ἶ)
1919 4557 2010 4612 hic
2035 4572 2229 4632 agens,
2248 4556 2575 4626 ibidemque
2601 4554 2804 4626 degere
2829 4551 3078 4627 gratifica
3111 4553 3444 4621 decernens,
3479 4559 3534 4606 et

187 4657 285 4695 nec
314 4641 435 4696 sibi
467 4639 584 4695 fore
615 4640 951 4711 permissum
974 4641 1165 4696 videre
1191 4642 1386 4697 saltem
1407 4641 1648 4696 loculum
1672 4640 1813 4696 sacri

188 4733 451 4809 pignoris
478 4732 753 4802 bajulum,
784 4734 879 4805 qui
900 4745 1082 4790 tamen
1133 4736 1253 4805 ejus
1277 4734 1385 4789 sibi
1420 4750 1581 4806 posse
1611 4735 1814 4789 subve-

188 4828 302 4881 nire
323 4826 551 4883 celsum
580 4842 933 4899 nequaquam
979 4826 1256 4883 difﬁderet
1296 4827 1638 4899 prmeidium.
1668 4827 1815 4882 Talia

188 4913 447 4988 denique
490 4914 623 4969 dum
693 4916 859 4971 tacita
903 4932 1092 4972 secum
1142 4917 1369 4972 volutat.
1408 4926 1590 4972 mente
1623 4918 1815 4973 salutis

186 5005 345 5080 vigor
377 5003 565 5076 ipsius
595 5021 696 5075 per
726 5004 973 5060 membra
998 5022 1233 5078 quaeque
1257 5006 1463 5063 sensim
1485 5007 1813 5077 ccepitirre-

187 5115 343 5168 pere,
388 5096 716 5170 priscasque
734 5098 901 5154 simul
932 5106 1117 5171 stupet
1138 5101 1384 5156 omnium
1423 5116 1483 5155 se
1510 5102 1656 5157 vires
1687 5118 1817 5156 sen-

186 5204 351 5243 suum
384 5203 742 5259 recuperare.
778 5188 1024 5262 Cumque
1052 5206 1241 5247 rumor
1263 5193 1641 5262 hujuscemodi
1673 5210 1816 5266 ope-

188 5279 455 5345 rationis,
506 5279 842 5351 quibusdam
874 5280 1280 5348 nuntiantibus,
1312 5299 1475 5337 aures
1499 5284 1821 5352 percelleret

183 5371 590 5441 plurimorum,
617 5371 866 5426 certatim
880 5371 1091 5443 quique
1122 5379 1473 5443 procurrunt,
1499 5372 1822 5429 admiranda

188 5461 284 5516 Dei
318 5460 609 5536 magnalia
631 5461 880 5517 laetantes
911 5462 1190 5533 aspiciunt
1236 5480 1249 5526 ;
1279 5469 1510 5517 ovanter
1541 5462 1819 5517 hominem

182 5550 254 5605 ad
278 5551 475 5607 locum
522 5550 828 5605 venerandi
872 5551 1114 5622 sepulcri
1147 5551 1478 5622 perducunt,
1525 5568 1820 5623 campanas

188 5640 451 5711 pulsant,
492 5639 831 5696 lzetabundis
886 5642 999 5697 Deo
1027 5642 1222 5698 laudes
1253 5643 1482 5699 vocibus
1542 5643 1813 5699 intonant.

186 5733 379 5802 Hujus
408 5733 660 5790 miraculi
691 5734 924 5803 permoti
976 5735 1120 5790 fama
1149 5736 1564 5808 quamplurimi,
1594 5737 1818 5792 domum

1918 4646 2176 4717 precibus
2237 4644 2450 4700 crebris
2490 4643 2776 4707 insistens,
2836 4640 3054 4696 debitas
3084 4640 3407 4696 medicatori
3432 4655 3535 4694 suo

1915 4739 2162 4794 celebrat
2192 4737 2475 4803 excubias,
2535 4752 2596 4791 ac
2643 4735 2900 4792 salutaris
2948 4734 3198 4806 quotidie
3255 4734 3537 4788 libaminis

1916 4826 2075 4883 offert
2101 4828 2436 4883 oblationes.

1987 4917 2108 4972 Fuit
2134 4924 2316 4972 autem
2350 4915 2536 4971 Remis
2564 4916 2623 4969 in
2650 4914 2877 4986 praefata
2897 4914 2992 4969 Dei
3034 4913 3328 4969 Genitricis
3355 4914 3538 4969 eccle-

1916 5012 1998 5067 sia
2028 5026 2230 5083 corpus
2289 5009 2425 5065 illud
2480 5008 2910 5064 sacratissimum
2959 5006 3269 5062 beatissimi
3321 5006 3536 5077 p‘atroni

1921 5102 2093 5158 nostri
2117 5099 2351 5174 Remigii
2381 5100 2512 5154 dum
2543 5105 3001 5169 priememoratus
3030 5097 3262 5152 antistes
3301 5098 3538 5152 domnus

1921 5190 2085 5247 Falco
2115 5189 2444 5261 praesulatus
2484 5187 2731 5259 fungitur
2770 5186 2978 5253 officio,
3019 5186 3234 5241 scilicet
3264 5201 3441 5257 usque
3465 5186 3535 5239 ad

1923 5283 2304 5354 episcopatum
2326 5279 2663 5337 venerabilis
2711 5278 2927 5334 Herivei
2981 5278 3407 5349 archiepiscOpi,
3439 5278 3535 5350 qui

1922 5382 2171 5430 cessante
2199 5373 2661 5431 Nortmannorum
2688 5371 3077 5442 persecutione
3109 5373 3225 5442 (an.
3258 5371 3404 5441 901),
3438 5387 3538 5442 per

1922 5468 2095 5522 solam
2117 5466 2211 5521 Dei
2240 5464 2589 5521 clementiam
2622 5481 2757 5536 pace
2774 5472 3120 5536 recuperata,
3154 5480 3356 5520 munus
3385 5463 3533 5516 idem

1921 5572 2223 5626 supernum
2257 5555 2479 5627 propria
2508 5556 2808 5626 sepulturae
2838 5556 3015 5627 ipsius
3055 5554 3261 5610 referre
3292 5550 3536 5607 decrevit
3600 5596 3619 5611 ,

1921 5646 2065 5700 intra
2090 5645 2314 5701 moenia.
2348 5645 2502 5711 Quod
2537 5645 2669 5700 dum
2686 5646 3002 5701 convocatis
3019 5644 3350 5717 quibusdam
3380 5638 3533 5710 regni

1920 5738 2246 5809 proceribus
2291 5754 2459 5811 agere
2514 5746 2837 5807 maturaret,
2886 5739 3232 5794 accumulare
3272 5732 3534 5790 Dominus
