4038 6166
477 299 548 356 83
1605 305 1970 362 FLODOARDI
2012 308 2316 366 CANONlCl
2355 313 2682 370 REMENSIS
3725 330 3801 383 84

480 426 601 495 ejus
630 443 738 482 non
771 427 986 482 distulit
1014 429 1492 499 clariticationem,
1526 448 1750 488 suorum
1791 435 2095 505 repetentis
2123 443 2174 508 Α
2200 437 2347 509 cipia
2400 441 2600 498 Aderat
2621 444 3273 517 Hilariadiacona,quam
3301 446 3638 505 benedicens
3660 451 3801 508 idem

481 519 686 573 ossium
739 519 948 575 sedem.
984 520 1225 596 Contigit
1273 522 1443 587 enim,
1502 523 1632 578 dum
1673 541 1868 600 magna
1899 528 2089 598 p0puli
2199 536 2356 598 pater
2410 533 2815 602 sanctissimus,
2885 533 3053 589 filiam
3108 542 3266 590 vocat
3325 552 3338 588 :
3407 536 3496 591 cui
3555 539 3802 596 ancillam

481 608 1403 703 confluentis-supereturcaterva,
1428 621 1717 703 postquam
1748 624 1876 669 sunt
1898 615 2091 670 urbem
2192 621 2487 691 quamdam
2514 624 2763 697 deputat,
2825 633 2880 682 et
2925 627 3118 682 vitium
3163 628 3507 698 pedaturam,
3548 648 3671 703 qua:
3696 649 3804 690 sua;

484 697 708 791 egressi,
738 697 964 768 quidam
996 699 1227 755 claudus
1276 709 1332 755 et
1359 701 1616 757 ariditate
1677 719 1965 759 nervorum
1993 721 2093 776 po-
2189 711 2529 787 jungebatur
2574 716 2772 784 vineae,
2829 718 3018 786 donat,
3055 697 3378 791 partemque
3410 697 3662 777 suamvde
3690 723 3808 779 Tal-

484 787 790 883 plitumque
829 799 1166 860 contractus,
1226 793 1500 849 Abraham
1561 796 1808 863 nomine,
1845 798 1936 869 qui
1974 815 2097 854 sca-
2201 806 2460 876 pusciaco
2491 824 2588 879 pro
2628 810 2914 883 obsequiis
2949 787 3072 883 quae
3102 811 3210 866 sibi
3254 787 3640 869 indesinenter
3667 815 3735 869 ab
3753 832 3812 871 ea

483 875 705 931 bellulis
737 879 976 946 haerens,
1007 897 1108 951 per
1156 889 1358 938 terram
1413 899 1472 938 se
1505 886 1886 941 tantummodo
1918 888 2103 941 trahe-

2255 915 2454 970 apensa
2481 875 2732 970 testatur,
2765 875 2814 959 ei
2840 875 3178 960 transcribit.
3207 904 3332 960 Erat
3350 913 3407 961 et
3439 906 3709 979 Remigia,
3728 911 3812 964 cui

485 969 598 1035 bat:
628 977 687 1024 υἱ
745 977 982 1069 Ροξθνῇῒ.»
1025 973 1120 1027 “bi
1177 991 1341 1069 ἔθειᾨὸ
1389 976 1583 1069 urbem
1613 977 1863 1069 Veniens.
1901 980 2004 1035 iter
2032 981 2101 1035 ad
2208 969 2300 1046 dat
2347 993 2657 1049 cochlearia
2713 996 2838 1060 tria,
2897 1012 3019 1068 quae
3074 995 3248 1067 ipsius
3292 969 3631 1052 beatissimi"
3657 969 3820 1069 patris

486 1069 732 1114 sanctam
811 1060 1096 1117 basilicam
1177 1064 1490 1121 inchoasset
1548 1067 1857 1130 intendere,
1919 1069 2106 1124 divina

491 1157 666 1206 tactus
697 1152 963 1222 potentia,
1018 1170 1347 1228 compagum
1402 1158 1606 1214 duritia
1652 1161 1912 1224 resoluta,
1941 1163 2109 1233 coepit

491 1239 560 1293 ad
580 1239 773 1294 salutis
802 1243 1020 1315 extendi
1056 1245 1321 1300 remedia.
1376 1248 1547 1311 Quem
1593 1250 1857 1319 sospitate
1890 1261 2111 1323 recepta

495 1326 749 1396 pluribus
771 1328 1013 1386 vidimus
1033 1332 1196 1387 annis
1218 1333 1578 1404 incolumem,
1594 1345 1836 1393 erectum
1853 1341 2114 1413 gradien-

496 1426 626 1487 tem,
649 1420 959 1493 collataque
1013 1424 1120 1478 sibi
1149 1427 1514 1497 prosperitate
1566 1430 1919 1502 gaudentem.
1956 1435 2015 1488 ln
2047 1450 2114 1489 eo

497 1511 762 1566 veroloco
792 1512 887 1567 ubi
910 1514 1016 1569 hoc
1045 1515 1242 1571 salutis
1263 1518 1465 1573 accidit
1496 1520 1726 1588 donum,
1757 1524 1937 1594 posita
1957 1526 2117 1580 dein-

498 1615 630 1669 ceps
663 1609 840 1656 exstat
890 1603 1146 1659 columna
1203 1623 1368 1662 cruce
1418 1608 1662 1679 prmfixa,
1694 1612 2117 1685 glorificationis

2211 1079 2426 1135 fuerant
2456 1082 2680 1138 nomine
2720 1083 2955 1151 titulata,
3013 1084 3281 1156 delegans
3307 1083 3387 1138 illi
3433 1085 3540 1139 alia
3572 1088 3816 1157 quaedam

2211 1186 2432 1241 quoque
2465 1173 2807 1228 munuscula.
2853 1173 2960 1228 Sed
3011 1181 3065 1227 et
3095 1173 3218 1229 laici
3249 1173 3541 1230 clarissimi
3577 1179 3820 1232 nonnulli

2211 1262 2530 1318 renitebant
2556 1264 2681 1331 viri,
2715 1280 2950 1336 quorum
2983 1265 3279 1336 Pappolus,
3329 1265 3615 1333 Eulodius,
3663 1269 3821 1324 Euse-

2212 1349 2359 1416 bius,
2423 1352 2752 1411 Rusticolus.
2807 1354 3131 1424 Eutropius,
3191 1364 3247 1409 et
3303 1355 3552 1410 Dauveus
3603 1358 3827 1428 privatis

2214 1441 2360 1497 beati
2395 1443 2496 1498 viri
2560 1445 2729 1500 rebus
2793 1446 3187 1514 interfuerunt,
3220 1454 3275 1500 et
3307 1447 3480 1516 ipsius
3501 1455 3826 1504 testamento

2215 1535 2632 1592 subscribentes
2655 1538 2881 1592 nomina
2911 1539 3135 1610 propria
3159 1539 3546 1595 subdiderunt.

2288 1627 2498 1684 Enituit
2541 1629 2707 1684 etiam
2744 1630 2826 1685 vir
2869 1631 3166 1701 praeclarus
3187 1631 3418 1698 Attolus,
3452 1632 3572 1703 qui,
3602 1633 3748 1688 sicut
3779 1633 3828 1687 in

501 1692 664 1795 Pulli?
679 1693 970 1750 οοηιίῐιθηε
1000 1698 1394 1795 ῐῐιοῐιίῐῐιθῐὶξειοΔ
1428 1701 1616 1795 Sed“
1676 1711 1782 1758 iam
1829 1705 1981 1776 prius
2003 1724 2126 1762 6Γο-
2153 1716 2199 1783 B
2225 1718 2344 1786 ejus
2376 1720 2663 1791 epitaphio
2716 1692 2939 1795 legitur,
2975 1737 3164 1778 amore
3189 1692 3487 1794 studioque
3517 1692 3696 1777 sancti
3730 1723 3830 1777 Re-

503 1783 764 1883 Pel‘l‘ime.
799 1803 997 1883 quam“
1019 1799 1232 1883 P0§tea,
1265 1790 1588 1846 Clarissimis
1622 1809 1769 1865 saepe
1801 1797 2128 1868 multiplici-
2227 1809 2402 1882 migii,
2435 1783 3084 1866 xenodochiavduodecim
3100 1808 3268 1863 rebus
3298 1826 3327 1864 e
3359 1783 3598 1883 propriis
3614 1812 3830 1864 struxit:

506 1875 720 1948 busque
752 1878 1032 1936 miraculis
1063 1881 1182 1949 ejus
1229 1883 1469 1954 sepulcri
1536 1886 1828 1942 decoratur
1869 1892 2124 1959 ecclesia,

509 1982 633 2036 quae
656 1968 1222 2039 nequaquamlitteris
1235 1972 1513 2028 habentur
1534 1977 1940 2047 comprehensa
1968 1989 2128 2038 :sunt

512 2072 750 2130 namque
781 2059 1130 2117 multimoda.

1111 2151 1319 2209 CAPUT
1344 2154 1528 2210 XXIII.

749 2242 818 2294 De
850 2240 1136 2310 discipulis
1175 2242 1415 2311 ejusdem
1447 2245 1591 2299 beati
1624 2248 1872 2316 Remigii.

586 2325 828 2382 Fuerunt
859 2328 1021 2397 hujus
1050 2329 1294 2401 denique
1353 2332 1660 2389 beatissimi
1722 2337 1896 2406 patris
1951 2341 2124 2395 nostri

516 2419 878 2488 temporibus,
914 2419 969 2474 in
1001 2421 1101 2476 hac
1132 2422 1266 2477 urbe
1287 2423 1389 2478 viri
1419 2425 1734 2494 clarissimi,
1768 2429 1992 2501 Deoque
2018 2432 2130 2486 vir-

515 2509 722 2565 tutibus
745 2512 982 2583 accepti,
1016 2520 1122 2568 tam
1149 2531 1213 2569 ex
1236 2517 1384 2572 clero
1413 2534 1578 2588 quam
1609 2535 1674 2573 ex
1700 2520 1896 2576 ordine
1933 2523 2134 2587 laicali,

513 2607 704 2671 utpote
732 2601 824 2672 qui
859 2590 976 2668 tali,
1006 2609 1113 2656 tam
1144 2607 1485 2671 venerando,
1530 2616 1753 2679 tamque
1790 2611 2140 2667 sanctissimo

519 2692 935 2747 fumulabantur
957 2693 1120 2763 patri.
1162 2696 1403 2759 Quorum
1443 2697 1671 2752 videtur
1703 2699 1958 2766 eximius,
1988 2702 2146 2775 Agri-

524 2782 646 2836 cola
673 2797 847 2852 nepos
874 2781 1070 2852 ipsius,
1130 2783 1420 2855 presbyter
1471 2781 1838 2856 venerandus,
1873 2799 1930 2844 et
1959 2792 2142 2846 eidem

526 2875 832 2946 obsequiis,
856 2883 917 2930 ut
944 2874 1064 2946 ipse
1096 2882 1346 2941 testatur,
1375 2894 1405 2931 a
1433 2878 1671 2948 pueritia
1694 2881 1949 2951 placitus,
1975 2900 2141 2954 quam

527 2967 861 3022 domesticos
891 2967 1011 3036 ejus
1051 2968 1236 3040 exegit
1281 2968 1424 3023 intra
1464 2969 1704 3041 parietes
1739 2990 1751 3026 :
1784 2989 1946 3044 quem
1975 2975 2142 3029 etiam

529 3073 651 3111 cum
686 3057 928 3112 Ecclesia
958 3057 1240 3125 Remensi,
1271 3058 1549 3131 beatoque
1570 3061 1722 3132 Lupo
1748 3062 2012 3134 episc0po
2036 3064 2143 3119 fra-
2176 3095 2224 3162 Ο

532 3148 629 3204 tris
648 3149 731 3203 sui
765 3147 901 3216 filio,
936 3151 992 3203 in
1024 3149 1174 3204 omni
1202 3150 1510 3206 substantia
1537 3169 1659 3220 sua,
1704 3156 1971 3224 prteterid
2003 3159 2152 3228 quod

530 3241 844 3313 specialiter
901 3242 1206 3314 unicuique
1270 3244 1589 3312 donaverat,
1642 3247 1832 3303 darive
1889 3249 2150 3317 jusserat,

534 3334 808 3389 haeredem
838 3334 1128 3390 constituit
1179 3335 1238 3390 Ei
1288 3353 1508 3409 quoque
1578 3339 1855 3410 mancipia
1887 3343 2152 3398 nonnulla

533 3445 656 3484 cum
679 3428 858 3482 vineis
922 3429 1278 3499 peculiariter
1335 3432 1614 3502 deputans
1646 3435 1892 3502 tradidit,
1937 3437 2040 3493 hoc
2071 3438 2149 3492 illi

537 3517 774 3572 fidenter
807 3517 1108 3592 injungens
1135 3526 1192 3574 ut
1234 3519 1435 3575 diebus
1488 3521 1645 3577 festis
1675 3530 1730 3577 et
1761 3525 2022 3580 omnibus
2042 3527 2152 3582 Do-

537 3610 777 3677 minicis,
810 3610 982 3666 sacris
1010 3610 1281 3665 altaribus
1306 3611 1429 3680 ejus
1458 3611 1747 3669 oﬁ‘erretur
1795 3615 2024 3682 oblatio,
2057 3633 2157 3670 an-

540 3715 761 3770 nuaque
790 3698 1044 3754 convivia
1076 3699 1446 3756 Remensibus
1473 3703 1815 3774 presbyteris
1835 3713 1889 3759 et
1911 3705 2160 3760 diaconi-

539 3787 643 3842 bus
671 3787 1076 3867 prmberentur.
1119 3788 1244 3844 Erat
1301 3798 1356 3845 et
1413 3791 1555 3846 alius
1619 3809 1791 3864 nepos
1821 3795 1962 3863 ejus,
2009 3795 2160 3850 Etius

540 3877 784 3944 nomine,
821 3876 907 3932 cui
942 3884 1152 3948 partem
1185 3878 1255 3932 de
1305 3877 1624 3948 Cesurnico,
1679 3898 1802 3953 quae
1849 3883 1957 3938 sibi
2009 3894 2158 3940 sorte

537 3967 827 4024 divisionis
859 3968 1180 4038 obvenerat,
1199 3987 1322 4026 cum
1356 3972 1504 4027 omni
1520 3973 1646 4042 jure
1673 3974 1822 4046 quod
1851 3975 1929 4029 ibi
1965 3983 2160 4032 tenue-

541 4065 622 4112 rat
650 4063 816 4128 atque
884 4058 1223 4128 possederat.
1257 4060 1612 4116 Ambrosium
1643 4079 1865 4136 quoque
1898 4082 2155 4136 puerum,

540 4167 664 4206 cum
681 4149 909 4205 familiis
933 4150 1269 4222 quibusdam
1302 4152 1623 4226 designans,
1655 4155 1720 4208 ad
1750 4155 1842 4223 jus
1869 4157 2019 4211 illius
2056 4158 2158 4212 do-

544 4242 886 4314 miniumque
942 4242 1294 4298 transmittit.
1374 4243 1577 4300 Aderat
1629 4253 1684 4301 et
1748 4248 2153 4319 Agathimerus,

541 4349 698 4407 aeque
722 4350 896 4405 nepos
923 4334 1123 4406 ipsius,
1151 4335 1241 4390 cui
1292 4334 1530 4392 familias
1560 4338 1825 4409 quasdam
1869 4340 2153 4415 delegans,

542 4423 758 4479 vineam
783 4439 1009 4497 quoque
1039 4440 1203 4496 quam
1249 4433 1407 4497 pater
1457 4426 1606 4482 idem
1639 4427 1992 4484 beatissimus
2025 4431 2156 4484 Vin-

541 4513 782 4570 donissae
813 4521 1093 4586 posuerat,
1124 4523 1179 4570 et
1209 4531 1310 4572 suo
1340 4515 1532 4572 labore
1555 4517 1938 4584 constituerat,
1967 4517 2070 4574 sub
2089 4535 2154 4574 ea

543 4607 864 4664 conditione
896 4609 1143 4675 donavit,
1174 4616 1234 4665 ut
1265 4609 1526 4665 omnibus
1546 4609 1746 4666 diebus
1766 4609 1922 4666 festis
1953 4627 2016 4666 ac
2045 4611 2159 4666 Do-

543 4697 764 4753 minicis
792 4713 892 4769 pro
931 4698 1458 4754 commemoratione
1515 4715 1613 4754 sua
1657 4701 1829 4755 sacris
1893 4699 2161 4756 altaribus

543 4787 1113 4871 oﬁ'erretur‘oblatio,
1181 4799 1236 4845 et
1307 4790 1768 4848 Lauduncnsibus
1826 4791 2163 4864 presbyteris

543 4885 712 4950 atque
740 4878 1072 4935 diaconibus
1127 4896 1310 4936 annua
1349 4880 1600 4936 convivia
1659 4890 2002 4950 pararentur.
2058 4883 2159 4935 Ar-

544 4969 860 5027 chidiaconi
877 4971 962 5026 sui
981 4971 1101 5026 Ursi
1121 4986 1180 5027 se
1212 4970 1583 5028 familiaribus
1610 4974 2158 5046 asserensobsequiis

547 5079 727 5130 usum,
761 5063 931 5119 donat
955 5064 1006 5118 ei
1025 5065 1263 5120 casulam
1297 5066 1590 5138 quamdam
1612 5065 1895 5133 subtilem,
1919 5068 2154 5123 etaliam

547 5151 878 5223 pleniorem,
911 5154 1020 5209 duo
1048 5170 1180 5229 saga
1233 5153 1488 5222 delicata,
1538 5163 1724 5228 tapete
1754 5173 1976 5229 quoque
2007 5158 2156 5229 quod

547 5242 787 5298 habebat
816 5243 1067 5310 in‘lecto,
1088 5252 1142 5298 et
1161 5244 1404 5301 tunicam
1422 5263 1586 5318 quam
1611 5254 1859 5318 tempore
1893 5249 2159 5303 transitus

545 5332 631 5386 sui
663 5333 1002 5405 relinqueret
1058 5335 1360 5392 meliorem.
1398 5334 1569 5391 Erant
1599 5345 1655 5391 et
1682 5336 1776 5392 alii
1819 5335 2034 5408 probati
2057 5335 2160 5391 viri

547 5430 679 5480 tunc
700 5424 887 5480 Remis
906 5441 970 5480 ex
1010 5425 1159 5483 clero
1207 5435 1318 5482 tam
1378 5427 1686 5498 presbyteri
1719 5445 1884 5500 quam
1914 5427 2156 5490 diaconi,

545 5529 684 5584 quos
715 5529 946 5569 munere
975 5530 1076 5570 suo
1131 5515 1335 5590 dignos
1379 5515 1644 5583 ostendit,
1678 5517 1992 5588 quibusque
2018 5517 2163 5572 dona

544 5605 793 5679 largitus,
819 5605 1108 5662 etvineam
1135 5606 1356 5680 delegat
1385 5609 1754 5664 communiter
1770 5608 2160 5681 possidendam

542 5713 667 5754 cum
698 5698 953 5766 vinitore,
985 5698 1198 5754 addens
1223 5699 1306 5754 eis
1323 5699 1428 5754 alia
1459 5700 1972 5774 quaedam-quoque
2003 5717 2162 5757 man—

2227 1901 2589 1972 sepultusque
2620 1917 2742 1957 cum
2775 1900 2891 1956 filio
2922 1908 2976 1956 et
3013 1899 3126 1955 filia
3157 1908 3280 1971 post
3309 1901 3482 1956 altare
3522 1901 3578 1956 in
3607 1901 3837 1958 ecclesia

2227 1991 2375 2046 beati
2406 1991 2612 2046 Juliani
2668 1989 2945 2060 martyris,
3001 1990 3148 2043 hunc
3197 1991 3496 2059 sepulturae
3535 1991 3840 2045 declaratur

2230 2082 2436 2138 habere
2463 2082 2681 2138 titulum
2709 2082 2901 2153 templi
2930 2081 3226 2152 pinnaculo
3247 2081 3556 2136 innotatum
3587 2101 3602 2136 :

2290 2170 2552 2234 llicgigitur
2580 2170 2778 2234 nullum
2810 2169 2978 2234 lateat,
3003 2169 3121 2232 quid
3157 2177 3284 2217 terra
3313 2176 3537 2227 retentat,

2352 2232 2559 2297 Ne‘quis
2579 2233 2620 2280 si
2654 2232 3040 2297 cupiatdiscere,
3068 2245 3235 2280 cassus
3255 2240 3348 2280 eat.

2289 2293 2486 2344 Subdus
2517 2296 2653 2344 enim
2685 2293 2778 2342 tria
2801 2294 3076 2344 consistunt
3105 2301 3427 2343 monumenta
3454 2295 3670 2356 petrina,

2359 2358 2411 2406 ln
2443 2358 2624 2420 quibus
2645 2357 2890 2420 almorum
2924 2371 3130 2419 corpora
3160 2357 3360 2405 condita
3384 2365 3517 2420 sunt.

2294 2420 2383 2468 Hic
2407 2419 2544 2482 pater
2565 2427 2638 2468 est
2661 2419 2873 2482 Attolus,
2905 2427 3037 2475 nato,
3069 2426 3290 2482 nataque,
3309 2419 3549 2481 sepultus,

2360 2480 2757 2545 Exspectantque
2781 2481 2913 2530 diem
2939 2496 3071 2530 nunc
3097 2480 3296 2545 Domini
3326 2480 3603 2545 properam.

2301 2543 2441 2592 lllius
2461 2543 2588 2592 certe
2619 2543 2765 2593 natus
2797 2552 3100 2592 memoratur
3122 2543 3326 2592 Elanus.

2365 2606 2489 2654 Nata
2513 2605 2694 2655 deinde
2723 2620 2814 2655 sua
2833 2606 3018 2655 dicitur
3051 2605 3296 2654 Eufrasia.

2307 2669 2398 2729 Qui
2427 2669 2652 2730 placuere
2677 2669 2790 2725 Deo,
2822 2669 2968 2718 dictis
3001 2668 3239 2730 factisque
3259 2683 3508 2731 supremo.

2373 2731 2513 2779 Nunc
2529 2732 2739 2796 pariter,
2765 2745 2979 2796 quorum
3007 2731 3230 2796 membra
3247 2739 3417 2796 tenent
3430 2731 3674 2781 loculum.

2306 2794 2352 2842 ls
2383 2793 2562 2841 struxit
2578 2793 2653 2841 bis
2677 2792 2796 2842 sena
2824 2793 2927 2842 suis
2951 2792 3254 2842 xenodochia
3276 2792 3439 2850 rebus,

2369 2857 2485 2904 Jure
2507 2856 2678 2904 fovens
2698 2855 2880 2918 plebes,
2906 2855 3097 2905 divitiis
3119 2855 3308 2918 inopes.

2304 2918 2381 2967 Sic
2409 2918 2664 2980 proprium
2693 2917 2893 2967 censum
2911 2919 3092 2966 ccelum
3126 2917 3398 2980 transvexit
3419 2917 3482 2965 ad
3512 2918 3695 2974 altum,

2369 2979 2421 3028 lii
2439 2979 2535 3043 quo
2564 2980 2916 3044 suscepitquod
2941 2979 3221 3044 miserando
3249 2979 3695 3044 [ms.gmiserendo]
3719 2981 3862 3030 dedit.

2304 3041 2593 3106 l'locit'otum
2618 3041 2900 3106 sub‘am—ore
2920 3042 3046 3092 sacri
3064 3041 3344 3106 studioque
3371 3042 3582 3106 Bemigi,

2373 3105 2445 3154 0b
2467 3106 2597 3168 quod
2630 3105 2942 3168 praerutilum
2972 3104 3163 3154 detinet
3183 3104 3289 3168 ipse
3317 3104 3505 3168 polum.

2326 3189 2474 3242 Hanc
2505 3205 2628 3243 esse
2661 3204 2880 3259 quoque
2909 3203 3034 3242 reor
3065 3187 3381 3248 ecclesiam,
3413 3187 3484 3241 de
3511 3204 3622 3258 qua
3656 3187 3860 3261 Grego-

2253 3282 2366 3337 rius
2415 3283 2754 3337 Turonensis
2805 3281 2974 3336 refert
3030 3281 3149 3349 (lib.
3187 3299 3222 3335 ιι
3267 3284 3460 3336 Mirac.
3530 3281 3626 3352 qui
3693 3284 3867 3336 estde

2246 3373 2497 3441 passione
2526 3377 2574 3425 et
2601 3374 2790 3425 mirae.
2829 3371 2886 3424 S.
2919 3372 3153 3435 Juliani,
3204 3387 3252 3424 c.
3309 3369 3420 3435 32),
3466 3371 3614 3440 quod
3648 3371 3863 3442 quidam

2251 3460 2487 3535 Belgicae
2515 3460 2776 3515 secundze
2807 3459 3108 3531 provincim
3169 3459 3226 3513 in
3281 3457 3551 3513 suburbio
3585 3458 3869 3514 “emensis

2256 3548 2409 3602 urbis
2441 3549 2494 3602 in
2515 3549 2723 3604 honore
2752 3549 2809 3601 Β.
2843 3548 3100 3620 martyris
3129 3548 3296 3616 hujus
3321 3546 3604 3602 basilicam
3630 3549 3869 3604 studiose

2258 3641 2565 3695 construxit
2609 3641 2772 3709 Cujus
2805 3640 3071 3712 reliquias
3102 3647 3224 3710 post
3258 3639 3558 3711 perfectam
3588 3640 3868 3706 fabricam,

2261 3728 2497 3784 fideliter
2513 3737 2778 3800 expetens
2830 3746 2895 3784 ac
2931 3729 3152 3794 devote,
3186 3729 3441 3799 percepit
3472 3746 3484 3780 :
3518 3729 3868 3800 acceptisque

2259 3818 2444 3874 viatim
2474 3817 2758 3888 psallendo
2817 3816 3164 3889 regrediens,
3197 3816 3329 3871 dum
3387 3817 3720 3871 Remensem
3754 3833 3866 3871 cum

2261 3907 2348 3963 his
2373 3907 2719 3978 campaniam
2761 3905 3092 3978 ingreditur,
3149 3921 3180 3958 a
3222 3905 3548 3976 pervasione
3605 3905 3871 3961 daemonis

2262 3998 2428 4053 homo
2457 3996 2702 4069 quidam,
2737 3994 2913 4050 sancti
2928 3994 3036 4050 sibi
3069 3995 3324 4066 martyris
3351 3994 3515 4063 hujus
3545 3994 3872 4070 pignoribus

2259 4089 2556 4162 applicitis,
2588 4089 2880 4143 liberatur.

2858 4179 3068 4236 CAPUT
3097 4179 3274 4234 XXIV.

2719 4273 2792 4325 De
2834 4275 3018 4324 sancto
3072 4269 3411 4324 Theoderico.

2329 4358 2654 4414 Exstititliis
2679 4359 2844 4413 etiam
2901 4358 3207 4414 beatissimi
3256 4357 3492 4433 Remigii
3527 4360 3876 4430 temporibus

2261 4449 2457 4504 beatus
2482 4447 2568 4503 vir
2587 4448 2980 4514 Theodericus,
2998 4448 3126 4502 almi
3150 4448 3398 4523 magistri
3413 4447 3874 4520 piusdiscipulus,

2263 4558 2427 4613 quem
2461 4557 2571 4596 non
2602 4557 2669 4595 ex
2695 4541 2806 4596 alto
2823 4541 3152 4596 voluitadeo
3185 4541 3454 4615 sanguine
3485 4539 3876 4612 generari,qui

2261 4633 2576 4689 sublimiter
2602 4634 2750 4688 hunc
2777 4633 2831 4690 in
2863 4633 3525 4706 generationejustorum
3559 4633 3880 4688 decreverat

2264 4728 2577 4783 nobilitare.
2615 4727 2776 4782 Ortus
2804 4737 2988 4782 autem
3024 4743 3165 4802 pago
3198 4726 3480 4789 Remensi,
3501 4726 3649 4790 villa,
3685 4737 3749 4784 ut
3776 4733 3880 4779 tra-

2263 4816 2430 4881 ditur,
2455 4815 2886 4871 Alamannorum
2917 4815 3098 4883 Corte,
3130 4825 3286 4886 patre
3300 4815 3530 4879 latrone,
3574 4815 3747 4869 veluti
3764 4829 3880 4868 rosa

2259 4903 2546 4975 spinarum
2582 4912 2902 4976 procreatur
2934 4905 3187 4960 horrore.
3221 4905 3299 4959 Ad
3333 4903 3727 4959 declarandam
3755 4918 3880 4956 vero

2259 4995 2525 5051 castitatis
2555 4997 2675 5066 ejus
2713 4996 3064 5062 munditiam,
3107 5012 3217 5068 quo
3260 4994 3596 5050 infantilium
3631 4994 3878 5064 ejusdem

2259 5088 2540 5160 panniculi
2568 5089 2708 5159 [ms.,
2731 5089 2975 5160 pannuli]
3009 5089 3260 5144 feruntur
3283 5087 3489 5154 abluti,
3511 5103 3621 5141 non
3634 5085 3880 5140 sordium

2253 5181 2423 5250 jactu,
2452 5196 2561 5235 non
2584 5180 2817 5252 alicujus
2844 5179 3212 5236 immunditiae
3245 5187 3449 5249 puteus
3487 5178 3881 5250 inquinamen-

2258 5278 2333 5336 to,
2359 5269 2563 5326 licetos
2601 5270 2724 5339 ejus
2763 5287 2827 5325 ex
2859 5280 2991 5326 tunc
3044 5271 3112 5324 de
3170 5284 3321 5324 more
3378 5274 3584 5340 pateat,
3615 5266 3886 5321 astruitur

2262 5360 2427 5415 infici.
2465 5361 2660 5416 Beatus
2714 5363 2898 5434 itaque
2951 5360 3326 5417 Theodericus
3380 5359 3447 5413 ad
3503 5374 3679 5414 annos
3709 5372 3884 5428 usque

2261 5449 2568 5521 pubertatis
2597 5449 2951 5505 laudabiliter
2986 5451 3275 5516 educatus,
3323 5449 3476 5520 juxta
3509 5462 3721 5503 morem
3753 5460 3885 5517 pro—

2263 5537 2576 5608 pagationis
2601 5539 2875 5607 humanae,
2906 5539 3091 5595 studio
3115 5546 3405 5610 parentum
3429 5543 3676 5603 coactus,
3715 5551 3887 5605 spon-

2262 5645 2378 5684 sam
2401 5629 2570 5700 coepit
2619 5629 2826 5685 habere
2868 5633 3099 5687 nomine
3158 5640 3323 5688 tenus
3351 5645 3603 5696 uxorem,
3637 5643 3741 5682 ceu
3776 5641 3886 5681 non

2265 5720 2574 5777 habiturus.
2604 5723 2801 5777 Amore
2862 5723 3137 5794 siquidem
3191 5721 3500 5779 caelestium
3523 5721 3762 5776 latenter
3803 5719 3886 5772 in-
