4034 6174
291 291 365 346 85
969 282 1298 340 HISTORIAE
1337 283 1668 340 ECCLESl/E
1709 284 2036 339 REMENSIS
2076 284 2253 339 LIBRI
2293 284 2619 348 QUATUOR.
2645 317 2715 327 —
2755 287 2881 345 LIB.
2925 289 2944 342 Ι
3553 293 3624 347 86

292 421 627 485 ﬂammatus,
654 415 775 471 fieri
807 414 1066 472 studebat
1102 416 1198 470 Dei
1227 417 1406 472 cultor
1431 416 1699 472 occultus.
1737 417 1906 486 Hujus
1936 423 1986 488 A
2011 417 2238 473 vertice.
2260 418 2394 472 dum
2409 418 2863 474 circumferentes
2881 421 3168 476 oculorum
3197 422 3478 491 aciem,dc
3506 441 3624 482 mo-

295 510 467 583 igitur
496 505 732 580 angelici
763 505 942 560 cultus
973 505 1166 559 habuit
1197 505 1252 558 in
1302 505 1573 576 proximo,
1607 521 1716 576 quo
1747 521 1909 560 sana-

296 605 447 652 retur
468 594 766 660 medicum,
809 609 920 664 quo
944 594 1230 661 juvaretur
1259 601 1571 664 patronum,
1605 609 1715 665 quo
1744 594 1911 650 doce-

295 699 450 744 retur
473 689 822 762 magistrum,
876 685 1260 740 beatissimum
1298 685 1559 740 videlicet
1589 695 1798 756 patrem
1819 704 1909 742 re-

289 774 520 851 ligionis
539 793 655 832 sum
709 774 1044 848 Remigium.
1093 772 1258 844 Cujus
1291 773 1528 844 piissimi
1550 775 1911 846 praeceptoris

291 867 590 921 irradiatus
623 863 915 934 exemplis,
940 862 1141 917 ardens
1169 861 1449 917 desiderio
1476 862 1764 929 virtutum,
1789 879 1910 918 cer-

285 959 444 1013 tatim
475 956 761 1013 crescebat
786 955 841 1009 in
871 955 1053 1010 virum
1088 953 1420 1025 perfectum.
1441 953 1665 1025 Copula;
1687 955 1910 1026 nuptia-

288 1049 357 1102 lis
387 1062 544 1102 amor
572 1044 884 1108 amarescit,
919 1053 975 1098 et
1003 1042 1270 1097 castitatis
1296 1042 1520 1097 dilectio
1551 1043 1905 1111 indulcescit,

285 1139 632 1195 desiderium
661 1135 942 1191 desiderio
997 1134 1366 1206 restringitur,
1425 1144 1480 1189 et
1517 1134 1682 1190 ardor
1723 1136 1904 1190 carnis

285 1231 485 1285 ardore
505 1228 732 1299 spiritus
761 1233 1075 1296 superatur.
1108 1223 1476 1278 Abrenuntiat
1505 1233 1714 1279 amator
1741 1224 1903 1295 pudi-

285 1322 436 1377 citiae
466 1320 697 1387 mundo,
728 1318 910 1374 foedus
941 1317 1185 1372 initcum
1211 1316 1340 1370 Deo.
1369 1315 1578 1369 Bellum
1610 1317 1912 1371 continen‘

287 1419 378 1465 tim
409 1410 674 1464 indicitur
713 1406 881 1472 hosti,
926 1405 1193 1478 singulari
1242 1405 1395 1459 locus
1423 1404 1690 1475 quatritur
1727 1414 1906 1460 certa-

284 1504 444 1560 mini.
473 1501 783 1572 Alloquitur
812 1500 1011 1553 beatus
1037 1497 1414 1552 Theodericus
1436 1511 1719 1567 sponsam,
1754 1504 1809 1552 et
1833 1499 1901 1552 ad

281 1591 476 1663 sponsi
493 1589 737 1646 cmlestis
777 1589 1024 1643 hortatur
1051 1602 1293 1640 amorem
1327 1593 1773 1658 perpetuumque
1803 1605 1900 1658 pro

278 1688 601 1760 virginitate
627 1685 921 1757 pollicetur
945 1685 1231 1739 honorem.
1262 1683 1366 1738 Sed
1385 1699 1589 1753 sponsa
1611 1684 1902 1740 tabescens

279 1797 469 1836 amore
500 1779 736 1834 carnalis
762 1777 1051 1843 desiderii,
1111 1776 1326 1846 spernit
1372 1776 1634 1831 salutaria
1686 1779 1896 1833 monita

279 1871 497 1943 sponsi,
517 1878 571 1924 et
591 1885 777 1924 amaro
799 1869 987 1922 animo
1008 1867 1326 1937 respondet,
1343 1866 1473 1921 dum
1498 1883 1558 1921 se
1580 1867 1893 1938 despectam

277 1966 450 2019 videt.
487 1963 735 2034 Cumque
788 1962 885 2016 Dei
932 1977 1123 2016 servus
1179 1969 1432 2015 cerneret
1482 1959 1630 2031 quod
1690 1959 1811 2027 ejus
1842 1960 1898 2013 in

274 2053 465 2107 animo
493 2067 712 2122 sponsae
764 2049 1073 2106 cohortatio
1120 2051 1304 2104 locum
1355 2065 1466 2104 non
1506 2048 1753 2115 haberet,
1784 2049 1899 2104 dis-

276 2145 610 2200 sentientem
633 2143 862 2207 deserit,
894 2143 1163 2198 eturbem
1192 2142 1522 2197 Remensem
1541 2143 1764 2212 proprie
1796 2158 1896 2212 pe-

277 2244 422 2298 tens,
464 2233 802 2288 abbatissam
843 2231 1134 2303 quamdam
1184 2230 1402 2286 cmlibis
1431 2229 1558 2285 vitae
1585 2229 1896 2298 cultricem,

278 2325 504 2379 nomine
535 2325 862 2388 Susannam,
903 2321 1154 2393 requirit.
1217 2319 1444 2374 Sobrius
1483 2321 1599 2374 adit
1627 2321 1890 2383 sobriam.

275 2417 516 2486 pudicus
546 2415 828 2486 pudicam,
886 2414 1042 2483 virgo
1076 2413 1347 2479 virginem
1380 2430 1392 2465 :
1434 2427 1558 2484 quae
1589 2411 1692 2466 sub
1723 2412 1895 2467 tutela

275 2507 420 2560 beati
455 2505 691 2579 Remigii
710 2503 944 2575 puellari
980 2511 1212 2574 praeerat
1227 2501 1662 2576 congregationi,
1686 2501 1889 2556 femina

274 2599 447 2652 virilis
477 2599 672 2663 animi,
716 2597 904 2670 virago
953 2595 1213 2666 profundi
1273 2594 1517 2658 consilii,
1552 2593 1890 2649 consiliatrix

273 2689 486 2743 altioris
543 2687 777 2758 ingenii.
836 2687 914 2740 Ad
964 2687 1122 2754 cujus
1178 2686 1444 2756 piissimm
1479 2686 1689 2751 matris,
1738 2686 1893 2739 sinus

276 2780 602 2835 mitissimos
664 2789 886 2834 sanctus
932 2795 992 2833 se
1043 2778 1278 2833 contulit
1334 2779 1709 2833 Theodoricus
1773 2779 1892 2834 solo

275 2871 539 2924 sternitur
631 2877 757 2923 ante
840 2868 1008 2938 pedes
1087 2867 1355 2938 spiritalis
1456 2868 1668 2932 matris,
1727 2868 1892 2940 eique

276 2963 460 3033 prodit
491 2978 694 3017 arcana
751 2961 851 3016 soli
891 2962 1002 3016 Deo
1051 2960 1272 3033 cognita
1322 2961 1409 3014 sui
1437 2961 1620 3016 cordis
1658 2977 1891 3026 ;erum-

275 3053 539 3123 pentibus
597 3051 857 3122 lacrymis
919 3049 1129 3125 gemitu
1180 3049 1590 3115 conturbatur,
1647 3050 1892 3125 singultu

274 3144 639 3205 concutitur,
719 3149 884 3214 atque
965 3141 1188 3196 salubre
1248 3141 1543 3196 consilium
1604 3142 1711 3196 sibi
1771 3158 1894 3196 cum

269 3233 527 3287 subsidio
590 3247 821 3302 precum
855 3230 1093 3286 subnixe
1150 3229 1277 3285 ferri
1309 3241 1584 3303 precatur.
1619 3232 1694 3286 Ad
1745 3235 1894 3289 hunc

269 3325 1031 3396 compunctionismmrorem
1050 3323 1397 3379 devotissimi
1409 3324 1632 3391 juvenis
1647 3341 1895 3381 commo-

272 3423 326 3468 ta
359 3422 496 3468 sunt
521 3414 735 3468 viscera
758 3412 1180 3485 benignissima:
1212 3412 1427 3500 matris,
1476 3412 1628 3468 ﬂenti
1661 3430 1892 3485 compa-

273 3505 430 3569 titur,
465 3503 748 3576 lugentem
792 3502 1129 3565 consolatur,
1164 3510 1485 3556 mmrentem
1554 3503 1815 3570 laetificat,
1843 3515 1898 3561 et

275 3607 335 3652 ut
354 3614 487 3652 eum
518 3597 630 3652 voti
655 3608 964 3669 compotem
1007 3599 1192 3666 faciat,
1224 3599 1514 3655 Dominum
1548 3598 1772 3670 pietatis
1803 3615 1896 3652 ex-

274 3685 952 3758 oratQCommunisitaque
982 3695 1138 3758 pater
1171 3688 1462 3758 utriusque
1499 3686 1801 3757 piissimus,
1827 3685 1896 3740 ab

277 3785 515 3847 utroque
545 3776 706 3830 simul
738 3777 844 3831 hac
890 3777 960 3831 de
1009 3792 1174 3832 causa
1204 3785 1430 3832 sanctus
1455 3775 1761 3831 consulitur
1792 3776 1895 3830 Re~

275 3867 520 3938 migius:
555 3867 708 3934 cujus
765 3867 1114 3923 institutione
1163 3856 1484 3922 sublimiter
1533 3867 1645 3934 jam
1701 3866 1896 3920 beatus

274 3955 589 4023 profecerat
618 3957 1013 4012 Theodericus.
1069 3957 1173 4012 Pro
1203 3972 1409 4028 sponsa
1447 3955 1688 4026 denique
1722 3954 1896 4008 mitti-

278 4056 385 4111 tur,
399 4053 625 4100 aeternae
642 4045 936 4116 praemium
954 4044 1338 4100 retributionis
1361 4044 1418 4098 in
1439 4043 1752 4115 virginitate
1776 4057 1895 4113 per-

277 4135 670 4190 severantibus
694 4153 725 4190 a
749 4145 903 4206 patre
941 4136 1146 4191 servari
1191 4136 1610 4190 demonstratur
1653 4149 1664 4185 :
1691 4140 1747 4186 et
1763 4131 1894 4203 quia

277 4226 573 4301 virginitas
598 4227 862 4300 angelicae
890 4225 1346 4300 gratamunditiae
1377 4223 1447 4278 sit
1473 4223 1669 4286 amica,
1696 4237 1896 4292 propa-

281 4320 446 4373 latur.
497 4318 816 4388 Acquiescit
856 4335 1060 4389 sponsa
1086 4320 1315 4374 demum
1344 4317 1762 4390 prudentissimi
1797 4334 1897 4388 pa-

279 4409 398 4474 tris,
430 4408 544 4462 imo
567 4409 954 4479 complectitur
982 4408 1258 4474 aﬁamina,
1289 4409 1414 4464 vitae
1435 4409 1676 4464 caelestis
1703 4408 1894 4472 dulge-

277 4500 410 4552 dine
439 4496 669 4560 mellita,
692 4512 927 4568 seseque
961 4497 1274 4568 pollicetur,
1302 4498 1347 4552 si
1368 4497 1580 4552 Christo
1596 4506 1889 4562 mereatur,

277 4589 592 4651 adhaerere,
643 4585 1018 4656 incorruptam
1049 4587 1198 4640 salva
1244 4587 1516 4657 pudicitia
1547 4605 1892 4658 permanere.

282 4675 462 4730 Laetus
483 4674 707 4728 tandem
735 4674 1004 4728 castitatis
1036 4675 1238 4730 decore
1270 4691 1508 4746 sponsus
1555 4677 1898 4746 amplexatur

277 4783 566 4838 sponsam,
596 4781 764 4836 quam
809 4767 959 4821 videt
992 4784 1023 4821 a
1055 4767 1338 4822 voluntate
1371 4769 1685 4824 seductoris
1724 4779 1778 4823 et
1805 4784 1902 4822 vo—

280 4859 494 4927 luptate
524 4857 709 4909 carnis
755 4864 1028 4926 ereptam,
1061 4857 1447 4930 conditorique
1474 4859 1586 4926 jam
1619 4859 1720 4913 sub
1757 4859 1904 4914 inte-

283 4945 502 5018 gritatis
526 4944 738 4999 honore
765 4946 1154 5016 mancipatam.

351 5034 624 5108 Dirigitur
653 5033 720 5086 ad
751 5035 1157 5104 providendum
1190 5036 1498 5092 sibilocum
1542 5035 1904 5091 habitationis

285 5140 414 5178 cum
444 5122 663 5195 virgine
708 5123 883 5194 virgo,
945 5125 1196 5178 Susanna
1237 5141 1359 5179 cum
1415 5125 1757 5180 Theoderico
1814 5126 1904 5180 Est

282 5217 478 5270 silvula
509 5217 563 5268 in
591 5224 781 5270 monte
803 5215 925 5281 sita,
961 5216 1185 5271 tribusa
1215 5217 1434 5271 civitate
1466 5218 1715 5272 millibus
1737 5235 1902 5290 sepa-

283 5317 419 5373 rata,
455 5306 512 5358 in
543 5320 655 5374 quo
681 5305 859 5358 visum
903 5317 987 5359 est
1040 5306 1344 5360 venerabili
1373 5324 1594 5378 semper
1625 5308 1677 5362 in
1699 5309 1902 5363 divinis

281 5397 537 5471 ﬂagranti
561 5397 703 5467 patri
728 5397 975 5470 Remigio
997 5399 1242 5453 construi
1271 5399 1594 5454 cmnobium
1628 5417 1640 5453 :
1666 5417 1774 5472 quo
1798 5399 1899 5454 sub

282 5489 358 5560 pii
419 5487 699 5561 regimine
749 5489 1024 5558 ductoris,
1080 5505 1245 5562 quem
1312 5491 1582 5563 prolicere
1633 5491 1902 5562 probabat

282 5581 539 5653 exemplo
592 5582 880 5646 virtutum,
940 5591 1216 5638 catervam
1285 5584 1502 5639 Christo
1550 5583 1903 5638 militantium

285 5675 582 5747 colligeret
613 5673 862 5729 fratrum.
889 5675 1208 5732 Conscenso
1227 5677 1470 5748 denique
1487 5678 1673 5733 silvosi
1705 5678 1907 5733 montis

2013 502 2238 556 nasterii
2263 505 2428 558 corde
2459 503 2706 559 volutant
2732 507 3029 577 positione,
3048 510 3234 566 subito
3255 511 3481 566 sublimi
3509 531 3623 570 ca)-

2012 591 2189 667 lorum
2217 594 2454 649 mittitur
2515 594 2689 667 aliger
2736 595 2902 650 index
2947 614 2978 651 a
3027 599 3294 663 culmine,
3337 617 3436 671 per
3456 619 3620 673 quem

2009 681 2182 737 caelos
2211 698 2473 738 scansuro
2521 683 2676 738 locus
2702 683 2758 737 in
2789 685 2952 739 terris
2997 686 3163 744 beato
3203 689 3624 760 depromeretur

2009 773 2376 832 Theoderico.
2407 777 2539 831 Nam
2571 776 2835 848 mysticus
2858 777 2972 833 ales
3001 777 3186 850 aquila
3214 779 3618 855 spatiandogy-

2010 885 2138 925 rans
2163 879 2222 925 et
2240 872 2486 943 gyrando
2507 871 2932 938 circumvolans,
2959 881 3227 942 quantum
3258 874 3314 928 in
3346 875 3468 946 ipso
3496 876 3620 944 fuit,

2009 965 2192 1020 locum
2225 964 2547 1020 monasterii
2603 979 2862 1034 capacem
2911 979 3106 1019 secans
3135 981 3264 1019 aera
3289 966 3615 1040 designavit.

2009 1053 2071 1107 Et
2097 1062 2157 1107 ut
2187 1053 2501 1124 expressius
2565 1052 2882 1107 ostenderet
2935 1053 3068 1123 quid
3110 1053 3376 1108 Dominus
3431 1055 3617 1122 vellet,

2007 1142 2175 1196 unius
2210 1142 2324 1196 fere
2355 1143 2503 1198 horae
2532 1142 2732 1212 spatio,
2775 1159 2941 1212 supra
2972 1142 3068 1196 ubi
3101 1141 3339 1196 ecclesia
3375 1145 3618 1198 construi

2005 1229 2219 1296 debuit,
2255 1231 2422 1286 lentis
2452 1231 2726 1286 volatibus
2752 1231 2922 1298 stetit,
2949 1238 3002 1286 et
3031 1247 3103 1285 ne
3128 1230 3230 1285 hoc
3245 1230 3313 1284 ab
3355 1231 3621 1287 incredu-

2006 1325 2076 1378 lis
2105 1340 2233 1379 casu
2252 1323 2551 1396 contigisse
2570 1331 2876 1393 putaretur,
2893 1323 3014 1393 ipso
3044 1322 3242 1377 natalis
3258 1322 3479 1377 Domini
3506 1321 3616 1389 die,

2005 1417 2376 1489 quadriennio
2424 1415 2694 1471 continuo
2741 1415 3172 1486 supervolando,
3218 1415 3618 1470 monasterium

2003 1513 2323 1576 circumire,
2340 1508 2672 1564 mirantibus
2691 1509 2970 1580 plurimis,
2991 1510 3190 1563 eadem
3218 1510 3404 1580 aquila
3423 1525 3621 1564 cerne-

2005 1609 2189 1665 batur.
2221 1610 2349 1674 Qum
2377 1619 2507 1659 vero
2539 1604 2810 1658 virtutum
2869 1620 3037 1674 opera
3073 1612 3279 1675 quanta
3312 1605 3615 1659 miraculo-

2002 1716 2120 1754 rum
2145 1697 2309 1751 miles
2342 1693 2539 1749 Christi
2559 1691 2934 1747 Theodericus
2963 1693 3104 1747 inibi
3146 1693 3320 1766 gessit
3350 1693 3614 1768 insignia,

2003 1807 2112 1847 non
2134 1790 2406 1842 humanus
2434 1797 2618 1837 sermo
2637 1783 2782 1836 valet
2806 1797 3064 1836 enarrare
3087 1797 3186 1852 per
3206 1782 3443 1856 singula.

2075 1878 2205 1932 Post
2225 1887 2544 1928 successum
2569 1870 2812 1942 denique
2835 1871 3124 1941 temporis,
3158 1871 3252 1926 ubi
3275 1872 3623 1942 presbytera-

2001 1967 2068 2021 lis
2091 1962 2264 2019 subiit
2295 1976 2440 2016 onus
2467 1959 2715 2023 honoris,
2751 1957 2988 2028 implere
3028 1960 3218 2014 volens
3246 1959 3491 2014 officium
3523 1974 3620 2011 sa-

2000 2053 2262 2116 cerdotis,
2292 2047 2591 2124 praedicare
2621 2049 2794 2116 ccepit
2822 2045 3085 2101 omnibus
3098 2059 3373 2120 przecepta
3402 2048 3618 2102 salutis.

1999 2142 2323 2214 Specialiter
2371 2146 2554 2193 autem
2611 2135 2786 2208 tangit
2832 2135 3076 2189 animum
3136 2136 3396 2206 piissimae
3448 2135 3618 2204 prolis

1999 2229 2307 2287 charissimi
2337 2243 2467 2283 cura
2487 2225 2777 2300 genitoris.
2817 2223 2988 2277 Filius
3012 2224 3235 2295 sapiens
3263 2223 3503 2277 laetificat
3522 2238 3621 2292 pa-

1997 2335 2137 2379 trem
2171 2324 2349 2393 (Prov.
2381 2337 2435 2385 x,
2471 2321 2544 2384 1),
2575 2317 2827 2387 cceloque
2855 2323 3142 2388 regenerat
3168 2325 3327 2369 terra:
3357 2331 3416 2368 se
3441 2330 3614 2389 gene-

1997 2423 2227 2468 rantem.
2263 2412 2336 2464 De
2363 2408 2577 2464 lubrico
2608 2405 2963 2470 monachum,
3006 2405 3073 2458 de
3127 2406 3341 2458 latrone
3367 2405 3614 2458 datorem

1995 2501 2391 2577 largissimum,
2415 2498 2482 2552 de
2510 2512 2670 2550 servo
2719 2494 2924 2548 diaboli
2949 2493 3146 2547 Christi
3171 2493 3299 2547 facit
3327 2492 3613 2547 libertum.

1992 2595 2110 2649 Jam
2137 2594 2361 2663 jamque
2389 2589 2591 2643 viritim
2626 2588 2692 2640 de
2713 2603 2778 2641 eo
2811 2595 3001 2640 sancta
3032 2602 3130 2656 per
3160 2584 3396 2655 pOpulos
3429 2585 3614 2638 divul-

1994 2682 2227 2755 gabatur
2256 2678 2466 2749 Opinio.
2504 2676 2568 2729 Et
2599 2674 2848 2728 neveluti
2882 2673 3107 2728 lucerna
3147 2681 3398 2727 contecta
3421 2674 3615 2727 lateret

1997 2770 2098 2825 sub
2123 2767 2327 2830 modio,
2360 2765 2458 2819 sed
2495 2763 2754 2818 omnibus
2787 2764 2840 2815 in
2858 2762 3174 2816 Deiluceret
3213 2761 3400 2828 domo,
3434 2779 3612 2832 quan-

1994 2873 2110 2918 tum
2159 2858 2416 2916 sublimis
2455 2865 2572 2911 erat
2621 2855 2851 2921 meritis,
2901 2864 3112 2909 tantum
3172 2856 3616 2926 coruscis‘cwpit

1994 2954 2230 3029 insignis
2261 2951 2522 3024 effulgere
2550 2950 2851 3006 miraculis.
2873 2949 3003 3017 Ejus
3026 2966 3265 3022 namque
3295 2950 3615 3006 beatissima

1994 3048 2138 3102 fama
2169 3053 2498 3116 pervenerat
2539 3058 2710 3114 usque
2765 3041 2834 3096 ad
2893 3041 3224 3098 Francorum
3267 3043 3414 3114 regis
3457 3042 3614 3112 pala-

1923 3117 1970 3185 C
1994 3138 2084 3203 tia,
2109 3149 2344 3206 quorum
2387 3148 2480 3186 rex
2505 3141 2633 3186 tunc
2681 3140 2797 3185 erat
2826 3131 3221 3197 Theodoricus,
3255 3131 3512 3186 Clodovei
3549 3131 3616 3184 fi-

1993 3229 2123 3292 lius,
2156 3225 2314 3293 cujus
2342 3224 2536 3278 oculus
2565 3223 2773 3278 doloris
2802 3222 2974 3277 subiti
3006 3222 3616 3278 nimiscrnciatibusita

1997 3326 2175 3382 fuerat
2202 3336 2520 3394 Oppressus,
2577 3325 2634 3370 ut
2675 3314 2843 3368 nullis
2874 3313 3078 3368 diversi
3115 3314 3338 3388 generis
3368 3315 3616 3371 medica-

1995 3417 2240 3473 minibus
2267 3417 2333 3470 ad
2393 3413 2684 3468 sanitatem
2726 3410 3015 3482 pristinam
3057 3417 3243 3480 posset
3308 3409 3454 3463 ullus
3487 3423 3613 3460 eum

1997 3512 2266 3566 reducere
2296 3510 2562 3563 medicus.
2589 3507 2760 3561 Unius
2788 3505 2934 3562 oculi
2959 3504 3328 3576 lacrymabilis
3344 3504 3616 3577 tegritudo

1999 3605 2290 3660 multorum
2325 3603 2591 3672 lacrymas
2624 3607 3013 3669 provocaverat
3041 3600 3096 3652 in
3127 3599 3352 3670 populo.
3380 3599 3615 3654 Mentem

2001 3695 2146 3768 regis
2165 3695 2300 3749 varii
2333 3690 2668 3748 conturbant
2696 3689 2876 3743 exitus
2903 3689 3096 3743 cladis.
3134 3688 3268 3742 Hinc
3302 3695 3482 3742 metus
3514 3686 3618 3739 sti-

1998 3789 2168 3844 mulat
2219 3785 2507 3842 amittendi
2551 3783 2822 3848 luminis;
2870 3782 3024 3836 illinc
3065 3781 3406 3834 imminentis
3439 3779 3617 3850 pudor

1997 3881 2378 3936 deformitatis.
2414 3880 2545 3932 Nam
2574 3878 2618 3930 si
2677 3893 2769 3930 rex
2804 3875 3018 3930 adforet
3070 3875 3280 3938 luscus,
3315 3872 3612 3926 maximum

1999 3971 2193 4026 fuisset
2229 3970 2282 4022 in
2312 3969 2517 4038 p0pulo
2572 3967 2836 4024 dedecus.
2889 3970 2983 4018 aut
3037 3962 3186 4017 enim
3238 3961 3490 4032 turpiter,
3521 3975 3612 4013 re-

1996 4061 2241 4138 gnando,
2275 4055 2535 4112 foeditatis
2567 4061 2808 4129 gestaret
2837 4051 3222 4122 opprobrium,
3251 4058 3343 4105 aut
3373 4065 3497 4104 cum
3529 4049 3616 4102 lu-

1997 4157 2162 4210 minis
2182 4151 2481 4209 amissione
2530 4149 2672 4203 forte
2700 4143 3036 4216 perdidisset
3065 4149 3120 4196 et
3149 4155 3400 4212 regnum.
3439 4138 3614 4193 Unum

1998 4264 2130 4320 ergo
2158 4241 2530 4313 restabatregi
2563 4239 2877 4302 consilium,
2912 4242 3184 4307 quatenus
3201 4233 3615 4288 ubiremedium

2000 4337 2251 4394 cessabat
2282 4337 2605 4400 humanum,
2647 4331 2893 4385 divinum
2921 4328 3298 4399 requireretur
3327 4325 3612 4380 auxilium.

2002 4430 2162 4485 Mittit
2193 4427 2359 4502 igitur
2387 4426 2455 4480 ad
2515 4422 2894 4478 venerabilem
2933 4419 3360 4481 Theodericum,
3401 4419 3489 4472 cui
3519 4433 3617 4472 ve-

2003 4519 2177 4576 nienti
2209 4516 2401 4588 pandit
2433 4512 2762 4568 miserabilis
2791 4511 2936 4566 oculi
2980 4509 3252 4564 morbum.
3291 4508 3613 4579 Proditpm-

2000 4628 2124 4666 nam
2158 4625 2321 4681 quam
2355 4605 2559 4678 patitur
2593 4621 2607 4669 ;
2643 4602 2908 4674 praevenit
2939 4601 3198 4671 precibus
3223 4600 3464 4670 pericula
3495 4616 3617 4670 qua:

2001 4707 2242 4755 veretur.
2275 4698 2337 4751 At
2374 4695 2455 4750 vir
2485 4693 2578 4747 Dei
2617 4693 2874 4747 virtutem
2909 4689 3094 4744 sciens
3122 4689 3463 4758 Operationis
3496 4705 3615 4743 esse

2003 4789 2226 4851 divinae,
2260 4801 2370 4841 non
2401 4781 2709 4856 fragilitatis
2737 4781 3012 4843 humanm,
3037 4793 3239 4847 corpus
3259 4775 3376 4831 solo
3401 4777 3616 4842 sternit,

2005 4877 2248 4931 animum
2281 4889 2447 4946 supra
2486 4872 2656 4926 cmlos
2677 4868 2860 4942 erigit,
2886 4865 3119 4921 orationi
3173 4881 3234 4920 se
3263 4873 3437 4921 totum
3469 4881 3620 4921 com-

2005 4967 2190 5023 mittit.
2244 4964 2486 5020 Tandem
2535 4961 2705 5015 finitis
2757 4974 2992 5033 surgens
3020 4956 3298 5028 precibus,
3334 4959 3401 5012 ad
3437 4958 3620 5014 sidera

2005 5061 2153 5116 vultu
2184 5059 2422 5122 sublato,
2477 5062 2680 5109 sancta;
2739 5051 3024 5107 Trinitatis
3078 5066 3278 5106 nomen
3334 5049 3616 5113 invocans,

2003 5154 2113 5208 olei
2140 5149 2465 5208 sanctificati
2497 5146 2779 5219 paululum
2834 5143 3134 5200 summitati
3165 5143 3382 5214 pollicis
3434 5143 3621 5198 infun-

2005 5243 2171 5306 dit,et
2192 5241 2352 5296 oculo
2381 5237 2520 5292 male
2574 5234 2799 5289 habenti
2857 5233 3075 5308 signum
3113 5231 3414 5288 salutiferae
3443 5232 3620 5288 crucis

2002 5334 2343 5405 imprimens,
2376 5328 2538 5386 simul
2570 5345 2695 5382 cum
2721 5329 2982 5399 sospitate
3037 5327 3223 5380 lumen
3256 5326 3310 5380 in
3341 5333 3618 5380 momento

2002 5421 2262 5476 restituit.
2319 5423 2523 5492 Regem
2569 5434 2758 5492 regum
2795 5416 3111 5492 magnilicat
3146 5432 3238 5469 rex
3267 5416 3440 5480 laztus,
3473 5413 3621 5468 cele-

2008 5516 2090 5568 bri
2119 5516 2364 5588 repletur
2393 5516 2583 5571 ltetitia
2625 5514 2883 5586 pepulus,
2916 5511 3149 5565 exsultat
3178 5506 3388 5579 ingenti
3417 5502 3617 5575 gaudio

2007 5611 2239 5659 cunctus
2278 5612 2503 5659 senatus
2537 5603 2829 5668 ;laudatnr
2889 5599 3256 5654 Theodericus
3281 5596 3372 5650 Dei
3406 5607 3616 5657 servus,

2007 5703 2061 5749 et
2088 5695 2426 5769 glorificatur
2475 5696 2541 5750 ab
2569 5694 2830 5750 omnibus
2887 5691 3155 5747 mirabilis
3184 5689 3239 5743 in
3275 5685 3481 5742 sanctis
3501 5683 3618 5737 suis
