4034 6174
429 253 495 305 87

1486 252 1911 308 FLODOARDUS
1952 254 2315 311 CANONICUS
2358 257 2699 315 REMENSIS.

3690 270 3755 321 88

436 383 593 435 Deus.
630 382 968 437 Convocatur
1005 400 1033 435 ει
1085 399 1212 456 rege
1263 382 1525 452 primates
1581 383 1790 453 populi,
1826 384 1894 438 de
1926 400 2043 437 ma-
2071 390 2119 454 Α
2149 385 2300 458 regni
2338 386 2670 445 Francorum
2728 392 3098 467 gubernante,
3150 390 3518 466 Angilrannus
3551 392 3756 450 aulico-

434 473 723 546 gnitudine
772 475 1224 548 ceiigratulantur
1272 474 1543 539 miraculi,
1602 476 1749 546 quod
1800 484 1906 529 tam
1935 475 2043 530 cito

438 584 527 621 rex
550 567 781 621 senserit
812 567 1069 622 virtutem
1113 567 1378 637 spiritalis
1406 567 1814 633 medicamenti,
1850 578 1904 623 et
1947 569 2041 640 [ut]

437 655 641 709 nullius
668 654 937 711 cicatricis
960 656 1212 727 vestigia,
1238 657 1443 712 nullius
1482 657 1752 730 caliginis,
1786 662 1868 714 vel
1889 661 2049 732 glau-
2074 644 2079 649 ’

433 761 603 798 conire
639 744 904 800 resideret
933 744 987 799 in
1002 745 1336 801 oculosaluti
1366 745 1581 802 reddito
1613 749 1842 804 macula.
1862 751 2047 816 Quan-

344 860 358 872 α
435 834 501 887 tis
529 834 835 887 honoribus
865 850 956 888 rex
996 834 1323 889 sublimaret
1356 833 1619 889 famulum
1644 836 1840 891 Christi
1874 838 1918 892 si
1939 839 2050 892 vel‘

437 926 527 985 let,
563 941 623 977 ac
655 925 877 995 quantis
897 923 1242 989 muneribus,
1266 924 1349 977 vel
1384 921 1752 996 dignitatibus
1786 940 2049 979 remune-

436 1020 577 1066 raret
632 1013 677 1066 si
747 1021 1093 1083 contemptor
1138 1011 1258 1082 ipse
1314 1011 1648 1087 dignitatum
1678 1012 2042 1081 permitteret.

434 1102 573 1166 Quid
598 1101 745 1155 enim
766 1101 928 1156 oculo
977 1100 1030 1154 in
1059 1115 1289 1173 corpore
1338 1101 1561 1156 charius
1595 1099 1624 1154 ?
1654 1100 1761 1156 Sed
1792 1103 2046 1158 humana!

439 1193 618 1247 laudis
642 1200 696 1248 et
717 1193 1011 1248 mundanae
1034 1192 1421 1249 retributionis
1460 1194 1672 1265 refuga,
1705 1194 1875 1267 gratis
1914 1196 2046 1251 dare

436 1283 629 1340 maluit
654 1285 801 1357 quod
831 1286 999 1359 gratis
1029 1285 1243 1356 accepit
1279 1302 1290 1338 :
1322 1293 1485 1358 atque
1517 1286 1600 1341 vir
1629 1302 1841 1362 magnae
1863 1287 2046 1342 humi-

438 1374 628 1441 litatis,
664 1375 934 1430 sollicitus
962 1375 1161 1450 neregi
1192 1375 1643 1443 foretunivocus,
1680 1377 1813 1447 petit
1852 1385 1908 1432 ut
1934 1393 2042 1433 non

434 1467 805 1522 Theodericus
858 1468 926 1522 de
981 1477 1201 1534 caetero,
1259 1469 1394 1540 quin
1438 1476 1663 1524 vocetur
1711 1469 2040 1527 Theodorio.

436 1560 585 1615 Tunc
613 1578 705 1615 rex
745 1561 1045 1616 admiratus
1076 1560 1384 1633 purissimae
1414 1559 1781 1631 simplicitatis
1821 1561 2047 1618 humili-

439 1661 625 1715 tatem,
658 1653 1007 1708 venerabiles
1028 1670 1225 1708 manus
1246 1653 1594 1719 deosculans,
1619 1652 1921 1708 sacerdotis
1947 1654 2047 1711 be-

436 1742 808 1797 nedictionem
836 1744 1032 1801 devote
1064 1746 1325 1816 postulat,
1389 1753 1443 1801 et
1472 1763 1596 1801 eum
1640 1746 1946 1803 honorifice
1976 1748 2044 1802 ad

437 1849 593 1885 suum
626 1831 827 1886 deduci
881 1834 1283 1889 monasterium
1349 1837 1592 1892 mandat.
1645 1838 1883 1904 Quantas
1916 1847 2048 1894 tunc

436 1943 695 1982 cerneres
743 1927 811 1981 ad
867 1944 991 1983 eum
1026 1928 1304 1983 confluere
1336 1928 1606 1983 debilium
1641 1929 2044 1993 multitudines,

438 2036 560 2090 quze
586 2019 709 2074 sine
742 2036 892 2075 mora
923 2020 1180 2093 quaesitas
1203 2036 1464 2091 recepere
1492 2021 1753 2077 sanitates
1782 2021 1795 2075 l

511 2107 805 2179 Reperitur
836 2109 997 2163 etiam
1046 2108 1256 2180 praifati
1299 2109 1446 2183 regis
1487 2106 1655 2163 filiam
1697 2108 1807 2163 vita
1850 2108 2050 2163 defun-

436 2209 581 2256 ctam
614 2201 937 2277 magnificus
986 2203 1075 2257 hic
1113 2202 1328 2258 Domini
1363 2216 1543 2273 praeco
1569 2201 1693 2256 vitae
1724 2199 2050 2257 reformasse

437 2291 733 2362 spiraculo,
777 2308 877 2363 pro
932 2309 1040 2364 qua
1073 2293 1373 2367 languente
1405 2308 1498 2347 rex
1528 2292 1597 2347 ad
1628 2297 1881 2346 sanctum
1898 2291 2051 2346 dire-

437 2388 586 2435 xerat
617 2381 945 2457 Remigium,
969 2374 1164 2452 petens
1187 2388 1247 2436 ut
1285 2379 1352 2435 ad
1377 2398 1436 2437 se
1465 2381 1699 2447 veniret,
1733 2387 1897 2453 atque
1923 2396 2048 2435 cum

436 2471 696 2542 precibus
733 2470 1021 2547 aegrotanti
1051 2470 1429 2537 filiae,manum
1465 2472 1794 2543 imponeret.
1828 2473 1892 2527 At
1928 2472 2050 2543 pius

436 2565 639 2636 praesul
672 2563 925 2619 molestia
969 2564 1204 2635 quadam
1224 2567 1494 2636 corporis,
1537 2574 1597 2620 ut
1631 2564 1825 2631 fertur,
1851 2566 2050 2621 deten-

437 2663 540 2721 tus,
576 2653 738 2708 beato
759 2652 1119 2718 Theoderico,
1152 2669 1318 2725 quem
1336 2654 1428 2725 pie
1466 2664 1728 2728 casteque
1759 2658 2047 2721 nutrierat,

436 2748 488 2795 et
508 2740 849 2811 spiritalibus
908 2740 1174 2795 doctrinis
1213 2740 1565 2808 instruxerat,
1607 2760 1885 2817 quemque
1924 2764 2051 2821 gra-

437 2834 510 2887 tia
559 2833 902 2887 curationum
963 2830 1233 2901 repletum
1265 2830 1531 2898 videbat,
1583 2833 1864 2906 negotium
1898 2837 2045 2906 quod

435 2921 745 2994 petebatur,
770 2928 829 2975 ut
879 2927 1035 2990 pater
1094 2917 1230 2986 filio,
1263 2922 1630 2975 commendat.
1663 2923 1764 2986 Qui
1802 2925 2045 2998 magistri

427 3014 582 3082 jussa
621 3013 849 3084 cupiens
873 3014 1106 3068 solerter
1135 3011 1378 3083 explere,
1421 3010 1551 3063 dum
1600 3007 1833 3065 festinus
1855 3012 1959 3067 iter
1976 3017 2043 3070 ad

433 3102 696 3172 palatium
738 3104 881 3178 regis
901 3113 1110 3181 ageret,
1145 3104 1456 3160 adfuturam
1489 3103 1597 3159 sibi
1629 3102 1870 3159 divinam
1909 3122 2045 3163 con-

434 3194 610 3250 fidens
650 3193 1000 3249 clementiam
1052 3196 1262 3252 nuntiis
1282 3200 1483 3272 accipit
1511 3203 1716 3260 obiisse
1763 3207 2041 3277 puellam;

435 3299 489 3344 et
535 3306 604 3343 ne
647 3288 861 3362 fatigari
902 3288 1120 3356 debeat,
1173 3293 1438 3350 suadetur
1475 3298 1752 3368 propriam
1795 3308 2043 3372 repetere

432 3378 646 3435 cellam.
680 3379 776 3434 llle
807 3395 936 3434 vero
968 3381 1325 3452 przeceptoris
1383 3399 1575 3454 parere
1609 3402 1719 3442 non
1768 3388 2042 3445 desistens

435 3473 686 3544 imperio,
732 3473 982 3544 pervenit
1036 3473 1103 3529 ad
1144 3474 1411 3547 palatium
1475 3496 1492 3531 :
1533 3494 1767 3534 mmrore
1786 3492 2045 3551 parentes

430 3560 596 3628 affici,
637 3563 786 3617 luctu
818 3561 1093 3632 palatinos
1138 3564 1350 3620 invenit
1379 3567 1668 3638 comprimi
1719 3569 1832 3641 [ηιε.
1855 3570 1905 3640 j.
1937 3586 2045 3642 0p-

431 3657 633 3729 primi].
666 3658 905 3723 Quorum
940 3656 1194 3729 lacrymis
1221 3667 1276 3711 et
1301 3657 1418 3729 ipse
1448 3667 1670 3714 sanctus
1699 3660 1791 3716 Dei
1827 3678 2048 3732 permo-

430 3755 533 3814 tus,
568 3747 754 3819 plures
768 3745 1029 3801 secedere
1052 3747 1323 3819 praacipit,
1347 3764 1470 3803 cum
1501 3748 1689 3821 paucis
1702 3749 1769 3805 ad
1789 3750 2045 3809 funebria

428 3838 649 3893 resedit.
703 3836 805 3893 Cor
825 3844 880 3891 et
908 3836 1098 3892 oculos
1115 3838 1183 3892 ad
1215 3836 1416 3893 caelum
1438 3853 1563 3894 eum
1578 3839 1832 3897 manibus
1852 3850 2040 3898 exten-

425 3930 523 3994 dit,
547 3929 774 3986 devotas
805 3928 859 3984 in
897 3927 1158 3985 cubiculo
1177 3931 1381 3986 mentis
1411 3932 1523 3988 Deo
1552 3950 1744 4005 preces
1766 3920 2038 4010 compun-

397 4018 643 4082 ~ctionis,
700 4016 957 4090 perfusus
1004 4018 1200 4074 faciem
1262 4019 1533 4091 lacrymis.
1591 4020 1801 4078 effudit.
1834 4025 1898 4080 At
1937 4027 2032 4083 ubi

424 4115 742 4169 exauditum
768 4129 827 4168 se
858 4114 1058 4184 spiritu
1090 4113 1281 4180 sentit,
1314 4113 1383 4167 ad
1424 4114 1676 4170 exanime
1716 4132 1918 4188 corpus
1939 4136 2032 4177 ac-

422 4205 735 4268 cedit,oleo
776 4212 967 4259 sancto
1012 4220 1275 4258 sensuum
1306 4203 1424 4258 vias
1455 4220 1579 4258 cum
1629 4214 1771 4262 tactu
1816 4210 2035 4279 pollicis

422 4296 584 4350 illinit
614 4314 626 4349 :
657 4296 977 4367 mirumque
1009 4295 1064 4348 in
1096 4294 1320 4350 modum
1352 4294 1601 4351 membra
1630 4308 1845 4356 mortua
1868 4302 1923 4357 in
1942 4320 2031 4359 re-

420 4381 600 4435 diviva
624 4391 950 4453 reparantur
974 4380 1174 4438 officia.
1201 4382 1353 4438 Oculi
1391 4383 1575 4439 lumen
1611 4385 1894 4458 hauriunt,
1927 4409 2027 4449 vox

2147 490 2263 532 rum
2287 475 2534 545 quidam,
2567 479 2886 536 traditionis
2918 481 3081 549 hujus
3111 479 3354 552 ignarus,
3387 497 3417 535 a
3450 495 3577 555 rege
3610 481 3754 537 Ven-

2148 574 2334 628 deram
2369 569 2476 625 sibi
2504 572 2743 641 postulat
2798 573 2937 627 dari.
2988 572 3142 638 Quod
3202 573 3297 628 ubi
3332 588 3425 628 rex
3456 574 3754 640 annuisset,

2149 661 2379 717 audiens
2407 660 2646 714 domnus
2665 659 2989 715 Hincmarus
3006 660 3224 730 praesul.
3260 661 3354 732 qui
3373 660 3562 716 sedem
3608 669 3758 718 tene-

2150 752 2244 805 bat
2275 750 2531 805 Ecclesite
2556 748 2863 814 Remensis,
2900 749 3042 804 hanc
3072 747 3313 804 inﬁscari
3336 739 3541 816 villam,
3563 750 3758 823 regalis

2153 840 2408 911 praecepti
2448 841 2691 895 chartam
2725 838 2779 892 in
2821 838 3075 893 Ecclesiae
3114 839 3279 908 hujus
3299 839 3527 894 archivo
3558 855 3753 911 reper-

2151 938 2280 994 tam,
2335 931 2573 986 dationis
2615 931 2845 998 hujusce
2883 931 3079 985 seriem
3136 929 3514 986 continentem
3563 931 3756 988 Karolo

2150 1020 2336 1089 mittit,
2368 1028 2422 1075 et
2472 1037 2541 1074 ne
2569 1027 2759 1075 contra
2806 1019 2983 1093 legem
3039 1019 3361 1075 canonicam
3416 1036 3503 1074 res
3532 1029 3762 1092 usurpet

2150 1110 2422 1175 Ecclesiae,
2450 1109 2924 1164 commonefacere
2953 1110 3170 1181 satagit.
3225 1110 3284 1163 In
3329 1125 3439 1181 quo
3484 1118 3762 1182 praecepto

2152 1198 2444 1254 manifeste
2479 1197 2682 1270 legitur
2728 1197 3008 1270 quomodo
3059 1212 3153 1252 rex
3203 1197 3597 1266 Theodericus,
3665 1214 3763 1271 pro

2148 1288 2570 1344 resuscitatione
2604 1285 2729 1342 filize
2774 1285 2826 1338 S.
2882 1285 3205 1342 Theoderici
3231 1286 3493 1358 precibus
3512 1287 3763 1353 obtenta,

2148 1395 2255 1434 non
2286 1379 2462 1433 solum
2490 1385 2849 1450 praenotatam
2875 1376 3169 1432 conferens
3192 1379 3243 1432 ei
3282 1378 3490 1444 villam,
3522 1381 3615 1437 Dei
3646 1397 3766 1436 ser-

2146 1489 2271 1528 vum
2320 1473 2405 1527 sui
2437 1471 2682 1526 muneris
2732 1471 2943 1525 honore
2974 1470 3293 1541 prmtulerit,
3334 1471 3470 1543 quin
3500 1480 3555 1528 et
3583 1475 3762 1547 magi-

2147 1572 2280 1628 stro,
2312 1559 2766 1633 praestantissimo
2814 1558 3025 1615 scilicet
3077 1558 3460 1633 Remigio,cui
3495 1560 3760 1616 Dominus

2150 1663 2355 1710 tantam
2416 1653 2646 1729 gratiam
2699 1652 3027 1718 contulerat,
3079 1660 3138 1706 ut
3192 1652 3358 1707 talem
3415 1652 3754 1724 discipulum

2150 1745 2399 1811 haberet,
2433 1743 2526 1816 qui
2575 1742 2812 1814 Spiritus
2860 1742 3033 1797 sancti
3098 1744 3264 1809 dono,
3313 1745 3461 1800 sicut
3487 1752 3544 1799 et
3571 1744 3758 1817 magi-

2148 1844 2282 1901 ster,
2342 1842 2590 1888 mortuos
2659 1831 3034 1899 resuscitaret,
3106 1832 3490 1889 beneficentia:
3558 1834 3757 1907 gratia,

2148 1926 2332 1981 villam
2360 1924 2666 1979 Venderam
2694 1923 2979 1979 obtulerit.
3015 1924 3137 1979 Haec
3164 1931 3224 1979 ut
3253 1924 3327 1979 ita
3354 1942 3415 1980 se
3446 1925 3670 1991 habere,
3695 1942 3767 1981 ex

2150 2014 2287 2085 ipsis
2309 2014 2619 2069 chartarum
2671 2013 3030 2068 monimentis
3072 2014 3480 2081 animadvertit,
3521 2030 3771 2086 aperva-

2150 2103 2305 2159 sione
2324 2104 2469 2159 villae
2519 2104 2754 2170 destitit,
2796 2112 2851 2159 et
2891 2102 3145 2159 Ecclesiae
3199 2104 3440 2177 pr0priis
3480 2104 3655 2162 libere
3686 2109 3767 2164 uti

2152 2193 2422 2263 permisit.

2221 2281 2476 2337 Traditur
2501 2280 2667 2351 hujus
2694 2280 2842 2336 beati
2874 2280 2974 2335 viri
3003 2283 3362 2357 suggestione
3400 2294 3621 2343 sanctus
3652 2288 3768 2344 Re-

2152 2368 2350 2441 migius
2397 2368 2779 2423 collectionem
2820 2369 3195 2437 meretricum,
3244 2388 3367 2444 quae
3389 2374 3457 2428 ad
3488 2375 3540 2429 id
3582 2392 3766 2449 usque

2153 2459 2416 2529 temporis
2446 2458 2751 2531 prostibula
2781 2459 3406 2521 ferturextracivitatem
3437 2467 3766 2539 retinuisse,

2151 2550 2435 2607 subversis
2451 2551 2779 2619 fornicibus,
2821 2551 2877 2606 in
2904 2553 3194 2609 viduarum
3227 2555 3592 2629 quadraginta
3621 2573 3767 2615 con-

2149 2645 2536 2717 gregationem
2592 2652 2936 2716 permutasse
2966 2687 2979 2712 ,
3027 2654 3393 2720 sumptusque
3436 2648 3770 2721 quotidiano

2151 2739 2315 2793 victui
2371 2739 2715 2795 necessarios
2768 2739 3091 2805 instituisse,
3126 2740 3419 2813 ipsumque
3472 2758 3770 2799 numerum

2149 2831 2439 2887 viduarum
2460 2831 2731 2903 perpetim
2764 2847 3008 2897 manere,
3034 2840 3093 2887 ut
3109 2833 3290 2889 adhuc
3311 2851 3535 2907 quoque
3555 2844 3768 2903 manet,

2148 2920 2479 2976 decrevisse.
2501 2921 2633 2975 Nam
2654 2920 2784 2975 dum
2805 2927 3027 2975 sanctus
3048 2920 3331 2994 Remigius
3360 2922 3765 2979 monasterium

2102 3058 2123 3081 η
2147 3012 2320 3068 sancti
2351 3012 2674 3068 Theoderici
2704 3011 2954 3078 visitans,
2995 3028 3158 3069 secus
3203 3013 3597 3082 meretricium,
3628 3015 3772 3086 psal-

2112 3102 2125 3122 ‘
2145 3118 2265 3159 mos
2294 3120 2417 3159 cum
2430 3104 2625 3160 eodem
2647 3103 2970 3161 charissimo
2990 3102 3265 3176 discipulo
3282 3121 3382 3161 suo
3409 3107 3766 3164 conciuendo

2147 3196 2425 3265 transiret,
2454 3213 2518 3252 ac
2538 3205 2728 3252 sancto
2758 3196 3100 3252 Theoderico
3139 3214 3244 3252 vox
3294 3197 3547 3254 faucibus
3569 3199 3771 3256 haesis-

2145 3294 2250 3350 set,
2266 3283 2599 3357 iterumque,
2621 3284 2677 3339 in
2697 3285 2980 3341 redeundo
3033 3286 3263 3353 scilicet,
3289 3287 3437 3342 idem
3461 3287 3518 3341 in
3536 3289 3767 3359 eodem,

2146 3391 2245 3430 ceu
2270 3386 2623 3441 memoratur,
2653 3377 2773 3431 loco
2805 3385 2859 3431 et
2887 3377 3161 3433 versiculo
3208 3378 3552 3452 contigisset,
3586 3379 3775 3437 admi-

2151 3475 2301 3522 ratus
2322 3478 2479 3539 pater
2498 3470 2894 3530 sanctissimus.
2929 3478 2983 3527 et
3013 3471 3301 3544 requirens
3336 3488 3435 3528 cur
3462 3474 3781 3545 discipulus

2150 3556 2323 3613 solers
2369 3559 2426 3613 in
2470 3560 2564 3615 Dei
2618 3559 2878 3616 laudibus
2933 3567 3123 3617 contra
3171 3576 3380 3616 morem
3411 3563 3777 3631 tttubaverat,

2149 3650 2349 3723 accipit
2376 3652 2566 3708 dolere
2597 3652 2822 3708 beatum
2852 3651 3032 3708 virum
3056 3652 3126 3707 de
3145 3652 3451 3707 animarum
3472 3653 3778 3726 dispendio

2148 3740 2507 3809 perditarum,
2543 3752 2598 3799 et
2629 3743 2691 3799 in
2715 3750 2825 3799 tam
2855 3743 3031 3798 sancti
3063 3743 3235 3815 patris
3264 3744 3488 3810 vicinia,
3514 3755 3623 3801 tam
3663 3746 3772 3805 fa:-

2143 3829 2227 3885 daa
2256 3832 2619 3903 turpitudinis
2647 3841 2798 3890 tanta
2828 3834 3053 3891 diabolo
3083 3850 3332 3890 crescere
3357 3836 3509 3892 lucra
3556 3837 3766 3910 Sicque

2141 3935 2464 3990 persuasum
2488 3923 2629 3994 patri
2654 3923 2926 3995 piissimo,
2984 3923 3259 3996 discipulo
3290 3935 3627 4002 suggerente
3658 3943 3766 3983 ca-

2136 4011 2399 4079 stissimo,
2429 4012 2751 4068 subvertere
2812 4013 3043 4070 latibula
3092 4016 3319 4086 diaboli,
3379 4026 3433 4074 et
3486 4019 3755 4090 deceptas

2133 4112 2299 4175 atque
2320 4103 2669 4177 decipientes
2692 4108 2973 4165 animasin
2987 4111 3367 4167 castimoniam
3389 4111 3751 4167 transducere

2133 4199 2351 4255 Christi.
2379 4200 2572 4257 Multas
2626 4211 2893 4273 praeterea
2922 4211 3135 4259 constat
3186 4204 3446 4259 virtutum
3476 4221 3574 4275 per
3598 4206 3752 4262 hunc

2130 4287 2351 4346 fidelem
2408 4291 2505 4348 Dei
2548 4293 2814 4351 famulum
2868 4302 3110 4367 patratas
3155 4296 3525 4364 operationes.
3575 4297 3751 4353 Carcis

2130 4393 2331 4449 nempe
2361 4379 2563 4447 visum,
2608 4383 2793 4437 surdis
2831 4383 3107 4447 auditum,
3141 4383 3353 4438 claudis
3372 4400 3622 4459 gressum
3650 4401 3747 4440 re—

418 4475 644 4531 admoto
700 4477 940 4548 pectoris
993 4475 1233 4548 impulsu
1284 4477 1611 4548 prorumpit,
1667 4491 1721 4534 et
1761 4483 1944 4553 puella
1969 4503 2028 4543 se
2050 4470 2106 4545 D
2130 4475 2402 4536 staurans,
2434 4471 2618 4526 aridas
2659 4480 3082 4546 contractasque
3113 4490 3308 4528 manus
3337 4474 3605 4540 relaxans,
3629 4472 3744 4529 ob-

418 4564 563 4621 beati
596 4566 922 4624 Theoderici
965 4569 1105 4625 votis
1159 4572 1429 4628 redditam
1488 4552 1891 4645 panditsaluti.
1926 4579 2029 4633 Ac-
2088 4552 2097 4565 h

416 4667 643 4713 currunt
673 4657 953 4733 genitores
984 4675 1106 4713 cum
1137 4661 1341 4733 gaudio
1373 4663 1699 4720 miraculum
1720 4673 2025 4739 stupentes;

414 4747 846 4803 omnisexsultat
883 4748 1030 4817 aula,
1056 4748 1368 4821 tripudians
1409 4753 1625 4809 laetatur
1663 4754 1887 4813 familia.
1920 4758 2026 4815 Ve-

416 4847 639 4894 neratur
694 4851 934 4908 sanctus,
987 4848 1095 4896 tam
1150 4859 1179 4896 a
1211 4859 1337 4916 rege
1382 4861 1544 4916 quam
1597 4864 1628 4902 a
1678 4849 2023 4918 proceribus,

412 4926 752 5003 glorificatur
780 4945 809 4983 a
840 4928 1099 4999 palatinis
1130 4933 1408 4988 omnibus.
1446 4935 1725 4993 Laudibus
1741 4938 1965 4995 effertur
1994 4958 2025 4996 a

413 5017 608 5072 turmis
630 5018 965 5085 vulgaribus.
985 5021 1097 5077 Rex
1120 5024 1306 5096 itaque
1331 5040 1441 5079 non
1471 5026 1648 5081 solum
1664 5027 2018 5100 discipulum,

411 5115 657 5161 sanctum
690 5106 902 5163 scilicet
956 5110 1379 5179 Theodericum,
1411 5115 1509 5169 sed
1540 5124 1595 5170 et
1622 5116 1683 5170 Β.
1708 5115 2020 5191 Remigium

409 5199 643 5272 cupiens
671 5199 1080 5258 munificentiae.
1097 5204 1395 5261 sublimare
1425 5207 1595 5276 dono,
1637 5208 1819 5263 villam
1852 5225 2017 5281 quam

408 5292 598 5347 dicunt
636 5292 943 5349 Venderam
1002 5298 1301 5370 [Vendier],
1341 5300 1501 5355 sitam
1558 5316 1726 5373 super
1787 5300 2014 5358 fluvium

406 5381 722 5451 Maternam,
783 5386 1085 5442 reverendo
1145 5388 1285 5460 patri
1349 5390 2014 5470 Remigio;Gaugiacum

403 5491 534 5532 vero
557 5476 614 5531 in
646 5492 788 5553 pago
840 5476 1131 5544 Remensi,
1201 5492 1476 5554 praecepto
1500 5501 1615 5540 suae
1648 5489 2008 5555 auctoritatis,

403 5578 593 5625 sancto
623 5569 856 5626 contulit
900 5570 1259 5629 Theoderico.
1312 5575 1573 5632 Processu
1604 5579 1847 5654 denique
1871 5590 2013 5640 tem-

402 5657 572 5734 poris,
604 5660 826 5728 Karolo,
888 5659 1146 5717 Ludovici
1206 5663 1558 5739 imperatoris
1612 5665 1748 5738 filio,
1795 5679 2010 5744 sceptra

2129 4577 2313 4617 sessos
2342 4579 2373 4617 a
2394 4563 2740 4621 daemonibus
2793 4566 3059 4634 liberans,
3090 4566 3239 4621 mille
3262 4567 3499 4622 nocendi
3528 4567 3747 4624 Satanae

2129 4646 2350 4704 fraudes
2379 4668 2479 4723 per
2507 4652 2708 4709 divinaa
2765 4654 3057 4711 medicina:
3089 4654 3406 4711 destruebat
3435 4655 3749 4726 oppositio-

2129 4756 2246 4795 nes.
2282 4742 2345 4798 Et
2376 4759 2564 4799 revera
2594 4745 2809 4827 felicem
2839 4747 3025 4823 gregis
3064 4747 3261 4831 Christi
3307 4748 3616 4815 ductorem,
3648 4750 3742 4804 cui

2127 4830 2312 4887 datum
2334 4840 2416 4888 est
2441 4840 2549 4889 tam
2608 4835 2937 4908 corporibus
2976 4830 3139 4909 quam
3166 4837 3458 4893 animabus
3485 4837 3742 4895 conferre

2124 4925 2357 4982 salutem
2391 4928 2404 4982 l
2435 4929 2815 4985 Pcrseveravit
2847 4938 3033 4986 autem
3074 4930 3130 4985 in
3155 4931 3252 4985 Dei
3282 4930 3541 4987 famulatu
3561 4948 3742 5005 usque

2123 5012 2181 5066 in
2211 5011 2400 5084 finem,
2425 5026 2481 5073 et
2509 5018 2659 5090 quod
2686 5034 2781 5073 ore
2808 5019 2998 5075 docuit
3022 5019 3291 5091 exemplis
3306 5010 3742 5076 evidentissimis

2121 5104 2537 5167 demonstravit.
2596 5113 2697 5178 Qui
2726 5124 2848 5186 post
2906 5114 3199 5169 multarum
3246 5114 3510 5170 virtutum
3566 5128 3741 5184 Opera

2119 5212 2247 5270 post
2274 5203 2661 5261 miraculorum
2694 5206 3117 5281 insignia,bono
3141 5206 3445 5263 certamine
3466 5205 3533 5259 ad
3556 5204 3737 5259 victo-

2120 5290 2255 5345 riam
2293 5294 2582 5364 perducto,
2618 5294 2762 5351 felici
2804 5312 2967 5352 cursu
2992 5303 3399 5361 consummato,
3450 5294 3659 5351 sanctis
3681 5295 3735 5350 ei

2116 5381 2472 5439 obviantibus
2510 5384 2819 5455 spiritibus,
2882 5394 2937 5441 et
2986 5386 3294 5459 gaudenter
3339 5402 3463 5442 cum
3516 5385 3735 5459 angelis

2114 5470 2574 5541 suscipientibus,
2608 5476 2701 5532 die
2727 5477 3097 5533 Kalendarum
3117 5474 3387 5532 Juliarum
3416 5491 3540 5530 cum
3553 5476 3734 5550 gloria

2117 5557 2460 5634 migravitad
2489 5562 2785 5623 Christum.
2819 5567 2985 5638 Cujus
3028 5567 3217 5622 audito
3256 5564 3488 5620 transitu
3520 5564 3735 5635 pretio—

2113 5650 2355 5722 sissimo,
2389 5657 2651 5726 praefatus
2672 5674 2762 5715 rex
2812 5660 3187 5718 Theodericus
3235 5659 3304 5716 ad
3331 5657 3729 5715 monasterium
