4034 6174
249 306 317 361 89
913 301 1236 359 HISTORIAE
1279 302 1616 359 ECCLESUE
1657 303 1988 360 REMENSIS
2029 304 2208 359 LIBRI
2247 301 2663 368 QUATUOR.—
2700 301 2825 356 LIB.
2868 301 2907 355 1.
3507 303 3579 359 90

248 447 484 506 prepere
522 447 646 488 cum
675 447 875 505 magna
893 431 1044 486 venit
1059 430 1440 499 multitudine,
1463 431 1864 505 praerogatique
1888 438 1943 507 Α
1965 432 2175 505 quique
2204 430 2508 487 nobilitatis
2537 444 2798 500 pompam
2818 443 2919 500 pro
2948 427 3124 483 nihilo
3150 427 3380 492 ducens,
3410 427 3581 502 elegit

245 526 354 580 sibi
384 524 640 580 beneﬁcii
665 539 903 591 memor,
959 524 1057 579 sed
1089 530 1144 579 et
1202 524 1402 580 debitae
1443 524 1721 580 servitutis
1751 540 1863 581 non

253 620 554 683 immemor,
584 617 654 671 ad
708 615 976 671 tumulum
1041 616 1343 672 beatissimi
1400 632 1602 687 corpus
1645 617 1865 673 abbatis

252 706 486 777 propriis
511 706 748 760 evehere
774 704 986 765 studuit
1015 704 1283 761 humeris.
1315 706 1425 761 Nec
1443 707 1666 773 mirum,
1698 706 1746 761 si
1771 722 1863 761 rex

252 799 531 853 hominum
583 798 729 853 illius
782 797 1033 853 membra
1058 799 1373 854 condiderit
1426 801 1656 867 tumulo,
1707 800 1863 870 cujus

250 887 490 942 animam
520 903 643 942 cum
659 887 861 962 gaudio
893 887 1004 942 Rex
1026 887 1349 963 angelorum
1361 889 1603 960 su'scepit
1629 888 1684 943 in
1698 890 1860 944 coelo.

246 977 321 1029 Ad
353 978 512 1045 cujus
540 976 863 1031 venerabile
910 977 1229 1048 sepulcrum
1280 977 1468 1034 divina
1487 978 1664 1033 virtus
1691 995 1864 1050 usque

246 1067 299 1120 in
332 1068 662 1123 hodiernum
717 1067 865 1122 diem
898 1068 1283 1123 multimodum
1341 1069 1600 1142 dignatur
1644 1071 1860 1143 operari

244 1156 504 1211 salutem.

314 1245 544 1300 Desidia
581 1261 733 1312 vero,
760 1246 845 1301 vel
878 1246 1107 1303 raritate
1146 1248 1497 1319 scriptorum,
1525 1249 1756 1319 plurima
1786 1251 1862 1305 si-

245 1336 417 1390 lentio
445 1342 661 1391 constat
691 1337 945 1409 neglecta
990 1337 1278 1392 mirorum.
1312 1337 1419 1393 Nos
1450 1344 1634 1392 tamen
1662 1354 1855 1405 unum,

244 1428 391 1500 quod
424 1429 987 1500 nupercomperimus
1004 1436 1209 1493 actum,
1236 1428 1581 1485 decrevimus
1611 1428 1866 1485 inseren-

245 1518 395 1572 dum.
436 1518 679 1583 Quadam
705 1518 948 1590 denique
970 1517 1337 1573 Sabbatorum
1360 1517 1471 1583 dic,
1489 1518 1603 1586 jam
1630 1534 1868 1589 vespera

244 1606 464 1661 Domini
496 1606 609 1660 diei
632 1607 951 1671 accedente,
986 1607 1239 1678 quaedam
1262 1607 1613 1677 paupercula,
1640 1607 1864 1663 nomine

243 1695 499 1751 Gillaidis
551 1695 615 1766 [j,
648 1695 949 1767 Gistaidis],
989 1713 1053 1751 ex
1113 1696 1323 1751 familia
1361 1696 1535 1750 sancti
1592 1695 1860 1768 Dionysii,

1966 522 2023 576 in
2054 518 2489 576 sanctificatione
2520 518 2631 572 Deo
2649 516 2877 585 servire,
2919 516 3353 589 relinqueusque
3386 515 3580 572 devios

1963 609 2257 675 anfractus,
2281 608 2426 663 viam
2456 605 2591 661 recti
2624 604 2779 660 callis
2804 604 3052 675 expetiit,
3109 604 3206 659 illa
3236 613 3459 660 secutus
3482 621 3581 659 ve—

1962 700 2148 776 stigia,
2178 716 2279 771 per
2308 714 2430 771 quae
2455 696 2707 773 turgidos
2735 695 2929 750 mundi
2951 695 3151 751 ﬂuctus
3181 695 3577 766 pertransiens,

1966 798 2295 861 preperaret
2351 787 2422 841 ad
2451 784 2723 842 cmlestia.
2757 784 3043 858 Ingressus
3081 784 3268 855 itaque
3296 791 3578 840 monaste-

1967 878 2105 933 rium
2159 878 2216 931 Β.
2276 873 2627 940 Theoderici,
2679 872 2909 949 gloriam
2943 871 3103 940 hujus
3141 872 3328 927 saeculi
3353 872 3581 928 tradidit

1964 967 2256 1027 oblivioni.
2282 967 2723 1042 dignitatemque
2742 963 3003 1019 natalium
3020 978 3243 1018 suorum
3267 963 3579 1020 humilitate

1964 1060 2237 1131 despexit,
2270 1068 2326 1114 et
2354 1057 2561 1112 ultimae
2599 1055 2881 1111 servitutis
2910 1054 3197 1109 famulatui
3225 1069 3283 1108 se
3311 1055 3577 1129 subjuga-

1961 1154 2056 1220 vit,
2090 1152 2318 1206 humum
2351 1158 2530 1206 rastro
2560 1148 2800 1215 fodiens,
2830 1154 2886 1202 et
2917 1146 3081 1201 aratri
3116 1161 3339 1201 vomere
3370 1145 3582 1200 telluris

1961 1252 2115 1316 terga
2170 1242 2454 1311 scindens,
2508 1241 2645 1295 illud
2687 1238 3101 1313 psalmographi
3150 1236 3309 1293 factis
3350 1236 3581 1307 implere

1958 1346 2214 1409 satagens
2246 1355 2257 1389 :
2289 1335 2521 1389 Labores
2534 1348 2792 1388 manuum
2805 1337 3023 1386 tuarum
3044 1333 3175 1401 quia
3204 1328 3578 1393 manducabis,

1968 1426 2153 1482 beatus
2190 1441 2242 1481 es
2293 1431 2341 1480 et
2399 1427 2527 1480 bene
2570 1426 2672 1480 tibi
2726 1427 2828 1478 erit
2879 1425 3026 1490 (Psal
3102 1438 3299 1487 cxxvn,
3362 1422 3437 1491 2).
3471 1420 3583 1475 Hoc

1965 1524 2150 1570 autem
2181 1514 2507 1587 quotidiano
2538 1530 2640 1585 per
2690 1512 2891 1587 viginti
2945 1513 3084 1567 duos
3112 1525 3288 1565 annos
3319 1508 3585 1564 insistens

1966 1606 2145 1675 operi,
2176 1620 2302 1660 cum
2331 1604 2550 1660 duobus
2570 1604 2825 1673 juvencis
2856 1603 2923 1657 ad
2976 1603 3081 1658 hoc
3109 1601 3217 1655 sibi
3250 1600 3581 1667 commissis,

1968 1697 2135 1753 duros
2165 1706 2219 1752 et
2255 1696 2437 1753 varios
2468 1703 2777 1767 temporum
2806 1694 3033 1765 pertulit
3060 1693 3299 1748 invictus
3342 1692 3580 1748 labores.

240 1787 389 1842 villae
419 1786 597 1842 Cortis
634 1788 957 1858 superioris,
981 1789 1112 1844 dum
1146 1790 1347 1844 molam
1393 1805 1558 1844 manu
1600 1798 1860 1857 verteret,
1890 1763 1939 1830 Β
1970 1788 2124 1853 Quod
2152 1803 2283 1843 vero
2339 1787 2698 1842 memorabile
2730 1785 2980 1852 traditur,
3021 1785 3191 1840 iidem
3228 1786 3451 1854 juvenci
3480 1802 3583 1840 nec

242 1875 600 1930 manubrium
629 1876 788 1931 mola:
818 1876 990 1948 ipsius
1039 1878 1261 1934 inhaesit
1290 1879 1548 1946 dexterae,
1590 1888 1651 1934 ut
1677 1879 1864 1935 divelli

244 1971 435 2034 posset
456 1980 487 2017 a
526 1965 768 2019 nemine.
799 1966 1037 2021 Tandem
1071 1967 1232 2023 molae
1254 1968 1606 2023 manubrium
1630 1986 1696 2023 ex
1723 1976 1868 2023 utra-

241 2074 354 2129 que
385 2064 546 2128 parte
576 2073 773 2112 manus
784 2056 1115 2115 abscindere
1136 2059 1373 2132 cogitur,
1394 2059 1658 2115 indicium
1674 2061 1870 2116 nolens

239 2165 433 2204 secum
466 2148 685 2205 deferre
702 2150 1041 2205 miserabilis
1053 2166 1257 2222 operae.
1284 2153 1348 2207 At
1364 2153 1557 2209 salutis
1577 2168 1691 2208 suae
1709 2152 1867 2208 solli-

238 2242 367 2305 cita,
402 2242 757 2313 quoniamB.
794 2243 1040 2314 Dionysii
1070 2251 1201 2300 tunc
1231 2246 1416 2301 Remis
1445 2247 1515 2301 ob
1551 2245 1865 2301 infestatio-

238 2350 363 2387 nem
385 2350 735 2407 paganorum
747 2335 1114 2391 servabantur
1130 2337 1400 2400 membra,
1417 2338 1589 2393 veloci
1607 2338 1865 2414 ingressu

235 2423 300 2477 ad
317 2423 578 2490 ejusdem
602 2424 776 2479 sancti
792 2425 1047 2496 martyris
1068 2425 1276 2482 domini
1292 2426 1378 2481 sui
1403 2427 1866 2482 contenditacce-

236 2515 369 2570 dere
392 2515 653 2590 pignora.
696 2515 1032 2572 Perveniens
1076 2533 1230 2591 ergo,
1262 2535 1386 2573 cum
1428 2534 1627 2593 magno
1671 2518 1864 2574 timore

234 2620 293 2660 ac
326 2604 645 2659 reverentia
666 2605 784 2661 solo
816 2606 1094 2677 prolapsa,
1128 2606 1513 2662 liberationem
1535 2608 1865 2677 deprecatur

234 2710 260 2746 a
291 2702 468 2749 tanta-
502 2693 851 2750 confusionis
883 2694 1125 2750 miseria.
1174 2696 1232 2750 ld
1287 2712 1411 2751 cum
1441 2697 1532 2751 die
1559 2696 1865 2769 peregisset

228 2799 288 2838 ac
328 2792 524 2851 nocte,
574 2783 881 2838 remedium
932 2784 1062 2838 inde
1095 2799 1205 2839 non
1253 2785 1556 2855 desperans
1586 2785 1860 2856 accipere,

223 2872 495 2944 apparuit
509 2871 568 2925 in
586 2872 799 2927 somnis
814 2873 865 2927 ei
885 2871 1109 2944 quidam
1130 2872 1372 2928 clericali
1398 2872 1587 2927 habitu
1601 2880 1755 2928 veste
1776 2873 1864 2927 in-

226 2962 397 3016 dutus
424 2960 686 3027 candida,
717 2960 852 3016 facis
864 2960 1135 3029 jucunda,
1162 2960 1364 3032 capillo
1379 2960 1677 3018 admodum
1709 2963 1860 3030 albo,

223 3055 375 3108 vultu
406 3052 700 3124 paulisper
717 3053 1247 3119 macilento,dicens
1275 3052 1353 3106 illi
1379 3070 1391 3107 :
1426 3054 1597 3122 Surge
1627 3056 1773 3122 hinc,
1806 3061 1862 3109 et

1966 1887 2148 1946 (etate,
2173 1896 2277 1935 nec
2303 1878 2634 1935 lassitudine
2655 1877 3011 1933 deﬁcientes:
3033 1878 3182 1950 quod
3204 1877 3296 1933 alii
3331 1878 3582 1933 ruricola:

1966 1989 2090 2028 cum
2113 1979 2369 2045 quatuor,
2383 1972 2470 2026 vel
2491 1987 2605 2035 sex,
2639 1980 2734 2027 aut
2762 1980 2886 2027 octo
2907 1970 2995 2025 vix
3014 1978 3268 2042 poterant
3291 1958 3579 2042 perﬁcere,

1970 2067 2059 2122 hic
2117 2082 2242 2121 cum
2299 2065 2516 2121 duobus
2570 2064 2990 2139 infatigabiliter
3028 2063 3301 2134 explebat.
3339 2062 3584 2135 Cumque

1971 2152 2256 2222 paululum
2289 2161 2533 2209 cessaret
2559 2152 2628 2207 ab
2661 2162 2861 2220 aratro,
2908 2169 3123 2207 rursum
3155 2153 3414 2208 studebat
3446 2152 3584 2207 insi-

1968 2250 2114 2298 stere
2137 2252 2330 2300 rastro.
2381 2244 2728 2315 Stupendum
2787 2259 3011 2316 quoque
3055 2244 3238 2312 valde,
3271 2245 3418 2316 quod
3459 2261 3584 2300 cum

1966 2340 2078 2387 tam
2109 2332 2247 2387 duro
2273 2331 2498 2387 servitio
2556 2333 2801 2387 intentus
2856 2341 3017 2395 esset,
3054 2349 3157 2388 nec
3186 2332 3471 2398 deﬁceret,
3514 2333 3583 2387 ab

1966 2435 2098 2495 agro
2129 2419 2351 2474 rediens
2380 2436 2544 2475 unam
2585 2436 2733 2490 saepe
2782 2427 3022 2488 noctem,
3071 2420 3393 2493 frequenter
3447 2423 3586 2477 duas

1966 2515 2200 2589 pervigil
2230 2516 2581 2587 hymnorum,
2625 2516 3075 2587 psalmorumque
3130 2515 3388 2571 laudibus
3413 2515 3586 2571 tradi-

1969 2614 2058 2659 tur
2089 2606 2362 2660 excubare
2390 2605 2603 2661 solitus.

2040 2697 2282 2761 Quadam
2315 2699 2558 2770 denique
2612 2699 2724 2766 die,
2780 2699 2911 2754 dum
2944 2698 3150 2754 laboris
3177 2697 3583 2753 intermittendi

1968 2794 2215 2859 tempore
2256 2787 2482 2843 domum
2516 2790 2793 2845 rediturus
2823 2790 2892 2844 ab
2926 2787 3263 2863 agricultura
3293 2793 3582 2849 cessasset,

1966 2878 2361 2934 monasterium
2409 2881 2681 2952 repetenti
2712 2881 3023 2952 quodlibet,
3058 2895 3199 2949 Opus
3240 2877 3582 2933 emendandi

1965 2968 2129 3022 aratri
2163 2969 2384 3037 accidit,
2404 2970 2725 3045 virgamque
2779 2970 2988 3025 stimuli
3030 2968 3206 3043 ﬁgens
3263 2970 3313 3024 in
3357 2976 3581 3034 terram,

1963 3068 2188 3123 domum
2221 3080 2330 3137 quo
2362 3057 2647 3129 tendebat,
2691 3064 2981 3119 immemor
3010 3063 3262 3132 ejusdem
3289 3062 3449 3127 forte,
3476 3061 3584 3116 imo

227 3148 363 3201 vade
374 3148 457 3201 ad
465 3146 714 3201 sanctum
739 3148 1121 3201 Theodericum
1136 3163 1151 3212 ;
1175 3148 1306 3216 quia
1316 3147 1550 3200 secunda
1558 3148 1723 3214 feria,
1738 3163 1861 3217 qua:

1970 3155 2041 3210 sic
2070 3156 2258 3210 divina
2305 3155 2580 3226 disposuit
2616 3153 2737 3209 ﬁeri
2795 3153 3124 3213 moderatio,
3167 3151 3439 3223 pervenit.
3483 3150 3585 3204 Mi-

228 3245 302 3293 est
307 3244 445 3309 post
464 3254 609 3305 cras,
635 3240 807 3307 ipsius
819 3241 922 3292 erit
942 3240 1215 3305 festivitas
1228 3239 1569 3305 celebranda,
1596 3244 1646 3294 et
1666 3240 1862 3294 uidene

230 3332 456 3385 indomo
467 3331 587 3399 ejus
599 3346 871 3400 appareas
884 3346 1078 3397 vacua;
1094 3332 1189 3385 sed
1199 3335 1378 3401 accipe
1387 3337 1749 3402 ceram,prout
1762 3334 1865 3387 tibi

230 3420 301 3473 ad
322 3434 575 3489 praesens
596 3421 833 3488 suppetit
860 3420 1188 3486 facultas,et
1215 3422 1292 3474 sic
1317 3421 1675 3475 adecclesiam
1688 3423 1866 3490 ipsius

228 3513 474 3577 perge,et
483 3508 637 3562 illius
650 3509 795 3578 quod
804 3508 1062 3577 imploras
1074 3510 1335 3564 obtinebis
1352 3504 1761 3564 interventione.
1772 3510 1867 3564 illa

237 3616 359 3655 mox
392 3600 692 3675 evigilans,
742 3601 847 3656 hac
900 3601 969 3656 de
1031 3602 1247 3658 visione
1301 3602 1631 3673 stupefacta,
1660 3610 1780 3656 orat
1801 3617 1866 3655 ex

233 3691 525 3744 voluntate
558 3689 653 3744 Dei
702 3689 808 3744 sibi
866 3689 1179 3746 conﬁrmari
1229 3691 1370 3759 visa,
1412 3698 1620 3747 etcum
1656 3690 1858 3766 gaudio

232 3777 461 3835 festinat
520 3796 789 3853 peragere
829 3781 999 3850 jussa.
1057 3781 1217 3836 Venit
1274 3782 1442 3856 igitur
1468 3782 1536 3836 ad
1566 3780 1858 3836 ecclesiam

232 3868 434 3933 sancti,
478 3868 815 3923 venerandae
868 3869 1237 3926 solemnitatis
1288 3870 1400 3936 dic,
1447 3869 1597 3924 beati
1646 3868 1861 3924 scilicet

232 3956 585 4023 Theoderici,
618 3965 727 4012 tres
755 3958 1134 4014 hebdomadas
1173 3958 1386 4014 habens
1414 3974 1479 4012 ex
1520 3972 1629 4028 quo
1652 3958 1709 4011 id
1736 3956 1857 4011 dis-

232 4046 491 4101 criminis
521 4047 800 4101 acciderat
826 4047 1095 4102 illi.Tunc
1122 4064 1183 4103 se
1210 4050 1669 4120 antesepulcrum
1687 4049 1862 4121 ipsius

232 4155 357 4192 cum
391 4138 653 4209 lacrymis
690 4146 965 4206 sternens,
991 4156 1091 4212 pro
1122 4140 1297 4196 salute
1332 4157 1431 4196 sua
1452 4157 1646 4213 preces
1673 4141 1859 4197 effun-

234 4228 315 4281 dit
347 4247 362 4291 ;
399 4216 600 4298 ibiq'ue
634 4235 745 4283 tota
777 4237 939 4284 nocte
975 4246 1337 4300 perseverans
1365 4230 1422 4284 in
1454 4231 1730 4299 oratione,
1763 4247 1864 4288 ve-

234 4320 389 4374 niam
425 4320 494 4373 de
522 4319 752 4388 piaculis
780 4321 897 4375 suis
936 4322 1225 4378 humiliter
1255 4340 1320 4379 ac
1349 4324 1589 4382 ﬁdenter
1627 4330 1723 4401 [ms
1755 4372 1768 4397 ,
1793 4331 1865 4384 ti-

1962 3244 2139 3299 rabile
2169 3244 2341 3310 dictu,
2373 3242 2568 3314 spinea
2596 3242 2751 3315 virga
2796 3243 2901 3298 sub
2943 3249 3105 3297 nocte
3137 3240 3352 3295 radices
3378 3239 3434 3293 in
3475 3248 3586 3294 ter-

1973 3350 2089 3389 ram
2119 3333 2292 3399 dedit,
2322 3340 2377 3387 et
2411 3348 2591 3398 mane,
2651 3348 2775 3386 cum
2831 3332 2897 3385 ad
2928 3338 3255 3388 consuetum
3286 3331 3483 3385 beatus
3503 3331 3587 3385 vir

1968 3443 2111 3498 opus
2142 3426 2547 3497 rediret,atque
2576 3441 2863 3480 resumere
2879 3422 3071 3492 vellet,
3090 3433 3400 3500 turgentem
3434 3423 3588 3480 fron-

1968 3517 2133 3572 dibus
2159 3516 2389 3572 invenit.
2415 3516 2542 3582 Quaa
2566 3515 2803 3587 plurimo
2835 3523 3104 3585 tempore,
3139 3513 3471 3569 cumulando
3495 3529 3587 3569 ro-

1968 3608 2174 3675 bur,in
2206 3607 2483 3663 excelsum
2540 3606 2733 3673 crevit,
2779 3616 2833 3661 et
2891 3606 3093 3662 factum
3141 3606 3331 3661 multis
3362 3605 3583 3671 enituit,

1970 3697 2148 3752 donec
2175 3696 2279 3751 iter
2308 3712 2478 3771 agens
2504 3696 2729 3768 quidam
2758 3710 2921 3767 pmna
2946 3696 3297 3767 plectendus,
3330 3695 3583 3750 eamdem

1971 3790 2269 3853 abscindit,
2305 3791 2702 3861 oculorumque
2721 3789 2827 3844 sibi
2859 3789 3067 3844 lumine
3096 3806 3218 3844 cum
3242 3788 3587 3843 abscissione

1972 3882 2178 3953 pariter
2203 3883 2485 3953 adempto,
2521 3882 2687 3957 juges
2717 3881 2945 3936 incurrit
2976 3881 3251 3935 tenebras.

2035 3975 2160 4043 Ejus
2188 3983 2312 4045 post
2343 3976 2461 4030 haec
2482 3982 2720 4029 aratrum
2750 3990 2781 4027 a
2811 3972 3070 4027 ﬁdelibus
3102 3972 3157 4027 in
3179 3972 3415 4028 ecclesia
3439 3972 3585 4027 villae

1962 4064 2279 4119 Colubrosa:
2327 4078 2681 4134 suspensum,
2711 4061 2810 4129 ibi,
2860 4063 3038 4118 donec
3068 4063 3320 4117 eamdem
3356 4061 3584 4117 inimico

1970 4154 2295 4225 impellente
2343 4168 2511 4208 vorax
2564 4151 2786 4207 flamma
2824 4152 3086 4208 cremavit
3116 4153 3424 4221 basilicam,
3459 4168 3587 4225 per-

1970 4241 2191 4297 mansit.
2222 4241 2297 4296 De
2346 4257 2456 4313 quo
2486 4241 2741 4314 quisquis
2800 4242 3048 4297 dolorem
3074 4241 3324 4297 dentium
3366 4242 3584 4315 patiens

1969 4331 2241 4385 hastulam
2281 4332 2641 4402 prmcidisset,
2699 4349 2762 4388 ac
2818 4333 2887 4387 de
2943 4333 3063 4389 loco
3123 4334 3333 4389 doloris
3390 4350 3583 4405 parum

232 4412 458 4524 deliter]
495 4412 764 4515 exposcit.
800 4414 1050 4487 Dumque
1075 4417 1258 4472 adhuc
1282 4427 1412 4474 ante
1442 4420 1862 4492 tumbamjace-
1890 4426 2258 4524 Dsanguinis
2306 4425 2480 4481 ﬂuere
2534 4425 2777 4493 fecisset,
2819 4425 3000 4481 statim
3061 4427 3331 4482 medelam
3388 4428 3584 4484 salutis

232 4515 315 4561 ret
357 4506 510 4561 beati
557 4508 891 4563 confessoris
921 4508 1141 4575 Christi,
1185 4511 1373 4568 divina
1397 4513 1635 4583 jubente
1665 4513 1860 4587 gratia,

233 4596 818 4665 perintercessionem
872 4599 1050 4654 sancti
1106 4603 1275 4672 cmpit
1326 4618 1520 4658 manus
1564 4604 1740 4675 ipsius
1771 4603 1864 4673 Ife-

233 4685 405 4741 minae
431 4685 701 4755 paulatim
735 4703 766 4740 a
795 4688 945 4763 ligno
997 4688 1262 4765 disjungi,
1300 4700 1354 4746 et
1392 4692 1602 4763 absque
1634 4691 1864 4747 laesione

228 4776 544 4844 cujuslibet
581 4776 792 4832 doloris
820 4780 1050 4850 aperiri.
1105 4782 1306 4853 Sicque
1364 4782 1495 4838 dein
1528 4791 1642 4838 tota
1668 4799 1865 4839 manus

229 4868 598 4939 expanditur,
634 4876 689 4923 et
716 4871 927 4944 lignum
953 4873 1100 4929 dicto
1122 4873 1284 4929 citius
1312 4873 1367 4928 in
1401 4873 1717 4945 pavimento
1732 4890 1864 4946 pro-

231 4959 460 5025 labitur,
480 4963 605 5017 acsi
620 4979 903 5037 nunquam
918 4967 1218 5022 adhaesisse
1230 4966 1509 5023 videretur
1543 4968 1697 5024 Multi
1726 4984 1860 5024 vero

231 5049 327 5118 qui
359 5051 618 5117 aderant,
644 5052 749 5108 hoc
779 5069 1033 5125 superum
1055 5056 1279 5127 pietatis
1307 5064 1600 5112 cernentes
1624 5057 1863 5113 miracu-

233 5139 370 5203 lum,
392 5140 848 5215 glorificaverunt
871 5146 1183 5203 mirabilem
1214 5148 1272 5202 in
1301 5149 1507 5205 sanctis
1535 5149 1649 5205 suis
1664 5150 1856 5205 Deum.

851 5238 1059 5294 CAPUT
1106 5240 1258 5294 XXV.

747 5333 820 5384 De
847 5335 1029 5387 sancio
1054 5333 1369 5401 Theodulfo.

304 5417 527 5472 Tertius
581 5428 710 5490 post
749 5420 970 5478 beatum
1002 5424 1406 5480 Theodericum
1453 5424 1505 5480 S.
1532 5423 1871 5480 Theodulqu

231 5509 494 5575 ejusdem
558 5515 880 5570 monasterii
914 5524 1092 5572 rector
1147 5516 1374 5581 exstitit,
1416 5515 1512 5588 qui
1569 5517 1870 5588 conspicua

233 5601 468 5660 fulsisse
505 5605 685 5661 fertur
734 5609 1037 5664 aulicorum
1070 5610 1503 5682 propinquitate,
1542 5618 1600 5665 ct
1630 5626 1865 5666 venera-

229 5692 435 5750 bilium
467 5699 896 5769 monachorum,
954 5711 1116 5774 atque
1173 5702 1523 5759 sacerdotum
1571 5701 1864 5778 dignitate,

1970 4523 2278 4586 exoptatam
2344 4516 2489 4572 beati
2517 4513 2803 4570 Theodulﬁ
2832 4515 3044 4571 meritis
3075 4516 3361 4587 percipere
3394 4532 3578 4571 mere-

1963 4608 2146 4663 batur.
2180 4608 2303 4663 Haec
2330 4606 2602 4663 beneﬁcia
2651 4624 2762 4663 non
2794 4608 2983 4663 audita
3014 4609 3215 4676 solum,
3264 4610 3362 4664 sed
3385 4626 3416 4664 a
3455 4610 3585 4682 plu-

1966 4701 2119 4757 rimis
2140 4701 2304 4757 etiam
2333 4702 2453 4756 visa
2482 4708 2806 4763 noscuntur.
2866 4707 2920 4756 et
2968 4701 3203 4756 sanitate
3235 4709 3580 4773 recuperata,

1964 4798 2092 4846 sunt
2115 4789 2424 4846 certissime
2447 4791 2756 4862 propalata.

2035 4881 2304 4938 Defuncto
2319 4882 2561 4952 denique
2583 4881 2803 4948 abbate,
2820 4881 2915 4954 qui
2941 4881 3105 4938 beato
3118 4883 3423 4939 Theodulfo
3443 4901 3586 4955 thB-

1963 4983 2080 5029 erat
2109 4976 2324 5042 tertius,
2353 4985 2413 5030 ut
2441 4974 2784 5047 praimissum
2813 4982 2916 5041 est,
2952 4973 3098 5030 idem
3130 4976 3214 5030 vir
3244 4976 3589 5032 venerabilis

1965 5066 2020 5121 in
2051 5066 2172 5123 loco
2202 5074 2405 5123 sancta
2436 5068 2837 5124 recordationis
2869 5069 3057 5125 domni
3112 5070 3441 5127 Theoderici
3502 5079 3586 5126 est

1964 5156 2253 5211 ordinatus
2301 5156 2495 5223 abbas,
2561 5158 2794 5228 prmsule
2845 5165 3149 5228 annuente,
3180 5167 3236 5215 et
3282 5161 3585 5217 monacho-

1970 5265 2095 5304 rum
2125 5257 2345 5305 caterva
2374 5256 2616 5322 petente.
2660 5250 2771 5316 Qui,
2791 5252 2994 5322 adepto
3033 5252 3320 5328 regimims
3350 5253 3582 5320 honore,

1973 5340 2130 5411 quasi
2181 5340 2333 5395 rudis
2372 5340 2474 5396 tiro
2501 5342 2716 5397 noviter
2764 5343 3022 5398 addictus
3068 5342 3353 5411 exercitio,
3377 5345 3582 5401 nullam

1972 5428 2086 5485 fere
2118 5431 2419 5502 praestabat
2444 5431 2673 5487 artubus
2718 5432 2985 5505 requiem.
3017 5433 3159 5499 Quin
3173 5442 3236 5489 ut
3266 5432 3583 5508 infatigatus

1971 5518 2028 5572 in
2077 5535 2247 5590 opera
2295 5536 2555 5575 manuum
2616 5521 2966 5593 praestiterat,
3006 5522 3087 5577 sic
3129 5523 3436 5577 exercendo
3496 5536 3576 5587 se,

1971 5627 2084 5667 non
2115 5612 2225 5666 sibi
2259 5629 2514 5684 parcens,
2546 5613 2614 5668 ad
2651 5613 2838 5669 divina
2867 5621 3041 5671 totum
3100 5613 3398 5684 dupliciter
3423 5618 3579 5682 apta-

1968 5703 2064 5761 bat
2096 5703 2426 5762 ministeria.
2488 5704 2796 5762 Fabricavit
2852 5704 3000 5761 enim
3048 5704 3330 5761 basilicam
3386 5702 3443 5756 in
3470 5702 3574 5758 ho-
