4034 6174
427 327 491 383 91
1552 326 1921 384 FLODOARDI
1958 325 2265 383 CANONICI
2302 327 2630 384 REMENSIS
3689 330 3758 387 92

398 474 566 543 onore
599 458 652 513 S.
682 456 892 523 Hilarii,
936 471 1046 527 quo
1109 471 1331 511 cursum
1394 454 1481 510 sui
1536 455 1843 526 duplicaret
1890 456 2047 512 labo-
2075 464 2123 530 Α
2147 457 2368 513 videtur
2397 457 2700 531 ingressus.
2732 456 2968 513 Sanctus
2993 473 3125 513 vero
3139 457 3496 524 Theodulfus,
3526 474 3757 529 corpore

433 548 526 601 ris.
593 547 761 620 Signo
806 543 1083 614 siquidem
1134 544 1283 612 dato,
1336 561 1458 600 cum
1521 545 1777 601 fratribus
1836 561 2044 602 convc-

435 636 614 699 niens,
666 635 858 687 harum
914 633 1106 687 laudes
1150 634 1499 704 persolvebat
1543 635 2041 709 hymnologiarum.

432 727 535 781 Sed
566 736 623 780 ut
645 725 848 795 duplex
879 741 1085 780 corona
1125 726 1330 789 meriti,
1376 726 1533 798 quasi
1588 728 1727 783 nihil
1760 737 1887 784 ante
1916 745 2047 803 ges-

430 819 611 884 sisset,
667 818 865 873 iterum
899 818 1161 889 praedicta
1189 825 1317 874 vota
1364 819 1635 875 reddebat
1672 820 1728 874 in
1760 821 1997 876 ecclesia
2029 839 2043 876 :

428 910 520 981 qui
554 910 683 965 licet
710 912 870 977 clam,
936 911 1118 966 taliter
1144 912 1381 986 agendo,
1428 911 1595 967 vellet
1640 913 1846 968 habere
1889 916 2037 985 quod

429 1002 648 1069 meruit,
705 1019 877 1073 Opera
917 1012 1100 1059 tamen
1149 1004 1375 1060 cultoris
1396 1004 1479 1060 sui
1505 1020 1615 1062 non
1641 1014 1725 1062 est
1754 1023 1914 1079 passa
1943 1008 2036 1063 di-

425 1093 623 1148 vinitas
658 1094 825 1149 oculi.

497 1181 721 1236 Accedit
754 1182 937 1254 itaque
969 1182 1204 1253 quadam
1237 1183 1350 1249 die,
1402 1190 1463 1239 ut
1488 1200 1583 1241 sus
1610 1185 1755 1242 circa
1787 1195 2036 1257 puteum,

427 1288 537 1343 quo
594 1273 698 1328 loci
742 1274 905 1341 hujus
945 1274 1112 1329 vicini
1167 1276 1605 1347 adaquabantur,
1653 1278 2037 1344 deambulans,

428 1368 609 1416 rueret
668 1362 725 1416 in
779 1363 979 1432 ipsum.
1013 1363 1532 1421 Circumﬂuentibus
1562 1367 1809 1439 undique
1836 1384 2037 1424 mona-

427 1451 566 1516 chis,
596 1468 718 1506 cum
748 1452 931 1507 nullus
988 1462 1135 1507 esset
1184 1453 1276 1523 qui
1306 1461 1633 1524 pereuntem
1688 1464 1878 1527 posset
1926 1457 2039 1511 eri-

429 1558 558 1610 pere
592 1543 659 1595 de
683 1543 979 1613 profundo,
1013 1544 1319 1614 prmsertim
1378 1561 1501 1599 cum
1533 1545 1652 1615 ipse
1677 1556 1879 1617 puteus
1907 1565 2041 1603 cen-

429 1638 539 1684 tum
561 1633 763 1701 pedum
796 1631 1005 1687 feratur
1049 1631 1381 1698 altitudinis,
1412 1634 1496 1688 vir
1546 1635 1639 1689 Dei
1664 1639 1991 1706 supervenit
2020 1658 2036 1693 :

427 1719 679 1790 factoque
709 1729 1014 1791 comperto,
1044 1722 1112 1776 de
1143 1722 1597 1795 coinquinatione
1639 1740 1818 1795 aquae,
1852 1724 1897 1777 si
1920 1724 2041 1778 ani-

2149 545 2436 602 laboribus
2448 546 2765 619 vigiliisque
2794 547 3065 610 confecto,
3089 546 3267 601 fessus
3284 546 3424 602 forte
3436 547 3760 619 quiescebat

2150 638 2207 692 in
2260 638 2422 693 lecto.
2486 637 2806 711 Legatarius
2840 638 3008 693 animi
3067 636 3195 692 felle
3249 647 3576 702 commotus,
3608 639 3752 710 quod

2146 730 2320 785 abbas
2376 728 2484 785 loci
2536 744 2647 784 non
2704 730 2811 785 sibi
2857 729 3104 785 dedisset
3159 745 3469 795 occursum,
3531 745 3754 786 rancore

2149 817 2407 873 turbidus
2434 818 2658 888 mentis,
2682 818 2849 873 dabat
2874 834 2967 874 ore
2996 814 3286 889 proferens
3308 834 3430 889 quae
3453 834 3563 874 non
3593 818 3757 875 dece-

2146 911 2300 966 bant.
2336 911 2580 983 Cumque
2611 910 2791 965 abiret
2848 910 3168 983 indignans,
3201 919 3261 965 ut
3289 910 3370 964 ira
3408 910 3503 965 ira;
3547 910 3752 969 misce-

2138 1008 2309 1065 retur,
2361 999 2779 1071 potentissimus
2822 1000 2944 1069 ejus
2997 1015 3195 1071 equus,
3239 1016 3271 1054 a
3300 1015 3472 1071 puero
3503 1008 3755 1056 mortuus

2139 1093 2443 1149 nuntiatur.
2473 1093 2595 1165 Ipse
2625 1093 2869 1164 denique
2900 1091 3163 1147 frendens
3206 1091 3263 1146 in
3294 1092 3616 1164 semetipso,
3648 1109 3753 1148 cu-

2139 1182 2469 1255 mulansque
2522 1182 2765 1238 furorem
2810 1182 3003 1248 furori,
3058 1181 3313 1254 geminos
3355 1182 3449 1237 dat
3478 1182 3759 1237 cruciatus

2139 1271 2345 1339 animo,
2375 1272 2444 1326 de
2476 1270 2859 1345 indignatione
2915 1270 3196 1336 videlicet,
3244 1278 3299 1324 et
3336 1270 3558 1325 damno.
3593 1269 3760 1325 Cum-

2140 1377 2248 1432 que
2277 1360 2361 1416 vir
2389 1368 2612 1415 sanctus
2644 1360 2699 1413 id
2722 1366 2845 1430 post
2875 1375 3132 1430 soporem
3174 1358 3369 1413 nuntio
3384 1357 3755 1429 cognovisset,

2143 1456 2212 1511 ad
2247 1454 2528 1510 hominem
2561 1453 2955 1510 consalandum
3002 1468 3110 1507 non
3142 1451 3358 1507 distulit
3387 1450 3539 1505 exire
3568 1468 3586 1516 ;
3618 1466 3754 1505 sue-

2143 1551 2309 1615 toque
2339 1542 2407 1596 de
2434 1557 2585 1597 more
2631 1540 2837 1595 blando
2868 1548 3102 1595 conatur
3131 1539 3377 1611 alloquio
3408 1537 3607 1593 eﬁ‘eros
3635 1538 3757 1607 ejus

2141 1631 2357 1689 animos
2381 1630 2657 1705 mitigare,
2688 1629 3043 1700 invitansque
3074 1628 3144 1682 ad
3190 1628 3519 1693 orationem,
3568 1634 3757 1682 monet

2142 1721 2201 1775 in
2235 1722 2344 1776 Deo
2397 1736 2552 1790 spem
2605 1734 2836 1790 ponere,
2890 1734 2954 1773 ac
3010 1717 3078 1771 de
3133 1718 3237 1772 hoc
3284 1716 3432 1789 quod
3463 1715 3758 1771 accndisset

428 1807 531 1861 mal
561 1808 707 1861 idem
766 1808 842 1862 ibi
896 1820 1220 1873 moreretur,
1279 1783 1492 1866 anxiari
1521 1783 1711 1882 coepit,
1746 1811 2037 1883 oculisque
2065 1783 2117 1850 B
2138 1810 2369 1866 minime
2399 1807 2741 1865 conturbari.
2767 1805 3134 1879 Pergentibus
3165 1812 3348 1860 autem
3372 1804 3483 1859 illis
3511 1804 3580 1858 ad
3607 1802 3757 1857 basi-

427 1896 492 1949 ad
551 1896 748 1950 ccelum
800 1898 1087 1966 porrectis,
1146 1908 1311 1971 atque
1369 1900 1555 1954 animo
1603 1915 1728 1954 cum
1780 1899 2040 1970 precibus

429 1989 483 2041 in
506 1988 748 2044 Domino
800 1990 906 2045 ﬁxo
965 1991 1096 2046 dum
1149 1991 1346 2048 Christi
1396 1992 1655 2067 suffragia
1686 1994 1919 2047 devotus
1947 2008 2042 2047 ex-

428 2078 626 2147 poscit,
659 2086 789 2134 ante
833 2078 1004 2150 pedes
1058 2081 1232 2152 ipsius
1258 2082 1464 2148 subito,
1512 2081 1723 2152 limpha
1770 2097 1941 2152 super
1979 2095 2042 2136 os

428 2171 577 2239 putei
607 2171 1194 2239 redundante,animal
1221 2174 1451 2229 illaesum
1480 2173 1753 2245 pervenit.
1780 2173 2044 2230 Videntes

424 2263 607 2317 cuncti
640 2270 866 2333 stupore
913 2266 1227 2320 vehementi
1284 2267 1505 2337 repleti,
1564 2266 1768 2340 gratias
1810 2276 2044 2341 egerunt

429 2355 556 2418 Deo,
590 2355 683 2425 qui
743 2362 944 2410 tantam
1001 2356 1363 2432 benignitatis
1429 2374 1544 2413 suae
1602 2357 1835 2430 gratiam
1884 2357 2034 2414 ﬁdeli

426 2461 527 2500 suo
547 2446 781 2505 contulit
798 2462 975 2509 servo.

500 2537 743 2602 Quadam
793 2555 1012 2610 quoque
1057 2540 1171 2607 die,
1224 2557 1347 2596 cum
1408 2541 1587 2597 isdem
1636 2543 1721 2596 vir
1771 2542 1865 2597 Dei
1934 2522 2040 2598 iter

429 2637 637 2700 ageret,
671 2646 701 2683 a
755 2632 1092 2686 monasterio
1145 2633 1213 2686 ad
1264 2634 1559 2704 quemdam
1602 2634 1787 2690 locum
1838 2649 2041 2705 prope-

430 2737 577 2784 rans,
638 2721 934 2795 agricolam
994 2723 1303 2793 quemlibet
1369 2734 1614 2779 arantem
1682 2726 1824 2781 viam
1857 2725 2045 2797 publi-

430 2828 569 2876 cam,
606 2828 704 2881 per
751 2829 916 2883 quam
959 2814 1194 2869 transire
1240 2815 1437 2871 solitus
1485 2825 1623 2884 erat,
1680 2817 1914 2873 invenit.
1948 2817 2044 2872 Cui

431 2908 485 2952 et
537 2900 722 2954 dixit:
782 2904 900 2957 Non
954 2909 1032 2958 est
1099 2905 1312 2971 bonum,
1375 2922 1405 2960 ο
1463 2908 1634 2973 homo,
1675 2910 1824 2961 viam
1862 2912 2049 2961 aratro

431 2990 628 3056 scindi,
660 3006 779 3059 qum
808 2991 1010 3046 debeta
1039 2995 1339 3049 viatoribus
1369 2995 1633 3065 inoffenso
1657 2997 1793 3066 pede
1823 2998 2043 3050 calcari.

434 3081 775 3152 Regrediens
832 3092 1015 3139 autem
1068 3085 1153 3140 vir
1206 3094 1429 3143 sanctus
1459 3103 1558 3158 per
1597 3088 1848 3143 eamdem
1879 3088 2045 3155 viam,

2141 1903 2301 1959 licam
2351 1901 2549 1957 Christi
2582 1899 2917 1957 confessoris
2964 1898 3180 1968 Hilarii,
3230 1897 3360 1953 dum
3412 1895 3643 1952 veniunt
3702 1896 3756 1949 in

2143 1999 2323 2052 locum
2354 1995 2451 2051 ubi
2512 1995 2729 2068 signum
2788 1992 2967 2049 crucis
3025 1991 3306 2057 adoratur,
3364 1990 3419 2044 in
3473 1988 3561 2043 via
3591 2004 3759 2059 prece

2143 2086 2305 2143 solito
2337 2086 2483 2150 data,
2537 2085 2743 2140 blande
2788 2085 2999 2140 vultum
3048 2090 3269 2137 vertens
3318 2081 3375 2135 in
3433 2079 3760 2152 praedictum

2143 2176 2467 2250 legatarium
2502 2193 2515 2229 ε
2550 2175 2695 2242 Noli,
2727 2174 2805 2228 ait
2848 2174 3043 2239 vereri,
3103 2173 3236 2242 quia
3275 2186 3475 2241 equum
3503 2174 3653 2225 tuum
3674 2172 3762 2223 in-

2141 2271 2317 2324 venies
2347 2273 2476 2323 ante
2503 2269 2650 2335 fores
2702 2268 3018 2321 monasterii
3066 2280 3279 2330 sanum,
3330 2264 3427 2333 qui
3476 2264 3527 2317 si
3554 2264 3635 2315 ita
3659 2262 3761 2328 fu-

2136 2358 2425 2424 ribundus,
2450 2361 2511 2410 ut
2522 2370 2776 2424 cmperas,
2803 2355 3127 2419 recessisses,
3147 2353 3382 2407 cadaver
3408 2352 3535 2421 equi
3559 2352 3763 2404 mortui

2137 2451 2287 2505 nobis
2313 2449 2642 2517 reliquisses.
2688 2444 2973 2517 Legatario
3010 2458 3140 2499 vero
3171 2443 3415 2497 animum
3449 2457 3559 2497 non
3585 2456 3763 2513 appo-

2143 2552 2331 2606 nente,
2389 2540 2697 2612 praesertim
2728 2555 2851 2593 cum
2909 2536 3111 2593 viderit
3158 2551 3285 2590 eum
3345 2542 3642 2600 mortuum,
3698 2548 3766 2587 ac

2146 2641 2260 2689 toto
2291 2648 2523 2703 corpore
2577 2631 2871 2697 tumidum,
2928 2620 3175 2683 decurrit
3229 2641 3368 2697 puer
3419 2624 3559 2693 ejus,
3606 2622 3764 2678 afﬁr-

2146 2738 2303 2777 mans
2354 2721 2431 2775 ita
2469 2736 2530 2775 se
2581 2736 2696 2774 rem
2742 2718 2969 2784 habere,
3026 2726 3085 2772 ut
3128 2715 3179 2769 ei
3224 2714 3482 2769 sacerdos
3536 2712 3761 2779 Christi,

2145 2812 2481 2869 Theodulfus
2526 2811 2815 2867 studuerat
2874 2808 3117 2863 indicare
3153 2825 3165 2861 :
3195 2806 3387 2877 sicque
3446 2805 3594 2876 quod
3648 2820 3763 2860 non

2148 2901 2431 2968 credebat,
2464 2899 2733 2955 miraculo
2790 2897 3011 2952 virtutis
3051 2894 3305 2968 probato,
3347 2893 3549 2949 mentis
3578 2892 3763 2947 furore

2149 2990 2425 3061 deposito,
2452 2988 2658 3063 gratias
2679 2986 2849 3041 refert
2874 2985 3126 3051 Domino,
3150 2999 3281 3039 vera
3310 2997 3369 3037 se
3388 2988 3595 3037 testans
3620 2996 3763 3036 ocu-

2149 3084 2326 3139 lorum
2357 3080 2597 3152 experiri
2655 3079 3007 3151 probatione,
3076 3092 3200 3149 quae
3231 3076 3301 3132 de
3332 3090 3492 3131 servo
3542 3073 3761 3129 Domini

435 3189 626 3228 rursus
666 3175 965 3247 agricolam
996 3176 1139 3231 viam
1181 3187 1240 3234 ut
1287 3188 1531 3249 coeperat
1569 3186 1817 3235 arantem
1856 3178 2037 3235 oﬁ‘en-
2072 3150 2121 3218 (ἶ
2145 3173 2509 3247 quorumdam
2542 3172 2751 3227 dudum
2810 3180 3136 3242 perceperat
3180 3169 3469 3224 relatione.
3505 3169 3641 3224 Non.
3677 3166 3768 3220 in-

434 3262 528 3317 dit.
564 3267 770 3331 Nonne,
804 3265 1007 3336 inquit,
1059 3268 1183 3323 dixi
1220 3269 1322 3323 tibi
1359 3272 1492 3339 quia
1521 3272 1667 3323 uiam
1697 3272 1857 3325 istam
1887 3285 2047 3323 arare

434 3368 540 3405 non
567 3353 721 3408 debes
751 3353 779 3406 ?
800 3356 1251 3428 appropiansque
1315 3374 1481 3412 manu
1540 3366 1729 3414 sancta
1767 3365 1933 3429 caput
1954 3374 2045 3412 ru-

435 3440 555 3495 stici
590 3442 772 3515 tetigit
798 3444 989 3499 dicens
1022 3463 1034 3499 :
1069 3449 1173 3501 Per
1201 3448 1351 3501 istud
1402 3453 1563 3516 caput
1619 3453 1688 3514 te,
1711 3449 1885 3515 homo,
1920 3464 2047 3503 con-

435 3534 598 3584 testor
634 3548 697 3585 ne
720 3534 869 3585 viam
919 3536 1082 3589 istam
1111 3536 1346 3604 amplius
1405 3552 1540 3592 ares.
1580 3537 1916 3592 Retrahente
1946 3553 2047 3592 au-

440 3629 544 3674 tem
569 3636 635 3675 eo
658 3638 904 3690 manum,
932 3630 1045 3679 tota
1072 3641 1196 3695 pars
1213 3625 1411 3695 capitis
1439 3626 1679 3682 hominis
1704 3626 1830 3697 [c.j,
1852 3625 2045 3697 illius],

439 3727 602 3781 quam
659 3713 744 3767 vir
772 3712 868 3767 Dei
924 3715 1196 3789 tetigerat,
1259 3716 1502 3770 candens
1531 3716 1786 3787 apparuit
1814 3724 1874 3773 ut
1902 3717 2046 3771 lana.

442 3800 550 3855 Nec
601 3801 832 3856 dubium
894 3807 1041 3875 quod
1096 3821 1205 3860 non
1264 3806 1429 3862 homo
1485 3806 1578 3861 Dei
1616 3806 1789 3862 voluit
1844 3815 1903 3862 ut
1958 3822 2051 3861 ca-

441 3891 865 3960 pillicaderent,
899 3896 993 3949 sed
1052 3903 1111 3951 ut
1157 3895 1315 3971 signa
1368 3912 1465 3968 per
1506 3897 1894 3953 succedentem
1940 3914 2043 3971 ge-

440 3983 784 4036 nerationem
824 3995 1209 4053 promerentur
1252 3987 1418 4056 hujus
1462 3986 1611 4053 facti,
1646 4004 1715 4042 ne
1736 3989 1861 4060 quis
1882 4004 2046 4064 agere

436 4070 617 4125 simile
675 4082 1036 4141 praesumeret
1093 4076 1241 4145 quod
1298 4086 1520 4130 sanctus
1567 4077 1661 4130 Dei
1709 4077 2048 4133 Theodulfus

439 4160 731 4230 imperavit
761 4178 829 4216 ne
855 4161 1029 4217 ﬁeret.
1075 4164 1205 4218 Nam
1238 4165 1369 4219 dum
1384 4166 1672 4240 generatio
1704 4166 1880 4237 ipsius
1899 4168 2049 4240 agri-

437 4247 572 4303 cola:
624 4250 846 4317 mansit,
905 4251 1124 4325 signum
1184 4254 1333 4325 quod
1392 4272 1424 4309 a
1474 4265 1665 4312 sancto
1721 4256 1839 4313 viro
1899 4265 2055 4328 pater

438 4336 673 4407 accepit,
702 4346 758 4392 et
779 4337 897 4409 ipsa
922 4338 1091 4395 simili
1119 4342 1282 4397 modo
1312 4344 1560 4415 pertulit.

512 4430 603 4485 Vir
626 4431 871 4505 denique
921 4436 1144 4507 quidam
1174 4438 1326 4493 venit
1363 4438 1432 4493 ad
1478 4438 1655 4494 virum
1708 4440 1802 4495 Dei
1834 4441 2055 4497 oculum

2146 3266 2267 3337 quit
2295 3276 2518 3320 sanctus
2572 3264 2691 3330 Dei,
2741 3265 2836 3318 hoc
2904 3266 3057 3327 meis,
3087 3278 3207 3317 cum
3271 3263 3374 3315 sim
3423 3260 3580 3314 homo
3629 3275 3763 3329 pec-

2145 3362 2314 3423 cator,
2346 3357 2588 3411 ascribas
2626 3358 2857 3420 meritis,
2914 3354 3006 3407 sed
3040 3355 3143 3407 Deo
3203 3355 3413 3420 gratias
3480 3366 3598 3419 age.
3630 3367 3769 3405 san-

2146 3453 2463 3519 ctorumque
2486 3450 2681 3503 merita
2708 3462 2814 3500 non
2840 3460 3003 3500 cesses
3015 3446 3283 3509 venerari,
3298 3445 3395 3513 qui
3406 3443 3505 3497 tibi
3530 3446 3771 3511 possunt

2144 3541 2204 3592 in
2233 3537 2484 3591 omnibus
2513 3536 2787 3590 auxilium
2841 3535 3055 3600 largiri.
3091 3530 3313 3585 Talibus
3365 3530 3553 3601 itaque
3584 3528 3765 3584 virum

2148 3630 2427 3685 instruens
2454 3627 2703 3695 monitis,
2735 3625 2863 3680 data
2884 3623 3278 3679 benedictione
3301 3621 3556 3693 permisit
3584 3621 3765 3676 abire.

2150 3721 2305 3777 Unde
2338 3719 2547 3790 liquido
2607 3725 2756 3789 patet
2804 3732 2931 3771 eum
2988 3731 3113 3771 cum
3170 3714 3375 3769 virtute
3423 3712 3766 3767 mirabilium

2148 3812 2349 3883 spiritu
2397 3825 2619 3882 quoque
2686 3806 2930 3882 viguisse
2989 3805 3314 3877 pr0phetize,
3375 3804 3471 3876 qui
3535 3803 3766 3869 animal,

2151 3902 2300 3975 quod
2324 3910 2603 3957 mortuum
2652 3898 2959 3965 dimiserat,
3017 3912 3137 3953 esse
3190 3896 3377 3953 vivum
3421 3894 3770 3967 praenuntia-

2143 3992 2260 4049 bat.

2220 4085 2331 4140 Nec
2364 4081 2643 4138 ullatenus
2700 4080 2885 4136 omnia
2915 4078 3179 4134 virtutum
3210 4076 3385 4148 ipsius
3438 4091 3771 4131 enumerare

2150 4173 2458 4230 sufﬁcimus
2489 4172 2749 4246 insignia.
2783 4171 2923 4235 Quot
2952 4169 3101 4225 enim
3151 4168 3385 4223 diversis
3411 4166 3620 4222 detenti
3644 4166 3771 4220 lan-

2151 4262 2419 4336 guoribus
2456 4277 2557 4332 per
2586 4261 2709 4330 ejus
2762 4259 3240 4326 intercessionem,
3264 4258 3641 4328 plenissimam
3675 4275 3771 4314 re-

2154 4360 2421 4425 ceperunt
2467 4352 2792 4419 sanitatem,
2823 4353 2973 4408 solus
3018 4353 3142 4425 ipse
3170 4350 3344 4416 novit,
3377 4350 3473 4423 qui
3505 4351 3623 4406 haec
3645 4349 3769 4406 ﬁeri

2156 4442 2434 4514 praestitit.
2485 4442 2636 4496 lnter
2681 4447 2882 4496 caetera
2932 4456 3157 4512 quoque
3204 4438 3350 4494 bona
3377 4454 3500 4510 qum
3522 4436 3773 4492 Christus

442 4524 655 4581 habens
691 4525 929 4600 virgulto
988 4544 1334 4599 percussum,
1393 4540 1449 4587 et
1497 4532 1707 4588 lumine
1756 4532 2052 4603 privatum,
2079 4517 2134 4586 D
2156 4534 2286 4589 huic
2300 4549 2458 4590 servo
2478 4550 2579 4589 suo
2606 4532 2902 4597 concessit,
2928 4532 3065 4587 illud
3093 4529 3457 4586 memorabile
3488 4528 3773 4600 spectabi-

440 4616 530 4671 cui
562 4618 711 4673 nulla
749 4619 985 4676 dabatur
1032 4623 1255 4694 requies
1283 4624 1354 4678 de
1395 4621 1755 4690 cruciatione,
1790 4637 1891 4677 nec
1920 4636 2049 4692 spes

441 4714 558 4761 erat
588 4708 657 4764 de
685 4711 836 4767 visus
861 4714 1303 4785 recuperatione.
1337 4715 1508 4779 Quem
1540 4712 1736 4769 beatus
1774 4712 2052 4769 Theodul-

444 4798 528 4852 l'us
549 4800 617 4854 ad
647 4814 996 4859 sacrosancta
1027 4805 1239 4861 ducens
1267 4806 1482 4872 altaria,
1512 4805 1701 4861 docuit
1726 4805 2046 4862 osculanda.

441 4887 537 4943 llle
566 4907 720 4947 sacra
747 4893 1023 4949 velamina
1060 4912 1153 4952 ore
1201 4897 1483 4971 tangebat,
1542 4904 1597 4951 et
1637 4912 1830 4953 servus
1852 4897 2051 4953 Christi

443 4980 703 5051 precibus
756 4982 1073 5040 incubabat.
1134 4986 1321 5061 Surgit
1372 4993 1595 5041 sanctus
1632 5001 1663 5039 a
1712 4987 2050 5057 pavimento,

444 5079 499 5124 et
529 5071 680 5126 nulla
694 5072 904 5129 doloris
915 5075 1148 5149 vestigia
1160 5081 1542 5129 remanserunt
1564 5073 1850 5143 injuvenis
1868 5076 2049 5133 oculo.

443 5163 565 5228 Qui,
625 5174 685 5220 ut
740 5175 857 5220 erat
914 5166 1167 5241 dignum,
1227 5166 1344 5223 viro
1397 5166 1491 5223 Dei
1540 5167 1745 5241 gratias
1811 5171 2054 5227 referens

446 5272 543 5326 pro
575 5259 809 5327 medela,
846 5262 1097 5334 gaudens
1151 5263 1416 5318 remeavit
1463 5264 1532 5318 ad
1584 5264 1827 5335 prOpria,
1859 5264 2058 5319 collata

442 5349 550 5404 sibi
573 5368 736 5422 quam
762 5355 1057 5424 qumsierat
1080 5355 1377 5412 medicina.

517 5439 747 5505 Quidam
797 5457 1021 5514 quoque
1076 5443 1291 5519 legatus
1340 5444 1769 5510 Austrasiorum,
1830 5444 2054 5500 nomine

444 5527 558 5584 ΟΚο
591 5530 707 5603 (qui
739 5540 867 5587 sunt
896 5533 1214 5605 superiores
1267 5534 1483 5604 Franci)
1536 5535 1768 5590 veniens
1814 5552 1847 5590 a
1876 5536 2053 5607 parti-

446 5618 552 5675 bus
576 5619 835 5688 Orientis,
888 5625 1018 5680 dum
1072 5626 1140 5681 ad
1173 5626 1335 5696 huius
1391 5632 1524 5681 tunc
1561 5625 1713 5699 regni
1747 5625 2055 5698 principem

402 5788 405 5795 _
448 5710 780 5778 mitteretur,
814 5714 1083 5770 orationis
1116 5715 1293 5788 gratia
1344 5712 1739 5770 monasterium
1797 5712 1899 5770 viri
1958 5712 2054 5769 Dei

2149 4628 2310 4697 leque
2337 4625 2689 4697 praedicatur,
2748 4623 2897 4696 quod
2954 4640 3077 4679 cum
3137 4622 3205 4687 ad
3237 4637 3414 4693 usque
3464 4620 3773 4693 nonaginta

2147 4718 2348 4774 vixerit
2402 4733 2597 4785 annos,
2647 4717 2849 4774 canitie
2906 4715 3221 4788 praeclarus,
3275 4719 3503 4783 aspectu
3554 4712 3769 4782 jucun-

2151 4812 2274 4879 dus,
2291 4809 2541 4866 moribus
2568 4817 2926 4882 temperatus,
2959 4805 3477 4876 charitatelplenus,
3511 4803 3768 4859 eleemo-

2152 4904 2304 4975 synis
2360 4903 2565 4978 largus,
2626 4908 2976 4973 contemptor
3024 4899 3211 4955 saeculi
3261 4897 3557 4973 gloriosus,
3615 4896 3772 4952 nullo

2155 4992 2393 5059 febrium
2440 4991 2653 5059 dolore,
2716 4991 2868 5046 nulla
2922 4989 3173 5062 corporis
3210 4986 3560 5052 lassitudine,
3615 4984 3772 5041 nullo

2155 5098 2338 5137 rerum
2368 5082 2642 5137 variarum
2698 5097 2828 5137 casu
2873 5080 3182 5145 confectus,
3218 5077 3371 5132 nulla
3402 5076 3605 5132 mentis
3650 5090 3774 5131 mo-

2153 5170 2313 5226 lestia
2358 5178 2561 5236 motus,
2614 5170 2683 5225 ab
2730 5169 3004 5233 oratione,
3053 5167 3139 5223 vel
3196 5183 3426 5238 operum
3484 5165 3580 5221 Dei
3602 5180 3769 5219 exer-

2157 5259 2287 5314 citio
2335 5260 2589 5324 cessavit,
2640 5274 2930 5331 quousque
2961 5258 3125 5312 beata
3167 5256 3287 5325 ejus
3333 5256 3517 5311 anima
3568 5269 3777 5325 corpus

2156 5353 2446 5426 vegetavit.
2482 5353 2612 5408 Cum
2646 5356 2775 5408 ver‘o
2825 5351 3014 5406 divina
3061 5348 3356 5404 clementia
3415 5348 3636 5404 ﬁdelem
3678 5346 3770 5402 fa-

2155 5442 2365 5498 mulum
2393 5441 2551 5497 senio
2576 5444 2884 5507 detentum,
2917 5458 3015 5513 pro
3047 5440 3332 5495 laboribus
3383 5440 3519 5505 suis,
3564 5436 3778 5510 quietis

2157 5531 2464 5605 refrigerio,
2514 5531 2696 5586 meriti
2745 5530 2972 5601 praemio
3029 5529 3197 5586 vellet
3253 5543 3627 5593 remunerare,
3686 5524 3777 5581 fe-

2158 5624 2337 5678 brium
2396 5623 2576 5678 calorc
2621 5623 2973 5695 aliquatenus
3022 5640 3150 5679 eum
3210 5621 3463 5695 permisit
3512 5629 3769 5676 mstuare.

2158 5714 2554 5787 Ingressusque
2573 5712 2858 5768 basilicam
2889 5712 2981 5768 die
3011 5714 3248 5784 quadam
3280 5711 3410 5766 dum
3462 5709 3768 5765 matutino-
