4040 6176
280 289 347 345 93
954 296 1672 372 ΗιδΤΟΒΙΔΕζΕΕΟιΕδΙᾸΕ
1710 297 1936 355 REMEN

2086 303 2277 358 LIBRI
2320 301 2653 367 QUATUOR.
2685 333 2755 342 —
2787 303 2913 359 LIB.
2958 305 2999 359 I.
3616 308 3687 364 94

279 443 400 510 rum
455 427 739 483 solemnia
792 430 1244 500 celebrarentur,
1291 435 1652 492 orationibus
1714 435 1939 505 profuse
1968 439 2351 510 Adevastat;
2394 437 2684 510 ipsumque
2730 439 3126 494 monasterium
3175 440 3418 496 ﬂammis
3479 444 3683 499 exurit,

281 500 645 583 incumbens,
700 518 817 574 Deo
873 522 1269 578 commendare
1337 525 1604 580 studebat
1667 523 1931 593 animam,

281 625 452 680 quam
483 625 770 681 corporeo
830 613 1108 684 ergastulo
1158 615 1271 671 cito
1327 623 1686 688 praenoverat
1743 616 1933 673 absol-

281 702 524 756 vendam
594 703 861 773 Depulsis
918 704 1105 777 itaque
1160 707 1342 763 noctis
1399 707 1676 773 tenebris,
1735 724 1935 766 aurora

282 792 575 858 rutilante,
636 794 1039 850 comitantibus
1096 812 1285 850 secum
1347 796 1689 868 quibusdam
1732 814 1932 855 mona-

279 884 426 948 chis,
459 884 728 939 cellulam
786 887 1035 956 repetiit,
1090 888 1282 943 hilaris
1326 890 1396 944 de
1463 888 1790 946 visitatione
1829 893 1937 948 sibi

280 974 427 1031 facta
458 983 812 1043 sanctorum,
838 994 903 1032 ac
955 980 1023 1033 de
1063 981 1424 1049 revelatione,
1477 998 1591 1053 qua
1639 982 1726 1036 sui
1752 992 1938 1041 trans-

280 1067 393 1122 itus
423 1068 625 1123 horam
648 1068 761 1122 sibi
822 1070 1103 1143 gaudebat
1135 1071 1465 1128 intimatam.
1494 1073 1573 1127 Ad
1608 1090 1775 1144 quam
1808 1078 1938 1133 dum

279 1174 339 1212 se
388 1159 730 1230 pervenisse
788 1162 1070 1233 cognovit,
1130 1179 1257 1218 cum
1306 1163 1570 1219 fratribus
1629 1181 1829 1236 pacem
1857 1169 1938 1225 fa-

279 1249 467 1311 ciens,
528 1248 730 1303 oculos
781 1248 853 1301 ad
912 1250 1113 1304 caelum
1167 1266 1290 1306 cum
1355 1251 1617 1305 manibus
1671 1252 1932 1320 elevavit,

281 1345 335 1391 et
355 1336 611 1390 animam
635 1343 890 1391 sanctam
925 1338 1116 1392 mundi
1151 1338 1459 1413 naufragiis
1509 1347 1759 1411 ereptam
1794 1344 1937 1399 Con-

282 1425 461 1481 ditori
489 1426 656 1480 laetus
682 1425 954 1489 reddidit,
983 1443 1144 1496 quam
1188 1427 1436 1482 Christus
1462 1445 1589 1483 cum
1622 1431 1792 1487 curia:
1813 1440 1932 1489 cte-

284 1515 452 1571 lestis
468 1515 849 1569 exsultatione
879 1515 1140 1585 suscepit.

361 1604 577 1659 Horum
608 1604 864 1674 denique
920 1603 1206 1658 beatorum
1269 1604 1667 1659 monasterium
1718 1616 1934 1676 patrum

286 1713 392 1768 pro
424 1696 722 1752 monachis
744 1694 915 1750 modo
944 1694 1174 1750 clericos
1198 1695 1390 1750 habet.
1434 1695 1684 1763 Quorum
1707 1698 1934 1770 quidam

2040 534 2098 582 et
2172 527 2428 598 proxima
2475 543 2708 598 quaeque
2758 527 3284 598 circumpositarum
3339 531 3516 586 ruinis
3574 533 3684 587 fere

2032 616 2303 670 villarum
2352 616 2599 687 proterit.
2637 617 3029 686 Intuemurque
3085 617 3254 672 modo
3290 617 3404 686 jam
3443 622 3682 678 manife—

2033 716 2118 790 ste
2143 724 2317 780 quam
2358 724 2486 764 vera
2533 707 2738 762 fuerint
2763 723 2883 779 quae
2936 708 3030 761 ille
3073 710 3333 765 audierat
3362 728 3425 765 ex
3455 715 3675 769 revela-

2036 788 2223 835 tione.

2658 867 2865 922 CAPUT
2905 867 3067 922 XXVI

2111 961 2193 1013 De
2221 960 2374 1025 fonte
2415 959 2473 1012 in
2503 958 2692 1011 horum
2729 960 3039 1011 sanctorum
3074 963 3400 1014 monasterio
3426 977 3598 1030 nuper

2754 1052 2959 1102 exorto.

2114 1145 2178 1198 In
2200 1142 2398 1197 silvula
2426 1142 2554 1196 huic
2578 1140 2838 1212 contigua
2890 1141 3258 1207 monasterio,
3293 1140 3416 1197 fons
3455 1142 3663 1195 dudum

2038 1232 2256 1288 noviter
2282 1241 2507 1286 exortus
2560 1238 2663 1284 est.
2722 1229 2797 1282 Ad
2846 1244 3014 1299 quem
3062 1229 3390 1285 febricitans
3440 1230 3664 1300 quidam

2038 1340 2170 1377 casu
2203 1321 2866 1391 deveniens,viditsupra
2894 1319 3077 1390 ipsum
3108 1321 3314 1376 fontem
3340 1321 3663 1376 inclinatum

2039 1412 2340 1483 quemdam
2363 1426 2554 1465 senem
2584 1410 2640 1463 in
2671 1408 2910 1463 clericali
2935 1410 3127 1466 habitu
3149 1416 3408 1475 stantem,
3438 1426 3664 1465 aureum

2039 1501 2301 1555 baculum
2336 1515 2500 1553 manu
2520 1505 2826 1553 tenentem.
2848 1496 3092 1561 Quicum
3107 1500 3296 1554 sonitu
3317 1500 3665 1555 advenientis

2041 1602 2228 1647 motus
2254 1608 2315 1645 se
2337 1591 2623 1646 videretur
2648 1589 2889 1644 erexisse
2911 1607 2943 1644 a
2969 1590 3148 1656 fonte,
3166 1600 3316 1647 tanto
3342 1592 3442 1646 iste
3461 1609 3665 1662 pavore

2039 1699 2344 1740 concussus
2397 1693 2500 1747 est,
2554 1692 2613 1737 ut
2665 1683 2932 1739 attonitus
2974 1683 3028 1737 in
3090 1691 3287 1738 terram
3338 1685 3583 1751 caderet,
3608 1692 3663 1739 et

283 1763 498 1857 nuper,
534 1785 802 1840 Otbertus
851 1785 1099 1852 nomine,
1143 1785 1467 1856 priusquam
1506 1786 1677 1841 Gallia
1725 1763 1937 1862 gladiis
1964 1763 2016 1831 Β
2042 1772 2184 1826 nihil
2213 1773 2442 1828 omnino
2497 1773 2685 1826 videre
2738 1772 2965 1827 valeret.
3003 1774 3068 1827 At
3119 1784 3243 1844 post
3267 1773 3542 1828 modicum
3573 1790 3661 1828 re-

287 1876 693 1947 Hungarorum
727 1874 1029 1929 laceranda
1059 1875 1393 1940 traderetur,
1432 1875 1501 1929 ad
1564 1883 1809 1931 extrema
1835 1878 1937 1931 de-

286 1966 522 2029 ductus,
566 1964 703 2018 dum
766 1963 1076 2018 certamina
1130 1963 1449 2019 daemonum
1494 1980 1594 2035 pro
1617 1981 1674 2019 se
1706 1966 1936 2043 litigan-

290 2054 461 2118 tium,
497 2060 555 2108 et
610 2068 740 2107 eum
802 2051 874 2106 ad
937 2050 1218 2105 interitum
1260 2067 1459 2122 rapere
1490 2054 1808 2109 conantium
1840 2073 1942 2127 pa-

293 2154 535 2211 teretur,
577 2144 711 2199 almi
761 2142 986 2214 patroni
1053 2143 1135 2197 sui
1197 2142 1391 2198 domni
1436 2143 1759 2202 Theoderici
1819 2154 1942 2202 tan—

290 2233 428 2288 dem
472 2247 538 2286 se
586 2231 745 2287 videt
800 2232 947 2303 eripi
1008 2232 1257 2297 meritis;
1319 2232 1603 2290 daemones
1646 2251 1779 2292 vero
1841 2253 1943 2307 per

284 2325 709 2381 invocationem
766 2321 969 2377 Christi
1024 2320 1267 2376 nominis
1323 2330 1379 2376 et
1432 2333 1746 2379 sanctorum
1791 2325 1937 2393 ejus,

280 2432 312 2469 a
342 2431 413 2470 se
439 2432 570 2471 cum
596 2428 805 2488 magno
849 2411 1085 2481 strepitu
1117 2419 1174 2468 et
1231 2411 1620 2486 indignatione
1649 2416 1936 2473 recedere.

284 2507 439 2561 Vidit
462 2507 636 2561 etiam
696 2511 753 2560 et
808 2504 1107 2576 quemdam
1146 2504 1395 2572 fratrem,
1458 2506 1665 2562 dictum
1723 2509 1936 2564 Bertri-

282 2612 441 2660 cum,
503 2596 600 2667 qui
657 2612 770 2651 non
818 2597 986 2669 longe
1042 2604 1172 2651 ante
1230 2597 1568 2662 decesserat,
1629 2614 1688 2652 se
1738 2598 1938 2654 crebro

287 2690 641 2755 visitantem,
685 2686 1029 2742 consolando
1082 2703 1308 2759 quoque
1340 2696 1680 2756 monentem,
1736 2705 1806 2744 ne
1847 2688 1939 2745 hic

289 2787 446 2855 apud
489 2785 761 2840 saeculum
811 2783 955 2837 ultra
994 2795 1218 2834 manere
1274 2777 1483 2850 cUpiat,
1529 2779 1640 2833 imo
1680 2779 1748 2835 ad
1807 2794 1937 2833 eum

289 2875 635 2947 quantocius
682 2874 765 2928 ire
812 2870 1071 2945 gaudeat,
1123 2876 1185 2923 ut
1244 2885 1311 2923 ea
1368 2886 1490 2942 quae
1517 2888 1797 2944 nunquam
1832 2887 1936 2942 po-

294 2964 407 3019 tuit
450 2965 725 3037 cogitare,
780 2965 961 3019 valeat
1013 2963 1227 3019 videre.
1281 2965 1551 3029 Quoniam
1577 2964 1622 3019 si
1668 2964 1934 3018 demora-

294 3067 455 3114 retur
476 3060 536 3113 in
567 3059 774 3114 saeculo
802 3058 1036 3124 diutius,
1095 3073 1454 3130 nequaquam
1487 3065 1695 3112 tantum
1731 3057 1935 3111 malum
1966 3084 2017 3154 Ο

292 3149 536 3207 vidisset
559 3150 886 3221 aliquando,
920 3157 1186 3221 quantum
1229 3147 1447 3202 visurus
1476 3156 1623 3202 esset
1670 3146 1725 3200 in
1752 3148 1942 3218 proxi-

298 3257 412 3297 mo.
447 3241 624 3310 Cujus
645 3240 793 3296 dicta
830 3240 1088 3311 probatio
1135 3245 1354 3294 constat
1373 3236 1625 3291 veritatis
1666 3236 1936 3292 insecuta.

303 3332 416 3386 Isle
469 3331 754 3402 siquidem
787 3329 893 3385 levi
925 3329 1115 3384 dolore
1144 3324 1400 3397 corporis
1437 3331 1632 3391 tactus,
1660 3324 1728 3379 ad
1758 3328 1942 3381 eccle-

304 3421 446 3474 siam
482 3434 817 3491 properans,
843 3417 1048 3472 exitum
1070 3432 1236 3471 suum
1250 3412 1514 3484 precibus
1540 3413 1770 3468 Domino
1789 3428 1942 3469 com-

307 3512 556 3580 mendat,
577 3511 774 3565 fratres
787 3509 1041 3578 advocat,
1060 3507 1288 3562 missam
1303 3520 1548 3577 quoque,
1566 3520 1730 3575 quam
1746 3504 1938 3562 debito

306 3602 708 3676 properantius
728 3601 1093 3666 celebrarant,
1146 3600 1274 3654 illos
1312 3606 1571 3669 repetere
1613 3596 1780 3663 facit;
1815 3615 1939 3669 quae

308 3697 529 3751 viderat
594 3703 798 3760 narrat,
855 3701 910 3749 et
956 3710 1051 3750 eos
1087 3710 1275 3750 coram
1325 3708 1386 3746 se
1439 3690 1725 3746 charitatis
1763 3691 1942 3763 gratia

310 3796 503 3857 potum
556 3801 783 3842 sumere
832 3792 1005 3860 rOgat.
1064 3787 1139 3840 De
1199 3783 1429 3839 servitio
1488 3782 1581 3837 Dei
1634 3783 1939 3839 studiosius

309 3878 552 3951 agendo,
605 3886 661 3931 et
711 3876 1070 3946 psalmodiam
1119 3892 1247 3931 cum
1301 3872 1600 3928 devotione
1631 3874 1937 3929 canendam

313 3974 524 4027 monet,
555 3973 722 4038 atque
772 3966 885 4034 jam
926 3965 1081 4037 quasi
1131 3979 1366 4020 securus
1412 3968 1468 4017 et
1500 3962 1690 4017 hilaris
1716 3962 1934 4034 migrat.

316 4062 441 4115 Post
495 4060 657 4128 cujus
702 4059 915 4114 obitum
966 4075 1103 4133 gens
1153 4058 1540 4128 Hungarorum
1590 4054 1815 4109 Galliam
1842 4056 1935 4109 in-

313 4166 528 4220 gressa,
555 4148 826 4214 caedibus,
873 4147 1165 4214 incendiis,
1199 4163 1264 4203 ac
1317 4143 1533 4217 rapinis
1564 4159 1707 4216 pene
1737 4152 1937 4201 cuncta

2039 1864 2203 1919 diens
2251 1864 2319 1919 ad
2364 1880 2444 1927 se,
2505 1864 2762 1931 surrexit,
2814 1874 2871 1919 et
2900 1864 3254 1935 splendorem
3306 1881 3416 1937 qua
3474 1863 3665 1917 senior

2038 1955 2255 2011 abierat
2285 1956 2676 2011 monasterium
2732 1972 2947 2024 versus,
2998 1973 3256 2031 magnum
3288 1956 3443 2021 vidit,
3471 1956 3665 2027 sicque

2042 2048 2287 2102 salvatus
2331 2047 2400 2102 ab
2442 2047 2761 2103 infirmitate
2803 2064 2926 2113 sua,
2985 2048 3142 2103 laetus
3190 2048 3479 2102 abscessit.
3524 2046 3663 2101 (Σωοί

2043 2147 2178 2194 tunc
2201 2140 2468 2210 temporis
2483 2141 2587 2196 hoc
2612 2141 2669 2195 in
2710 2140 2829 2196 loco
2852 2140 3151 2196 illuminati
3182 2139 3455 2205 nonnulli,
3482 2139 3665 2195 claudi

2041 2229 2242 2295 erecti,
2291 2230 2427 2284 muti
2474 2231 2641 2286 locuti
2694 2239 2845 2296 sunt,
2900 2239 2956 2285 et
2997 2231 3149 2285 surdi
3208 2236 3539 2300 receperunt
3565 2245 3666 2283 au-

2044 2320 2247 2374 ditum.

2113 2408 2303 2480 Nuper
2321 2424 2545 2480 quoque
2584 2408 2843 2464 ordinato
2883 2406 3111 2481 Hugone
3158 2407 3342 2462 Remis
3368 2407 3658 2479 episcopo,

2042 2499 2297 2570 quaedam
2320 2499 2627 2571 paralitica,
2653 2516 2776 2572 quae
2801 2499 3095 2568 jacebatin
3126 2499 3351 2554 civitate
3381 2499 3449 2554 ad
3466 2500 3665 2568 januas

2039 2590 2293 2646 ecclesiae
2334 2599 2539 2646 sanctae
2588 2591 2791 2658 Mariae,
2834 2591 3160 2666 Magenildis
3183 2593 3429 2659 nomine,
3465 2593 3662 2649 admo-

2040 2682 2156 2737 nita
2178 2699 2279 2754 per
2304 2684 2505 2749 visum,
2554 2683 2649 2739 illo
2681 2699 2739 2739 se
2772 2683 2976 2739 deferri
3022 2683 3201 2755 petiit,
3237 2692 3402 2755 atque
3434 2692 3493 2740 ut
3522 2701 3663 2756 aqua

2040 2773 2218 2844 ipsius
2269 2775 2439 2831 fontis
2506 2776 2726 2847 perfusa
2770 2786 2874 2842 est,
2931 2777 3370 2832 incolumitatem
3431 2776 3659 2846 recepit.

2038 2866 2298 2929 Quaedam
2330 2868 2693 2924 nihilominus
2720 2869 3017 2924 Adelwidis
3061 2870 3310 2935 nomine,
3359 2868 3514 2923 arida
3534 2867 3662 2923 bra-

2038 2959 2201 3024 chiis,
2222 2961 2488 3015 uteadem
2508 2961 2621 3016 lota
2635 2968 2719 3016 est
2742 2978 2907 3033 aqua,
2933 2961 3197 3033 sospitate
3221 2961 3395 3032 potita
3412 2960 3660 3016 recessit.

2041 3046 2229 3103 Caecus
2257 3048 2484 3120 quidam
2518 3049 2588 3105 de
2616 3058 2797 3106 castro
2830 3051 3073 3107 Mosomo
3108 3054 3387 3122 (Mensam)
3412 3058 3544 3105 tunc
3559 3050 3658 3104 ad-

2043 3136 2296 3202 veniens,
2348 3154 2477 3193 mox
2506 3148 2567 3194 ut
2593 3141 2887 3197 ecclesiam
2919 3142 3095 3197 sancti
3144 3136 3471 3195 Theoderici
3516 3135 3663 3189 visus

2043 3238 2131 3284 est
2154 3229 2435 3293 introisse,
2484 3232 2669 3287 lumen
2700 3233 2955 3305 recipere
2986 3235 3207 3289 meruit.
3240 3232 3496 3298 Quaedam
3525 3244 3663 3298 pau-

2043 3320 2267 3390 percula
2282 3321 2351 3375 de
2379 3320 2503 3393 ipso
2537 3325 2754 3394 loco,ut
2792 3328 2988 3382 oculos
3009 3325 3116 3379 sibi
3144 3326 3246 3379 hoc
3292 3324 3445 3379 fonte
3471 3321 3659 3386 diluit,

2041 3419 2253 3486 lumen,
2312 3423 2464 3492 quod
2494 3422 2606 3491 jam
2664 3420 2733 3475 ab
2774 3421 2939 3475 annis
2984 3419 3126 3472 ultra
3164 3433 3327 3487 quam
3386 3414 3661 3470 sexdecim

2041 3510 2382 3579 perdiderat,
2454 3512 2683 3581 recepit.
2750 3512 3046 3566 Fulbertus
3092 3507 3319 3579 quidam
3377 3506 3662 3561 brachium

2039 3616 2242 3673 gerens
2271 3601 2507 3659 aridum.
2561 3609 2616 3657 et
2646 3602 2848 3658 inutile
2878 3603 2986 3659 sibi
3036 3600 3364 3664 membrum,
3392 3607 3449 3653 ut
3479 3614 3539 3653 se
3563 3598 3665 3653 hac

2039 3703 2183 3759 aqua
2216 3689 2473 3761 perfudit,
2508 3694 2835 3762 sanitatem,
2868 3693 3195 3765 brachiique
3224 3689 3430 3760 recepit
3461 3687 3666 3743 utilita-

2041 3792 2172 3839 tem.
2197 3783 2348 3837 'I‘unc
2374 3782 2539 3837 etiam
2581 3783 2818 3854 quidam
2849 3800 3047 3845 caecus,
3082 3780 3305 3837 nomine
3336 3780 3660 3844 Amalricus,

2041 3873 2119 3927 ibi
2150 3872 2325 3926 visum
2354 3873 2583 3943 recepit,
2626 3888 2756 3927 mox
2782 3875 2880 3929 ubi
2908 3891 2967 3929 se
2999 3875 3100 3928 hoc
3144 3872 3293 3927 fonte
3338 3871 3502 3936 lavit;
3526 3869 3664 3925 alia-

2039 3980 2147 4035 que
2169 3963 2328 4034 plura
2375 3979 2525 4017 nunc
2573 3964 2649 4018 ibi
2694 3966 2983 4021 refulsisse
3028 3964 3333 4035 probantur
3363 3962 3653 4027 miracula,

2040 4064 2093 4110 et
2141 4072 2208 4109 ex
2267 4054 2499 4111 diversis
2536 4055 2968 4129 egritudinibus
3019 4056 3236 4111 diversa
3279 4065 3407 4111 sunt
3464 4055 3659 4112 collata

2039 4147 2309 4202 remedia.

1422 4505 1820 4593 LIBER
1908 4506 2580 4597 SECUNDUS

857 4852 1066 4906 CAPUT
1113 4851 1372 4908 PRIMUM

656 4950 730 5001 De
758 4947 1146 5001 successoribus
1178 4949 1321 5001 beati
1346 4946 1598 5012 Remigii.

391 5040 559 5093 Beato
616 5036 870 5110 Remigio
935 5038 1273 5093 successisse
1350 5033 1583 5090 traditur
1636 5035 1936 5103 Romanus,

330 5133 570 5188 Romano
599 5128 835 5197 Flavius,
869 5140 993 5203 post
1032 5149 1174 5204 quos
1216 5135 1512 5206 Mapinius,
1558 5136 1645 5191 cui
1695 5144 1938 5208 potestas

330 5222 476 5297 regia
528 5222 783 5294 quaedam
798 5223 1029 5278 cessisse
1052 5225 1328 5295 reperitur
1340 5224 1565 5294 praedia.
1583 5225 1851 5296 deinceps
1864 5226 1934 5281 ab

329 5315 563 5370 Ecclesia
593 5314 851 5368 Remensi
875 5315 1225 5385 possidenda.
1277 5316 1448 5388 Hujus
1468 5332 1691 5389 quoque
1718 5327 1934 5389 tempo-

326 5404 471 5457 ribus
495 5404 829 5474 Suavegotta
889 5403 1082 5478 regina
1135 5405 1392 5460 Remensi
1436 5405 1686 5463 Ecclesiae
1710 5409 1931 5463 tertiam

328 5499 530 5563 partem
557 5490 704 5545 villae
733 5490 982 5548 Virisiaci
1019 5494 1259 5566 [Verzy],
1314 5511 1410 5565 per
1439 5499 1752 5553 testamenti
1776 5499 1929 5574 pagi-

329 5600 466 5650 nam,
496 5585 786 5660 delegasse
834 5587 1125 5656 reperitur.
1178 5587 1346 5651 Quam
1388 5596 1598 5658 partem
1643 5589 1787 5644 villae
1814 5588 1934 5659 ipse

329 5691 543 5749 quoque
573 5677 774 5748 pra>sul
821 5677 1214 5733 Theudechildi
1263 5678 1502 5749 praefata
1549 5679 1753 5753 reginae
1784 5680 1934 5746 filiai,

1960 4861 2020 4930 1)
2043 4852 2470 4921 usufructuario,
2502 4869 2600 4925 per
2646 4854 2970 4925 precariam,
2999 4857 3150 4914 salvo
3202 4859 3458 4915 Ecclesiae
3509 4860 3654 4929 jure,

2042 4953 2350 5017 concessit;
2385 4954 2456 5007 ita
2480 4954 2763 5015 duntaxat,
2815 4959 2874 5007 ut
2932 4963 3057 5024 post
3095 4953 3215 5022 ejus
3244 4952 3482 5019 obitum,
3526 4954 3655 5008 abs-

2042 5063 2149 5119 que
2170 5045 2650 5116 ullOpraejudieio,
2694 5045 2839 5099 sicut
2885 5044 2953 5099 ab
3003 5061 3070 5099 ea
3100 5044 3388 5099 meliorata
3432 5045 3650 5113 fuisset,

2040 5131 2109 5185 ad
2155 5132 2426 5187 ditionem
2461 5131 2748 5185 Remensis
2771 5140 3124 5188 revocaretur
3185 5135 3466 5191 Ecclesiae.
3524 5138 3652 5203 Quae

2037 5224 2250 5278 scilicet
2288 5223 2679 5278 Teudechildis
2726 5225 2918 5299 regina
2956 5226 3309 5295 postmodum
3363 5228 3648 5295 nonnulla,

2035 5329 2136 5382 per
2186 5313 2497 5367 testamenti
2554 5312 2639 5367 sui
2692 5315 3096 5381 auctoritatem,
3149 5322 3398 5387 tempore
3458 5316 3647 5372 domni

2035 5402 2237 5475 Egidii,
2264 5403 2520 5459 Remensi
2546 5404 2779 5460 contulit
2805 5404 3064 5461 Ecclesiae
3095 5409 3320 5477 przedia.

2677 5495 2886 5551 CAPUT
2941 5497 3006 5551 Il.

2535 5591 2610 5643 De
2668 5591 2867 5656 Egidio
2893 5592 3145 5659 praesule.

2110 5680 2211 5746 Qui
2231 5680 2429 5751 praesul
2473 5680 2707 5755 Egidius
2739 5680 2793 5734 in
2823 5681 3142 5751 episcopatu
3177 5679 3475 5751 Mapinium
3506 5681 3644 5757 legi-
