4038 6166
384 273 457 329 95
526 278 537 281 ⁷
1497 275 1869 332 FLODOARDI
1908 275 2213 333 CANONICI
2254 275 2583 333 REMENSIS
3639 288 3709 341 96

388 414 477 463 tur
507 416 749 476 secutus,
772 407 1230 479 episcopiumque
1283 408 1566 463 invenitur
1594 408 1835 475 auxisse,
1868 424 1999 463 arva
2024 412 2075 480 Α
2099 407 2222 463 aliis
2248 407 2445 483 legatis
2473 407 2676 464 missus
2727 408 2914 466 fuerit.
2970 412 3031 466 ln
3058 427 3167 483 qua
3197 410 3476 486 legatione
3506 416 3709 470 consti-

386 495 599 551 scilicet
623 506 677 552 et
720 494 994 566 mancipia
1031 495 1298 551 nonnulla
1327 496 1550 563 emisse,
1583 512 1815 567 quarum
1874 495 1995 564 ejus

385 588 724 659 emptionum
753 587 935 643 adhuc
964 588 1217 659 quadam
1248 602 1472 659 quoque
1513 587 1865 658 reperiuntur
1897 588 1990 642 in-

382 684 704 742 strumenta,
748 686 808 732 ut
837 676 975 731 illud
1040 692 1150 748 quo
1213 692 1438 747 campos
1468 676 1609 731 duos
1648 677 1716 732 ab
1746 677 1993 732 Oboleno

378 782 544 836 super
574 765 803 820 fluvium
851 767 1178 820 Rotumnam
1210 766 1275 836 [j.
1307 766 1651 827 c..Rotonam
1682 767 1987 838 Retourne.]

380 857 716 930 legiturdato
749 858 926 930 pretio
958 873 1577 930 comparasse,quorum
1600 875 1745 913 unus
1776 860 1992 916 modios

379 946 529 1002 mille
551 956 742 1002 tenere
772 950 1059 1015 sementis,
1090 951 1229 1005 alter
1253 950 1574 1007 inscribitur
1602 951 1985 1025 quadringen-

379 1045 481 1091 tos.
512 1037 769 1092 Villarem
829 1039 994 1093 etiam
1035 1041 1329 1111 quemdam
1381 1058 1412 1094 a
1444 1040 1685 1096 Bertulfo
1724 1041 1988 1111 quodam,

376 1145 501 1184 cum
534 1129 811 1198 adjacenti
853 1145 1048 1201 campo
1083 1130 1301 1187 modios
1324 1139 1547 1186 centum
1574 1139 1820 1187 tenente.
1849 1131 1986 1185 Par-

379 1225 486 1272 tem
529 1232 750 1289 quoque
782 1219 1069 1287 cujusdam
1118 1221 1269 1276 silva
1312 1236 1343 1275 a
1380 1219 1696 1276 Charibodo
1750 1221 1989 1292 quodam

381 1311 652 1381 reperitur
677 1312 897 1367 emisse.
941 1312 1168 1368 Necnon
1220 1312 1366 1383 apud
1407 1311 1615 1387 regiam
1643 1311 1989 1380 majestatem

381 1398 740 1456 immunitatis
767 1409 1105 1472 praceptum
1132 1403 1378 1458 ecclesia
1408 1418 1521 1457 sua
1561 1402 1822 1469 obtinuit,
1847 1409 1904 1456 ut
1920 1400 1989 1455 ab

378 1490 527 1543 omni
557 1490 728 1546 fiscali
758 1492 1041 1549 functione
1070 1495 1155 1549 vel
1182 1495 1528 1551 mutilatione
1551 1511 1778 1567 prorsus
1810 1493 1991 1548 habe-

379 1586 526 1633 retur
545 1595 610 1634 ac
659 1591 1011 1650 permaneret
1057 1583 1337 1647 immunis,
1395 1582 1582 1639 omnia
1612 1597 1837 1654 quoque
1864 1581 1992 1635 data

377 1668 621 1724 ecclesia
633 1669 889 1725 stabilem
912 1671 1228 1728 obtinerent
1244 1672 1579 1728 firmitatem.
1605 1668 1993 1725 Childebertus

378 1758 545 1813 etiam
576 1774 670 1812 rex
698 1758 945 1814 Villarem
965 1761 1259 1832 quemdam
1286 1763 1451 1817 situm
1483 1762 1539 1815 in
1558 1761 1793 1836 Vosago,
1818 1772 1990 1831 prope

378 1848 609 1904 ﬂuvium
639 1849 882 1915 Saroam,
918 1856 1025 1905 tam
1048 1850 1154 1922 ipsi
1196 1868 1362 1923 quam
1388 1851 1636 1907 ecclesia
1675 1866 1788 1906 sua
1813 1848 1994 1921 possi-

274 1958 287 1977 κ
376 1938 642 2006 dendum,
678 1938 1060 1994 instrumentis
1091 1941 1272 1996 adhuc
1301 1939 1675 2007 manentibus,
1708 1940 1991 1995 invenitur

379 2028 688 2083 tradidisse.
719 2028 890 2097 Hujus
940 2030 1193 2100 prasulis
1233 2037 1343 2085 tam
1385 2031 1552 2086 vitam
1593 2045 1757 2101 quam
1784 2027 1988 2100 pradi-

2097 503 2274 551 tutum
2307 495 2480 551 fuisse
2505 495 2692 563 refert,
2729 506 2788 552 ut
2820 498 3005 554 ablato
3037 499 3358 554 Guntramni
3388 499 3535 575 regis
3564 502 3707 557 Chil-

2097 588 2269 658 periei
2307 587 2492 644 fratris
2520 604 2710 664 regno,
2748 590 2888 645 inse
2932 591 3273 665 conjungere
3313 606 3508 663 pacem
3540 592 3710 650 debe-

2096 688 2237 734 rent.
2274 680 2388 744 Qua
2426 680 2683 751 pactione
2734 679 2967 747 firmata,
3026 683 3192 757 legati
3241 698 3364 738 cum
3413 684 3598 756 magni
3642 685 3709 739 ad

2096 768 2513 824 Childebertum
2544 778 2674 825 sunt
2701 770 3027 825 muneribus
3059 772 3296 847 regressi
3323 773 3500 843 (ἰδίει,
3518 789 3569 839 c,
3597 773 3703 843 31).

2098 858 2229 911 [tem
2258 858 2407 929 quod
2436 867 2729 930 postquam
2758 858 3070 931 Chilperico
3127 859 3276 915 ﬁlius
3323 869 3485 916 natus
3524 868 3627 928 est,
3656 868 3710 917 et

2093 950 2216 1020 ipse
2248 950 2484 1006 Parisios
2524 950 2782 1022 pervasit,
2834 951 3032 1025 legatis
3090 951 3425 1008 Childeberti
3483 954 3551 1008 ad
3582 968 3705 1008 eum

2089 1042 2465 1111 venientibus,
2518 1042 2730 1113 primus
2789 1042 3077 1098 inter.eos
3118 1044 3211 1099 hic
3249 1044 3497 1116 pontifex
3525 1044 3711 1113 fuerit,

2090 1134 2185 1204 qui
2214 1135 2342 1190 data
2370 1139 2747 1212 suggestione,
2769 1155 2983 1210 pacem,
3018 1154 3183 1210 quam
3216 1135 3561 1209 Chilpericus
3586 1153 3711 1193 cum

2092 1224 2319 1294 prafato
2349 1224 2704 1285 Childeberto
2734 1229 2960 1296 fecerat,
3006 1236 3065 1284 ut
3094 1237 3533 1292 conservaretur,
3561 1229 3714 1284 Chil-

2091 1316 2379 1372 debertum
2411 1327 2603 1391 petere
2649 1330 2929 1391 promunt,
2981 1337 3105 1377 cum
3163 1321 3330 1377 fratre
3379 1336 3511 1377 vero
3538 1321 3715 1393 ipsius

2092 1408 2386 1481 Chilperici
2411 1411 2749 1469 Gontramno
2775 1430 2967 1485 pacem
3000 1414 3209 1470 habere
3236 1428 3347 1469 non
3377 1426 3543 1484 posse
3568 1412 3717 1467 Chil-

2096 1497 2390 1554 debertum
2424 1517 2437 1552 :
2463 1500 2593 1571 quia
2624 1509 2833 1570 partem
2877 1501 3126 1557 Massilia
3166 1507 3290 1574 post
3318 1508 3553 1556 mortem
3584 1501 3713 1556 abs-

2096 1585 2281 1641 tulerit
2338 1589 2544 1659 patris,
2600 1587 2938 1664 fugacesque
2987 1606 3117 1646 suos
3170 1589 3440 1657 retinens,
3473 1591 3616 1646 nolit
3662 1591 3713 1646 ei

2095 1678 2393 1734 remittere.
2427 1680 2640 1749 Adjecit
2663 1682 2831 1737 etiam
2863 1682 3232 1754 Chilpericus,
3261 1681 3318 1737 in
3340 1682 3529 1737 multis
3557 1698 3717 1738 eum-

2091 1770 2216 1825 dem
2244 1770 2469 1827 fratrem
2501 1788 2663 1827 suum
2707 1789 2829 1829 esse
2864 1773 3228 1845 culpabilem,
3276 1773 3436 1843 cujus
3466 1773 3714 1830 colludio

2092 1868 2250 1930 pater
2287 1860 2451 1930 hujus
2477 1859 2815 1917 Childeberti
2865 1861 3031 1917 fuerit
3062 1861 3405 1917 interfectus.
3454 1862 3609 1917 Unde
3636 1863 3718 1918 le-

2090 1948 2202 2023 gati
2251 1964 2475 2021 quoquo
2508 1951 2744 2020 permoti
2802 1950 3070 2006 ultionem
3103 1949 3348 2006 debitam
3384 1966 3554 2022 super
3584 1967 3716 2006 eum

2091 2037 2337 2092 velocius
2365 2038 2552 2093 inferri
2587 2046 2781 2109 petunt
2813 2057 2826 2104 ;
2861 2038 3031 2110 idque
3082 2045 3141 2094 ut
3170 2047 3253 2093 est
3268 2039 3585 2107 juramento
3616 2037 3717 2094 ﬁr-

377 2123 652 2178 cationem
680 2124 1012 2179 Fortunatus
1045 2125 1286 2193 Italicus,
1315 2124 1411 2196 qui
1443 2131 1575 2179 tunc
1610 2122 1758 2194 apud
1798 2121 1998 2176 Gallias
2100 2136 2328 2192 matum,
2371 2129 2514 2185 datis
2560 2137 2614 2186 et
2669 2130 2913 2200 acceptis
2970 2129 3284 2195 obsidibus,
3317 2130 3715 2187 discesserunt.

377 2214 433 2269 in
459 2215 685 2270 metrica
730 2216 962 2290 insignis
987 2216 1315 2283 habebatur,
1352 2217 1440 2271 his
1469 2214 1683 2271 studuit
1711 2229 1997 2270 commen-
2096 2216 2199 2272 Pro
2235 2217 2441 2289 quibus
2471 2218 2849 2294 legationibus
2908 2234 3001 2273 rex
3051 2218 3437 2287 Gontramnus,
3470 2219 3597 2275 huic
3625 2236 3722 2275 ar-

374 2306 505 2361 dare
536 2306 787 2362 versibus
809 2308 924 2379 [lib.
958 2325 1038 2375 ιιι,
1069 2310 1313 2366 Carmin.
1346 2308 1437 2376 18)
1474 2325 1487 2361 :

434 2417 640 2482 Actibus
661 2418 871 2482 egregiis,
885 2419 1168 2469 venerabile
1194 2418 1389 2468 culmen
1419 2416 1582 2482 Egidi.

498 2480 572 2543 Ex
593 2480 734 2543 cujus
754 2480 943 2531 meritis
964 2482 1118 2531 crevit
1146 2482 1331 2530 honore
1353 2480 1552 2543 gradus,

438 2541 709 2614 Subtrahpr
736 2544 951 2614 ingenio,
965 2544 1235 2614 compellor
1247 2541 1412 2591 amore
1432 2550 1622 2614 parato.

500 2605 756 2654 Laudibus
789 2604 840 2654 in
862 2606 1043 2669 vestris
1057 2604 1263 2669 prodere
1286 2618 1440 2669 pauca
1470 2604 1659 2669 favens.

394 2704 397 2705 ν
438 2669 660 2731 Namque
682 2682 792 2717 reus
812 2668 984 2717 videor
1014 2666 1163 2731 tantis
1182 2666 1393 2731 existere
1412 2666 1591 2714 causis.

502 2729 552 2797 Si
579 2729 714 2778 Solus
744 2738 929 2797 taceam
952 2729 1197 2797 quidquid
1227 2729 1413 2792 ubique
1439 2736 1599 2797 sonat,
1652 2788 1661 2797 .

440 2790 531 2856 Sed
564 2792 797 2856 quamvis
820 2790 1063 2856 nequeam
1091 2790 1245 2856 digno
1266 2790 1492 2856 sermone
1523 2790 1682 2847 fateri,

504 2853 795 2903 Da‘veniam
819 2853 935 2904 voto
957 2869 1036 2903 me
1058 2853 1276 2904 voluisse
1301 2853 1454 2916 loqui.

439 2917 574 2966 Exiit
592 2915 645 2964 in
676 2916 864 2979 mundo
887 2920 966 2977 (or
987 2917 1255 2979 mundum)
1284 2914 1531 2979 gestorum
1553 2914 1687 2962 fama
1712 2921 1928 2970 tuorum,

506 2980 566 3042 Et
594 2978 814 3042 propriis
839 2976 1030 3028 meritis
1050 2979 1190 3042 sidus
1210 2976 1263 3027 in
1290 2976 1410 3027 orbe
1432 2976 1604 3025 micas.

437 3041 628 3105 Clarior
656 3041 872 3105 efl'ulges
885 3055 1035 3105 quam
1054 3041 1237 3105 lucifer
1259 3054 1341 3105 ore
1366 3052 1554 3089 sereno.

506 3104 593 3172 ille
619 3103 722 3151 suis
736 3103 918 3172 radiis,
950 3111 1002 3153 tu
1014 3103 1203 3172 pietate_
1226 3104 1370 3172 nites.
1459 3163 1468 3172 ο

442 3167 523 3216 Nil
554 3166 703 3223 lupus
731 3165 931 3214 insidiis
960 3163 1104 3216 canto
1131 3164 1379 3215 subduxit
1390 3163 1529 3221 ovili,

504 3228 573 3277 Te
596 3235 792 3291 pastore
814 3242 952 3277 sacro
984 3228 1311 3339 pervigilante
1333 3239 1543 3291 gregem.
1563 3287 1572 3295 ⁸

504 3290 678 3339 [eundo
700 3290 896 3339 elouuio
926 3306 996 3339 ca
1019 3291 1144 3339 estia
1171 3290 1403 3339 deamata
1433 3287 1572 3337 fundi

444 3287 688 3354 Facundo;
700 3290 896 3354 eloquio
926 3287 1152 3354 coelestia:
1171 3287 1403 3354 dogmata
1423 3287 1618 3346 fundis,

507 3352 738 3402 Ecclesia
765 3352 919 3402 crevit
948 3361 993 3402 te
1015 3352 1259 3402 monitore
1288 3352 1485 3401 domus.

444 3414 701 3487 Pqntificis
717 3415 889 3487 studio
916 3416 1150 3487 correctio
1171 3415 1331 3487 plebis
1346 3412 1566 3487 habetis,

504 3477 572 3526 Ne
604 3477 819 3527 tenebrae
835 3486 1043 3527 noceant
1062 3475 1244 3543 semita
1260 3475 1548 3543 lucisades.
1599 3536 1610 3543 _
1636 3536 1644 3543 '

445 3540 748 3589 Cunctorum
772 3554 962 3589 recreas
995 3540 1189 3589 animos
1217 3538 1480 3588 dulcedine
1509 3536 1666 3593 verbi,

505 3602 598 3661 Qui
621 3602 773 3671 satias
802 3603 980 3671 epulis,
1006 3603 1167 3665 pascis
1196 3608 1245 3671 e_t
1265 3616 1347 3651 ore
1375 3613 1556 3671 greges.

442 3665 692 3728 Praecpta
711 3662 1122 3728 implenturfnon
1155 3665 1259 3714 solo
1284 3677 1412 3728 pane
1436 3662 1678 3728 cibamur,

509 3724 715 3791 Deli—(tias
735 3724 974 3790 capimus,
999 3742 1122 3791 quas
1144 3735 1241 3791 tua
1265 3724 1418 3777 verba
1443 3724 1625 3773 ferunt.

443 3788 705 3853 Utgaudet
728 3788 905 3853 corpus
934 3788 1211 3853 cui—mitior
1229 3804 1340 3853 esca
1365 3793 1589 3852 paratur,

507 3852 584 3902 Sic
610 3852 1049 3920 anima‘gaudent,
1075 3852 1144 3920 sic
1166 3860 1252 3920 tua
1277 3852 1634 3920 linguasonett:
1688 3910 1695 3920 ι
1735 3910 1763 3920 Α

444 3914 660 3979 Haresis
672 3914 760 3979 illa
783 3911 862 3979 (ὄν
882 3915 993 3979 itta)
1014 3914 1146 3965 cadit
1175 3916 1290 3965 forti
1327 3911 1378 3979 te
1399 3912 1558 3979 milite
1582 3911 1784 3979 Christi.

504 3977 734 4048 Acquiris
767 3972 890 4048 regi,
917 3972 1005 4042 qui
1037 3981 1131 4039 (or.
1158 3980 1296 4046 quia)
1324 3977 1463 4048 dedit
1485 3988 1626 4048 arma
1654 3972 1763 4024 tibi.

438 4040 538 4104 Qui,
562 4040 742 4102 purgas
762 4040 1088 4104 spinis-agros
1112 4040 1338 4092 seimone
1365 4040 1570 4095 colente,

504 4103 567 4173 Et
594 4104 836 4173 mundata
856 4102 1151 4173 Deo‘surgit
1167 4103 1352 4173 ubique
1374 4116 1525 4164 seges.

442 4163 536 4224 Qui
558 4162 720 4225 venit,
752 4171 808 4211 ut
835 4164 992 4225 exsul,
1027 4162 1181 4213 tristis
1209 4162 1447 4220 defessus;
1478 4174 1676 4225 egenus,

508 4224 596 4272 Hic
616 4224 790 4286 recipit
812 4224 1028 4286 patriam
1053 4234 1099 4275 te
1120 4227 1369 4277 refovente
1391 4224 1550 4275 suam.

443 4287 558 4352 Quia
578 4286 741 4352 doluit
768 4286 917 4344 tollis,
941 4288 1227 4352 gemitusin
1249 4287 1438 4352 gaudia;
1461 4292 1658 4337 vertens
1679 4299 1689 4333 :

502 4347 747 4397 Exsilium
780 4347 1037 4398 removens
1050 4350 1219 4399 reddis
1244 4347 1410 4399 amore
1428 4350 1571 4399 lares.

440 4410 635 4478 Pa_uper
655 4410 835 4478 habere
878 4411 1063 4470 cibum,
1113 4413 1294 4478 meruit
1313 4426 1510 4478 quoque
1540 4410 1705 4478 nudus
1732 4409 1989 4461 amictum.

504 4472 1005 4541 Invenithicsemper
1038 4475 1310 4541 qua__bona
1329 4472 1538 4541 quisque
1567 4473 1720 4537 cupit.

438 4535 730 4600 Consultum
756 4535 933 4600 tribuis
957 4535 1249 4600 generaliter
1271 4535 1506 4588 omnibus
1538 4535 1715 4587 unum.

501 4597 801 4665 Qui__pop_uli
826 4597 1059 4665 pateies,
1083 4608 1165 4665 tot
1186 4600 1269 4665 pia
1296 4601 1387 4650 rite
1414 4601 1556 4665 regis.

501 4613 595 4658 qui
627 4613 967 4709 popoumter
991 4614 1059 4658 es,
1094 4613 1165 4649 tot
1186 4615 1269 4663 pia
1296 4613 1387 4650 rite
1414 4616 1556 4665 regis.

439 4661 553 4727 Hac
571 4660 658 4710 tibi
679 4661 785 4727 vita
844 4661 912 4718 iu,
932 4661 1165 4727 Domino
1183 4663 1451 4727 tribuente,
1481 4662 1710 4727 supersit,

500 4723 663 4788 Atque
688 4723 855 4773 futura
874 4724 1024 4774 micet
1043 4724 1280 4775 lucidiora
1298 4726 1398 4776 die.

450 4848 528 4902 Ab
560 4847 663 4903 hoc
705 4846 942 4918 prasule
991 4848 1288 4923 Gregorius
1318 4851 1432 4919 (lib.
1464 4868 1501 4904 ιι
1547 4852 1769 4921 Μίνωα,
1808 4868 1856 4908 c.
1884 4854 1991 4921 17),

377 4935 542 4993 etiam
578 4937 915 4996 Turonensis
946 4938 1191 5015 benigno
1208 4940 1491 5014 quondam
1516 4955 1577 4995 se
1607 4949 1793 4998 narrat
1822 4942 1993 4999 fuisse

375 5035 713 5099 susceptum,
756 5033 979 5102 quando
1035 5031 1200 5104 Siggo
1258 5031 1483 5103 quidam
1532 5029 1806 5104 Sigeberti
1848 5031 1994 5105 regis

379 5116 809 5189 referendarius,
865 5122 1064 5177 virtute
1130 5120 1279 5176 beati
1330 5119 1545 5176 Martini
1608 5120 1767 5191 cujus
1844 5121 1990 5176 idem

379 5209 678 5286 Gregorius
710 5220 842 5268 tunc
864 5230 1049 5270 secum
1098 5213 1339 5270 habebat
1384 5213 1638 5288 pignora,
1671 5214 1727 5269 in
1749 5214 1991 5272 sacrario

378 5299 576 5357 domus
634 5301 882 5357 ecclesia
938 5302 1227 5359 Remensis
1280 5302 1531 5360 auditum
1571 5301 1752 5368 surda
1780 5305 1992 5375 recepit

377 5389 544 5447 auris.
579 5390 679 5456 Qui
705 5398 889 5446 tamen
919 5392 1214 5466 Gregorius
1256 5394 1313 5449 in
1347 5392 1585 5451 Historia
1613 5395 1797 5470 gentis
1818 5395 1989 5450 Fran-

375 5481 702 5551 corum(lib.
735 5497 808 5548 vr,
842 5497 962 5552 cap.
993 5483 1043 5553 3)
1100 5484 1172 5539 de
1196 5485 1302 5541 hoc
1341 5484 1574 5556 prasule
1605 5495 1809 5552 narrat,
1844 5486 1992 5558 quod

377 5573 590 5649 legatus
610 5590 676 5629 ex
708 5580 861 5645 parte
915 5575 1251 5633 Childeberti
1285 5576 1431 5652 regis
1473 5576 1746 5651 Sigeberti
1779 5576 1902 5646 lilii,
1925 5580 1994 5635 ad

382 5665 750 5738 Chilpericum
778 5681 967 5742 regem
997 5674 1254 5741 patruum
1280 5667 1457 5741 ipsius
1475 5667 1837 5740 Childeberti,
1870 5687 1994 5728 cum

2094 2306 2450 2379 chiepiscopo
2477 2323 2699 2380 semper
2723 2319 2839 2364 erat
2871 2308 3142 2363 infensus.
3179 2308 3332 2364 Unde
3362 2315 3419 2364 et
3447 2324 3573 2364 cum
3611 2326 3717 2381 pa-

2093 2415 2213 2456 cem
2245 2409 2439 2471 postea
2476 2402 2699 2458 fecisset
2745 2418 2871 2458 cum
2920 2401 3296 2469 Childeberto,
3350 2400 3600 2457 hortatus
3628 2409 3719 2457 est

2093 2504 2244 2556 eum,
2278 2496 2336 2544 ut
2386 2491 2537 2546 nullo
2591 2491 2757 2546 modo
2799 2491 3068 2555 crederet,
3131 2498 3225 2546 aut
3276 2489 3506 2546 haberet
3559 2490 3716 2546 hunc

2094 2579 2409 2649 prasulem,
2453 2580 2767 2636 convicians
2814 2596 2941 2635 eum
2974 2579 3203 2651 perjurii
3232 2579 3485 2635 crimine.
3516 2579 3717 2636 Postea

2095 2668 2341 2740 denique
2404 2672 2535 2727 dum
2557 2671 2780 2744 quidam
2813 2688 2940 2727 reus
2970 2680 3347 2743 torqueretur,
3366 2671 3460 2743 qui
3489 2671 3559 2726 ad
3591 2687 3719 2742 per-

2093 2759 2417 2815 cutiendum
2473 2761 2884 2817 Childebertum
2943 2777 3130 2835 regem
3156 2777 3189 2815 a
3227 2760 3590 2835 Fredegunde
3621 2778 3718 2816 re-

2095 2858 2226 2933 gina
2255 2857 2436 2914 fuerat
2481 2859 2701 2926 missus,
2742 2858 3032 2915 confessus
3087 2867 3171 2914 est
3204 2859 3355 2913 hunc
3382 2859 3715 2930 episcopum

2096 2947 2305 3003 socium
2334 2946 2507 3002 fuisse
2534 2947 2590 3000 in
2617 2947 2983 3018 quorumdam
3011 2946 3246 3003 consilio
3276 2948 3346 3002 ad
3367 2947 3737 3021 interﬁcien—ﬁ

2099 3035 2230 3090 dum
2261 3036 2517 3091 eumdem
2549 3035 2963 3091 Childebertum
3004 3051 3190 3109 regem
3228 3035 3486 3104 (Gnaeon.
3520 3035 3621 3091 lib.
3660 3053 3718 3104 χ,

2027 3106 2144 3181 Cc.
2181 3124 2285 3193 13).
2317 3125 2428 3180 Nec
2452 3139 2605 3180 mora
2636 3142 2650 3191 ;
2684 3125 2978 3196 episc0pus
3017 3106 3250 3196 rapitur,
3309 3133 3367 3180 et
3388 3124 3459 3180 ad
3492 3124 3715 3180 Meten-

2095 3235 2211 3276 sem
2240 3218 2459 3285 urbem,
2489 3235 2614 3275 cum
2645 3220 2963 3275 essetvalde
2992 3220 3060 3275 ab
3094 3220 3456 3295 aegrotatione
3486 3221 3716 3294 longin—

2096 3326 2206 3380 qua
2243 3308 2515 3376 defessus,
2554 3308 2872 3377 adducitur,
2924 3309 3115 3382 Ibique
3171 3310 3303 3365 dum
3331 3310 3435 3365 sub
3462 3311 3723 3367 custodia

2096 3400 2345 3474 degeret,
2377 3416 2471 3456 rex
2501 3401 2798 3473 episcopus
2843 3401 3098 3457 accersiri
3152 3402 3221 3456 ad
3277 3402 3398 3472 ejus
3429 3403 3722 3459 examina-

2094 3489 2303 3545 tionem
2334 3489 2617 3561 pracepit,
2659 3497 2714 3544 et
2747 3490 2896 3560 apud
2940 3489 3345 3546 Virdunensem
3375 3491 3572 3546 urbem
3607 3492 3719 3547 ini-

2095 3582 2170 3637 tio
2201 3582 2409 3636 mensis
2460 3580 2637 3637 octavi
2687 3582 2950 3657 [Augusti]
3017 3583 3210 3638 adesse
3249 3583 3437 3651 jussit.
3493 3584 3644 3640 Tunc
3684 3601 3719 3640 a

2092 3671 2424 3744 quibusdam
2454 3673 2595 3728 clam
2627 3673 2783 3741 (clam
2821 3675 2966 3729 deest
2994 3676 3053 3729 in
3080 3690 3182 3729 ms.
3219 3679 3269 3729 et
3301 3675 3573 3745 Gregorio)
3611 3692 3714 3731 sa-

2096 3761 2413 3817 cerdotibus
2471 3762 2808 3833 increpatus,
2839 3778 2938 3818 cur
2992 3762 3277 3818 hominem
3315 3762 3384 3818 ab
3425 3763 3563 3819 urbe
3595 3765 3717 3836 rapi

2096 3851 2305 3923 absque
2332 3850 2638 3919 audientia,
2682 3858 2737 3906 et
2780 3852 2837 3906 in
2902 3852 3209 3907 custodiam
3263 3852 3470 3907 retrudi
3499 3869 3713 3924 prace—

2096 3943 2287 4015 pisset,
2322 3943 2573 4015 permisit
2613 3960 2742 3999 eum
2787 3944 2857 3999 ad
2886 3944 3082 3999 urbem
3131 3961 3285 4000 suam
3335 3946 3538 4014 redire,
3568 3946 3713 4001 diri-

2097 4052 2234 4107 gens
2263 4036 2526 4107 epistolas
2546 4036 2616 4091 ad
2645 4052 2837 4093 omnes
2866 4037 3021 4110 regni
3052 4036 3138 4091 sui
3169 4035 3488 4108 pontifices,
3516 4047 3576 4093 ut
3596 4054 3713 4094 me-

2097 4128 2190 4183 dio
2219 4143 2406 4182 mense
2438 4142 2587 4183 nono
2613 4128 2683 4183 ad
2740 4144 2867 4183 eum
2913 4128 3322 4184 discutiendum
3355 4129 3412 4183 in
3444 4129 3582 4185 urbe
3606 4146 3708 4185 su-

2099 4218 2347 4289 pradicta
2400 4218 2670 4275 deberent
2694 4220 2939 4275 adesse.
2998 4222 3248 4292 Denique
3305 4222 3709 4278 convenientes

2099 4308 2356 4381 pertracti
2387 4316 2515 4364 sunt
2543 4326 2717 4381 usque
2747 4311 2816 4365 ad
2847 4311 3146 4368 Meteusem
3177 4313 3405 4368 urbem:
3441 4313 3632 4385 ibique
3656 4321 3715 4369 et

2098 4399 2325 4474 Egidius
2354 4402 2555 4471 prasul
2586 4400 2782 4457 adfuit.
2814 4402 2963 4458 Tunc
2994 4419 3087 4459 rex
3135 4403 3423 4459 inimicum
3454 4404 3710 4459 sibieum

2017 4473 2497 4564 Dreligionisque
2550 4490 2891 4562 proditorem
2936 4507 3057 4546 esse
3115 4492 3483 4562 pronuntians
3523 4492 3713 4549 Enno-

2094 4581 2248 4636 dium
2275 4581 2474 4637 ducem
2519 4582 2587 4637 ad
2646 4582 2926 4657 negotium
2983 4583 3173 4657 dirigit
3232 4586 3708 4656 prosequendum.

2094 4669 2261 4740 Cujus
2292 4670 2596 4742 prepositio
2627 4671 2806 4742 prima
2842 4673 2959 4727 hac
3025 4671 3130 4726 fuit
3164 4690 3177 4726 :
3212 4672 3306 4729 Dic
3337 4672 3495 4741 mihi,
3525 4689 3557 4730 0
3584 4674 3712 4745 epi-

2094 4760 2433 4831 sc0pe,quid
2485 4759 2587 4813 tibi
2618 4760 2798 4815 visum
2838 4759 2958 4827 fuit,
2993 4767 3052 4815 ut
3096 4760 3292 4816 relicto
3340 4777 3489 4836 rege,
3522 4762 3579 4817 in
3606 4779 3711 4818 cu-

2089 4848 2181 4917 jus
2201 4849 2341 4903 urbe
2356 4848 2708 4921 episcopatus
2738 4850 2947 4905 honore
3000 4848 3296 4918 frucbaris,
3324 4850 3625 4923 Chilperici
3654 4860 3712 4907 te

2095 4940 2264 5013 regiis
2284 4941 2546 4996 amicitiis
2592 4942 2884 5008 subderes,
2917 4941 3012 5013 qui
3061 4957 3285 5013 semper
3312 4942 3575 4999 inimicus
3604 4944 3710 4999 do-

2094 5032 2246 5090 mino
2295 5042 2481 5090 nostro
2518 5035 2636 5109 regi
2687 5034 2862 5091 fuisse
2900 5037 3193 5108 probatur,
3216 5036 3312 5109 qui
3350 5043 3561 5107 patrem
3587 5036 3711 5105 ejus

2092 5125 2388 5192 interfecit,
2420 5136 2649 5183 matrem
2688 5128 2880 5184 exsilio
2908 5128 3319 5195 condemnavit,
3369 5143 3711 5202 regnumque

2093 5215 2352 5286 pervasit,
2385 5222 2440 5271 et
2461 5216 2515 5270 in
2540 5217 2635 5272 his
2660 5216 2916 5284 urbibus,
2941 5234 3099 5290 quas,
3128 5226 3189 5273 ut
3219 5216 3484 5284 diximus,
3513 5209 3708 5288 iniquo

2092 5307 2437 5378 pervasionis
2475 5310 2673 5365 ordine
2719 5325 2818 5365 suo
2878 5310 3218 5385 subjugavit,
3274 5316 3331 5364 tu
3383 5309 3451 5364 ab
3511 5308 3706 5365 eodem

2092 5398 2505 5470 possessionum
2554 5398 2825 5457 ﬁscalium
2884 5400 3094 5472 pradia
3138 5400 3393 5456 meruisti
3428 5399 3457 5453 ?
3482 5400 3563 5455 Ad
3593 5400 3712 5455 hac

2094 5492 2188 5548 ille
2217 5491 2534 5562 respondit:
2561 5492 2716 5558 Quod
2749 5492 2946 5548 fuerim
2977 5493 3190 5549 amicus
3220 5492 3369 5568 regis
3386 5491 3707 5562 Chilperici,

2094 5596 2299 5652 negare
2325 5596 2437 5637 non
2491 5588 2707 5652 potero,
2764 5597 2875 5638 non
2924 5590 3108 5637 tamen
3166 5588 3359 5637 contra
3417 5580 3709 5637 utilitatem

2096 5672 2242 5745 regis
2271 5669 2608 5727 Childeberti
2637 5670 2756 5727 hac
2783 5670 3025 5728 amicitia
3043 5670 3353 5743 pullulavit.
3385 5670 3550 5725 Villas
3579 5684 3708 5725 vero
