4038 6166
350 283 418 340 97

1022 281 1348 338 HlSTORlZE
1389 281 1720 337 ECCLESIIE
1761 281 1990 336 REMEN‘

2127 279 2304 335 LIBRI
2343 280 2674 345 QUATUOR.
2711 311 2772 322 -—
2802 280 2928 334 LIB.
2973 281 3013 335 l.

3618 278 3688 334 98

352 428 797 485 quasmemoras,
831 429 930 483 per
968 413 1124 468 istius
1164 412 1311 487 regis
1339 413 1556 467 chartas
1591 411 1824 466 emerui.
1849 411 1965 476 Quo
1993 419 2044 486 Α
2069 413 2284 469 itineris
2313 411 2635 483 apparuisse
2691 412 2925 466 traditur
2981 408 3210 484 angelus
3249 407 3490 473 Domini,
3524 423 3686 479 quem

354 506 672 577 proferente
699 506 923 560 easdem
956 505 1012 558 in
1043 504 1286 575 publico,
1310 511 1499 576 negat,
1535 519 1594 558 se
1626 503 1966 558 rexliaeclar-

350 595 528 668 gitum
567 594 754 649 fuisse.
793 594 1109 665 Requisitus
1170 592 1312 658 Otto,
1345 593 1440 664 qui
1487 602 1618 646 tunc
1648 591 1970 646 referenda—

355 688 471 742 rius
497 687 695 754 fuerat,
739 687 898 755 cujus
951 686 1025 739 ibi
1057 685 1397 755 subscriptio
1444 684 1707 739 meditata
1737 683 1970 738 teneba-

351 787 463 845 tur,
484 779 683 845 adfuit,
705 795 916 854 negans
941 794 998 833 se
1021 778 1440 848 subscripsisse.
1480 777 1602 831 Haec
1621 776 1794 849 igitur
1808 791 1972 830 causa

353 869 597 939 primum
629 867 789 922 fallax
819 867 1117 938 episcopus
1169 873 1422 936 repertus
1452 881 1574 920 esse
1605 865 1828 920 dicitur.
1848 865 1974 919 Post

354 964 474 1016 haec
503 960 754 1031 epistolae
800 960 1029 1030 prolatae
1078 966 1228 1024 sunt,
1263 958 1319 1011 in
1351 957 1557 1028 quibus
1584 957 1754 1011 multa
1776 957 1844 1011 de
1868 956 1972 1009 im-

354 1054 636 1126 pr0periis
675 1053 1066 1108 Brunechildis
1116 1052 1472 1118 tenebantur,
1497 1066 1621 1122 qum
1655 1050 1723 1104 ad
1755 1048 1978 1119 Chilpe-

357 1146 537 1198 ricum
578 1145 798 1214 scriptae
853 1141 1092 1197 fuerant.
1156 1141 1422 1196 Similiter
1461 1146 1516 1195 et
1569 1138 1862 1210 Chilperici
1909 1139 1976 1193 ad

355 1237 683 1306 episcopum
708 1235 922 1300 delatae,
967 1235 1021 1287 in
1051 1233 1255 1304 quibus
1309 1233 1456 1287 inter
1477 1233 1691 1303 reliqua
1721 1229 1975 1284 habeba-

359 1337 452 1380 tur
480 1326 772 1392 insertum,
822 1323 950 1395 quia
994 1324 1040 1377 si
1085 1322 1240 1376 radix
1268 1321 1569 1390 cujuslibet
1597 1320 1674 1375 rei
1703 1319 1877 1375 incisa
1911 1319 1973 1390 [ο.

359 1418 562 1488 excisa]
598 1433 708 1472 non
767 1415 954 1481 fuerit,
994 1415 1208 1469 culmus
1235 1414 1329 1486 qui
1353 1415 1515 1468 terris
1545 1420 1626 1468 est
1657 1412 1842 1467 editus
1867 1427 1978 1466 non

359 1508 582 1562 arescit.
640 1506 793 1560 Unde
860 1520 1084 1576 prorsus
1141 1503 1497 1559 manifestum
1558 1511 1641 1557 est
1698 1502 1825 1556 ideo
1867 1502 1982 1555 hac

356 1598 586 1667 scripta,
628 1603 959 1666 utsuperata
980 1593 1344 1649 Brunechilde
1377 1592 1524 1647 ﬁlius
1546 1593 1670 1661 ejus
1701 1590 1982 1662 opprime-

2068 510 2285 559 constat
2316 502 2578 556 habuisse
2611 502 2946 572 praeducem,
2973 502 3103 556 dum
3133 500 3463 555 destinatam
3497 497 3692 572 ingre-

2068 593 2218 648 ditur
2254 593 2471 647 urbem.
2506 591 2658 647 Hunc
2679 591 3004 666 dignissime
3037 590 3300 660 prazfatus
3332 587 3531 659 praesul
3568 586 3691 658 Egi-

2069 682 2195 736 dius
2240 681 2570 752 suscipiens,
2631 680 2855 753 cognito
2908 679 3314 750 peregrinantis
3378 676 3684 742 desiderio,

2074 771 2390 842 petitusque
2446 768 2763 824 secretioris
2823 767 3260 822 conversationis
3315 764 3689 820 habitaculum

2073 864 2402 929 concedere,
2433 860 2801 916 libentissime
2828 859 3014 924 cessit,
3051 859 3131 914 sic
3161 857 3256 912 ubi
3288 850 3392 912 sibi
3428 859 3690 929 placitum

2077 953 2171 1006 Dei
2219 951 2456 1007 famulus
2513 950 2654 1003 infra
2700 947 3044 1019 episcopium
3097 947 3368 1001 Remense
3431 947 3694 1001 valuisset

2081 1045 2345 1115 reperire.
2384 1042 2597 1097 Invenit
2640 1043 2885 1108 tandem,
2912 1056 3153 1111 superna
3203 1040 3532 1111 disponente
3563 1056 3692 1113 gra-

2080 1138 2152 1191 tia
2181 1137 2359 1191 locum
2391 1135 2499 1189 sibi
2531 1149 2836 1208 congruum
2867 1133 2922 1186 in
2954 1132 3074 1187 vico
3132 1131 3420 1194 Viriziaco,
3443 1131 3512 1184 ad
3544 1130 3694 1184 radi-

2080 1243 2172 1282 ces
2197 1226 2402 1282 montis
2459 1227 2772 1292 Remorum,
2837 1241 2999 1296 quem
3036 1239 3231 1278 nemus
3261 1223 3390 1276 inde
3424 1221 3698 1292 incipiens

2079 1319 2377 1375 obumbrat
2426 1317 2720 1392 Rigetium.
2777 1317 2850 1371 Eo
2919 1316 3024 1371 loci
3084 1327 3215 1370 tunc
3273 1314 3537 1384 temporis
3585 1321 3701 1368 erat

2081 1411 2419 1475 coenobium,
2474 1425 2705 1464 numero
2772 1395 3065 1464 duodecim
3126 1408 3544 1462 monachorum.
3608 1404 3703 1458 Hic

2085 1505 2252 1580 igitur
2313 1502 2557 1576 benigne
2608 1508 2901 1570 susceptus
2952 1516 2982 1553 a
3037 1498 3319 1565 fratribus,
3371 1498 3605 1552 traditur
3634 1495 3700 1550 ab

2083 1588 2281 1643 abbate
2313 1589 2884 1644 litterisimbuendus.
2920 1587 3041 1643 Nec
3060 1587 3306 1660 longum,
3335 1587 3416 1640 sic
3447 1585 3700 1641 doctrina

362 1693 533 1740 retur.
562 1686 698 1740 Item
725 1683 833 1738 alia
864 1683 1132 1738 nonnulla
1157 1683 1338 1737 eidem
1363 1683 1585 1753 praesuli
1615 1681 1979 1749 objiciuntur,
2011 1696 2061 1763 Β
2084 1677 2329 1742 emicuit,
2361 1687 2421 1732 ut
2453 1686 2766 1733 comtaneos
2824 1682 2879 1732 et
2929 1675 3359 1732 contubernales
3412 1675 3701 1745 sapientiae

363 1786 476 1832 tam
505 1779 573 1831 de
612 1776 964 1847 pactionibus
995 1791 1208 1850 regum,
1246 1792 1408 1846 quam
1447 1775 1516 1829 de
1564 1772 1981 1845 perturbatione

361 1867 579 1938 patriae,
640 1881 873 1939 quorum
909 1866 1164 1937 quaedam
1196 1865 1438 1939 negavit,
1471 1864 1724 1936 qumdam
1778 1877 1981 1935 negare

364 1973 477 2012 non
508 1956 705 2027 potuit.
766 1955 830 2010 Et
881 1956 1011 2010 dum
1063 1956 1347 2010 altercatio
1381 1954 1589 2009 diutius
1640 1954 1976 2015 traheretur,

363 2048 544 2103 adfuit
565 2048 728 2103 etiam
785 2047 958 2102 abbas
992 2048 1336 2118 Epiphanius
1388 2047 1632 2102 basilicae
1665 2046 1843 2102 sancti
1876 2046 1982 2100 Re-

357 2139 542 2215 migii,
561 2140 753 2194 dicens
774 2140 925 2211 quod
965 2140 1076 2195 duo
1100 2139 1274 2194 millia
1304 2155 1621 2204 aureorum,
1652 2139 1981 2210 speciesque

361 2230 568 2284 multas
613 2244 714 2299 pro
760 2228 1139 2284 conservanda
1196 2227 1488 2300 Chilperici
1541 2229 1689 2302 regis
1742 2227 1986 2282 amicitia

361 2319 512 2372 idem
546 2317 746 2389 przesul
805 2317 1112 2388 accepisset
1144 2336 1156 2372 :
1193 2325 1247 2373 et
1297 2334 1423 2373 cum
1470 2317 1686 2389 legatis,
1722 2317 1817 2388 qui
1860 2333 1984 2371 cum

360 2408 636 2478 episc0po
662 2407 816 2461 missi
849 2406 1084 2477 fuerant:=
1113 2407 1182 2462 ad
1213 2415 1577 2462 memoratum
1615 2423 1823 2482 regem,
1858 2422 1989 2477 pro-

359 2495 510 2565 palat
552 2496 696 2550 idem
746 2495 941 2563 abbas,
983 2496 1222 2568 qualiter
1267 2496 1336 2551 de
1395 2496 1609 2552 excidio
1655 2496 1902 2571 regionis
1930 2513 1992 2551 ac

357 2586 510 2658 regis
540 2585 842 2641 Gontranni
867 2596 1200 2642 conventum
1251 2587 1451 2653 fuerat,
1483 2595 1537 2641 et
1559 2596 1618 2641 ut
1647 2596 1865 2660 gestum
1909 2594 1993 2640 est

358 2695 426 2733 ex
455 2681 653 2735 ordine
682 2689 887 2735 narrat.
924 2681 1050 2735 Haec
1080 2681 1376 2736 audientes
1411 2681 1683 2752 episcOpi,
1719 2689 1773 2735 et
1797 2680 1852 2734 in
1869 2688 1990 2735 tan-

362 2770 437 2823 tis
487 2770 648 2824 malis
678 2772 1024 2826 sacerdotem
1087 2770 1302 2826 Domini
1353 2779 1702 2835 contuentes,
1739 2770 1987 2825 triduani

358 2860 634 2929 temporis
661 2860 899 2930 spatium
946 2862 1317 2932 deprecantur
1345 2862 1615 2917 tractandi
1643 2880 1655 2915 :
1692 2861 1906 2917 scilicet
1931 2869 1991 2916 ut

362 2947 540 3002 ullum
574 2949 804 3004 modum
829 2951 1076 3021 reperire
1131 2960 1322 3022 posset
1373 2952 1670 3024 episcopus
1700 2967 1799 3023 per
1823 2968 1989 3024 quem

360 3057 426 3094 se
455 3041 526 3094 ab
554 3041 790 3110 objectis
813 3058 1078 3098 excusare
1109 3044 1337 3099 valeret.
1373 3043 1480 3099 Sed
1519 3045 1874 3100 illucescente
1897 3044 1988 3099 die

2087 1769 2208 1824 luce
2263 1769 2508 1840 praeiret.
2545 1769 2702 1824 Nulla
2745 1768 2824 1823 illi
2875 1768 3208 1838 proliensior
3228 1783 3358 1822 cura
3389 1783 3575 1838 quam,
3610 1774 3704 1820 aut

2085 1862 2141 1916 in
2172 1861 2412 1916 lectione
2441 1861 2528 1916 vel
2566 1875 2827 1916 sermone
2867 1861 2936 1914 de
2981 1861 3110 1925 Deo,
3144 1859 3307 1914 autin
3336 1860 3588 1914 oratione
3620 1859 3703 1914 lo-

2084 1954 2178 2025 qui
2212 1969 2336 2008 cum
2368 1954 2499 2008 Deo.
2519 1952 2855 2007 Transitoria
2896 1951 3235 2022 despiciens,
3267 1959 3320 2006 et
3340 1961 3546 2006 {eterna
3567 1967 3704 2005 con-

2083 2046 2396 2118 cupiscens,
2454 2045 2633 2100 victus
2689 2060 2916 2114 pensam
2997 2043 3336 2114 pauperibus
3417 2043 3701 2117 erogabat,

2085 2138 2384 2210 pauxillum
2416 2138 2524 2194 sibi
2565 2139 2828 2193 duntaxat
2881 2152 3188 2204 reservans,
3217 2139 3286 2192 ad
3330 2136 3703 2192 infirmitatem

2086 2232 2335 2303 corporis
2369 2232 2809 2287 sustentandam.

2160 2327 2240 2380 lta
2273 2325 2533 2380 virtutum
2574 2341 2831 2379 crescens
2862 2323 3126 2388 culmine,
3161 2321 3461 2376 solitariam
3495 2337 3703 2377 concu-

2091 2413 2252 2484 piscit
2278 2414 2466 2480 vitam,
2489 2413 2902 2488 fastigiumque,
2936 2413 3004 2467 ad
3031 2412 3299 2467 secretius
3317 2412 3702 2475 habitandum,

2091 2503 2339 2576 contigui
2368 2503 2565 2579 deligit
2594 2504 2819 2566 montis,
2855 2504 2909 2557 in
2938 2518 3048 2575 quo
3078 2503 3330 2558 cellulam
3364 2519 3486 2557 cum
3518 2511 3703 2558 orato-

2091 2592 2173 2646 rio
2197 2593 2488 2660 construit,
2536 2591 2644 2647 'ubi
2702 2591 2934 2646 liberius
2993 2590 3203 2646 cmlesti
3236 2591 3545 2645 deserviret
3575 2605 3709 2645 con-

2092 2681 2456 2752 templationi.
2500 2683 2560 2736 In
2582 2698 2685 2753 qua
2713 2681 3040 2736 inclusionis
3068 2680 3409 2734 habitatione
3437 2696 3538 2750 per
3561 2696 3705 2751 qua-

2091 2774 2592 2850 dragintatraditur
2620 2791 2796 2830 annos
2825 2775 2937 2829 Deo
2970 2773 3256 2838 militasse,
3285 2781 3338 2827 et
3369 2781 3559 2828 contra
3585 2789 3708 2827 ser-

2092 2869 2277 2938 pentis
2295 2867 2511 2939 antiqui
2568 2875 2905 2923 tentamenta
2944 2867 3180 2922 viriliter
3204 2866 3521 2933 dimicasse,
3558 2866 3710 2934 jeju—

2092 2961 2201 3015 niis
2231 3002 2246 3026 ,
2305 2958 2676 3030 eleemosynis
2706 3001 2720 3025 ,
2776 2958 2982 3032 vigiliis
3015 2998 3031 3025 ,
3093 2956 3442 3014 orationibus
3471 3001 3484 3022 ,
3545 2963 3710 3027 atque

2090 3051 2425 3107 lectionibus
2465 3051 2848 3106 indesinenter
2886 3066 3106 3116 vacans,
3160 3057 3213 3104 et
3242 3048 3311 3103 ad
3342 3065 3403 3104 se
3421 3047 3714 3103 venientes

625 3096 644 3110 .
1059 3096 1070 3097 κ
2091 3096 2425 3107 Nomm"..-
2465 3096 2838 3106 ..-μννηηηνω
2898 3096 3106 3116 ._-..---,

350 3132 545 3196 tertia,
577 3131 974 3186 convenientes
1038 3133 1095 3186 in
1150 3133 1441 3189 ecclesiam
1481 3133 1823 3209 interrogant
1865 3134 1989 3205 epi-
2021 3096 2069 3165 Ο
2096 3143 2362 3199 doctrinae
2401 3150 2605 3198 sanctae
2637 3143 2759 3198 luce
2783 3141 3153 3211 perfundens_

353 3234 617 3289 ScOpum,
645 3227 704 3275 ut
730 3220 774 3274 si
791 3221 1004 3292 aliquid
1037 3223 1410 3278 excusationis
1437 3223 1688 3290 haberet,
1723 3224 1989 3279 ediceret.

359 3314 558 3367 Atille
610 3314 872 3370 confusus
903 3316 1014 3370 ait:
1055 3337 1078 3365 α
1130 3317 1207 3370 Ad
1258 3317 1589 3373 sententiam
1624 3318 1862 3373 dandam
1901 3335 1993 3373 su-

367 3422 472 3476 per
501 3405 838 3476 culpabilem
878 3424 946 3463 ne
994 3409 1308 3464 moramini.
1343 3409 1473 3464 Nam
1507 3426 1609 3483 ego
1641 3411 1770 3466 novi
1797 3427 1884 3466 me
1916 3411 1989 3466 ob

367 3495 588 3549 crimen
643 3497 946 3568 majestatis
978 3515 1132 3554 reum
1190 3514 1310 3554 esse
1361 3499 1575 3564 mortis,
1637 3499 1732 3570 qui
1776 3515 1998 3570 semper

371 3596 569 3641 contra
596 3588 888 3644 utilitatem
929 3590 1094 3659 hujus
1135 3591 1302 3664 regis,
1362 3591 1663 3662 matrisque
1717 3591 1834 3659 ejus
1862 3592 1948 3663 egi
1983 3610 1997 3657 ;

369 3693 435 3732 ac
468 3693 570 3747 per
606 3695 790 3733 meum
841 3681 1137 3736 consilium
1180 3681 1352 3736 multa
1408 3681 1580 3736 fuisse
1631 3690 1790 3756 gesta
1822 3691 2000 3738 certa-

372 3769 524 3822 mina
552 3771 706 3839 novi,
738 3771 942 3843 quibus
971 3773 1238 3828 nonnulla
1270 3773 1568 3828 Galliarum
1597 3774 1720 3830 loca
1745 3774 2001 3846 depopu-

371 3859 486 3914 lata
515 3868 664 3916 sunt.
704 3883 722 3908 ι
753 3860 876 3916 Haec
898 3861 1148 3932 episcopi
1191 3861 1505 3926 audientes,
1554 3879 1617 3919 ac
1639 3865 2001 3920 lamentantes

369 3947 558 4003 fratris
614 3949 1004 4020 opprobrium,
1034 3951 1263 4006 obtenta
1300 3951 1432 4017 vita,
1475 3951 1658 4022 ipsum
1695 3953 1763 4006 ab
1801 3953 1998 4007 ordine

368 4041 729 4107 sacerdotali,
786 4042 942 4096 lectis
970 4057 1244 4098 canonum
1305 4042 1711 4109 sanctionibus,
1742 4057 1996 4097 remove-

377 4137 505 4185 runt
560 4131 662 4195 Qui
695 4132 878 4186 statim
909 4132 976 4186 ad
1031 4133 1556 4207 Argentoratensem
1588 4132 1808 4201 urbem,
1832 4147 1998 4202 quam

377 4236 529 4274 nunc
558 4221 978 4295 Strateburgum
1031 4229 1247 4287 vocant,
1291 4221 1565 4276 deductus
1622 4221 1816 4277 exsilio
1866 4235 2003 4276 con-

375 4311 674 4364 demnatus
703 4319 805 4366 est.
874 4312 933 4365 In
961 4311 1119 4380 cujus
1168 4311 1289 4366 loco
1340 4311 1625 4367 Romulqu
1678 4310 1828 4365 ﬁlius
1857 4309 2001 4381 Lupi

378 4401 559 4467 ducis,
585 4401 701 4469 jam
748 4402 1079 4474 presbyterii
1121 4403 1330 4458 honore
1381 4401 1669 4473 praeditus,
1703 4401 2003 4472 episcopus

2167 3232 2305 3284 Dum
2339 3231 2428 3286 hic
2490 3230 2660 3302 igitur
2689 3230 2922 3286 almifica
2971 3228 3393 3285 conversatione
3444 3227 3713 3293 decertat,

2095 3325 2303 3395 placuit
2333 3340 2588 3395 supernae
2620 3323 2809 3395 pietati
2825 3324 3083 3379 virtutem
3109 3321 3194 3375 sui
3221 3320 3412 3374 militis
3443 3319 3719 3374 evidenti-

2095 3413 2200 3468 bus
2229 3412 2524 3468 ostendere
2582 3413 2758 3485 signis
2835 3413 2988 3478 Nam,
3053 3416 3248 3466 orante
3286 3409 3403 3475 illo,
3459 3407 3720 3463 Dominus

2101 3522 2298 3577 aquam
2323 3506 2372 3560 ei
2413 3506 2617 3560 montis
2667 3506 2722 3559 in
2778 3505 2981 3560 vertice
3037 3502 3295 3574 produxit
3327 3517 3356 3555 e
3388 3501 3563 3569 silice,
3596 3516 3719 3571 qua:

2100 3596 2202 3650 sub
2236 3596 2410 3650 sancti
2443 3595 2701 3666 sepulcro
2752 3594 2924 3650 fertur
2973 3593 3217 3660 exsilire,
3251 3609 3313 3648 ac
3349 3608 3446 3662 per
3469 3590 3720 3645 ecclesiae

2101 3685 2461 3741 fundamenta
2491 3685 2648 3758 quasi
2677 3685 2746 3740 de
2792 3685 3012 3740 vasculo
3035 3700 3158 3739 sese
3191 3683 3548 3754 profundere,
3581 3683 3717 3736 hau-

2101 3782 2187 3829 stu
2220 3776 2419 3842 dulcis,
2445 3784 2500 3830 et
2526 3776 2594 3830 ad
2641 3776 2944 3846 potandum
2993 3773 3250 3829 salubris.
3276 3774 3350 3827 De
3382 3788 3491 3843 quo
3522 3770 3722 3825 videli-

2101 3873 2188 3920 cet
2231 3865 2380 3920 fonte
2426 3865 2584 3919 multi
2625 3864 2922 3918 sanitatum
2987 3862 3254 3930 remedia,
3313 3867 3588 3930 potantes,
3635 3859 3721 3912 vel

2102 3957 2317 4012 balneis
2347 3963 2589 4023 utentes,
2620 3973 2717 4011 seu
2747 3956 2927 4026 capita
2971 3955 3273 4020 diluentes,
3305 3960 3724 4023 consequuntur

2101 4046 2316 4118 aegroti.

2173 4138 2418 4203 Quodam
2450 4137 2695 4209 denique
2737 4146 3009 4208 tempore,
3042 4152 3168 4191 cum
3199 4151 3337 4206 puer
3358 4133 3584 4206 quidam
3607 4131 3722 4203 pri-

2101 4234 2260 4282 vatus
2290 4226 2577 4282 oculorum
2623 4226 2692 4280 ab
2751 4233 2912 4281 aetate
2945 4225 3204 4296 primaeva
3237 4224 3464 4289 lumine,
3486 4221 3728 4294 Annegi-

2102 4319 2251 4373 selus
2264 4318 2512 4384 nomine,
2533 4328 2659 4373 ante
2675 4317 3148 4374 foresexcubaret
3180 4317 3377 4387 ipsius,
3393 4314 3724 4370 duodecimo

2103 4390 2204 4461 s'uo
2253 4407 2514 4462 caecitatis
2567 4423 2732 4475 anno,
2793 4408 2949 4478 lapsa
3000 4407 3199 4462 virtute
3245 4405 3484 4470 caelitus,
3533 4410 3727 4458 orante

376 4495 712 4566 subrogatus
748 4470 862 4560 “est,
919 4470 1229 4566 Epiphanio
1278 4493 1346 4548 ab
1381 4470 1613 4549 abbatis
1665 4470 1873 4560 officio,
1901 4470 2002 4564 qui
2024 4470 2082 4538 D
2106 4497 2224 4552 viro
2249 4496 2347 4551 Dei
2404 4496 2630 4550 luminis
2683 4470 2765 4551 est
2797 4470 3009 4552 honore
3046 4497 3304 4551 donatus.
3340 4494 3496 4560 Quod
3526 4493 3726 4547 divinae

380 4586 627 4641 basilicae
681 4587 854 4642 sancti
910 4587 1147 4660 Remigii
1213 4596 1481 4658 praeerat,
1544 4595 1775 4642 remoto.
1837 4585 2002 4640 Multa

375 4677 530 4730 enim
598 4677 716 4730 auri
775 4677 1105 4749 argentique
1169 4677 1227 4730 in
1271 4678 1436 4745 hujus
1498 4675 1748 4746 episcopi
1784 4683 2001 4747 regesto

379 4766 635 4836 pondera
671 4774 800 4822 sunt
830 4776 1070 4838 reperta.
1104 4767 1235 4831 Quae
1252 4776 1435 4822 autem
1467 4765 1538 4820 de
1570 4765 1664 4819 illa
1693 4764 2006 4836 iniquitatis

378 4858 580 4912 militia
621 4869 796 4926 erant,
853 4859 1134 4932 regalibus
1182 4859 1460 4915 thesauris
1487 4865 1614 4914 sunt
1641 4857 1790 4912 illata
1827 4875 1841 4923 ;
1877 4874 2004 4928 qua:

382 4962 518 5002 vero
549 4947 620 5001 de
655 4947 898 5014 tributis,
937 4955 1032 5002 aut
1085 4947 1300 5020 reliqua
1359 4947 1571 5004 ratione
1630 4946 1890 5003 Ecclesiae
1921 4945 2010 5000 in-

383 5048 554 5096 venta
582 5049 730 5104 sunt,
765 5040 845 5095 ibi
867 5040 1076 5097 relicta.

1039 5132 1250 5187 CAPUT
1280 5134 1372 5188 lll.

933 5229 1008 5281 De
1045 5229 1230 5280 sancto
1267 5226 1476 5280 Basolo.

467 5317 639 5387 Hujus
693 5316 868 5390 Egidii
898 5324 1150 5388 tempore
1180 5323 1401 5372 sanctus
1431 5315 1647 5371 Domini
1669 5316 1920 5384 Basolus,
1949 5331 2016 5370 ex

391 5412 674 5466 territorio
724 5411 1099 5477 Lemovicino,
1151 5409 1377 5483 regione
1427 5409 1802 5476 Armoricana,
1839 5408 2011 5464 nobili

387 5502 657 5574 prosapia
689 5502 983 5570 oriundus,
1015 5517 1047 5556 a
1071 5501 1325 5572 partibus
1352 5500 1680 5572 Aquitaniae,
1702 5500 2012 5572 patrocinia

386 5590 701 5645 beatissimi
740 5590 976 5666 Remigii
1042 5589 1492 5645 desiderabiliter
1549 5597 1841 5662 appetens,
1893 5589 2006 5644 Re—

386 5695 642 5736 mensem
672 5679 899 5736 devenit
954 5678 1023 5734 ad
1051 5679 1273 5737 urbem.
1321 5678 1416 5734 Cui
1476 5678 1796 5736 advenienti
1822 5691 2010 5735 comes

2104 4588 2370 4642 claritatis
2406 4589 2734 4644 miraculum
2767 4589 3180 4660 comperientes
3209 4587 3489 4651 monachi,
3513 4584 3729 4659 magnis

2103 4680 2404 4754 gratiarum
2436 4681 2750 4736 actionibus
2809 4683 2980 4736 Deum
3025 4679 3416 4755 glorificantin
3449 4676 3724 4735 clarifica-

2107 4768 2258 4824 tione
2281 4765 2466 4824 fidelis
2495 4770 2640 4824 servi
2673 4770 2782 4824 sui.

2178 4860 2392 4916 Accidit
2417 4861 2582 4916 etiam
2615 4861 2855 4933 quodam
2871 4871 3154 4929 venatore,
3195 4862 3359 4917 Attila
3400 4860 3644 4926 nomine,
3671 4859 3726 4913 in

2110 4948 2250 5003 saltu
2272 4950 2391 5018 ejus
2415 4950 2629 5005 cellula
2655 4950 2918 5006 continuo
2939 4958 3128 5022 aptum
3151 4951 3510 5022 insequente,
3541 4956 3599 5004 ut
3635 4965 3731 5004 us-

2115 5056 2222 5112 que
2244 5041 2312 5095 ad
2364 5041 2544 5112 ipsius
2586 5043 2936 5113 praesentiam
2969 5043 3085 5099 fera
3115 5044 3453 5114 perveniret,
3483 5049 3539 5098 et
3568 5041 3725 5114 quasi

2115 5130 2461 5185 liberandam
2502 5147 2560 5187 se
2593 5148 2691 5203 per
2746 5133 2928 5204 ipsum
2976 5135 3230 5202 credens,
3264 5133 3332 5188 ad
3364 5133 3535 5203 pedes
3585 5132 3724 5200 ejus,

2117 5223 2369 5294 deposita
2399 5224 2636 5292 feritate,
2691 5227 3103 5297 procumberet,
3155 5242 3434 5298 canesque
3460 5223 3725 5280 naturalis

2116 5316 2277 5371 obliti
2289 5317 2758 5391 sagacitatis,eam
2780 5320 2998 5391 insequi
3021 5326 3330 5392 parcerent.
3351 5319 3560 5373 Exinde
3582 5331 3723 5380 mos,

2115 5404 2227 5461 imo
2257 5407 2432 5462 virtus
2459 5407 2680 5474 Christi,
2735 5410 2802 5464 ad
2857 5411 3123 5467 honorem
3179 5409 3364 5465 dilecti
3401 5407 3590 5463 famuli
3618 5402 3725 5463 sui,

2113 5497 2293 5554 adhuc
2324 5499 2488 5556 modo
2517 5510 2785 5569 servatur,
2809 5511 2869 5557 ut
2914 5510 3166 5574 promota
3187 5503 3247 5575 Li.
3280 5497 3544 5572 permota]
3579 5509 3730 5565 quae—

2113 5588 2250 5644 libet
2287 5590 2530 5658 venatio,
2564 5592 2609 5646 si
2653 5600 2939 5668 aggestum
2991 5593 3047 5646 in
3087 5592 3322 5648 circuitu
3359 5589 3510 5643 silvae
3555 5581 3732 5652 ipsius

2112 5681 2517 5750 prominentem
2577 5683 2742 5740 fuerit
2801 5686 3066 5758 ingressa,
3128 5699 3230 5738 nec
3279 5693 3476 5734 canum
3498 5671 3734 5730 ulterius
