4034 6174
377 230 447 284 99
1487 213 1853 270 FLODOARDI
1895 211 2202 268 CANONICI
2244 213 2572 270 REMENSIS

3607 227 3711 282 100

379 358 702 428 insequatur
747 352 1029 412 aviditate,
1090 365 1190 403 nec
1220 355 1541 403 venatorum
1574 352 1863 417 appetatur
1889 361 1989 399 au-
2012 345 2067 410 A
2091 355 2284 418 petunt
2309 347 2652 424 suffragium,
2687 368 2754 405 ne
2791 361 2898 417 tam
2939 353 3151 407 crudeli
3188 355 3334 410 lanio
3360 356 3714 413 traderentur

379 450 636 504 dacitate.

449 541 640 594 Fertur
678 547 731 592 et
768 536 917 591 aliud
950 551 1058 590 non
1099 532 1519 588 contemnenda:
1554 531 1632 586 rei
1662 531 1986 586 miraculum

375 634 534 701 hujus
567 629 712 685 beati
747 627 1079 682 confessoris
1108 624 1192 680 sui
1239 624 1470 689 meritis,
1503 640 1534 677 a
1583 623 1815 678 Domino
1845 640 1988 693 prae-

377 730 646 796 rogatum,
695 717 843 789 quod
893 730 1200 786 suspensus
1256 715 1452 784 laqueo
1491 712 1987 783 quidam.nomine

379 811 735 888 flagenulfus,
765 809 833 864 ab
868 806 1217 871 adversariis,
1251 822 1375 860 cum
1419 805 1472 858 in
1512 820 1774 874 supremo
1798 805 1988 859 mortis

376 903 619 972 periculo
647 900 839 955 oculos
864 899 932 953 ad
963 897 1160 952 coelum
1195 895 1532 961 intenderet,
1579 895 1832 949 invocato
1852 910 1986 949 voce

375 993 717 1063 lacrymabili
762 992 925 1045 beato
986 989 1199 1053 Basolo,
1246 1003 1369 1042 mox
1402 1003 1433 1040 a
1463 994 1639 1041 morte
1673 987 1791 1040 dira
1826 997 1986 1058 rupto

375 1085 574 1140 meruit
605 1083 826 1136 liberari
884 1083 1101 1152 laqueo.
1138 1081 1265 1134 Post
1297 1080 1469 1134 multa
1495 1078 1741 1149 denique
1764 1079 1986 1148 pietatis

376 1173 688 1243 insigniain
719 1171 829 1226 vita
859 1170 1036 1241 ipsius
1058 1170 1125 1224 ab
1149 1169 1344 1224 eodem
1377 1173 1607 1238 patrata,
1635 1185 1987 1238 praznoscens

376 1278 472 1331 per
501 1261 763 1329 Spiritum
792 1276 904 1314 sum
927 1257 1235 1313 vocationis
1267 1255 1557 1310 imminere
1590 1256 1697 1309 sibi
1746 1264 1982 1327 tempus,

375 1355 524 1408 misit
554 1353 623 1407 ad
674 1359 933 1422 nepotem
984 1367 1166 1411 suum,
1220 1349 1446 1404 nomine
1500 1347 1850 1413 Balsemium,
1889 1349 1981 1420 qui

372 1465 497 1503 eum
531 1446 598 1500 ad
629 1461 688 1498 se
710 1462 739 1499 a
772 1444 1119 1499 Lemovicina
1148 1443 1377 1516 regione
1399 1445 1746 1514 perduceret,
1769 1441 1983 1515 signiﬁ-

373 1556 503 1594 cans
536 1538 612 1592 illi
662 1537 810 1608 quod
852 1544 976 1607 post
1023 1536 1236 1590 obitum
1286 1551 1443 1589 suum
1502 1536 1557 1590 in
1590 1535 1852 1607 praedicto
1885 1551 1984 1591 suo

371 1629 808 1687 conversationis
877 1627 1192 1683 habitaculo
1251 1627 1482 1682 deberet
1537 1628 1703 1683 vitam
1757 1629 1982 1695 ducere,

367 1726 520 1792 juxta
547 1722 693 1793 quod
736 1721 1038 1775 revelatum
1087 1720 1194 1773 sibi
1250 1718 1426 1774 fuerat
1471 1720 1773 1775 aDomino.
1820 1720 1984 1788 Cujus

374 1812 711 1868 salutaribus
743 1810 1052 1881 praeceptis,
1085 1817 1145 1863 ut
1175 1810 1357 1864 bonus
1401 1808 1547 1863 filius
1573 1809 1986 1880 obtemperans,

375 1915 428 1961 et
458 1907 525 1960 ad
566 1920 860 1974 supernam
903 1903 1280 1957 haareditatem
1315 1903 1604 1973 pervenire
1635 1904 1983 1970 desiderans,

373 2013 549 2067 usque
580 1998 646 2050 ad
679 1995 860 2048 exitus
890 1992 978 2046 sui
1012 1993 1157 2046 diem
1193 1993 1246 2044 in
1269 1992 1464 2047 eadem
1497 1990 1799 2063 permansit
1825 1993 1988 2047 habi-

373 2089 600 2143 tatione.
628 2085 872 2141 Decessit
929 2093 1110 2140 autem
1145 2085 1340 2139 beatus
1372 2086 1532 2139 Pater
1549 2086 1772 2140 Basolus
1799 2103 1849 2139 vr
1869 2086 1962 2140 Kal

375 2180 654 2244 Decemb.,
687 2177 944 2248 supernis
977 2184 1304 2250 aggregatus
1334 2177 1568 2232 civibus.
1597 2179 1674 2231 Ad
1708 2178 1864 2245 cujus
1893 2195 1985 2233 se-

374 2275 621 2344 pulcrum
652 2273 822 2325 multa
852 2279 1044 2341 postea
1082 2276 1387 2324 monstrata
1425 2279 1554 2324 sunt
1592 2271 1982 2326 miraculorum

371 2360 630 2434 insignia,
663 2375 785 2429 qua)
819 2366 1001 2412 tamen
1025 2375 1123 2428 per
1157 2359 1550 2432 negligentiam
1581 2367 1635 2415 et
1664 2360 1734 2416 ob
1767 2361 1851 2415 sui
1876 2360 1985 2417 fre-

369 2452 650 2522 quentiam
676 2465 785 2503 non
802 2458 930 2502 sunt
951 2447 1154 2502 litteris
1182 2450 1601 2519 comprehensa.

440 2544 701 2597 Processu
760 2541 1002 2611 denique
1053 2542 1336 2610 temporis,
1399 2551 1521 2612 post
1566 2541 1779 2596 obitum
1805 2543 1981 2598 sancti

371 2633 492 2698 viri,
524 2631 747 2685 advenit
768 2632 876 2684 huc
907 2631 1072 2684 homo
1119 2629 1345 2699 quidam
1378 2630 1603 2684 natione
1637 2630 1863 2696 nobilis,
1884 2632 1982 2686 sed

373 2723 521 2778 ferox
557 2732 769 2777 tumore
800 2721 1001 2774 mentis
1030 2739 1043 2784 ;
1075 2720 1168 2791 qui
1219 2728 1344 2790 post
1392 2721 1698 2776 orationem
1728 2721 1981 2775 baculum

2094 441 2163 494 ad
2186 441 2625 508 dilacerandum,
2659 442 3036 515 lugubresque
3060 444 3116 498 in
3138 446 3348 519 gemitu
3378 442 3711 516 pernoctan-

2095 539 2195 598 tes,
2216 549 2324 588 non
2358 534 2649 588 cessabant
2677 535 2850 589 sancti
2885 535 3060 590 Basoli
3098 537 3392 606 implorare
3424 539 3703 595 solatium.

2094 623 2203 677 Nec
2229 624 2415 677 renuit
2435 623 2628 677 audire
2659 633 2882 678 sanctus
2914 625 3129 679 Domini
3158 628 3413 696 querelas
3439 643 3554 683 suae
3583 630 3706 700 ple-

2093 713 2198 767 bis.
2232 714 2363 767 Nam
2393 713 2533 769 facto
2566 729 2724 769 mane
2786 716 3030 785 Speruus
3062 717 3208 772 idem
3243 719 3523 787 reperitur
3557 735 3706 776 mor-

2093 816 2257 870 tuus;
2292 823 2455 878 quem
2498 808 2638 862 lecto
2672 807 2977 861 nitentibus
3002 809 3292 864 extrahere
3319 810 3456 874 suis,
3491 814 3708 882 crepuit

2091 899 2327 964 medius,
2362 905 2655 970 tantusque
2685 899 2846 954 l'oetor
2877 901 3134 954 eumdem
3158 901 3340 955 locum
3374 902 3705 972 replevit.ut

2092 1008 2253 1047 nemo
2284 991 2422 1044 inibi
2451 1007 2735 1046 remanere
2754 993 3005 1046 valuerit.
3042 993 3240 1064 Sicque
3273 993 3483 1048 familia
3513 996 3566 1049 S.
3603 997 3705 1050 Ba-

2089 1083 2190 1138 soli
2226 1083 2514 1154 trepidatis
2533 1085 2767 1154 eripitur
2796 1085 3023 1140 defensa
3055 1086 3372 1157 suppliciis.

2159 1172 2473 1226 Avunculus
2527 1173 2717 1225 matris
2750 1189 2903 1235 mea),
2941 1172 3276 1226 Flavuardus
3307 1171 3448 1244 [ms.,
3484 1173 3705 1228 Flavar-

2090 1263 2209 1334 dus]
2245 1264 2489 1329 nomine,
2524 1264 2664 1318 duos
2710 1263 2856 1318 filios
2914 1265 2967 1317 in
3023 1265 3186 1334 hujus
3236 1266 3408 1320 sancti
3469 1267 3571 1319 viri
3595 1283 3707 1321 coe-

2090 1357 2259 1413 nobio
2290 1358 2401 1412 Deo
2460 1357 2767 1412 servientes
2826 1357 3020 1411 habuit
3063 1377 3076 1424 ;
3119 1374 3353 1429 quorum
3399 1359 3702 1426 juniorem,

2090 1450 2313 1504 nomine
2370 1449 2710 1515 Tetbertum,
2793 1449 3062 1504 charitate
3121 1466 3288 1520 supra
3337 1450 3481 1504 vires
3538 1452 3702 1505 etiam

2089 1541 2482 1596 exuberantem
2516 1541 2774 1605 vidimus,
2849 1541 2943 1612 qui
3005 1541 3294 1612 presbyter
3316 1541 3522 1597 dudum
3557 1545 3702 1614 apud

2088 1649 2190 1688 nos
2217 1633 2377 1687 obiit.
2405 1634 2453 1686 ls
2476 1632 2719 1703 denique
2744 1632 2814 1687 de
2849 1639 3003 1703 patre
3051 1649 3154 1688 suo
3201 1633 3347 1704 quod
3381 1633 3583 1688 dicturi
3611 1651 3704 1688 su-

2009 1765 2062 1833 Β
2087 1742 2210 1779 mus
2241 1741 2461 1779 narrare
2493 1725 2656 1780 nobis
2688 1725 2942 1788 solebat;
2968 1725 3054 1780 cui
3091 1726 3168 1779 rei
3212 1726 3368 1780 testis
3407 1727 3587 1780 adhuc
3604 1743 3700 1780 su-

2546 1813 2806 1833 “mu”
2839 1814 2911 1833 r.-.
2997 1814 3357 1833 ,κωμηηηη
3396 1832 3403 1833 ,

2091 1823 2307 1885 pererat
2337 1829 2515 1884 nuper
2546 1813 2809 1868 Ratoldus
2839 1814 2956 1884 [al.,
2997 1814 3357 1884 Rautnoldus]
3395 1815 3701 1885 presbyter,

2089 1904 2288 1958 horum
2337 1902 2532 1956 tertius
2587 1901 2754 1955 frater
2825 1901 3492 1973 Consueveratsiquidem
3533 1902 3704 1956 semel

2090 1995 2145 2049 in
2177 2010 2320 2049 anno
2336 1994 2420 2049 vir
2459 1993 2718 2064 praefatus
2744 1993 2810 2047 ad
2841 1994 3236 2049 monasterium
3274 1995 3486 2061 venire,
3516 1995 3701 2048 fratri-

2087 2084 2302 2155 busque
2351 2084 2419 2138 de
2477 2083 2592 2138 suis
2636 2082 2990 2138 facultatibus
3048 2084 3382 2138 ministrare.
3439 2083 3538 2148 Qui
3579 2099 3703 2138 cum

2087 2171 2385 2242 aliquando
2413 2172 2481 2226 de
2503 2186 2655 2226 more
2704 2172 2939 2238 veniret,
2978 2173 3219 2227 latrones
3241 2190 3365 2228 eum
3399 2188 3704 2244 properan-

2087 2266 2197 2314 tem
2226 2259 2513 2325 invadunt,
2571 2258 2844 2314 caballum
2894 2261 2982 2315 cui
3029 2261 3278 2328 sedebat,
3338 2278 3458 2316 cum
3489 2262 3704 2316 ceeteris

2087 2363 2208 2419 qua:
2237 2347 2344 2401 sibi
2376 2347 2494 2402 visa
2524 2356 2672 2414 sunt,
2705 2349 2803 2402 sed
2831 2358 2885 2402 et
2908 2349 3196 2419 pecunias,
3231 2366 3371 2420 quas
3400 2351 3574 2404 servis
3603 2351 3700 2405 Dei

2085 2439 2499 2494 distribuendas
2513 2438 2743 2510 ferebat,
2768 2447 3095 2495 ornamenta
3137 2456 3364 2513 quoque
3381 2444 3567 2498 uxoris
3587 2460 3700 2498 suae

2086 2529 2294 2600 pariter
2333 2529 2608 2584 auferunt.
2663 2530 2908 2602 Cumque
2966 2533 3035 2586 de
3085 2533 3270 2603 praeda
3312 2536 3560 2590 lzetantes
3587 2537 3696 2590 ali-

2085 2621 2406 2691 quantulum
2485 2623 2906 2691 processissent,
2965 2639 3120 2691 uxor,
3179 2625 3298 2693 ejus
3353 2643 3476 2696 quze
3539 2627 3699 2681 simul

2084 2713 2291 2779 aderat,
2325 2713 2696 2787 ingemiscens
2729 2731 2826 2785 pro
2857 2715 3081 2784 injuria,
3115 2718 3697 2788 querulosissanctum

373 2815 536 2883 hujus
567 2814 713 2868 beati
765 2813 942 2866 Patris
985 2811 1285 2881 accipiens,
1321 2820 1374 2866 et
1405 2813 1560 2866 illum
1592 2828 1761 2883 super
1785 2802 2336 2888 pedemNA-l'dBasolum
2369 2803 2535 2872 ccepit
2562 2801 2860 2858 inclamare
2881 2805 3131 2870 vocibus,
3163 2805 3354 2860 dicens
3383 2806 3531 2861 :Non
3561 2809 3701 2862 ultra

368 2923 529 2960 suum
555 2921 790 2975 ponens,
821 2912 882 2958 ut
911 2913 1030 2958 erat
1069 2889 1333 2972 procerus
1377 2919 1631 2974 corpore,
1667 2905 1823 2975 quasi
1851 2883 2140 3030 subiisse
2170 2902 2434 2949 venturus
2464 2896 2520 2950 in
2546 2896 2668 2964 ejus
2699 2897 2783 2952 vel
2816 2897 3144 2953 famulorum
3178 2900 3361 2976 ipsius
3389 2901 3696 2965 servitium,

369 2997 656 3030 annnnntln
690 2995 913 3030 m-nmlit
940 2994 1253 3030 .linanc-Fn
1277 2995 1592 3030 manifestat
1617 2996 1719 3030 iam
1751 2995 1978 3030 hannlnc
2079 2981 2127 3030 Si
2157 2982 2237 3030 sic.
2285 2999 2382 3030 ens
2419 2985 2688 3030 ahiinaret
2734 3004 2840 3030 nnn
2891 2988 3118 3030 forpndn
3175 2989 3491 3030 nrmqirlinm
3576 2991 3694 3030 Dnci

369 2997 656 3051 sannando
689 2995 918 3066 protulit
940 2994 1256 3049 dicenszEn
1277 2995 1594 3050 manifestat
1617 2996 1719 3050 iste
1751 2995 1978 3051 baculus

2085 2981 2128 3035 si
2157 2982 2237 3036 sic
2285 2999 2382 3038 eos
2419 2985 2688 3053 abjiceret
2734 3004 2841 3042 non
2891 2988 3118 3044 ferendo
3175 2989 3513 3060 prasidium.
3576 2991 3698 3046 Post

370 3045 651 3051 ηψπ---η
689 3045 916 3066 ,----___-
947 3045 1256 3049 s_-_-__-___
1281 3045 1592 3050 _--_-_____----
1618 3045 1715 3050 η--
1752 3045 1979 3051 _-_____-
2039 3045 2055 3065 η
2487 3045 2505 3053 ν
3176 3045 3188 3060 ,
3628 3045 3631 3046 ,

370 3103 535 3157 quam
568 3100 749 3156 parva:
787 3091 1008 3138 staturae
1067 3082 1232 3136 fuerit
1263 3083 1506 3138 Basolus.
1546 3083 1654 3138 Nec
1685 3099 1859 3151 mora,
1884 3101 1982 3154 pes
2009 3045 2058 3111 (λ
2085 3089 2222 3142 quas
2278 3076 2690 3133 Ῑᾶῐηοιιῐθὶίοηίε
2751 3094 2934 3146 V0005,
2959 3081 3087 3151 equi
3117 3081 3410 3147 latronum.
3446 3081 3540 3150 qui
3573 3097 3697 3134 cum

373 3178 516 3232 idem
549 3177 635 3231 cui
665 3175 1052 3247 superpositus
1101 3175 1273 3230 sancti
1309 3175 1538 3230 baculus
1569 3175 1766 3237 fuerat,
1801 3192 1984 3231 emar-
2083 3166 2277 3234 δΡοῙίίδ
2324 3169 2540 3224 ϐοηϐίιθ
2599 3168 2940 3233 ferebamur.
3001 3171 3189 3226 Subito
3233 3171 3568 3244 deﬁguntur.
3597 3188 3700 3225 nec

370 3265 520 3320 cuit:
556 3280 776 3336 quoque
825 3261 1154 3334 putrefacto,
1183 3262 1371 3317 divina
1402 3263 1486 3317 vir
1516 3263 1658 3318 idem
1692 3265 1984 3334 perculsus
2085 3259 2196 3313 ullo
2227 3261 2390 3314 modo
2423 3264 2733 3332 promoveri
2767 3271 2998 3333 possunt
3025 3264 3091 3317 ad
3125 3265 3510 3336 gradiendum.
3548 3265 3700 3334 Ipsos

371 3359 582 3413 ultione
611 3373 734 3411 cum
774 3355 926 3430 gravi
976 3353 1198 3409 decedit
1239 3353 1449 3409 labore.
1496 3353 1662 3422 Cujus
1687 3372 1887 3427 corpus
1913 3358 1980 3412 ad
2083 3367 2305 3422 quoque
2338 3352 2577 3408 latrones
2597 3353 2774 3428 caligo
2794 3355 3045 3425 quiedam
3079 3355 3342 3425 perfudit,
3374 3367 3433 3411 ut
3459 3372 3698 3428 quonam

370 3449 751 3506 tumulandum
791 3447 921 3502 ferri
961 3446 1276 3516 disponitur
1335 3447 1403 3501 ad
1453 3447 1618 3516 hujus
1677 3450 1849 3504 sancti
1885 3450 1978 3504 Dei

370 3539 765 3595 monasterium
801 3536 935 3604 ;sed
987 3547 1342 3610 aggravatum
1399 3537 1550 3592 nullo
1614 3538 1783 3593 modo
1836 3536 1982 3591 valet

369 3633 576 3687 moveri
605 3631 885 3686 feretrum.
956 3630 1288 3700 Proponitur
1329 3629 1456 3683 ferri
1486 3629 1552 3682 ad
1599 3629 1977 3684 cmmeterium

364 3718 540 3776 sancti
579 3719 837 3792 Remigii,
869 3717 964 3772 sed
998 3732 1101 3770 nec
1130 3716 1210 3770 sic
1242 3723 1422 3786 potest
1471 3717 1704 3772 moveri.
1739 3717 1978 3790 Cogente

365 3811 584 3865 tandem
617 3807 969 3873 necessitate,
1004 3806 1060 3859 in
1105 3803 1514 3860 Catalaunicum
1545 3804 1792 3859 defertur
1819 3805 1982 3859 terri-

365 3900 588 3967 torium,
639 3898 831 3969 ibique
877 3895 1102 3950 demum
1161 3893 1500 3965 permittitur
1544 3893 1748 3948 habere
1787 3892 1980 3964 sepul-

365 4009 539 4046 crum.

435 4085 550 4138 Non
605 4082 767 4154 longe
799 4095 1025 4150 quoque
1055 4079 1206 4133 valde
1240 4094 1272 4131 a
1300 4085 1486 4132 nostra
1513 4085 1694 4144 aetate,
1730 4088 1978 4148 tempore

361 4173 573 4226 scilicet
603 4169 793 4224 domni
845 4166 1089 4222 Ebbonis
1145 4165 1575 4234 archiepiscopi,
1611 4166 1732 4233 ejus
1752 4165 1978 4220 ordina-

361 4261 754 4332 tione‘quidam
787 4260 868 4312 vir
897 4257 1211 4328 religiosus,
1249 4256 1577 4310 Benedictus
1606 4256 1853 4320 nomine,
1878 4255 1979 4310 ab-

359 4355 458 4408 has
498 4352 850 4409 constituitur
881 4349 1044 4418 hujus
1082 4347 1324 4402 abbatize
1382 4347 1483 4412 Qui
1535 4364 1663 4402 cum
1703 4347 1975 4404 modestia

2082 3458 2203 3497 sese
2250 3452 2531 3499 verterent
2599 3448 2932 3517 ignorarent.
3007 3447 3415 3518 Resipisccntes
3476 3448 3696 3502 tandem

2083 3533 2393 3601 praedones,
2426 3533 2717 3590 conferunt
2747 3535 2892 3589 inter
2935 3552 2996 3590 se
3018 3536 3088 3591 ob
3115 3535 3472 3591 innocentum
3498 3536 3695 3591 factam

2083 3623 2340 3692 injuriam
2367 3625 2472 3679 sibi
2508 3626 2635 3680 talia
2666 3627 2963 3699 contigisse
2995 3646 3009 3692 ;
3045 3628 3295 3698 initoque
3346 3628 3599 3694 consilio,
3627 3629 3695 3682 ad

2081 3732 2196 3784 eos,
2229 3733 2370 3788 quos
2404 3719 2572 3773 rebus
2599 3719 2802 3786 injuste
2850 3721 3093 3791 privatos
3132 3721 3476 3784 dimiserant,
3512 3737 3697 3775 rever-

2081 3816 2273 3864 tuntur
2314 3827 2450 3876 ;sua
2498 3811 2607 3864 illis
2659 3821 2852 3866 cuncta
2908 3813 3225 3876 restituunt,
3259 3822 3332 3877 et,
3384 3822 3443 3868 ut
3476 3813 3692 3868 veniam

2082 3898 2421 3954 facinoribus
2449 3898 2569 3954 suis
2598 3898 2989 3971 deprecentur,
3025 3910 3346 3971 exposcunt.
3383 3902 3458 3956 lta
3490 3917 3694 3956 conso-

2078 3992 2306 4059 latione,
2339 3993 2546 4048 domini
2597 3993 2771 4048 Basoli
2813 3993 3146 4065 suffragante
3198 3994 3305 4048 sibi
3360 3995 3689 4064 patrocinio,

2079 4095 2322 4159 recepta,
2340 4087 2635 4158 rapacibus
2666 4088 2744 4142 ire
2777 4088 3042 4154 dimissis,
3064 4087 3381 4143 devotiores
3409 4088 3476 4142 ad
3507 4087 3688 4142 desti-

2079 4185 2265 4231 natum
2289 4185 2587 4246 properant
2629 4178 2943 4233 coenobium
2971 4197 2988 4243 ;
3023 4178 3227 4252 gratias
3261 4178 3370 4232 Deo
3403 4185 3458 4232 et
3501 4187 3693 4232 sancto

2078 4280 2178 4320 suo
2209 4264 2510 4320 confessori
2535 4281 2634 4336 pro
2657 4266 2891 4320 indultis
2907 4265 3015 4319 sibi
3039 4265 3328 4320 beneficiis
3357 4265 3694 4331 referunt,et

2077 4353 2186 4409 lEPti
2219 4354 2393 4410 servis
2425 4355 2517 4409 Dei
2549 4354 2863 4410 ministrare
2916 4364 3192 4428 satagunt,
3225 4355 3481 4427 pecuniis
3511 4357 3692 4410 hono-

359 4443 621 4500 familiam
660 4441 833 4495 sancti
894 4438 1072 4493 Basoli
1130 4445 1388 4502 tractans,
1447 4446 1501 4493 et
1529 4439 1585 4492 in
1617 4439 1972 4511 simplicitate
1996 4426 2054 4494 D
2077 4448 2216 4505 rant,
2249 4458 2313 4497 ac
2334 4441 2601 4512 deinceps
2648 4442 2808 4498 annis
2851 4426 3085 4518 singulis
3120 4426 3265 4498 idem
3294 4445 3690 4515 promptiores,

362 4535 592 4591 Domino
622 4533 890 4599 serviens,
906 4531 1142 4586 diversis
1161 4529 1450 4585 ecclesiam
1465 4531 1708 4587 donariis
1732 4531 1970 4597 ornavit,

362 4633 415 4679 et
445 4629 568 4694 post
599 4637 709 4675 non
740 4621 958 4676 modica
989 4619 1112 4674 vitae
1134 4632 1250 4672 suae
1296 4617 1498 4688 spatia,
1532 4618 1733 4674 divina:
1758 4634 1972 4690 praece-

358 4717 548 4787 ptione
586 4721 827 4778 vocatus,
858 4715 926 4768 ad
959 4712 1248 4768 Dominum
1275 4712 1510 4768 transiit.
1542 4711 1638 4766 Cui
1669 4728 1833 4768 carne
1862 4713 1969 4768 fra-

355 4816 457 4873 ter,
481 4806 813 4880 cognominc
839 4806 1085 4876 Speruus
1119 4805 1182 4876 [j.
1208 4808 1454 4876 Spernus
1483 4809 1531 4858 et
1558 4804 1752 4875 infra].
1795 4805 1968 4860 abbas

352 4901 407 4955 in
432 4901 629 4956 eodem
660 4899 780 4953 loco
801 4899 1152 4971 subrogatur.
1189 4897 1287 4963 Qui
1322 4897 1572 4952 moribus
1605 4897 1758 4953 fratri
1790 4898 1962 4954 dissi-

352 4993 519 5059 milis,
537 4999 591 5046 et
613 4991 747 5045 dirae
768 4989 982 5045 facibus
1001 4991 1204 5045 ardens
1223 4991 1526 5062 cupidinis,
1542 4993 1671 5046 dum
1693 4990 1964 5044 temulen-

354 5094 440 5140 tus
470 5084 769 5156 aliquando
795 5083 1034 5148 sederet,
1069 5083 1443 5153 cmpitdicere
1474 5083 1622 5154 quod
1647 5082 1814 5136 frater
1835 5098 1968 5137 suus

350 5179 418 5232 de
451 5177 779 5232 abbatiailla
795 5175 932 5229 nihil
965 5175 1096 5230 boni
1125 5176 1347 5231 sciverit
1378 5176 1607 5240 habere,
1641 5175 1969 5246 praecipiens

349 5266 599 5321 villarum
614 5263 1090 5336 procuratoribus,
1139 5265 1196 5318 in
1227 5265 1528 5320 crastinum
1561 5263 1668 5318 sibi
1705 5263 1970 5320 ruricolas

347 5358 632 5424 exhibere,
649 5372 790 5429 quos
806 5360 973 5414 variis
999 5360 1205 5414 faceret
1222 5359 1516 5428 suppliciis
1535 5357 1869 5430 torqueri,ut
1892 5358 1974 5412 fa-

346 5447 580 5504 cultates
602 5446 847 5517 ipsorum
874 5448 942 5502 ab
961 5448 1044 5503 eis
1075 5455 1263 5519 posset
1284 5454 1645 5517 extorquere.
1670 5447 1972 5502 Audientes

344 5554 477 5607 ergo
490 5539 744 5594 villarum
760 5538 958 5595 incolae
977 5547 1197 5612 quanta:
1214 5537 1750 5594 intentabantursibi
1769 5554 1970 5610 paenae,

345 5644 537 5684 omnes
569 5628 745 5684 sancti
780 5628 960 5685 Basoli
1016 5627 1282 5683 ﬂebiliter
1319 5626 1382 5697 [ο.
1415 5629 1455 5696 i,
1484 5627 1829 5698 suppliciter]
1865 5644 1966 5682 ex-

2077 4531 2226 4602 quod
2256 4540 2538 4601 cwperant
2576 4541 2866 4603 peragunt.

2148 4621 2374 4685 Quando
2404 4637 2584 4691 nuper
2613 4622 2697 4676 hae
2742 4621 3035 4676 Galliarum
3071 4622 3280 4692 patriae,
3316 4624 3557 4693 peccatis
3585 4639 3690 4678 no-

2074 4712 2656 4783 strisimpellentibus,
2688 4712 3068 4783 Hungarorum
3095 4712 3294 4785 gladiis
3317 4712 3688 4768 dilaceranda:

2069 4812 2197 4856 sunt
2265 4802 2498 4868 traditae,
2559 4801 2782 4872 quidam
2840 4800 3204 4856 barbarorum
3278 4802 3451 4857 sancti
3509 4801 3686 4856 Basoli

2069 4893 2461 4948 monasterium
2509 4891 2763 4965 ingressi,
2792 4891 2923 4945 dum
2957 4889 3142 4944 clerici
3167 4890 3279 4959 jam
3312 4907 3436 4945 cum
3471 4891 3684 4960 patroni

2066 4987 2150 5040 sui
2175 4985 2504 5060 pignoribus
2533 4985 2601 5038 ad
2631 4985 2908 5040 civitatem
2932 4983 3334 5056 confugissent,
3371 4984 3688 5039 habitacula

2069 5079 2310 5134 ρωποι)ὶί
2344 5079 2663 5135 hominibus
2720 5093 2862 5148 pene
2893 5093 3066 5132 vacua
3121 5085 3470 5148 repererunt,
3495 5077 3686 5148 ibique

2068 5175 2332 5224 metatum
2354 5185 2514 5224 suum
2538 5168 2959 5235 constituentes,
3007 5169 3114 5222 huc
3137 5167 3506 5238 undecunque
3533 5184 3681 5238 prie-

2070 5261 2202 5316 datu
2233 5261 2430 5316 reverti
2463 5269 2771 5331 cmperunt.
2817 5262 3060 5325 Quorum
3092 5259 3316 5331 quidam
3346 5259 3400 5312 in
3433 5259 3684 5314 ecclesize

2071 5351 2353 5424 signorum
2408 5351 2693 5416 turricula,
2739 5351 3002 5406 deaurata
3052 5349 3406 5421 conspiciens
3437 5350 3685 5404 relucere

2071 5440 2312 5506 metalla,
2363 5438 2600 5510 cupidus
2646 5441 2763 5494 auri
2800 5439 3072 5511 pecunias,
3124 5447 3328 5494 tectum
3357 5437 3685 5494 conscendit

2072 5530 2337 5597 basilica),
2383 5530 2647 5602 nisusque
2694 5531 2968 5602 dissipare
2999 5531 3342 5598 turriculam,
3368 5529 3555 5585 subito
3582 5530 3685 5585 de-

2071 5624 2258 5694 lapsus
2304 5622 2372 5678 ad
2423 5628 2622 5678 terram
2668 5624 2894 5689 corruit,
2953 5623 3329 5694 membrisque
3387 5620 3684 5676 confractis
