4038 6166
319 209 409 266 101

316 340 541 397 interiit.
592 340 745 396 Alius
772 340 972 397 horum
1008 356 1177 411 super
1203 339 1553 411 aramipsius
1575 339 1850 407 ecclesia,
1870 341 1926 395 in
1946 341 2006 412 Α

316 436 521 489 honore
553 433 700 488 beati
759 432 976 488 Martini
1020 441 1415 501 consecratam,
1467 444 1697 491 conatus
1726 451 1924 490 ascen-

313 522 464 587 dere,
486 521 618 576 dum
648 537 873 575 manum
922 538 1089 593 supra
1130 538 1302 577 cornu
1334 522 1524 578 altaris
1555 524 1922 594 apposuisset,

315 613 431 684 ipsa
460 629 656 667 manus
676 612 798 681 ejus
824 612 898 667 ita
928 613 1154 668 inhasit
1183 614 1466 679 marmori,
1490 621 1550 669 ut
1576 614 1728 669 nullo
1754 615 1920 670 modo

310 701 378 755 ab
407 715 474 755 eo
507 708 698 770 postea
740 701 1021 771 .potuisset
1068 702 1227 757 avelli
1260 702 1591 773 ]Fconoaan.
1627 705 1689 757 in
1722 702 1918 757 Chron.

307 809 375 847 an
395 792 545 863 937].
580 792 643 846 Et
672 794 804 864 quia
830 792 922 848 hic
942 810 1069 848 eum
1101 795 1184 849 sui
1241 795 1538 851 noluerunt
1580 795 1920 868 relinquere,

307 892 522 955 partem
568 884 769 955 lapidis
815 885 963 940 circa
1043 902 1266 941 manum
1342 887 1518 960 ipsius
1579 888 1925 959 bipennibus

306 974 722 1046 abscindentes,
747 994 876 1032 eum
906 995 1093 1035 secum
1111 979 1433 1050 particulam
1456 982 1765 1048 marmoris,
1798 999 1922 1055 qua

307 1068 497 1122 manui
524 1070 645 1138 ejus
661 1070 992 1134 adhaserat,
1024 1070 1195 1127 invite
1245 1072 1919 1147 ferentemgdeduxerunt.

307 1160 411 1224 Qui
459 1161 627 1217 etiam
686 1162 763 1232 (ut
816 1162 1017 1233 captivi
1072 1164 1167 1234 qui
1202 1165 1406 1220 reversi
1462 1173 1593 1220 sunt
1660 1166 1965 1235 referunt).

307 1265 488 1319 usque
542 1250 609 1303 ad
664 1258 866 1305 terram
919 1267 1097 1318 suam,
1129 1260 1319 1311 arente
1357 1254 1469 1322 jam
1503 1254 1750 1322 brachio,
1779 1255 1926 1312 hunc

305 1340 555 1411 lapidem
586 1340 788 1408 ferens,
808 1351 863 1398 et
883 1344 1060 1399 Basoli
1090 1344 1290 1401 virtute
1322 1345 1522 1402 factum
1555 1347 1923 1417 proclamans,

305 1448 566 1488 reversus
594 1443 696 1492 est.

951 1528 1162 1585 CAPUT
1198 1530 1280 1586 IV.

810 1618 886 1671 De
909 1618 1159 1685 Romulfo
1187 1619 1433 1686 praesule,

378 1703 512 1759 Post
527 1704 777 1779 Egidium
801 1707 1088 1764 Romulfus
1104 1710 1373 1765 Remense
1389 1710 1525 1765 rexit
1548 1711 1922 1782 episcopium,

298 1794 393 1849 vir
408 1812 576 1851 carne
624 1798 847 1865 nobilis,
903 1817 1201 1873 germanus
1228 1802 1457 1858 Joannis
1490 1811 1621 1858 tunc
1654 1803 1924 1874 temporis

300 1884 471 1939 ducis
502 1904 517 1951 ,
540 1902 776 1957 quorum
804 1898 959 1959 pater
986 1891 1170 1961 Lupus
1215 1892 1416 1947 multas
1438 1893 1520 1947 eis
1543 1892 1924 1963 possessiones

296 1977 598 2048 aequaliter
628 1979 772 2034 inter
798 1996 859 2035 se
889 1981 1217 2037 dividendas
1248 1984 1492 2056 reliquit.
1530 1986 1601 2038 De
1640 2001 1750 2056 qua
1780 1983 1923 2038 divi-

289 2068 458 2123 sione
487 2071 601 2140 pari
620 2071 1000 2147 juregerenda
1015 2084 1355 2147 praeceptum
1374 2076 1739 2132 obtinuerunt
1765 2092 1922 2148 rega-

292 2158 368 2212 le.
404 2158 589 2214 Multis
604 2161 881 2232 siquidem
919 2165 1611 2236 excellebatpatrimoniis,
1643 2165 1916 2221 maxime-

288 2262 411 2317 que
441 2255 595 2302 trans
624 2249 886 2325 Ligerim,
918 2259 972 2307 et
1007 2253 1063 2307 in
1116 2270 1258 2328 pago
1291 2254 1595 2310 Pictavensi
1629 2272 1642 2319 ;
1676 2270 1913 2326 quorum

283 2352 357 2389 ex
395 2344 550 2406 parte
579 2338 808 2406 majore,
843 2356 940 2410 per
970 2341 1225 2415 paginam
1262 2343 1571 2397 testamenti
1616 2343 1910 2398 ecclesiam

287 2425 630 2481 Remensem
682 2427 811 2483 fecit
840 2430 1142 2497 haredem,
1192 2432 1445 2503 quadam
1477 2433 1770 2488 dimittens
1799 2433 1913 2488 fra-

284 2514 480 2569 tribus
502 2516 589 2570 vel
615 2518 915 2588 nepotibus
927 2519 1065 2587 suis,
1083 2520 1335 2591 quadam
1354 2521 1655 2578 matricula
1688 2538 1914 2595 quoque

279 2606 470 2660 sancti
518 2607 777 2664 Martialis
831 2612 1138 2683 deputavit,
1180 2618 1435 2688 quadam
1502 2617 1570 2672 ad
1629 2617 1913 2672 basilicam

278 2698 473 2752 sancti
505 2698 761 2774 Remigii.
780 2702 996 2758 'Villam
1037 2722 1173 2763 vero
1198 2708 1577 2764 Lautiniacum
1606 2725 1777 2779 super
1806 2708 1916 2763 ﬂu-

280 2790 446 2843 vium
513 2790 871 2861 Caltaionem,
931 2798 1165 2853 contulit
1219 2800 1555 2856 monasterio
1606 2799 1914 2870 puellarum

970 208 1293 266 HISTORIA;
1331 205 1665 265 ECCLESIE
1705 208 2032 265 REMENSIS
2073 208 2247 265 LIBRI
2288 209 2615 276 QUATUOR.
2650 244 2713 253 —-—
2755 212 2884 268 LIB.
2926 213 2970 268 I.

3539 215 3645 272 102

2671 341 2881 396 CAPUT
2942 342 3003 397 V.

2510 435 2585 487 De
2610 433 2869 489 Sonnatio
2888 436 3153 504 episcopo.

2098 521 2411 578 Romulfum
2440 522 2691 594 sequitur
2717 523 2773 577 in
2816 524 3140 595 episcopatu
3184 525 3504 593 Sonnatius,
3546 527 3638 599 qui

2025 611 2297 681 synodum
2320 612 2635 667 celebrasse
2651 612 2926 682 reperitur
2940 629 3064 667 cum
3096 613 3222 668 aliis
3251 614 3639 687 quadraginta,

2025 704 2111 757 vel
2142 719 2208 759 eo
2237 704 2475 775 amplius
2513 702 2807 759 Galliarum
2840 704 3137 775 episcopis.
3177 706 3274 760 Ubi
3308 706 3476 761 etiam
3510 722 3643 762 san-
3716 742 3719 751 ι

2026 799 2147 847 ctus
2195 791 2453 847 Arnulfus
2509 792 2835 848 Metensium
2886 793 3088 864 prasul
3152 793 3433 849 invenitur
3469 795 3642 850 inter-

2024 880 2217 948 fuisse,
2250 896 2374 936 cum
2404 881 2750 938 Theodorico
2774 881 3153 955 Lugdunensi,
3187 881 3440 939 Sindulfo
3466 883 3637 939 Vien-

2025 973 2207 1040 nensi,
2240 972 2477 1043 Sulpitio
2528 972 2877 1037 Bituricensi,
2949 973 3284 1048 Medegiselo
3311 974 3639 1042 Turonensi,
3704 982 3715 987 '

2024 1064 2236 1120 Secono
2269 1064 2613 1132 Elosanensi,
2663 1064 2892 1121 Leontio
2957 1064 3316 1130 Xantonensi,
3352 1065 3640 1122 Modoaldo

2023 1155 2369 1223 Treverensi,
2402 1156 2757 1212 Chuneberto
2808 1156 3145 1221 Coloniensi,
3182 1157 3438 1213 Richerio
3465 1158 3643 1214 Seno-

2026 1250 2207 1314 nensi,
2238 1249 2450 1305 Donato
2498 1246 2946 1315 Vesontion'ensi,
3002 1249 3261 1320 AuSpicio
3296 1251 3642 1325 Augustidu-

2026 1340 2206 1395 nensi.
2243 1340 2377 1394 Item
2417 1339 2707 1395 Modoaldo
2760 1340 3117 1414 Lingonensi,
3152 1341 3502 1415 Ragueberto
3541 1342 3644 1397 Ba-

2021 1432 2257 1501 jocensi.
2292 1432 2614 1488 Childoaldo
2635 1432 3400 1506 Abrincatensi,Bertegiselo
3434 1433 3641 1491 Carno-

2027 1522 2189 1581 tensi.
2212 1521 2457 1577 Palladio
2486 1521 2949 1588 Antisiodorensi,
2998 1522 3319 1577 Gondoaldo
3350 1523 3639 1593 Meldensi,

1952 1609 2370 1685 BLeudeberto
2416 1609 2802 1676 Parisiacensi,
2830 1609 3166 1685 Cbainoalgo
3222 1610 3473 1666 Lauduni
3517 1611 3640 1668 Cla-

2027 1700 2159 1765 vati,
2210 1700 2437 1757 Godone
2508 1701 2861 1769 Virdunensi,
2927 1703 3186 1758 Ansarico
3253 1703 3643 1770 Suessonensi,

2030 1791 2257 1847 Claudio
2290 1792 2532 1856 Reiensi,
2569 1793 2899 1848 Berthoaldo
2945 1792 3345 1857 Camaracensi,
3379 1798 3645 1872 Agomaro

2028 1879 2454 1948 Silvanectensi,
2509 1879 2744 1935 Casario
2790 1881 3111 1948 Avernensi,
3145 1882 3283 1937 Vero
3316 1882 3642 1951 Rutenensi,

2026 1971 2279 2044 Agricola
2299 1971 2619 2038 Gabalensi,
2654 1973 2936 2043 Lupoaldo
2964 1974 3417 2047 Magontiacensi,
3440 1975 3641 2031 Wille-

2023 2062 2199 2136 giselo
2248 2063 2517 2120 Tolosano
2549 2108 2561 2130 ,
2623 2063 2941 2122 Constantio
2987 2067 3281 2138 Albiensil,
3339 2068 3644 2124 Nammatio

2024 2154 2393 2229 Egolemensi,
2415 2156 2638 2212 Rustico
2671 2159 3010 2225 Caturcensi,
3044 2159 3314 2215 Auderico
3346 2162 3637 2225 Auscensi,

2020 2242 2281 2298 Emmone
2306 2244 2638 2307 Aresetensi,
2663 2245 2841 2300 Felice
2891 2246 3299 2313 Cathalanensi,
3356 2248 3642 2306 Hadoindo

2018 2333 2228 2404 [ms.,r.
2264 2334 2603 2406 Chadoindo]
2654 2336 3117 2401 Ccnomannensi,
3150 2338 3498 2413 Magnebodo
3530 2343 3644 2395 An-

2015 2425 2336 2497 degavensi,
2360 2427 2572 2483 Joanne
2620 2428 2945 2491 Pictavensi.
2988 2430 3275 2485 Leobardo
3310 2432 3427 2502 [al.,
3469 2431 3675 2488 Lont-'

2015 2513 2207 2586 bardo]
2238 2516 2580 2572 Namnetico.
2638 2518 2696 2571 In
2745 2534 2854 2589 qua
2906 2520 3120 2590 synodo
3174 2520 3345 2574 multa
3380 2520 3642 2595 leguntur

2017 2603 2177 2658 utilia
2224 2604 2551 2660 constituta.

2090 2694 2139 2746 1.
2161 2691 2236 2746 De
2259 2693 2428 2747 rebus
2442 2692 2653 2748 scilicet
2665 2693 2919 2748 ecclesia
2932 2694 3171 2765 qualiter
3191 2697 3489 2752 tractanda
3504 2697 3635 2762 sint;

2016 2790 2071 2837 et
2100 2782 2171 2838 de
2192 2783 2279 2838 his
2300 2800 2423 2855 qua
2447 2801 2546 2854 per
2572 2786 2936 2855 precatoriam
2959 2787 3327 2858 impetrantur
3346 2787 3415 2843 ab
3453 2790 3639 2844 eccle-

284 2880 485 2935 Remis
507 2882 561 2936 in
601 2884 812 2941 honore
836 2888 1009 2943 sancti
1043 2889 1185 2944 Petri
1212 2900 1528 2947 constructo
1557 2910 1571 2957 ;
1605 2908 1771 2964 quam
1802 2892 1911 2947 vil-

2035 2874 2118 2939 sia,
2142 2891 2212 2930 ne
2243 2875 2606 2932 diuturnitate
2662 2879 2931 2949 temporis
2995 2880 3063 2934 ab
3122 2881 3403 2953 aliquibus
3473 2881 3645 2951 injus

280 2975 402 3030 lam
430 2977 560 3033 dato
606 2978 786 3049 pretio
834 2996 896 3034 se
952 2976 1229 3049 memorat,
1251 3000 1619 3056 comparasse.
1651 2984 1912 3050 Quadam

276 3075 559 3137 praeterea
590 3069 820 3125 donaria
846 3077 1176 3129 testamento
1199 3075 1434 3131 diversis
1452 3075 1704 3132 attribuit
1731 3077 1912 3134 eccle-

277 3158 413 3221 siis,
477 3167 584 3214 tam
634 3161 921 3217 Remensis
984 3164 1277 3236 epiSCOpii,
1349 3184 1515 3240 quam
1566 3169 1906 3230 Suessonici,

278 3250 395 3305 sed
426 3261 483 3306 et
506 3252 786 3319 Turonici,
840 3256 1186 3329 aliorumque
1228 3260 1616 3331 quorumdam.
1668 3261 1910 3316 Familia

282 3355 412 3394 sua
450 3347 663 3411 partem
719 3342 1008 3427 maximam
1054 3345 1398 3419 ingenuitate
1443 3350 1687 3405 donavit.
1750 3350 1915 3420 Cujus

285 3430 807 3489 adhuctestamenti
840 3435 1042 3510 pagina
1074 3438 1129 3493 in
1161 3440 1393 3495 Archivo
1426 3442 1715 3497 Remensis
1738 3443 1917 3499 eccle-

282 3524 394 3579 sia
414 3535 747 3593 reservatur,
804 3545 930 3586 cum
977 3530 1303 3589 auctoritate
1360 3532 1697 3592 Childeberti
1732 3538 1917 3615 regis;

284 3630 407 3686 qua
435 3616 641 3685 petitus
669 3616 818 3673 idem
836 3637 933 3676 rex
962 3638 992 3676 a
1013 3622 1240 3693 prafato
1292 3624 1528 3695 prasule
1570 3642 1670 3695 per
1698 3628 1914 3684 Sonna-

286 3708 435 3762 tium
463 3708 759 3765 diaconum
782 3713 962 3768 virum
978 3716 1357 3770 venerabilem
1390 3717 1492 3772 hoc
1521 3726 1913 3777 testamentum

284 3798 625 3856 confirmare
665 3802 957 3860 decrevit:
990 3806 1221 3873 scilicet,
1273 3814 1332 3863 ut
1383 3818 1579 3876 terras,
1637 3812 1831 3869 vineas
1860 3822 1915 3869 et

286 3890 592 3961 mancipia,
624 3908 747 3963 qua
791 3894 860 3948 ad
889 3895 1180 3951 ecclesiam
1239 3898 1519 3969 pracipue
1552 3901 1914 3970 Remensem,

286 3980 384 4037 vel
417 3981 486 4034 ad
544 3991 743 4038 catera
792 3985 912 4040 loca
949 3994 1263 4042 sanctorum
1316 3989 1610 4059 praedictus
1662 3992 1913 4063 pontifex

285 4069 666 4140 delegaverat,
697 4073 743 4127 si
775 4075 901 4146 quis
941 4075 1259 4132 haredibus
1308 4077 1484 4150 ipsius
1516 4079 1716 4149 injuste
1752 4097 1917 4138 usur-

292 4177 432 4231 pare
466 4165 925 4235 prasumpsisset,
950 4166 1287 4223 omnimodis
1307 4184 1372 4224 ea
1394 4170 1701 4242 recipiendi
1733 4188 1921 4228 sacer-

292 4253 463 4308 dotes
482 4258 805 4312 eorumdem
852 4258 1098 4314 locorum
1149 4260 1377 4317 liberam
1432 4264 1681 4319 valerent
1712 4258 2002 4327 habereD

296 4352 653 4415 potestatem.
708 4349 979 4414 Quasdam
1033 4368 1254 4425 quoque
1310 4354 1468 4410 villas
1526 4356 1582 4410 in
1637 4357 1918 4413 territorio

294 4433 528 4489 Metensi
563 4437 910 4508 constitutas,
940 4457 1170 4513 quarum
1220 4452 1384 4513 caput
1414 4452 1497 4499 est
1546 4446 1822 4503 Ortivallis
1857 4448 1913 4519 [ἱ.

291 4525 602 4599 Orcivallis]
638 4546 774 4601 quas
786 4532 1024 4589 domnus
1053 4534 1282 4609 Egidius
1309 4536 1650 4594 aVincentio
1674 4539 1916 4611 quodam

294 4615 537 4670 traditur
587 4619 876 4686 coemisse,
928 4637 1053 4676 cum
1108 4623 1461 4682 Childeberto
1504 4642 1635 4702 rege
1665 4643 1919 4683 commu-

294 4707 455 4772 tavit,
490 4725 592 4779 pro
614 4710 739 4766 aliis
766 4712 912 4768 villis
967 4714 1024 4768 in
1071 4731 1212 4789 pago
1253 4716 1509 4773 Remensi
1561 4719 1703 4786 sitis,
1758 4720 1814 4774 id
1836 4729 1921 4775 est

294 4793 617 4851 Marciliana
674 4807 729 4853 et
784 4801 1105 4876 Arbidogilo
1159 4803 1242 4875 [f.,
1272 4807 1530 4875 Margilly
1561 4812 1611 4861 et
1639 4808 1915 4879 Ardeuil].

298 4883 412 4939 Res
443 4900 687 4957 quoque,
717 4890 803 4944 vel
832 4892 1131 4964 mancipia,
1173 4895 1229 4949 in
1262 4897 1586 4967 pontiﬁcatu
1617 4898 1824 4971 positas
1852 4898 1922 4953 ad

296 4986 662 5052 augmentum
718 4984 970 5041 ecclesia
1019 4986 1300 5043 invenitur
1347 4990 1571 5047 emisse.
1615 4990 1923 5047 Oratorium

299 5066 553 5139 denique
582 5069 685 5124 sub
742 5073 953 5129 honore
1021 5075 1169 5131 beati
1224 5077 1477 5134 Germani
1533 5081 1841 5137 construxit
1866 5080 1922 5136 in

298 5155 448 5210 atrio
466 5158 643 5213 sancti
675 5160 933 5237 Remigii.
964 5163 1233 5229 Quasdam
1267 5182 1490 5241 quoque
1515 5184 1604 5224 res
1634 5186 1663 5225 a
1692 5172 1925 5243 quibus-

299 5248 431 5303 dam
487 5267 766 5322 pervasas,
833 5258 981 5328 apud
1042 5259 1249 5333 regiam
1310 5263 1677 5332 majestatem,
1718 5278 1916 5340 agente

297 5339 535 5409 praefato
559 5342 822 5400 Sonnatio
859 5347 1272 5417 archidiacono,
1314 5351 1661 5411 evindicasse
1691 5339 1912 5426 reperi-

292 5437 408 5495 tur,
441 5430 610 5504 regia
647 5434 996 5491 auctoritatis
1042 5453 1210 5509 super
1240 5440 1327 5496 his
1377 5441 1915 5513 evindicationibus,

289 5519 481 5575 adhuc
501 5522 862 5579 manentibus
891 5523 1291 5585 instrumentis.

2016 2964 2301 3035 preprium
2322 2973 2679 3037 usurpentur,
2710 2969 3033 3024 etecclesia
3066 2967 3492 3026 defraudentur.

2083 3053 2137 3106 2.
2163 3053 2237 3108 De
2275 3054 2514 3123 clericis,
2536 3055 2582 3110 si
2614 3056 2709 3127 qui
2752 3057 3075 3113 rebellionis
3099 3075 3235 3114 ausu
3268 3061 3630 3116 sacramentis

2013 3152 2095 3207 se,
2119 3149 2213 3196 aut
2241 3143 2528 3214 scriptura
2558 3145 2943 3214 conjuratione
2972 3148 3422 3217 constrinxerint,
3464 3158 3639 3222 atque

2013 3231 2245 3286 insidias
2274 3233 2536 3304 episc0po
2554 3250 2656 3289 suo
2687 3235 2885 3290 callida
2902 3237 3236 3311 allegatione
3272 3239 3639 3308 confecerint,

2015 3328 2076 3377 ut
2102 3323 2150 3377 si
2179 3323 2445 3379 admoniti
2472 3326 2771 3381 emendare
2802 3332 3258 3401 contempserint,
3293 3334 3465 3405 gradu
3494 3350 3631 3405 pro-

2017 3416 2137 3485 prio
2169 3416 2403 3472 omnino
2449 3418 2752 3488 priventur.

2092 3503 2240 3567 3.\Ut
2269 3506 2512 3577 capitula
2569 3523 2843 3563 canonum
2903 3510 3125 3565 Parisiis
3153 3520 3273 3567 acta
3306 3512 3361 3566 in
3384 3513 3634 3588 generali

2018 3592 2253 3662 synodo,
2288 3594 2342 3648 in
2374 3594 2602 3650 basilica
2630 3599 2803 3651 sancti
2853 3599 3016 3665 Petri,
3045 3597 3284 3655 Lotharii
3339 3602 3488 3676 regis
3518 3610 3639 3656 stu-

2019 3680 2113 3736 dio
2145 3693 2499 3758 congregata,
2528 3686 2679 3739 omni
2709 3685 2964 3743 ﬁrmitate
2994 3690 3400 3745 custodiantur.

2090 3774 2143 3827 4.
2175 3774 2243 3828 Ut
2266 3775 2311 3828 si
2344 3776 2437 3846 qui
2470 3776 2708 3831 haretici
2764 3779 2947 3835 adhuc
2991 3797 3113 3835 esse
3159 3782 3515 3852 suspicantur
3547 3800 3561 3846 ;
3589 3782 3643 3836 in

2022 3861 2232 3927 Galliis,
2265 3879 2295 3916 a
2327 3865 2643 3933 pastoribus
2664 3865 3023 3921 ecclesiarum
3057 3870 3449 3941 perquirantur
3472 3887 3487 3935 ;
3513 3879 3569 3924 et
3599 3871 3645 3924 si

2019 3950 2291 4004 veraciter
2321 3949 2527 4006 fuerint
2558 3952 2789 4020 inventi,
2822 3955 2891 4009 ad
2923 3954 3087 4009 ﬁdem
3119 3957 3444 4012 catholicam
3483 3972 3644 4013 revo-

2020 4028 2244 4076 centur.

2088 4112 2142 4168 5.
2178 4113 2243 4168 Ut
2271 4121 2481 4170 temere
2531 4116 2717 4171 nullus
2776 4119 3287 4175 excommunicctur
3318 4138 3334 4186 ;
3368 4126 3423 4176 ct
3461 4121 3508 4175 si
3541 4137 3641 4177 ex-

2024 4205 2460 4263 communicatus
2492 4209 2767 4265 existimat
2825 4227 2885 4266 se
2931 4212 3134 4282 injuste
3202 4214 3541 4283 damnatum,
3587 4213 3641 4269 in

2027 4300 2275 4369 proxima
2304 4300 2517 4371 synodo
2570 4302 2770 4358 habeat
2798 4304 3077 4361 licentiam
3110 4306 3444 4362 reclamandi
3477 4316 3568 4362 :et
3598 4310 3644 4364 si

2020 4388 2223 4458 injuste
2251 4390 2541 4446 damnatus
2563 4391 2747 4459 fuerit,
2762 4393 3116 4460 absolvatur;
3150 4395 3237 4450 sin
3270 4397 3638 4467 autemjuste,

2020 4478 2338 4549 impositum
2365 4480 2712 4551 paenitentia
2744 4488 2963 4555 tempus
2993 4485 3259 4540 exsolvat.

2090 4570 2141 4625 6.
2170 4571 2234 4625 Ut
2262 4570 2309 4625 si
2366 4571 2492 4643 quis
2540 4572 2714 4640 judex
2754 4575 3052 4645 cujuslibet
3108 4578 3321 4633 ordinis
3369 4580 3636 4637 clericum

2019 4662 2260 4733 publicis
2280 4663 2594 4720 actionibus
2643 4666 2909 4722 inclinare
2949 4672 3384 4740 prasumpserit,
3415 4680 3510 4729 aut
3541 4689 3640 4744 pro

2020 4750 2365 4822 quibuslibet
2384 4754 2589 4820 causis,
2622 4755 2836 4828 absque
2889 4760 3231 4814 conscientia
3278 4768 3333 4815 et
3364 4763 3636 4832 permissu

2022 4840 2272 4911 episcopi
2302 4841 2659 4918 distringere,
2713 4852 2808 4900 aut
2867 4848 3240 4916 contumeliis,
3268 4849 3352 4904 vel
3412 4850 3635 4919 injuriis

2024 4927 2248 4984 afficere
2275 4932 2711 5003 prasumpserit,
2768 4936 3161 4992 communione
3213 4938 3479 5009 privetur.
3516 4939 3645 5010 Epi-

2026 5037 2228 5093 scopus
2254 5029 2435 5079 tamen
2481 5025 2551 5080 de
2576 5028 2846 5097 reputatis
2870 5029 3289 5087 conditionibus
3314 5032 3638 5088 clericorum

2026 5113 2391 5187 negligentias
2421 5118 2721 5173 emendare
2752 5135 2863 5175 non
2888 5121 3085 5177 tardet.

2095 5207 2147 5260 7.
2189 5206 2249 5261 Hi
2292 5223 2444 5274 vero,
2491 5225 2629 5281 quos
2683 5211 2940 5282 publicus
2994 5230 3192 5270 census
3239 5222 3478 5285 spectat,
3513 5215 3635 5271 sine

2019 5293 2290 5364 permissu
2322 5296 2611 5369 principis,
2644 5299 2975 5370 veljudicis,
3008 5318 3069 5357 se
3096 5303 3165 5358 ad
3196 5302 3527 5377 religionem
3552 5319 3638 5359 so-

2018 5382 2167 5438 ciare
2196 5398 2308 5440 non
2340 5385 2608 5442 audeant.

2090 5471 2143 5528 8.
2200 5473 2254 5527 Si
2295 5475 2420 5546 quis
2472 5474 2764 5550 fugitivum
2794 5478 2865 5534 ab
2920 5480 3151 5537 ecclesia
3203 5482 3415 5552 absque
3447 5493 3634 5534 sacra-

2022 5571 2232 5632 mento,
2258 5582 2367 5638 quo
2388 5568 2440 5623 ei
2462 5567 2763 5638 jurandum
2792 5581 2898 5639 est,
2924 5581 2985 5629 ut
3006 5572 3077 5627 de
3107 5573 3218 5628 vita
3248 5573 3339 5642 [c.,
3372 5569 3637 5647 devitato]
