4040 6176
391 238 497 295 103

1503 225 1873 283 FLODOARDI
1915 225 2223 283 CANONICI
2266 226 2594 283 REMENSIS

3626 230 3738 287 104

391 367 686 425 tormento,
705 369 759 414 ct
780 356 1128 413 truncatione
1178 369 1410 409 securus
1430 360 1611 420 exeat,
1635 352 2012 425 qualicunque
2035 355 2090 422 Α
2113 364 2209 411 tus
2224 352 2589 410 inveniuntur
2625 350 2847 416 imitari,
2897 353 2981 408 vel
3014 368 3136 409 cum
3195 355 3425 429 paganis
3454 354 3736 426 supersti-

385 451 676 507 occasione
705 444 1053 511 abstraxerit,
1087 442 1481 500 communione
1515 443 1787 514 privetur.

459 543 494 599 9
544 540 806 597 Similiter
833 538 879 594 si
909 538 1035 611 quis
1058 539 1151 609 jus
1183 535 1512 593 sacramenti
1545 534 1853 607 prastitum
1885 532 2007 589 vio-

390 634 603 701 laverit,
632 631 1023 689 communione
1055 630 1321 701 privetur.
1370 628 1462 683 llle
1496 643 1627 683 vero
1674 626 1769 699 qui
1801 632 2006 681 sancta

390 724 644 779 Ecclesia
666 719 943 777 beneﬁcio
975 719 1285 787 liberatura
1307 724 1507 783 morte,
1529 731 1641 771 non
1665 715 1824 787 prius
1844 730 2008 788 egre-

388 813 580 867 diendi
611 812 845 883 accipiat
872 790 1203 871 libertatem,
1238 824 1403 880 quam
1425 806 1807 879 panitentiam
1830 821 1889 859 se
1906 820 2006 876 pro

384 906 595 963 scelere
628 913 875 961 acturum
916 917 1041 958 esse
1072 901 1378 974 promittat,
1427 908 1482 957 et
1527 899 1676 974 quod
1698 898 1803 970 ipsi
1836 913 2007 954 cano-

388 996 511 1051 nice
544 996 862 1066 imponetur
893 992 1273 1062 impleturum.

457 1083 545 1141 10.
605 1084 678 1137 De
739 1080 965 1137 incestis
1021 1078 1528 1149 conjunctionibus,
1578 1077 1625 1131 si
1679 1078 1805 1149 quis
1862 1075 2006 1131 infra

389 1175 771 1247 prascriptum
829 1172 1139 1228 canonibus
1185 1171 1415 1246 gradum
1457 1170 1776 1225 incestuoso
1808 1169 2005 1224 ordine

388 1285 512 1324 cum
544 1268 631 1322 his
679 1266 953 1338 personis,
1005 1265 1211 1337 quibus
1265 1280 1296 1319 a
1348 1263 1552 1319 divinis
1584 1262 1788 1338 regulis
1814 1259 2004 1332 prohi-

388 1361 571 1426 betur,
604 1375 662 1414 se
694 1358 1062 1427 conjunxerit,
1120 1357 1226 1411 nisi
1267 1355 1650 1427 paenitentiam
1684 1359 2003 1425 sequestra-

387 1450 539 1506 tione
569 1456 859 1513 testentur,
893 1446 1283 1502 communione
1315 1445 1626 1516 priventur,
1652 1450 1708 1499 et
1738 1457 1919 1513 neque
1948 1440 2006 1495 in

387 1539 589 1610 palatio
611 1536 883 1604 militiam,
919 1552 1100 1607 neque
1142 1534 1482 1608 agendarum
1513 1550 1802 1590 causarum
1830 1532 2006 1587 licen-

385 1630 518 1685 tiam
564 1629 821 1685 habeant.
882 1628 946 1683 Et
1000 1627 1223 1700 quando
1283 1626 1533 1698 pradicti
1592 1625 1889 1681 incestuosi
1948 1641 2006 1679 se

386 1722 794 1792 conjunxerint,
828 1721 1079 1792 episcOpi
1136 1737 1235 1776 seu
1282 1718 1609 1791 presbyteri,
1681 1719 1738 1773 in
1770 1733 2005 1790 quorum

387 1815 614 1871 diacesi
646 1816 733 1869 vel
778 1830 919 1887 pago
968 1823 1150 1869 actum
1194 1812 1381 1879 fuerit,
1442 1812 1557 1885 regi
1614 1810 1702 1866 vel
1725 1810 2011 1879 judicibus

387 1906 567 1959 scelus
594 1909 973 1974 perpetratum
1001 1902 1351 1963 annuntient,
1384 1909 1445 1956 ut
1477 1916 1602 1955 cum
1636 1898 1771 1970 ipsls
1792 1899 2012 1953 denun-

390 1993 580 2048 tiatum
614 1991 803 2057 fuerit,
832 2008 891 2046 se
920 1991 989 2046 ab
1021 2007 1212 2047 eorum
1234 1990 1630 2046 communione
1658 1996 1754 2043 aut
1773 1987 2009 2043 cohabi-

390 2083 597 2138 tatione
629 2088 1000 2153 sequestrent,
1050 2088 1105 2135 et
1159 2095 1247 2135 res
1276 2094 1469 2134 eorum
1508 2077 1577 2132 ad
1619 2077 1876 2149 pr0prios
1908 2093 2003 2147 pa-

390 2178 575 2225 rentes
602 2171 950 2241 perveniant,
1009 2168 1112 2224 sub
1137 2184 1202 2223 ea
1242 2166 1584 2233 conditione,
1616 2173 1675 2220 ut
1705 2176 2003 2238 antequam

386 2270 827 2335 sequestrentur,
875 2278 974 2333 per
1036 2261 1245 2316 nullum
1297 2260 1605 2332 ingenium,
1668 2275 1851 2331 neque
1908 2275 2008 2330 per

390 2363 666 2426 parentes,
697 2369 877 2425 neque
912 2368 1009 2424 per
1033 2352 1395 2423 emptionem,
1428 2367 1612 2423 neque
1636 2367 1735 2423 per
1762 2351 2004 2406 auctori-

388 2455 553 2502 tatem
585 2446 814 2521 regiam,
848 2445 916 2500 ad
949 2445 1203 2517 pr0prias
1230 2443 1557 2515 perveniant
1577 2442 2007 2509 facultates,nisi

388 2535 597 2606 prafati
654 2535 883 2591 sceleris
951 2534 1301 2605 separatione
1339 2532 1727 2603 panitentiam
1792 2531 2009 2587 fatean-

389 2638 496 2683 llll‘.

461 2720 549 2773 11.
570 2719 624 2773 Si
647 2719 771 2790 quis
792 2717 1152 2773 homicidium
1180 2724 1381 2788 sponte
1411 2714 1773 2782 commiserit,
1807 2724 1861 2770 et
1892 2731 2002 2771 non

390 2808 671 2867 violentia
723 2808 1005 2873 resistens,
1064 2809 1162 2863 sed
1200 2808 1312 2862 vim
1366 2807 1575 2863 faciens
1632 2808 1840 2878 impetu
1902 2808 2006 2864 hoc

391 2898 601 2962 fecerit,
632 2914 757 2952 cum
790 2897 895 2952 isto
923 2898 1149 2968 penitus
1185 2912 1293 2952 non
1326 2896 1849 2951 communicandum
1886 2896 2004 2951 :sie

2040 1673 2087 1740 Β

2113 445 2286 500 tiosos
2312 442 2613 499 comedunt
2630 443 2807 507 cibos,
2842 458 2980 515 quos
3027 442 3272 517 benigna
3300 442 3509 515 placuit
3534 442 3735 497 admo-

2111 534 2325 589 nitione
2344 532 2586 595 suaderi,
2615 541 2673 589 ut
2698 532 2766 588 ab
2791 532 3073 588 erroribus
3096 532 3347 604 pristinis
3373 537 3731 588 revocentur.

2112 626 2267 692 Quod
2296 626 2342 680 si
2374 625 2739 701 neglexerint,
2772 630 2827 679 et
2858 621 3165 678 idololatris
3193 624 3279 679 vel
3311 624 3739 679 immolantibus

2109 736 2171 774 se
2232 718 2571 785 miscuerint,
2612 716 2953 790 poenitentia
3011 718 3242 791 dignum
3293 727 3514 790 tempus
3544 716 3734 771 exsol-

2110 819 2265 869 vant.

2181 905 2269 960 17.
2304 906 2436 961 Item
2459 911 2519 960 ut
2550 905 2781 960 serviles
2808 921 3062 977 persona
3085 904 3153 959 ad
3177 904 3586 960 accusationem
3620 917 3735 957 non

2109 994 2472 1049 admittantur
2499 1013 2515 1047 :
2549 1000 2603 1049 et
2634 993 2729 1065 qui
2761 1010 3054 1064 personam
3084 993 3433 1064 susceperint
3464 1007 3741 1047 accusan-

2109 1083 2200 1151 tis,
2234 1100 2357 1139 cum
2392 1098 2564 1137 unum
2596 1082 2806 1138 crimen
2840 1098 2949 1137 non
2982 1082 3360 1153 probaverint,
3390 1082 3459 1137 ad
3492 1082 3602 1137 alia
3629 1097 3736 1135 ac-

2107 1176 2414 1231 cusandum
2457 1190 2567 1230 non
2599 1175 2942 1231 admittatur.

2178 1265 2265 1321 18.
2300 1266 2437 1320 Item
2467 1264 2511 1318 si
2537 1264 2732 1336 quisin
2766 1264 3205 1338 quolibetgradu
3230 1264 3313 1319 vel
3341 1264 3565 1339 cingulo
3593 1280 3740 1320 con—

2107 1357 2351 1425 stitutus,
2386 1363 2481 1410 aut
2506 1361 2776 1426 potestate
2806 1355 3083 1421 suffultus,
3102 1356 3409 1412 decedente
3439 1356 3739 1427 episc0po,

2111 1463 2200 1501 res
2224 1445 2521 1514 cujuslibet
2549 1446 2888 1503 conditionis
2949 1447 3006 1501 in
3062 1447 3257 1503 domos
3308 1448 3396 1502 vel
3437 1464 3600 1519 agros
3630 1463 3737 1501 ec-

2111 1535 2292 1591 clesia
2338 1535 2570 1606 positas,
2629 1544 2759 1591 ante
2811 1536 3212 1592 reserationem
3270 1536 3612 1598 testamenti,
3648 1537 3741 1590 vel

2111 1626 2452 1681 audientiam
2481 1641 2650 1681 ausus
2680 1625 2845 1681 fuerit
2896 1642 3191 1697 occupare,
3226 1627 3311 1682 vel
3364 1627 3618 1682 ecclesia
3648 1642 3742 1679 re-

2113 1718 2313 1792 pagula
2357 1716 2669 1794 effringere,
2722 1728 2778 1773 et
2845 1719 3250 1789 supellectilem
3302 1717 3445 1772 infra
3501 1718 3740 1773 domum

2113 1806 2362 1861 ecclesia
2394 1806 2628 1877 positam
2656 1807 3001 1883 contingere,
3063 1808 3149 1862 vel
3196 1806 3427 1862 scrutari
3461 1822 3746 1878 prasum-

2110 1902 2303 1971 pserit,
2338 1902 2772 1958 acommunione
2813 1900 3251 1957 Christianorum
3316 1901 3540 1973 penitus
3570 1899 3742 1955 abdi-

2111 2000 2287 2046 CGIIII‘.

2181 2086 2268 2140 19.
2300 2086 2457 2152 Item,
2490 2084 2535 2139 si
2566 2085 2693 2156 quis
2738 2084 3041 2156 ingenuum
3097 2089 3191 2138 aut
3221 2082 3482 2137 libertum
3515 2082 3584 2136 ad
3607 2099 3741 2137 ser-

2105 2174 2299 2230 vitium
2333 2174 2599 2228 inclinarc
2628 2172 2885 2238 voluerit,
2935 2180 3031 2227 aut
3080 2171 3309 2227 fortasse
3348 2172 3461 2241 jam
3494 2170 3646 2235 fecit,
3679 2181 3740 2226 et

2107 2266 2475 2321 commonitus
2504 2264 2573 2319 ab
2599 2265 2861 2336 episcOpo
2891 2280 2951 2319 se
2982 2264 3051 2319 de
3070 2263 3457 2336 inquietudine
3484 2262 3608 2331 ejus
3642 2280 3739 2317 re-

2111 2372 2306 2411 vocare
2336 2355 2665 2430 neglexerit,
2708 2364 2801 2410 aut
2845 2354 3145 2410 emendare
3167 2352 3429 2417 noluerit,
3464 2358 3737 2425 tanquam

2111 2445 2401 2500 calumnia
2432 2460 2585 2499 reum
2616 2444 2823 2517 placuit
2850 2442 3208 2517 sequestrari.

2179 2537 2267 2593 20.
2304 2538 2437 2592 Item
2488 2544 2548 2591 ut
2578 2536 2766 2592 clerici
2796 2536 3095 2606 cujuslibet
3142 2534 3376 2601 ordinis,
3411 2550 3594 2605 neque
3627 2549 3738 2605 pro

2108 2626 2371 2698 prapriis,
2404 2642 2585 2698 neque
2615 2641 2716 2697 pro
2743 2624 3137 2681 ecclesiasticis
3154 2624 3337 2681 causis
3376 2623 3539 2679 aliter
3567 2623 3732 2678 adire

2108 2715 2350 2770 debeant
2402 2713 2605 2783 forum,
2647 2730 2749 2770 nec
2798 2730 2993 2770 causas
3044 2714 3233 2769 dicere
3289 2713 3552 2778 audeant,
3616 2712 3730 2766 nisi

2108 2824 2245 2880 quas
2274 2823 2397 2863 cum
2453 2806 2725 2878 permissu
2782 2816 2837 2862 et
2891 2805 3127 2863 consilio
3166 2805 3415 2877 episcopi
3450 2821 3614 2881 agere
3646 2806 3739 2859 eis

2107 2897 2272 2952 fuerit
2300 2895 2530 2952 omnino
2552 2896 2904 2967 permissum.

388 2997 572 3043 tamen
605 2995 665 3042 ut
690 2987 736 3041 si
758 2986 1140 3057 paenitentiam
1172 2986 1368 3062 egerit,
1399 2985 1454 3039 in
1486 2986 1635 3040 exitu
1667 2985 1717 3040 ei
1750 3000 2000 3041 commu-
2038 3004 2087 3071 Ο
2176 2989 2265 3045 21.
2302 2991 2457 3056 Item,
2512 2997 2575 3043 ut
2603 2988 2660 3043 in
2708 2987 2986 3059 parochiis
3013 2987 3197 3042 nullus
3235 2985 3504 3042 laicorum
3537 2987 3734 3041 archi-

390 3076 575 3133 nionis
615 3076 876 3131 viaticum
904 3091 1016 3130 non
1047 3084 1303 3152 negetur.

459 3167 547 3221 I2.
586 3165 799 3232 Clerici,
858 3168 1025 3221 etiam
1054 3166 1139 3221 vel
1193 3165 1507 3232 saculares,
1566 3163 1660 3235 qui
1692 3162 2004 3220 oblationes

390 3267 703 3331 parentum,
731 3267 826 3313 aut
855 3258 1217 3325 donatas,aut
1256 3264 1584 3313 testamento
1616 3255 1837 3311 relictas
1861 3254 2001 3308 reti-

390 3363 523 3404 nere
554 3348 1009 3419 prasumpserint
1043 3348 1262 3418 [ConciL
1296 3349 1474 3402 Paris.
1506 3363 1584 3406 ιιι,
1618 3361 1667 3400 c.
1700 3344 1750 3416 1]
1780 3344 1999 3409 :autid,

348 3476 361 3485 ι
388 3439 537 3513 quod
560 3439 666 3511 ipsi
708 3440 1036 3495 donaverint
1058 3438 1311 3494 ecclesiis
1345 3444 1438 3492 aut
1464 3435 1840 3502 monasteriis,
1877 3449 2001 3489 cre-

389 3532 634 3587 diderint
664 3531 1048 3599 auferendum,
1075 3531 1216 3587 sicut
1246 3530 1633 3601 ante‘synodus
1662 3537 1852 3583 sancta
1868 3542 2003 3583 con—

388 3624 590 3693 stituit,
606 3625 755 3680 velut
774 3633 1064 3679 necatores
1075 3639 1403 3696 pauperum,
1422 3637 1713 3694 quousque
1744 3620 1998 3684 reddant,

387 3715 456 3771 ab
485 3716 736 3773 ecclesiis
765 3717 1145 3772 excludantur.

459 3808 543 3863 l3.
580 3809 644 3863 Ut
673 3807 970 3864 Christiani
1017 3807 1225 3863 Judais
1274 3807 1357 3861 vel
1389 3805 1694 3881 gentilibus
1725 3820 1834 3861 non
1865 3820 2001 3860 ven-

384 3897 588 3954 dantur
621 3916 633 3952 :
664 3907 717 3955 et
745 3899 791 3954 si
825 3899 950 3970 quis
971 3897 1379 3954 Chistianorum
1412 3897 1742 3952 necessitate
1766 3904 1999 3971 cogente

384 3988 660 4060 mancipia
707 4005 806 4043 sua
837 3988 1142 4044 Christiana
1190 3987 1424 4063 elegerit
1468 3987 1859 4055 venundanda,
1887 4002 1998 4043 non

384 4077 509 4131 aliis
537 4076 641 4130 nisi
672 4085 882 4131 tantum
933 4076 1258 4131 Christianis
1310 4077 1605 4147 expendat.
1648 4078 1778 4132 Nam
1810 4077 1857 4131 si
1893 4093 1995 4147 pa-

381 4164 541 4238 ganis
573 4172 668 4220 aut
694 4165 903 4220 Judais
930 4166 1267 4229 vendiderit,
1301 4166 1692 4222 communione
1724 4167 1994 4237 privetur,

386 4263 440 4310 et
470 4258 680 4326 emptio
705 4266 889 4312 careat
931 4255 1211 4312 ﬁrmitate.
1245 4257 1421 4312 Judai
1451 4272 1579 4313 vero
1607 4259 1651 4312 si
1686 4258 1998 4314 Christiana

2108 3078 2398 3150 presbyter
2433 3085 2810 3149 prapouatur,
2860 3078 2959 3133 sed
2990 3078 3087 3151 qui
3138 3077 3324 3133 senior
3355 3076 3411 3131 in
3433 3075 3568 3148 ipsis
3600 3073 3738 3132 esse

2104 3174 2272 3230 debet
2300 3173 2534 3230 clericus
2558 3173 2869 3230 ordinetur.

2173 3263 2264 3320 22.
2294 3264 2450 3329 ltem,
2496 3262 2789 3334 pontifices
2820 3262 3026 3334 quibus
3067 3261 3122 3315 in
3158 3276 3375 3315 summo
3411 3260 3736 3316 sacerdotio

2103 3351 2421 3407 constitutis
2448 3351 2517 3406 ab
2567 3352 2844 3407 extraneis
2899 3351 3165 3406 duntaxat
3212 3348 3446 3422 aliquid,
3478 3357 3737 3406 autcum

2104 3444 2357 3507 ecclesia,
2393 3452 2488 3498 aut
2539 3444 2949 3516 sequestratim,
3009 3451 3105 3499 aut
3152 3442 3468 3511 dimittitur,
3497 3450 3591 3498 aut
3620 3443 3739 3498 do-

2104 3543 2265 3591 natur
2314 3536 2466 3608 (quia
2515 3536 2606 3591 illc
2661 3537 2755 3608 qui
2811 3536 3001 3602 donat,
3054 3551 3153 3607 pro
3212 3536 3464 3591 remedio
3524 3536 3738 3591 anima

2102 3642 2237 3693 sua,
2262 3641 2371 3681 non
2400 3640 2500 3697 pro
2530 3626 2821 3682 commodo
2868 3623 3173 3681 sacerdotis
3200 3626 3470 3696 probatur
3508 3624 3737 3698 oﬂ‘erre)

2103 3732 2213 3773 non
2243 3718 2401 3790 quasi
2435 3734 2596 3773 suum
2625 3718 2933 3790 proprium,
2984 3718 3082 3773 sed
3113 3718 3271 3791 quasi
3305 3717 3596 3773 dimissum
3632 3735 3742 3774 cc-

2101 3808 2285 3865 clesia
2316 3810 2462 3866 inter
2510 3810 2797 3866 facultates
2844 3810 3096 3866 ecclesia
3150 3810 3571 3881 computabant,
3596 3810 3744 3882 quia

2095 3900 2306 3969 justum
2332 3912 2437 3969 est,
2463 3910 2522 3958 ut
2580 3904 2728 3958 sicut
2777 3903 3036 3957 sacerdos
3080 3902 3248 3957 habet
3298 3902 3446 3974 quod
3474 3902 3738 3958 ecclesia

2101 3993 2389 4051 dimissum
2423 4002 2526 4052 est.
2562 3995 2634 4051 ita
2656 4003 2711 4050 et
2750 3994 2985 4050 ecclesia
3014 3993 3215 4049 habeat
3249 3993 3399 4065 quod
3431 3994 3736 4065 reliquerit

2098 4087 2357 4142 sacerdos
2416 4085 2475 4157 [i,
2525 4085 2861 4156 relinquitur
2920 4084 3236 4155 sacerdoti].
3272 4083 3416 4138 Sane
3445 4083 3732 4156 quidquid

2099 4188 2198 4243 per
2253 4173 2384 4228 ﬁdei
2442 4174 2798 4229 commissum
2844 4181 2939 4229 aut
2995 4174 3300 4230 sacerdotis
3348 4175 3555 4231 nomini
3630 4188 3739 4233 aut

2098 4264 2347 4319 ecclesia
2386 4264 2621 4321 fortasse
2678 4264 2995 4334 dimittitur,
3064 4266 3381 4338 cuicunque
3412 4266 3534 4321 aliis
3563 4276 3737 4338 post-

382 4347 663 4418 mancipia
685 4349 750 4403 ad
770 4347 1116 4404 Judaismum
1163 4365 1359 4405 vocare
1383 4351 1860 4420 prasumpserint,
1900 4357 1995 4405 aut
2019 4375 2075 4443 D
2100 4357 2327 4412 modum
2353 4356 2720 4428 profuturum,
2771 4357 2825 4411 id
2866 4357 3012 4413 inter
3072 4356 3362 4414 facultates
3391 4375 3516 4413 suas
3537 4359 3737 4415 cccle-

380 4438 645 4513 gravibus
674 4440 964 4495 tormentis
1010 4440 1326 4509 afflixerint,
1388 4441 1509 4512 ipsa
1568 4442 1844 4513 mancipia
1875 4440 1993 4497 ﬁsci

382 4529 691 4586 ditionibus
732 4537 1080 4588 revocentur.
1141 4532 1241 4597 Qui
1287 4540 1471 4588 tamen
1506 4533 1694 4591 Judai
1727 4536 1797 4590 ad
1819 4535 2001 4591 nullas

381 4618 632 4675 actiones
659 4618 915 4691 publicas
943 4622 1325 4678 admittantur.
1357 4622 1675 4679 Judaorum
1708 4640 1839 4682 vero
1864 4640 2001 4681 con-

380 4712 521 4767 vicia
551 4712 609 4767 in
638 4714 975 4770 Christianos
994 4715 1216 4786 penitus
1242 4715 1529 4772 refutanda
1559 4725 1706 4772 sunt.

454 4801 517 4856 14
596 4802 729 4858 Item
783 4803 828 4858 si
878 4804 1115 4861 clericus
1168 4804 1528 4877 proﬁciscens
1566 4806 1635 4861 de
1673 4806 1897 4863 civitate
1925 4806 1994 4862 ad

377 4888 512 4946 alias
533 4892 785 4949 civitates
809 4894 1065 4962 voluerit,
1107 4902 1202 4951 aut
1229 4895 1541 4966 provincias
1569 4912 1822 4968 pergere,
1856 4912 1996 4967 pon-

377 4982 540 5039 tiﬁcis
558 4986 644 5041 sui
675 4987 927 5057 epistolis
963 4988 1400 5044 commendetur.
1436 4989 1591 5054 Quod
1615 4990 1660 5045 si
1694 4990 1817 5046 sine
1860 4991 1990 5061 epi-

374 5074 533 5131 stolis
574 5076 854 5148 profectus
892 5077 1056 5135 fuerit
1095 5079 1422 5150 manifestis,
1461 5081 1613 5138 nullo
1656 5082 1821 5139 modo
1852 5083 1990 5139 reci-

378 5166 579 5238 piatur.

446 5257 533 5312 15.
559 5258 696 5314 Item
713 5267 773 5315 ut
798 5260 1098 5333 episcopus
1118 5263 1396 5335 mancipia
1412 5263 1498 5320 vel
1514 5279 1602 5319 res
1621 5264 1691 5320 ad
1705 5264 1799 5334 jus
1815 5264 1991 5320 eccle-

371 5346 469 5403 sia
507 5349 853 5419 pertinentes
883 5355 1338 5423 nequevendere,
1368 5370 1549 5427 neque
1581 5372 1683 5427 per
1712 5372 1988 5429 quoscun-

371 5454 481 5511 que
510 5447 844 5510 contractus,
873 5444 1023 5501 unde
1053 5461 1330 5517 pauperes
1359 5447 1574 5515 vivunt,
1607 5455 1731 5519 post
1753 5456 1985 5505 mortem

372 5527 618 5587 alienare
640 5542 960 5604 prasumat.

442 5622 530 5677 I6.
563 5624 698 5680 Item
724 5625 793 5680 de
842 5625 930 5681 his
987 5625 1081 5697 qui
1108 5628 1361 5700 auguria,
1404 5628 1489 5683 vel
1536 5644 1875 5703 paganorum
1907 5631 1984 5687 ri-

2101 4448 2183 4503 sia
2210 4457 2588 4521 computatum
2619 4450 2858 4506 retinere
2890 4466 3001 4507 non
3042 4451 3265 4522 poterit.

2170 4542 2259 4599 23.
2297 4543 2454 4611 Item,
2496 4542 2541 4598 si
2573 4543 2698 4615 quis
2727 4542 3026 4615 episc0pus
3085 4559 3197 4610 res,
3247 4559 3371 4616 qua
3399 4542 3467 4598 ab
3489 4543 3599 4598 alia
3629 4560 3740 4599 ec-

2101 4634 2268 4691 clesia
2296 4636 2697 4706 prasentaliter
2739 4635 2800 4707 [e.
2861 4636 3309 4708 prasentialiter]
3345 4636 3736 4708 possidentur,

2097 4743 2433 4802 quocunque
2463 4730 2690 4805 ingenio
2713 4736 2807 4785 aut
2828 4730 3028 4794 callida
3050 4729 3360 4801 cupiditate
3391 4732 3733 4802 pervaserit,

2096 4819 2333 4874 autsine
2381 4819 2667 4874 audientia
2720 4818 3134 4890 prasumpserit
3186 4835 3476 4891 usurpare,
3514 4835 3578 4874 ac
3606 4820 3739 4877 suis

2095 4907 2181 4961 vel
2209 4906 2458 4965 ecclesia
2486 4924 2599 4963 sua
2627 4907 2942 4964 ditionibus
2992 4922 3277 4973 revocare,
3310 4909 3442 4964 dum
3472 4924 3739 4965 commu-

2093 4999 2261 5057 nione
2290 5000 2493 5073 privari
2526 5017 2638 5058 non
2677 5008 2877 5073 potest,
2910 5008 2969 5057 ut
3008 5009 3235 5057 necator
3284 5018 3617 5074 pauperum,
3653 5004 3733 5059 ab

2093 5088 2282 5146 ofﬁcio
2314 5089 2647 5161 deponatur.

2161 5182 2250 5238 24.
2298 5183 2455 5250 Item,
2485 5183 2531 5238 si
2563 5182 2690 5255 quis
2734 5181 3034 5255 episcopus
3062 5183 3336 5256 (excepto,
3385 5184 3431 5239 si
3460 5188 3729 5244 evenerit

2091 5271 2263 5327 ardua
2293 5273 2614 5337 necessitas,
2668 5287 2766 5343 pro
2798 5272 3185 5345 redemptione
3216 5273 3579 5345 captivorum)
3614 5278 3736 5331 mi-

2090 5362 2321 5419 nisteria
2350 5371 2539 5421 sancta
2573 5363 2827 5441 frangere
2855 5381 2955 5437 pro
2973 5364 3369 5438 qualicumque
3391 5365 3735 5427 conditione

2089 5455 2523 5525 prasumpserit,
2554 5454 2623 5509 ab
2657 5452 2843 5510 ofﬁcio
2883 5453 3123 5510 cessabit
3150 5453 3427 5510 ecclesia.

2155 5540 2247 5596 25.
2282 5541 2440 5609 Item,
2472 5541 2692 5609 viduas,
2742 5557 2865 5614 qua
2892 5558 2951 5598 se
3001 5542 3239 5599 Domino
3271 5541 3585 5598 consecrari
3619 5556 3737 5614 pe-

2090 5632 2315 5699 tierunt,
2376 5632 2463 5688 vel
2527 5633 2743 5705 puellas
2785 5633 3024 5690 Domino
3072 5641 3439 5698 consecratas,
3504 5633 3730 5701 nullus,
