4038 6166
229 242 325 299 105

878 236 1201 292 HISTORUE
1240 236 1579 292 ECCLESIE
1620 234 1947 292 REMENSIS
1987 237 2162 293 LIBRI
2205 239 2527 304 QUATUOR.
2555 273 2624 280 —
2666 242 2789 296 LIB.
2832 244 2897 297 ll.

3441 249 3547 304 106

230 383 401 440 neque
431 382 530 439 per
553 366 933 421 auctoritatem
962 366 1191 439 regiam,
1235 382 1413 438 neque
1450 366 1825 438 qualicunque
1852 372 1897 438 Α
1928 367 2100 438 ipsam
2134 370 2587 440 pertinentibus;
2621 382 2908 448 argentum
2967 392 3189 448 quoque
3258 379 3324 434 ad
3358 382 3547 451 sepul-

229 467 491 534 potestate
535 456 813 524 suffultus,
866 465 962 513 aut
1023 458 1247 529 prOpria
1303 460 1610 514 temeritate
1633 474 1827 530 rapere

226 558 310 606 aut
360 549 573 605 trahere
609 548 831 603 audeat.
863 547 1017 612 Quod
1063 547 1109 601 si
1155 547 1377 618 utrique
1422 549 1825 614 consenserint,

227 638 608 695 communione
636 636 939 706 priventur.

285 727 374 782 26.
399 726 643 792 Iudices,
664 726 759 797 qui
782 741 951 797 super
988 725 1315 780 auctoritate
1347 731 1401 778 et
1427 724 1609 780 edicto
1641 723 1826 778 domi-

226 818 342 874 nico
369 833 645 873 canonum
675 825 876 872 statuta
890 823 1253 872 contemnunt
1275 833 1289 882 ;
1315 816 1399 869 vel
1429 815 1673 871 edictum
1694 816 1827 869 illud

226 907 559 964 dominicum
616 906 766 978 quod
820 906 1043 961 Parisiis
1100 905 1301 960 factum
1349 912 1449 970 est,
1502 904 1829 960 violaverint

224 1007 308 1054 aut
335 997 792 1070 contempserint,
822 998 1025 1069 placuit
1049 1012 1144 1051 eos
1167 994 1559 1052 communione
1600 995 1823 1066 privari.

282 1090 372 1146 27.
406 1092 643 1157 ltem,ut
660 1088 968 1145 decedente
995 1089 1257 1159 episcopo
1291 1088 1346 1141 in
1376 1088 1553 1143 locum
1583 1088 1703 1156 ejus
1716 1102 1826 1143 non

222 1181 357 1237 alius
404 1181 758 1254 subrogetur,
805 1179 913 1234 nisi
965 1180 1071 1235 loci
1124 1180 1272 1234 illius
1318 1179 1601 1253 indigena,
1661 1195 1826 1250 quem

222 1270 530 1325 universale
562 1276 616 1324 et
645 1269 814 1324 totius
856 1268 1046 1338 populi
1079 1267 1311 1340 elegerit
1340 1274 1552 1334 votum,
1582 1282 1645 1322 ac
1674 1282 1826 1322 com-

224 1360 635 1432 provincialium
672 1361 926 1415 voluntas
973 1359 1296 1415 assenserit.
1339 1360 1529 1425 Aliter,
1560 1359 1654 1430 qui
1684 1375 1827 1430 praa-

222 1452 531 1523 sumpserit,
575 1450 872 1521 abjiciatur
921 1468 953 1507 e
989 1452 1122 1507 sede
1178 1468 1341 1523 quam
1399 1451 1598 1505 invasit
1648 1450 1831 1521 potius

221 1560 378 1616 quam
395 1544 629 1616 accepit.
668 1543 1022 1598 Ordinatores
1066 1550 1246 1598 autem
1279 1543 1522 1599 triennio
1544 1542 1612 1597 ab
1645 1541 1830 1598 ofﬁcio

220 1634 710 1691 administrationis
739 1651 853 1690 suae
879 1635 1031 1689 sedis
1052 1650 1268 1690 cessare.
1301 1636 1669 1691 decernimus.

280 1727 567 1783 Praeterea
586 1743 673 1784 res
693 1726 1671 1798 ecclesiaeprwfatusprmsuldomnus
1696 1727 1829 1781 Son-

220 1817 398 1872 natius
446 1816 812 1889 probabiliter
862 1816 1147 1872 ordinasse
1175 1816 1394 1890 legitur,
1422 1832 1632 1890 augens
1661 1816 1826 1871 etiam

217 1907 581 1979 episcopium,
606 1909 766 1964 terris
780 1925 844 1964 ac
858 1908 1154 1978 mancipiis
1184 1907 1312 1964 dato
1336 1909 1512 1979 pretio
1534 1908 1824 1978 coemptis,

218 2013 447 2069 quarum
495 1997 677 2052 adhuc
753 1998 1096 2064 emptionum
1156 1997 1422 2052 nonnulla
1476 1996 1829 2069 reperiuntur

214 2088 572 2144 monimenta.
598 2088 868 2153 Quasdam
899 2105 1123 2161 quoque
1146 2104 1248 2155 res,
1271 2105 1408 2160 quas
1436 2089 1586 2159 pravi
1604 2088 1826 2160 quitiam

214 2185 590 2246 pervaserant,
649 2177 796 2248 apud
848 2178 1056 2252 regiam
1134 2177 1500 2246 majestatem,
1558 2186 1663 2233 tam
1724 2193 1823 2248 per

213 2265 454 2337 seipsum
484 2282 648 2337 quam
707 2266 871 2321 etiam
923 2282 1022 2337 per
1051 2282 1182 2322 suos
1213 2276 1445 2327 actores.
1483 2266 1658 2320 Marco
1691 2281 1819 2336 pre-

212 2355 433 2428 sbytero
465 2372 688 2429 quoque
718 2357 900 2429 legato
939 2374 1041 2414 suo
1081 2374 1273 2413 causas
1293 2366 1513 2431 agente.
1558 2357 1823 2427 repetitas

210 2455 257 2501 et
282 2447 547 2504 obtentas
596 2449 846 2505 ecclesiae
890 2449 991 2504 rite
1047 2449 1301 2504 restituit.
1361 2448 1615 2504 Colonias
1655 2449 1820 2503 etiam

207 2536 462 2591 villarum
492 2537 855 2608 quarumdam
903 2538 1175 2610 episcopii
1222 2538 1493 2609 depositis
1548 2536 1823 2594 ordinavit

209 2630 464 2686 servitiis.
520 2631 802 2702 Prmcepta
860 2647 1073 2687 necnon
1123 2632 1328 2707 regalia
1370 2647 1535 2702 super
1555 2631 1824 2686 ecclesia-

207 2719 471 2775 sticarum
529 2720 876 2775 immunitate
944 2735 1147 2787 rerum,
1204 2721 1301 2775 sed
1361 2728 1415 2776 ct
1465 2721 1822 2776 traditionum

210 2811 574 2883 quarumdam
629 2811 871 2867 obtinuit
895 2810 1174 2867 firmitate.
1202 2812 1308 2867 Sed
1341 2820 1396 2867 et
1426 2828 1515 2868 res
1545 2813 1824 2868 invenitur

207 2907 475 2978 quasdam
498 2924 625 2963 cum
672 2909 864 2984 regina
911 2909 1279 2967 Brunechilde
1309 2917 1698 2976 commutasse,
1725 2922 1821 2978 pro

208 2996 497 3070 utriusque
526 2999 702 3070 partis
720 3000 1148 3071 oppertunitate.

270 3086 689 3143 Testamentum
716 3103 940 3160 quoque
972 3103 1154 3142 rerum
1193 3103 1410 3142 suarum
1461 3085 1729 3150 condidit,
1762 3085 1820 3139 in

208 3191 308 3247 quo
327 3179 498 3248 plura
529 3178 765 3234 diversis
790 3178 1019 3234 donaria
1065 3177 1300 3232 contulit
1321 3176 1593 3233 ecclesiis.
1630 3175 1821 3231 Basili-

207 3282 318 3322 cam
351 3275 543 3322 tamen
558 3268 708 3323 beati
732 3268 965 3343 Remigii
990 3269 1268 3340 prmcipue
1290 3267 1396 3322 sibi
1430 3267 1703 3322 lunt-edem
1738 3268 1825 3321 in-

206 3356 404 3421 stituit,
452 3355 551 3411 ubi
597 3364 652 3411 et
688 3357 1028 3428 sepulturam
1088 3374 1148 3413 se
1205 3357 1521 3412 habiturum
1566 3356 1821 3430 delegit;

207 3443 398 3518 ibique
455 3446 773 3501 missorium
804 3456 1126 3520 argenteum
1157 3445 1478 3500 deauratum
1519 3443 1823 3516 deputavit.

208 3533 533 3590 Cochlearia
594 3551 817 3607 quoque
859 3536 1175 3604 duodecim,
1232 3545 1287 3591 et
1325 3536 1586 3591 salarium
1626 3550 1824 3609 argen-

208 3631 375 3693 teum,
427 3642 493 3682 ac
542 3627 853 3698 portionem
915 3644 1069 3684 suam
1115 3630 1185 3683 de
1214 3629 1390 3684 villari
1434 3629 1673 3701 quodam
1702 3644 1824 3683 cum

208 3720 525 3791 mancipiis,
556 3720 753 3789 vineis,
804 3722 995 3794 pratis,
1037 3723 1366 3796 caeterisque
1420 3723 1821 3794 adjacentibus,

205 3815 257 3864 et
283 3810 396 3865 alia
418 3811 711 3876 nonnulla,
743 3827 866 3883 quae
887 3827 946 3866 se
968 3811 1095 3868 dato
1127 3813 1308 3884 pretio
1332 3814 1583 3869 meminit
1605 3830 1827 3886 compa-

208 3914 374 3955 rasse.
408 3900 490 3953 Ad
536 3898 823 3954 basilicam
875 3909 1190 3955 sanctorum
1236 3902 1507 3959 Timothei
1536 3912 1590 3959 et
1621 3902 1829 3973 Apolli-

206 3988 352 4045 naris
374 3989 660 4063 delegavit
684 4005 842 4045 casas
856 3991 1122 4062 quasdam
1147 4000 1255 4047 tam
1278 3993 1436 4061 juxta
1456 3993 1628 4064 ipsam
1650 3993 1829 4049 eccle-

204 4080 365 4147 siam,
429 4095 598 4153 quam
652 4079 794 4135 infra
844 4080 1140 4136 civitatem.
1193 4082 1270 4136 Ad
1325 4080 1609 4137 basilicam
1652 4084 1827 4139 sancti

204 4171 430 4229 Martini
463 4188 633 4244 quem
662 4172 1007 4243 peculiarem
1036 4179 1330 4243 patronum
1354 4190 1516 4229 suum
1539 4175 1695 4243 dicit,
1726 4176 1830 4231 vil-

204 4262 307 4318 lam
348 4261 699 4327 Mutationis,
719 4278 884 4334 quam
921 4264 1260 4334 comparavit
1289 4264 1356 4319 ad
1390 4265 1687 4339 integrum.
1729 4266 1830 4321 sic-

1853 3042 1903 3110 Ο

1926 475 2084 515 crum
2116 460 2304 516 domui
2362 462 2645 517 Theodulfi
2704 464 3108 530 fabricandum,
3142 470 3226 523 \‘(l
3262 485 3541 525 exornan-

1896 547 2062 603 'dum
2110 549 2186 603 Ad
2219 548 2505 605 basilicam
2555 552 2731 606 sancti
2766 554 2869 607 Viti
2903 572 2999 610 vas
3023 557 3302 627 quoddam
3336 575 3541 633 argen-

1931 647 2077 695 teum
2104 640 2172 695 ad
2204 641 2433 696 calicem
2459 641 2793 710 faciendum,
2822 654 2875 699 et
2904 646 2959 699 in
2985 663 3118 704 auro
3136 650 3346 705 solidos
3377 652 3546 723 quin-

1931 732 2129 787 decim.
2190 733 2267 787 Ad
2318 733 2603 790 basilicam
2663 744 2979 792 sanctorum
3021 750 3323 813 martyrum
3359 742 3539 798 Ruﬁni

1932 828 1986 876 et
2017 820 2216 876 Valerii
2255 821 2312 876 in
2342 838 2476 879 auro
2505 823 2714 879 solidos
2742 825 3082 896 quindecim.
3137 829 3213 882 Ad
3259 829 3541 885 basilicam

1926 920 2242 965 sanctorum
2274 922 2572 983 martyrum
2593 912 2829 983 Crispini
2862 922 2917 969 et
2947 913 3278 986 Crispiniani
3310 919 3426 973 auri
3449 936 3544 975 so-

1930 1000 2074 1056 lidos
2112 1002 2451 1073 quindecim.
2503 1005 2579 1058 Ad
2622 1005 2961 1061 matriculam
3021 1018 3285 1079 praeterea
3343 1021 3544 1066 sanctte

1929 1094 2219 1149 Remensis
2248 1095 2496 1151 ecclesiae
2527 1100 2795 1154 nonnulla
2824 1100 3055 1156 contulit
3083 1100 3330 1157 donaria.

2002 1186 2224 1242 Czeteris
2253 1204 2475 1260 quoque
2532 1191 2855 1255 matriculis,
2906 1193 2993 1247 vel
3024 1194 3551 1266 congregationibus

1931 1277 2147 1333 diversa
2175 1278 2452 1352 delegavit
2472 1296 2720 1335 munera.
2741 1282 3082 1346 Quibusdam
3108 1283 3386 1347 haaredum
3410 1299 3551 1354 quo-

1931 1388 2037 1443 que
2064 1386 2286 1426 suorum
2316 1371 2569 1441 personis
2596 1372 2803 1444 praedia
2830 1373 3089 1446 quaedam
3114 1392 3181 1432 eo
3222 1384 3415 1432 tenore
3440 1377 3544 1430 de-

1932 1459 2176 1530 reliquit,
2206 1468 2266 1514 ut
2294 1460 2363 1514 ad
2419 1460 2539 1516 loca
2596 1470 2910 1519 sanctorum
2942 1480 2971 1518 a
3014 1480 3075 1519 se
3114 1465 3388 1521 destinata
3424 1472 3547 1536 post

1932 1567 2124 1607 eorum
2164 1559 2570 1609 reverterentur
2608 1554 2918 1610 decessum.
2975 1556 3250 1629 Mancipia
3279 1558 3548 1613 nonnulla

1932 1640 2183 1695 libertate
2214 1641 2458 1707 donavit,
2518 1642 2830 1715 additisque
2863 1643 3057 1699 ditavit
3107 1645 3355 1716 peculiis.
3392 1647 3547 1711 Quod

1931 1730 2033 1784 viri
2063 1730 2157 1784 Dei
2191 1738 2575 1786 testamentum
2625 1733 2828 1807 regalis
2858 1733 3120 1805 praecepti
3152 1735 3424 1806 reperitur
3449 1752 3548 1807 pa-

1932 1821 2064 1895 gina
2089 1822 2424 1878 roboratam.

2566 1893 2777 1950 CAPUT
2816 1895 2900 1950 VI.

1998 1984 2072 2036 De
2110 1981 2451 2051 Leudegiselo
2472 1986 2736 2055 episcopo,
2768 1986 3091 2054 Angelberto
3121 1991 3168 2042 et
3198 1987 3471 2043 Lundone.

2000 2092 2131 2147 Post
2186 2093 2331 2148 hunc
2398 2093 2619 2148 beatum
2663 2095 2842 2150 virum
2900 2095 3319 2170 Leudegiselus,
3372 2096 3546 2152 Attilae

1923 2183 2172 2254 episaopi
2198 2183 2387 2250 frater,
2421 2192 2669 2255 tempore
2701 2186 2999 2261 Dagoberti
3034 2187 3178 2264 regis
3201 2188 3545 2260 episcopium

1924 2272 2232 2344 rexitquod
2256 2274 2421 2328 etiam
2482 2273 2648 2329 rebus
2706 2275 2928 2346 emptis,
2962 2276 3175 2331 scilicet
3204 2277 3379 2341 silvis,
3414 2293 3543 2348 pra-

1926 2359 2014 2426 tis,
2044 2359 2264 2413 ruribus
2282 2359 2447 2415 auxit.
2500 2361 2753 2424 Qaaedam
2773 2379 2997 2435 quoque
3027 2380 3152 2419 cum
3184 2364 3398 2421 Albone
3422 2365 3543 2419 Tri-

1923 2451 2138 2506 cassino
2168 2450 2451 2523 episcopo,
2475 2468 2571 2522 pro
2594 2454 2885 2526 utriusque
2911 2455 3083 2526 partis
3103 2455 3542 2527 opportunitate,

1925 2540 2281 2594 commutavit
2302 2558 2317 2605 ;
2338 2540 2435 2594 sed
2468 2548 2523 2594 et
2568 2540 2676 2595 alia
2707 2543 2965 2613 qutedam
2993 2559 3117 2597 cum
3153 2542 3278 2597 aliis
3309 2543 3546 2614 quibus-

1925 2630 2048 2685 dam
2079 2631 2351 2702 personis.
2374 2631 2480 2686 Res
2502 2631 2666 2688 etiam
2694 2634 2959 2705 quasdam
2991 2633 3241 2689 ecclesiae
3273 2634 3546 2690 ordinatis

1926 2719 2203 2790 disposuit
2234 2721 2468 2775 colonis.

1998 2811 2150 2866 Hunc
2170 2812 2424 2884 sequitur
2444 2812 2829 2887 Angelbertus.
2854 2814 2973 2884 Ipse
2992 2829 3216 2886 quoque
3247 2814 3414 2868 rebus
3428 2829 3546 2867 em-

1924 2902 2031 2974 ptis
2042 2902 2262 2958 auxisse
2278 2904 2555 2975 reperitur
2566 2904 2931 2976 episcopium.
2955 2906 3050 2960 Cui
3068 2906 3340 2961 successit
3360 2905 3545 2960 Laudo

1922 2997 2006 3052 vir
2036 2995 2460 3064 illustrissimus,
2476 3004 2532 3052 et
2550 2997 2849 3053 multorum
2864 3013 3151 3069 possessor
3171 2998 3504 3069 przediorum
3530 3015 3542 3050 :

1924 3101 2160 3158 quorum
2188 3086 2458 3141 nonnulla
2469 3086 2652 3157 junxit
2678 3087 2948 3155 ecclesiae,
2979 3087 3231 3159 quaedam
3258 3103 3387 3141 vero
3418 3102 3547 3157 pro-

1924 3175 2151 3247 pinquis
2177 3175 2292 3230 suis
2314 3174 2618 3231 distribuit.
2642 3175 2748 3231 Sed
2800 3184 2855 3230 et
2875 3192 2940 3230 ea
2971 3192 3092 3247 quae
3126 3184 3279 3231 trans
3311 3174 3542 3249 Ligerim

1927 3268 2212 3323 Remensis
2226 3267 2493 3322 habuerat
2508 3267 2824 3333 ecclesia,et
2841 3268 2990 3322 Felix
3007 3267 3179 3322 abbas
3202 3269 3424 3340 quidam
3445 3284 3543 3322 cc-

1927 3359 2114 3415 clesiae
2164 3358 2339 3414 sancti
2389 3356 2593 3413 Juliani
2633 3352 2887 3428 martyris
2939 3356 3189 3411 indebite
3251 3357 3542 3417 retinebat,

1927 3448 2075 3520 apud
2106 3447 2447 3516 majestatem
2481 3445 2688 3521 regiam
2712 3444 2931 3518 legibus
2952 3444 3263 3500 evindicata
3293 3445 3543 3516 recepit;

1930 3555 2029 3612 pro
2047 3538 2251 3611 quibus
2279 3539 2398 3608 jam
2438 3544 2602 3592 antea
2625 3535 3002 3608 praedecessor
3034 3536 3153 3606 ejus
3180 3536 3548 3610 Angelbertus

1929 3629 2228 3700 episcopus
2258 3644 2382 3683 cum
2448 3626 2601 3681 Gallo
2658 3625 2992 3681 Arverncusi
3033 3626 3319 3697 episcopo,
3352 3640 3545 3681 coram

1929 3737 2058 3796 rege
2092 3719 2527 3777 controversiam
2559 3717 2822 3772 habuisse
2855 3717 3152 3789 reperitur.
3193 3718 3329 3772 Hinc
3363 3718 3547 3772 Laudo

1929 3812 2126 3884 praesul
2157 3811 2448 3867 ecclesiam
2466 3811 2795 3865 Remensem
2820 3826 2999 3863 rerum
3016 3825 3239 3863 suarum
3262 3824 3359 3879 per
3382 3816 3550 3863 testa-

1929 3907 2101 3961 menti
2117 3905 2375 3977 paginam
2398 3902 2503 3957 rite
2520 3901 2962 3966 fecithzeredem,
2986 3907 3040 3955 et
3065 3916 3413 3971 quaecunque
3426 3900 3548 3953 aliis

1929 3998 2084 4054 dedit
2115 3996 2389 4069 personis,
2421 3994 2506 4050 vel
2531 3992 2802 4051 ecclesiis,
2823 3992 3006 4047 cidem
3034 3990 3301 4055 ecclesiae,
3327 3991 3549 4046 velsuc—

1929 4091 2133 4147 cessori
2165 4104 2265 4144 suo
2297 4085 2589 4143 constituit
2628 4084 3021 4156 dispensanda.
3073 4083 3431 4138 Diversorum
3463 4083 3546 4137 si-

1929 4182 2161 4255 quidem
2190 4190 2503 4235 sauctorum
2535 4175 2783 4232 basilicis
2815 4174 3035 4231 diversa
3062 4175 3339 4249 delegavit
3370 4175 3548 4231 dona-

1930 4272 2029 4326 ria.
2070 4269 2313 4324 Basilicas
2343 4267 2555 4322 scilicet
2576 4266 2752 4321 sancti
2810 4263 3069 4337 Remigii,
3094 4262 3188 4318 ubi
3206 4264 3546 4334 sepulturam

205 4360 321 4409 uta
349 4370 421 4409 se
488 4366 741 4424 possessa
775 4360 879 4419 est,
931 4352 1155 4409 tradidit
1189 4372 1203 4421 ;
1269 4352 1497 4426 insuper
1533 4365 1589 4411 et
1634 4373 1904 4429 aurum“
1932 4355 2050 4413 fieri
2078 4356 2184 4411 sibi
2216 4355 2443 4429 delegit,
2489 4354 2649 4410 villas
2688 4362 2743 4407 et
2802 4368 3052 4407 munera.
3088 4350 3331 4406 Basilicze
3370 4351 3547 4405 sancti

200 4444 381 4510 dedit,
419 4409 571 4499 un-de
622 4444 762 4499 calix
802 4444 941 4500 inibi
993 4445 1168 4501 tieret.
1204 4447 1280 4500 Ad
1329 4409 1622 4503 basilicam
1652 4409 2217 4525 sanctiDGaugerici
2238 4455 2293 4502 et
2323 4409 2497 4501 sinon
2516 4443 2993 4517 Quintiniargenti
3018 4444 3167 4500 varia
3197 4443 3363 4509 dona;
3394 4443 3543 4510 item,

198 4534 411 4591 Iuliani
441 4535 877 4609 recuperandam
902 4536 1022 4591 auri
1046 4535 1255 4592 solidos
1282 4537 1548 4609 quinque.
1576 4539 1654 4593 Ad
1677 4538 1827 4594 basi-

200 4623 365 4679 licam
400 4624 580 4679 sancti
637 4624 839 4679 Nicasii
881 4624 1138 4681 similiter
1191 4627 1401 4682 solidos
1446 4627 1714 4699 quinque.
1748 4626 1822 4681 Ad

200 4718 501 4776 basilicam
532 4720 705 4775 sancti
734 4719 966 4775 Joannis
988 4720 1197 4776 solidos
1228 4721 1477 4794 quinque
1532 4722 1611 4777 Ad
1632 4722 1825 4776 basili-

199 4824 318 4864 cam
350 4808 538 4865 sancti
587 4808 723 4863 Sixti
772 4808 1032 4865 similiter
1082 4810 1139 4864 in
1185 4826 1319 4866 auro
1350 4810 1559 4867 solidos
1588 4819 1716 4865 tres.
1748 4809 1824 4864 Ad

197 4900 500 4959 basilicam
529 4902 705 4957 sancti
727 4901 973 4957 Mauricii
1030 4902 1240 4963 solidos
1262 4909 1393 4959 tres.
1430 4903 1508 4957 Ad
1539 4902 1826 4958 basilicam

197 4996 383 5051 sancti
421 4992 665 5051 Medardi
680 4994 891 5051 solidos
916 5002 1046 5052 tres.
1083 4996 1162 5051 Ad
1183 4995 1578 5052 monasterium
1612 4996 1828 5067 puella-

198 5103 321 5144 rum
344 5087 575 5143 vineam
633 5086 689 5142 in
748 5087 1105 5145 Germaniaco
1136 5090 1430 5159 (Geminyl
1487 5090 1826 5157 sitam,cum

198 5178 549 5249 quibusdam
569 5178 718 5234 vasis
740 5177 845 5251 ipsi
873 5177 1115 5234 basilicae
1147 5178 1466 5249 profuturis.
1509 5179 1589 5233 Ad
1620 5177 1823 5233 basili-

197 5282 477 5340 camque
533 5267 740 5323 dicitur
788 5266 856 5322 ad
905 5267 1221 5337 Apostolos,
1281 5267 1401 5322 auri
1450 5265 1659 5323 solidos
1694 5277 1823 5332 tres,

191 5374 325 5415 cum
359 5356 489 5414 aliis
520 5358 870 5413 munusculis
926 5357 1075 5412 unde
1100 5357 1242 5413 calix
1294 5356 1469 5413 fieret.
1524 5357 1601 5411 Ad
1635 5356 1827 5411 basili-

191 5463 319 5502 cam
354 5447 535 5503 sancti
569 5446 715 5502 Petri
744 5447 799 5501 in
831 5445 1053 5503 civitate
1075 5446 1193 5502 auri
1220 5446 1431 5502 solidos
1460 5454 1592 5502 tres.
1619 5445 1697 5501 Ad
1728 5446 1825 5500 ba-

1928 4541 2174 4597 basilicis
2204 4549 2374 4612 atque
2396 4537 2700 4593 matriculis
2747 4536 2961 4603 Remis,
2992 4543 3305 4591 sanctorum
3339 4536 3549 4590 scilicet

1925 4630 2193 4685 Timothei
2228 4636 2284 4683 et
2312 4626 2707 4699 Appollinaris;
2739 4625 2894 4691 item,
2927 4625 3101 4680 sancti
3134 4624 3367 4689 Martini;
3393 4624 3545 4695 item,

1926 4722 2101 4778 sancti
2132 4720 2332 4776 Nicasii
2372 4736 2385 4787 ;
2419 4720 2573 4786 item,
2606 4727 2809 4773 sancta:
2841 4716 3133 4772 Genovefaa
3171 4735 3185 4782 ;
3213 4716 3547 4771 monasterio

1927 4830 2153 4887 quoque
2207 4820 2521 4868 sanctorum
2563 4809 2888 4865 Theoderici
2938 4816 2993 4865 et
3021 4806 3308 4864 Theodulﬁ
3342 4826 3355 4874 ;
3392 4809 3545 4874 item,

1927 4907 1995 4962 ad
2028 4905 2315 4960 basilicam
2344 4903 2517 4958 sancti
2562 4902 2844 4968 Germani,
2875 4909 2930 4955 et
2960 4900 3300 4956 matriculam
3324 4900 3500 4971 ipsius
3531 4917 3544 4966 ;

1928 4999 2080 5059 item,
2110 4993 2283 5049 sancti
2314 4991 2521 5047 Juliani
2548 5009 2561 5055 ;
2599 4991 2756 5057 item,
2780 4996 3099 5045 sanctorum
3131 4989 3339 5045 Cosmaa
3359 4996 3414 5044 et
3444 4988 3548 5043 Da-

1928 5084 2098 5141 miani
2131 5083 2322 5149 ;item.
2354 5080 2530 5135 sancti
2576 5079 2718 5133 Petri
2770 5078 2837 5133 ad
2869 5078 3085 5133 Cortem
3119 5095 3133 5143 ;
3166 5078 3321 5143 item,
3372 5076 3545 5131 sancti

1929 5175 2073 5233 Petri
2086 5173 2154 5229 ad
2176 5170 2564 5228 Monasterium
2590 5170 2898 5241 puellarum
2924 5186 2938 5235 ;
2963 5170 3117 5235 item,
3150 5169 3219 5223 ad
3261 5167 3546 5224 basilicam

1927 5259 2418 5333 S.Symphoriani,
2470 5272 2594 5330 quae
2645 5265 2872 5313 vocatur
2923 5258 2992 5312 ad
3037 5258 3316 5329 apostolos
3348 5274 3363 5324 ;
3393 5257 3546 5323 item,

1926 5352 2097 5408 sancti
2132 5351 2398 5418 Medardi,
2425 5356 2812 5405 etsanctorum
2837 5348 3075 5421 Crispini
3108 5357 3163 5405 et
3190 5348 3547 5419 Crispiniani;

1935 5443 2288 5513 item,sancti
2344 5442 2619 5509 Victoris;
2654 5442 2806 5508 item,
2852 5443 3026 5497 sancti
3087 5440 3321 5497 Mauritii
3354 5440 3544 5506 ;item.

186 5537 422 5594 silicam
444 5535 619 5592 sancti
676 5535 998 5592 Theoderici
1055 5535 1369 5607 partionem
1421 5551 1575 5592 suam
1608 5535 1677 5589 de
1704 5533 1833 5589 villa
1935 5536 2108 5592 sancti
2142 5534 2321 5591 Basoli
2348 5534 2566 5590 diversa
2584 5534 2817 5590 contulit
2844 5533 3073 5590 donaria
3102 5553 3115 5601 ;
3146 5533 3393 5589 ecclesiae
3415 5544 3548 5601 quo-

187 5626 594 5693 Germaniaco,
657 5641 781 5680 cum
839 5625 1142 5697 mancipiis
1192 5625 1394 5691 vineis,
1436 5633 1491 5680 et
1521 5624 1734 5680 caeteris
1763 5624 1830 5678 ad

502 5727 785 5789 PATROL.
835 5726 1162 5791 CXXXV.

1936 5642 2044 5697 que
2068 5624 2418 5681 Laudunensi
2452 5624 2739 5691 cujusdam
2759 5624 2902 5677 villa!
2935 5625 3246 5694 portionem
3270 5636 3422 5675 suam
3446 5617 3548 5670 de-

3223 5721 3257 5778 4
