4034 6174
499 266 600 321 107

1597 259 1960 314 FLODOARDI
2040 256 2341 312 CANONICI
2382 259 2728 316 REMENSIS.

3714 268 3817 325 108

497 396 720 468 legavit,
754 401 808 449 et
830 393 1071 448 basilica:
1102 401 1304 448 sanctae
1336 388 1627 445 Genovefat
1657 388 1866 442 ibidem
1898 386 2107 442 consti-
2133 388 2258 456 Ain
2279 387 2460 444 sinum
2491 389 2738 446 sedentis
2776 391 3052 447 reclinans
3101 393 3394 457 Berecarii,
3453 395 3813 461 obdormivit,

498 491 628 540 tutae
657 485 840 540 villam
864 481 1093 553 Appiam
1117 482 1187 548 (le
1206 483 1407 548 village
1436 481 1688 549 d‘Eppe),
1720 494 1844 532 cum
1876 478 2026 532 omni
2048 495 2106 532 re

497 577 564 631 ad
603 593 663 632 se
704 578 1012 648 pertinente
1057 577 1271 632 tribuit.
1321 577 1532 632 Turrim
1591 591 1813 648 quoque
1859 588 2104 638 auream,

498 683 661 738 quam
694 667 760 721 ad
789 676 977 723 votum
1009 683 1168 722 suum
1200 667 1457 722 fabricari
1490 666 1715 731 fecerat,
1741 677 1909 733 super
1937 660 2106 714 altare

495 759 680 829 posuit
711 761 764 815 S.
796 761 977 816 Mariae
997 760 1567 820 Remensisecclesize,
1592 762 2107 828 etpatenastres,ac

497 846 776 905 brachiale
793 849 1171 906 aureum.Fuit
1187 856 1371 904 autem
1387 845 1647 921 Sigiberti
1665 846 1812 920 regis
1829 853 2101 917 tempore.

1123 940 1332 996 CAPUT
1361 940 1470 993 Vll.

1013 1035 1086 1086 De
1113 1035 1297 1086 sancto
1320 1030 1585 1088 Nivardo.

565 1120 694 1175 Post
735 1119 1070 1191 praemissos,
1119 1121 1187 1175 ad
1229 1119 1548 1191 epiSCOpale
1606 1117 1845 1173 culmen?
1882 1116 2107 1190 eligitur

496 1212 693 1267 beatus
721 1212 876 1278 Nivo,
906 1213 998 1285 qui
1030 1220 1084 1268 et
1115 1213 1383 1268 Nivardus
1416 1231 1429 1277 ;
1465 1221 1699 1282 utroque
1749 1226 1986 1281 namque
2019 1225 2106 1262 re-

495 1306 707 1376 peritur
749 1307 1016 1361 vocitatus
1064 1307 1316 1362 nomine.
1351 1305 1448 1359 Hic
1480 1304 1632 1375 prius
1675 1304 1731 1357 in
1763 1303 1886 1357 aula
1937 1302 2102 1374 regis,

495 1402 687 1464 utpote
721 1395 805 1450 vir
853 1395 1279 1461 illustrissimus,
1333 1393 1568 1448 traditur
1614 1400 1988 1448 conversatus.
2045 1391 2102 1443 ln

495 1487 815 1558 episcopatu
842 1504 976 1543 vero
1008 1488 1245 1560 positus,
1270 1486 1472 1558 emptis
1489 1503 1588 1557 per
1619 1485 1836 1540 diversa
1863 1485 2104 1540 locatam

494 1579 702 1646 fundis,
735 1596 896 1651 quam
930 1580 1213 1650 domibus,
1263 1595 1481 1634 necnon
1523 1578 1816 1649 mancipiis
1845 1577 2106 1632 dilatasse

495 1689 580 1728 res
631 1674 912 1729 invenitur
964 1673 1232 1729 ecclesim.
1290 1673 1569 1744 Disposuit
1619 1671 1784 1726 etiam
1830 1669 2105 1725 nonnulas

493 1762 762 1818 ordinatis
797 1762 1034 1816 coloniis
1051 1761 1210 1816 villas
1241 1760 1511 1831 episcOpii
1538 1778 1550 1814 :
1586 1761 1850 1832 quasdam
1879 1774 2103 1831 quoque

495 1869 582 1906 res
610 1861 978 1907 commutasse
1028 1852 1302 1921 reperitur
1354 1866 1479 1904 cum
1526 1849 1690 1905 Attila
1749 1847 2101 1904 Laudunensi

496 1943 750 2012 preesule,
784 1956 881 2012 pro
903 1941 1191 2011 utriusque
1224 1939 1396 2010 partis
1464 1938 1902 2010 opportunitate.
1945 1935 2106 1992 Com-

497 2036 727 2090 mutavit
754 2035 918 2089 etiam
946 2050 976 2088 a
1034 2034 1251 2088 Bavone
1299 2040 1354 2086 et
1397 2031 1812 2086 Theoderamno
1843 2029 2106 2084 fratribus

493 2127 672 2182 locum
701 2127 994 2198 quemdam
1044 2141 1210 2195 super
1266 2123 1494 2178 fluvium
1525 2123 1820 2178 Maternam
1853 2121 1920 2176 de
1940 2121 2108 2176 rebus

497 2217 782 2273 Remensis
853 2215 1121 2280 ecclesiae,
1171 2213 1266 2267 ubi
1325 2211 1632 2268 construxit
1688 2210 2100 2276 monasterium,

493 2309 640 2381 quod
699 2307 899 2363 dicitur
966 2305 1343 2360 Altumvillare
1403 2305 1822 2372 (Hautvilliers),
1882 2310 2104 2374 petente

493 2401 780 2456 Rerecario
809 2398 1032 2465 abbate,
1066 2397 1158 2469 qui
1185 2395 1253 2451 ab
1270 2413 1337 2451 eo
1361 2395 1596 2466 petierat
1612 2396 1791 2451 locum
1841 2394 2102 2458 sibidari,

491 2489 586 2544 ubi
618 2505 742 2544 cum
773 2487 1034 2543 fratribus
1063 2487 1180 2541 suis
1198 2485 1506 2555 monachis,
1531 2484 1635 2540 sub
1668 2484 1857 2557 regula
1883 2485 2102 2538 Patrum

487 2581 664 2635 sancti
701 2579 986 2634 Benedicti
1019 2586 1075 2634 et
1101 2579 1275 2634 sancti
1305 2577 1655 2645 Columbani,
1684 2577 1868 2632 vivere
1892 2581 2099 2647 posset;

489 2671 637 2742 quod
669 2678 722 2724 et
745 2670 891 2724 idem
913 2668 1113 2739 praesul
1136 2668 1317 2722 facere
1337 2667 1570 2732 studuit,
1591 2673 1652 2721 ut
1680 2665 1823 2720 infra
1843 2665 2100 2721 contine-

487 2771 596 2817 tur.
630 2762 736 2816 Sed
769 2768 978 2816 etcum
1035 2760 1158 2814 aliis
1213 2759 1545 2832 quibusdam
1600 2759 1872 2830 personis,
1938 2764 2101 2829 prout

486 2865 790 2922 congruum
815 2839 992 2903 visum
1023 2848 1145 2912 fuit,
1177 2865 1265 2904 res
1295 2847 1560 2920 quasdam
1592 2847 1970 2903 commutavit.
1996 2847 2099 2901 De-

487 2939 568 2994 dit
624 2955 868 3011 quoque,
913 2937 1017 2993 sub
1059 2937 1185 3007 jure
1238 2937 1538 3012 privilegii,
1593 2938 1661 2992 ad
1702 2938 2097 2993 monasterium

485 3029 660 3086 sancti
695 3028 894 3096 Basoli,
937 3027 1229 3083 ecclesiam
1260 3027 1317 3082 in
1343 3027 1612 3084 Viriziaco
1646 3027 1702 3082 in
1735 3027 1945 3084 honore
1971 3045 2101 3084 san-

2135 1708 2184 1776 B

2208 487 2262 532 et
2281 479 2458 533 visum
2481 479 2638 546 vidit,
2683 480 2895 536 scilicet
2951 482 3265 538 columbam
3323 485 3502 541 locum
3533 486 3683 541 silvae
3708 487 3821 542 cir-

2208 571 2511 637 cumire,et
2538 572 2594 626 in
2619 572 2740 646 fago
2772 573 3007 644 quadam
3049 581 3173 643 post
3214 575 3354 629 hanc
3379 575 3821 634 circumitionem

2209 664 2525 731 resedisse;
2569 666 2736 738 idque
2770 668 2934 723 tertio
2995 669 3308 724 columbam
3361 669 3512 725 videt
3569 672 3821 726 eamdem

2207 753 2406 826 egisse,
2462 762 2690 826 tumque
2737 757 2907 812 coelos
2947 757 3150 827 petisse
3195 757 3286 827 (5).
3321 758 3492 824 Quam
3523 759 3822 826 visionem,

2207 844 2350 898 sicut
2371 843 2488 914 ipse
2516 843 2571 897 in
2599 845 2830 912 somnis,
2862 846 2952 912 ita,
2987 847 3284 917 praedictus
3321 863 3546 920 quoque
3592 850 3825 906 Bereca-

2207 937 2320 991 t‘llIS
2339 937 2577 1011 vigilans
2601 936 2771 994 fertur
2799 939 3099 1010 accepisse.
3147 941 3262 1006 Quo
3290 941 3408 997 viso
3453 951 3818 1015 compunctus

2209 1030 2354 1084 idem
2407 1032 2576 1103 erepit
2620 1033 2793 1088 abbas
2839 1033 3073 1090 fundere
3117 1035 3404 1107 lacrymas.
3458 1037 3821 1109 Experrectus

2207 1127 2386 1175 autem
2411 1121 2607 1177 beatus
2637 1123 2835 1194 praesul
2867 1139 2896 1177 a
2926 1140 3143 1190 somno,
3181 1140 3244 1178 ex
3275 1125 3530 1196 lacrymis
3562 1128 3684 1196 ejus
3713 1127 3820 1181 sibi

2207 1208 2402 1263 faciem
2427 1211 2630 1280 reperit
2674 1211 2837 1266 udam
2884 1220 2976 1274 ;et
3027 1212 3376 1283 interrogans
3403 1229 3526 1284 quae
3558 1214 3636 1268 illi
3659 1231 3824 1269 causa

2208 1300 2369 1356 fletus
2393 1301 2673 1370 existeret,
2701 1302 2902 1372 accipit
2932 1320 3055 1378 eum
3100 1311 3324 1374 prepter
3365 1304 3450 1359 sui
3485 1305 3698 1360 ruinam
3728 1305 3826 1360 fle-

2205 1391 2350 1447 visse
2381 1393 2587 1463 Operis.
2622 1395 2975 1466 lnvicemque
2999 1395 3106 1449 sibi
3137 1394 3255 1448 visa
3278 1394 3664 1464 referentibus,
3710 1403 3824 1451 tra-

2209 1480 2357 1534 ditur
2387 1481 2633 1552 pontifex
2667 1483 2782 1538 haec
2809 1484 2974 1538 etiam
3009 1484 3227 1538 cuidam
3264 1483 3353 1537 Dei
3387 1499 3567 1550 servo,
3599 1485 3822 1540 nomine

2208 1570 2431 1637 Banovi,
2463 1571 2622 1640 cujus
2648 1579 2766 1626 erat
2787 1572 2907 1643 ipsa
2939 1572 3234 1643 possessio,
3267 1573 3382 1627 visa
3413 1590 3684 1629 narrasse.
3719 1575 3819 1638 Qui

2207 1662 2507 1718 oratorium
2539 1663 2594 1717 in
2633 1664 2842 1718 honore
2890 1673 3090 1718 sanctae
3121 1665 3300 1718 crucis
3331 1664 3442 1720 illic
3475 1665 3707 1731 habens,
3741 1665 3818 1718 ibi

2207 1755 2653 1810 conversabatur.
2688 1755 2788 1820 Qui
2821 1756 2985 1810 etiam
3037 1765 3326 1828 postquam
3366 1757 3636 1812 visionem
3680 1774 3823 1828 prae-

2203 1847 2357 1909 sulis,
2391 1855 2446 1902 et
2475 1849 2595 1916 ejus
2612 1849 2837 1922 agnovit
2855 1849 3219 1912 voluntatem,
3237 1849 3438 1904 obtulit
3465 1849 3544 1904 illi
3569 1850 3821 1904 eamdem

2207 1941 2613 2010 possessionem
2643 1950 3044 2012 suam,partcm
3073 1956 3296 2012 quoque
3324 1943 3698 2012 possessionis
3727 1959 3830 1997 cu-

2200 2029 2421 2097 jusdam
2449 2031 2632 2086 fratris
2684 2031 2790 2098 sui,
2851 2032 3074 2087 nomine
3133 2032 3367 2087 Baldini.
3430 2033 3664 2088 Alterius
3694 2050 3826 2089 vero

2206 2121 2411 2190 fratris,
2433 2123 2834 2178 'l‘heoderamni
2864 2124 3108 2185 nomine,
3161 2139 3382 2178 causam
3437 2125 3644 2192 retulit,
3677 2126 3824 2196 quod

2206 2221 2352 2269 esset
2405 2214 2615 2270 scilicet
2646 2215 2701 2269 in
2756 2215 2994 2271 factione
3040 2224 3228 2271 contra
3280 2217 3507 2271 Reolum
3539 2217 3822 2284 comitem,

2207 2302 2299 2374 qui
2323 2303 2609 2358 Remensis
2641 2311 2762 2374 post
2791 2304 3003 2360 exstitit
3032 2305 3349 2376 episcopus,
3384 2321 3483 2376 pro
3529 2303 3658 2360 ﬁliis
3680 2307 3821 2374 ejus,

2207 2410 2348 2465 quos
2395 2396 2673 2450 occiderat
2734 2396 2787 2450 in
2824 2397 3035 2452 ultione
3090 2396 3331 2452 filiorum
3389 2412 3637 2464 suorum,
3679 2414 3822 2469 quos

2207 2485 2409 2541 Reolus
2463 2503 2558 2558 pro
2612 2487 2902 2543 latrocinio
2933 2488 3080 2560 quod
3109 2487 3462 2553 exercebant,
3514 2490 3820 2560 suspendio

2208 2586 2497 2630 necaverat
2542 2577 2693 2631 Unde
2720 2577 2979 2632 dominus
3014 2578 3284 2633 Nivardus
3314 2595 3440 2633 eum
3470 2595 3593 2634 cum
3622 2579 3814 2645 Reolo,

2203 2664 2296 2735 qui
2328 2671 2550 2735 neptem
2581 2681 2735 2719 suam
2768 2665 2935 2720 filiam
2979 2667 3269 2722 Childerici
3299 2668 3538 2723 habebat
3568 2684 3820 2735 uxorem,

2203 2751 2548 2822 pacificavit;
2582 2762 2635 2808 et
2692 2754 2771 2808 sic
2829 2755 2947 2826 ipse
2986 2755 3436 2812 Theoderamnus
3483 2758 3646 2812 simul
3691 2775 3822 2813 cum

2203 2841 2418 2896 caeteris
2449 2841 2711 2897 fratribus
2757 2844 2872 2898 suis
2895 2845 3144 2899 eamdem
3191 2846 3600 2916 possessionem
3628 2857 3821 2903 sancto

2203 2937 2909 3005 Nivardo,commutatione
2939 2940 3006 2994 ab
3041 2955 3107 2995 eo
3140 2951 3378 3011 sumpta,
3413 2941 3661 2997 tradidit.
3697 2943 3817 2998 Mox

2203 3029 2349 3086 idem
2383 3031 2583 3102 praesul
2611 3031 2822 3086 succidi
2846 3031 3038 3086 silvam
3055 3031 3280 3100 jubens.
3315 3033 3371 3088 in
3401 3034 3613 3089 honore
3641 3035 3818 3090 sancti

486 3079 660 3086 __-_--_
695 3079 894 3096 ___-_-,
1972 3079 2068 3084 ηη
2205 3079 2349 3086 -_-..-
2383 3079 2583 3102 ,.ην---
2612 3079 2822 3086 ﬂ---"
2847 3079 3280 3100 ---.-.-.,_~-.--.
3317 3079 3371 3088 ...
3402 3079 3613 3089 "tu-.-
3641 3079 3816 3090 νην..

485 3128 585 3176 ctze
638 3119 818 3173 Mariae
872 3127 1265 3184 constructam,
1321 3133 1452 3173 cum
1505 3116 1766 3174 omnibus
1803 3119 1870 3173 ad
1924 3119 2096 3190 ipsam
2129 3079 2345 3174 CPetri
2399 3128 2453 3174 et
2500 3119 2747 3175 omnium
2780 3120 3156 3190 apostolorum
3192 3121 3268 3175 ibi
3295 3123 3600 3178 construxit
3631 3123 3816 3179 eccle-

485 3211 914 3284 pertinentibus,
943 3211 1219 3282 simulque
1269 3211 1528 3266 locellum
1555 3211 1650 3282 qui
1684 3211 1996 3267 Wasciacus
2015 3211 2099 3266 di-

483 3305 640 3359 citur.
667 3301 1072 3356 immunitatem
1101 3315 1324 3372 quoque
1353 3298 1490 3370 ipsis
1520 3300 1832 3368 monachis,
1864 3301 1968 3354 sub
1996 3300 2098 3354 Pe-

483 3406 640 3452 trone
686 3394 888 3449 abbate
927 3392 1140 3447 ibidem
1172 3393 1282 3447 Deo
1330 3391 1712 3447 servientibus
1743 3392 2002 3459 instituit,
2036 3402 2095 3447 ut

481 3484 666 3540 nullus
695 3482 1202 3539 ecclesiasticorum
1227 3481 1482 3550 judicum
1524 3497 1621 3536 eos
1643 3481 1894 3536 indebite
1915 3483 1970 3535 in
1993 3481 2098 3537 ali-

479 3593 588 3650 quo
620 3577 932 3648 inquietare
985 3582 1364 3650 praesumeret,
1399 3573 1496 3628 sed
1545 3573 1626 3628 eis
1679 3574 1868 3646 quieto
1897 3574 2096 3629 ordine

479 3669 584 3725 sub
614 3676 808 3724 sancta
854 3667 1046 3740 regula
1087 3667 1292 3731 vivere,
1347 3683 1411 3721 ac
1462 3666 1572 3721 Deo
1629 3666 1836 3721 servire
1879 3666 2091 3722 liceret.

480 3760 820 3830 Praeceptum
873 3757 1038 3812 etiam
1085 3756 1450 3812 immanitatis
1514 3771 1545 3809 a
1580 3754 1931 3811 Cbildeherto
1966 3770 2095 3828 rege

478 3853 869 3923 (Childebertus
886 3852 984 3919 III)
1016 3867 1184 3921 super
1210 3850 1444 3905 teloneis
1465 3858 1519 3904 et
1559 3847 1893 3921 quibusdam
1915 3847 2097 3904 tribu-

477 3946 566 4013 tis,
592 3943 843 4002 ecclesiaa
878 3944 1134 3998 Remensi
1175 3943 1436 3998 obtinuit.
1470 3941 1566 3997 Cui
1617 3941 1927 3998 Ludovicus
1951 3958 2091 4013 quo-

475 4051 584 4106 que
612 4051 727 4101 rex,
756 4033 859 4089 sub
891 4032 1137 4088 ecclesiae
1174 4049 1286 4086 sua:
1321 4031 1566 4096 nomine,
1605 4046 1692 4084 res
1733 4030 1996 4102 quasdam
2033 4030 2087 4084 in

474 4121 719 4175 Malliaco
768 4134 937 4190 super
981 4118 1208 4173 fluvium
1257 4118 1532 4183 Vidulam,
1591 4134 1727 4188 quas
1753 4118 2084 4188 quibusdam

476 4211 800 4266 infidelibus
828 4210 944 4264 suis
999 4209 1195 4278 ejectis
1251 4215 1556 4278 receperat,
1599 4208 1942 4263 auctoritatis
1977 4225 2089 4264 suae

474 4311 750 4374 praecepto
779 4301 1070 4358 concessit.
1131 4301 1302 4370 Hujus
1353 4299 1517 4355 etiam
1575 4307 1825 4371 tempore
1864 4298 2090 4355 tradidit

2199 3207 2359 3273 siam,
2402 3216 2456 3262 et
2487 3208 2580 3262 ubi
2618 3209 2888 3264 resedisse
2921 3210 3234 3264 columbam
3265 3211 3498 3278 viderat,
3531 3213 3703 3267 altare
3729 3213 3818 3266 iu-

2199 3301 2397 3367 stituit,
2430 3302 2791 3374 collectisque
2821 3303 2996 3357 servis
3026 3304 3122 3358 Dei
3160 3304 3555 3360 monasterium
3582 3305 3818 3360 ordina-

2198 3389 2293 3446 vit.
2331 3390 2432 3445 Ubi
2490 3391 2656 3445 etiam
2701 3390 2958 3461 praefatus
3007 3392 3459 3449 Theoderamnus
3510 3396 3819 3451 monachus

2198 3482 2454 3540 efficitur.
2485 3483 2593 3537 Sed
2625 3493 2679 3538 et
2706 3484 2908 3539 Reolus
2937 3485 3113 3541 filium
3144 3504 3304 3542 suum
3339 3489 3564 3544 nomine
3595 3490 3816 3546 Gedeo-

2200 3587 2349 3638 nem,
2373 3572 2440 3625 de
2463 3579 2630 3642 nepte
2657 3574 2830 3628 sancti
2877 3574 3097 3629 Nivardi
3131 3587 3472 3648 susceptum,
3516 3577 3592 3632 ibi
3620 3594 3821 3633 mona-

2198 3665 2360 3718 chum
2385 3662 2505 3717 fieri
2530 3665 2638 3734 peti
2651 3665 2690 3718 it
2710 3673 2763 3720 et
2781 3682 2960 3720 rerum
2975 3682 3196 3721 suarum
3211 3677 3421 3738 partem
3435 3669 3503 3724 ad
3527 3670 3675 3724 idem
3698 3687 3821 3724 mo-

2198 3753 2497 3808 nasterium
2513 3755 2862 3812 condonavit.
2900 3759 3099 3813 Beatus
3129 3765 3315 3814 autem
3346 3759 3636 3827 Nivardus,
3667 3775 3812 3814 con-

2196 3841 2389 3897 stituto
2444 3845 2803 3910 monasterio,
2873 3845 3146 3917 quidquid
3209 3849 3620 3917 possessionum
3681 3855 3812 3904 ante

2196 3934 2574 4005 episcopatum
2644 3935 2819 3991 fuerat
2882 3937 3036 3992 visus
3065 3939 3273 3996 habere
3303 3941 3371 3995 ad
3417 3941 3595 4010 ipsum
3630 3939 3813 3995 locum

2194 4023 2440 4090 tradidit,
2468 4032 2522 4078 et
2552 4025 2868 4081 exhortatus
2893 4027 3114 4083 beatum
3151 4029 3403 4096 Reolum,
3435 4027 3726 4103 religionis
3756 4029 3808 4083 ei

2189 4117 2662 4174 suasitassumere
2709 4120 2980 4175 habitum.
3035 4120 3390 4196 Privilegium
3423 4136 3670 4194 quoque,
3707 4137 3812 4192 po-

2188 4215 2378 4262 scente
2443 4206 2669 4276 praefato
2709 4207 2908 4263 abbate
2978 4209 3286 4275 Berecario,
3334 4209 3514 4265 eidem
3574 4209 3813 4266 contulit

2191 4299 2524 4353 monasterio
2548 4318 2563 4352 :
2588 4307 2648 4352 ut
2667 4299 2876 4354 scilicet
2903 4299 3021 4372 ipse
3034 4303 3234 4372 praesul
3250 4301 3394 4356 idem
3408 4303 3808 4358 monasterium

472 4395 820 4452 Grimoaldus
849 4394 934 4449 vir
981 4393 1212 4448 illustris
1261 4398 1452 4447 sancto
1504 4391 1755 4463 Remigio
1775 4391 1930 4446 villas
1959 4408 2086 4448 suas
2107 4399 2165 4468 [)
2192 4386 2246 4440 in
2277 4387 2362 4441 sui
2389 4388 2532 4456 juris
2557 4388 2934 4444 dominatione
2947 4390 3078 4444 dum
3099 4391 3404 4457 adviveret,
3429 4401 3809 4459 conservaret,

473 4485 858 4541 Calmiciacum
883 4492 938 4540 et
961 4482 1326 4538 Victuriacum
1350 4483 1560 4550 (Mally,
1597 4483 1814 4550 Veeste),
1843 4497 1942 4552 pro
1965 4483 2085 4538 ani-

471 4594 573 4634 mae
599 4593 711 4634 suae
734 4576 1000 4633 remedio.

542 4669 639 4725 llic
665 4668 862 4724 beatus
900 4668 1187 4732 Nivardus,
1248 4667 1378 4722 dum
1412 4683 1476 4722 ex
1499 4667 1778 4723 communi
1812 4682 2084 4723 consensu

470 4759 637 4814 totius
675 4758 895 4815 concilii
944 4758 1243 4828 praesulum
1267 4756 1477 4823 Galliae,
1513 4757 1812 4824 Namnetis,
1854 4755 2082 4812 Romani

461 4850 717 4920 jussione
745 4849 1046 4922 pontificis,
1079 4849 1333 4913 exhibiti,
1359 4865 1486 4924 rege
1514 4849 1752 4916 favente,
1787 4844 2084 4904 restruxis-

463 4946 548 5010 set
568 4939 858 4994 ecclesiam
912 4937 1230 4994 monasterii
1267 4954 1437 5007 super
1482 4936 1658 5008 ripam
1692 4937 1948 4993 Maternae
1978 4938 2084 4993 flu-

466 5028 652 5096 minis,
686 5029 744 5083 in
802 5029 922 5084 loco
955 5037 1272 5098 nuncupato
1313 5015 1521 5093 Villari,
1545 5026 1756 5081 dudum
1785 5026 1898 5090 siti,
1927 5028 2022 5084 sed
2051 5045 2082 5082 a

465 5119 716 5175 barbaris
745 5119 934 5186 diruti,
985 5125 1040 5173 et
1072 5118 1141 5173 ab
1192 5134 1259 5173 eo
1299 5125 1616 5174 constructa
1665 5119 1782 5173 hate
1836 5117 2082 5174 funditus

464 5209 757 5265 cecidisset
786 5209 1044 5275 ecclesia,
1080 5207 1136 5262 in
1167 5207 1276 5264 alio
1307 5207 1428 5264 loco
1461 5224 1651 5263 rursus
1677 5207 1746 5262 ab
1770 5223 1836 5264 eo
1871 5216 2081 5264 restru-

466 5306 574 5366 cta,
607 5314 821 5354 rursum
849 5297 1082 5354 traditur
1106 5297 1405 5354 corruisse.
1440 5297 1684 5362 Quadam
1716 5313 1849 5354 vero
1871 5297 1963 5352 die
1987 5314 2085 5354 ve-

466 5391 627 5446 niens
675 5391 743 5445 de
797 5389 926 5444 villa
974 5390 1274 5461 Sparnaco,
1331 5389 1498 5444 simul
1549 5389 1848 5446 comitante
1892 5406 2082 5446 secum

466 5480 693 5552 pnefato
730 5478 935 5534 abbate
974 5479 1285 5544 Berecario,
1335 5477 1511 5533 visum
1552 5477 1662 5533 sibi
1694 5487 1798 5545 est,
1851 5479 2078 5536 transito

465 5569 716 5636 flumine,
750 5567 963 5624 debere
979 5567 1261 5640 paululum
1278 5566 1628 5638 requiescere
1657 5585 1670 5622 :
1696 5567 1889 5640 sicque
1914 5579 2079 5641 caput

535 5690 612 5759 (1)
654 5688 804 5742 Idem
837 5686 1001 5742 latius
1033 5686 1266 5742 refertur
1294 5686 1349 5740 in
1383 5685 1498 5742 Vita
1530 5687 1564 5740 S
1620 5687 1918 5744 Bercharii.

2190 4488 2244 4533 et
2276 4488 2334 4533 ut
2360 4487 2660 4550 postsuum
2683 4480 2971 4536 decessum
2999 4481 3286 4537 Remensis
3306 4482 3807 4555 episc0pusipsum

2185 4571 2501 4627 coenobium
2530 4573 2824 4648 gubernet,
2882 4584 2937 4630 et
2997 4577 3222 4631 eosdem
3264 4576 3564 4632 monachos
3613 4586 3812 4632 contra

2183 4677 2378 4718 omnes
2407 4665 2764 4720 adversitates
2786 4665 3084 4733 defendat;
3120 4665 3224 4738 ipsi
3258 4683 3388 4723 vero
3421 4668 3678 4724 monachi
3705 4685 3811 4739 po-

2187 4766 2437 4812 testatem
2462 4757 2702 4812 habeant
2729 4757 3016 4829 praelatum
3045 4757 3155 4814 sibi
3181 4757 3512 4834 regulariter
3533 4757 3805 4834 eligendi,

2185 4853 2347 4917 prout
2377 4846 2433 4900 in
2481 4845 2854 4916 descriptione
2896 4847 3072 4920 ipsius
3123 4848 3400 4924 privilegii
3461 4847 3806 4906 continetur.

2185 4937 2311 4994 Post
2341 4938 2457 4992 haec
2490 4937 2547 4992 in
2602 4938 2895 4996 ccclesiola
2938 4948 3142 4997 sanctae
3172 4941 3374 5007 Mariae,
3417 4957 3581 5012 quam
3614 4941 3671 4995 in
3699 4957 3806 4998 eo-

2182 5030 2306 5086 dem
2340 5031 2675 5087 monasterio
2732 5041 3130 5101 construxerat,
3167 5033 3377 5089 obiisse
3414 5033 3609 5100 fertur,
3643 5040 3699 5088 et
3736 5035 3809 5088 ad

2182 5122 2472 5178 ecclesiam
2494 5122 2667 5178 sancti
2699 5123 2935 5197 Remigii
2998 5125 3185 5180 Remis
3215 5125 3558 5195 deportatus,
3591 5123 3806 5179 ibidem

2185 5215 2435 5287 sepultus
2484 5225 2589 5272 est.

2791 5304 2999 5361 CAPUT
3051 5305 3226 5382 vm.~

2254 5397 2328 5450 De
2365 5397 2721 5451 translatione
2750 5400 2949 5451 sancta:
3005 5397 3219 5450 Helena:
3249 5397 3324 5451 ad
3352 5397 3530 5467 ipsius
3553 5400 3736 5453 sancti

2777 5487 3193 5556 monasterium.

2250 5573 2328 5626 Ad
2356 5582 2719 5644 praenotatum
2754 5577 2917 5647 hujus
2945 5577 3119 5634 sancti
3141 5576 3245 5633 viri
3274 5575 3591 5633 cmnobium
3626 5574 3806 5631 beatae
