  <div class='ocr_page' id='page_1' title='image "/cluster/home/n/w/nwhite01/storage/ocr_20150623/135/hvd.32044054759956/060.png"; bbox 0 0 4038 6166; ppageno 0'>
   <div class='ocr_carea' id='block_1_1' title="bbox 204 289 303 347">
    <p class='ocr_par' dir='ltr' id='par_1_1' title="bbox 204 289 303 347">
     <span class='ocr_line' id='line_1_1' title="bbox 204 289 303 347; baseline 0.02 -2"><span class='ocrx_word' id='word_1_1' title='bbox 204 289 303 347; x_wconf 72' lang='grc'>109</span> 
     </span>
    </p>
   </div>
   <div class='ocr_carea' id='block_1_2' title="bbox 850 282 2864 348">
    <p class='ocr_par' dir='ltr' id='par_1_2' title="bbox 850 282 2864 348">
     <span class='ocr_line' id='line_1_2' title="bbox 850 282 2864 348; baseline -0 -8"><span class='ocrx_word' id='word_1_2' title='bbox 850 284 1175 340; x_wconf 75' lang='lat' dir='ltr'>HISTORUE</span> <span class='ocrx_word' id='word_1_3' title='bbox 1214 283 1545 340; x_wconf 66' lang='lat' dir='ltr'>ECCLESIE</span> <span class='ocrx_word' id='word_1_4' title='bbox 1586 282 1911 340; x_wconf 83' lang='lat' dir='ltr'>REMENSIS</span> <span class='ocrx_word' id='word_1_5' title='bbox 1953 282 2128 339; x_wconf 79' lang='lat' dir='ltr'>LIBRI</span> <span class='ocrx_word' id='word_1_6' title='bbox 2169 283 2476 348; x_wconf 81' lang='lat' dir='ltr'>QUATUOR</span> <span class='ocrx_word' id='word_1_7' title='bbox 2543 317 2594 325; x_wconf 60' lang='grc' dir='ltr'><strong>-α</strong></span> <span class='ocrx_word' id='word_1_8' title='bbox 2630 284 2754 338; x_wconf 90' lang='lat' dir='ltr'>LIB.</span> <span class='ocrx_word' id='word_1_9' title='bbox 2799 286 2864 340; x_wconf 91' lang='lat' dir='ltr'>ll.</span> 
     </span>
    </p>
   </div>
   <div class='ocr_carea' id='block_1_3' title="bbox 3427 291 3526 344">
    <p class='ocr_par' dir='ltr' id='par_1_3' title="bbox 3427 291 3526 344">
     <span class='ocr_line' id='line_1_3' title="bbox 3427 291 3526 344; baseline 0 0"><span class='ocrx_word' id='word_1_10' title='bbox 3427 291 3526 344; x_wconf 79' lang='grc'>110</span> 
     </span>
    </p>
   </div>
   <div class='ocr_carea' id='block_1_4' title="bbox 207 411 3525 488">
    <p class='ocr_par' dir='ltr' id='par_1_4' title="bbox 207 411 3525 488">
     <span class='ocr_line' id='line_1_4' title="bbox 207 411 3525 488; baseline 0 -15"><span class='ocrx_word' id='word_1_11' title='bbox 207 418 420 473; x_wconf 70' lang='lat' dir='ltr'>Helena:</span> <span class='ocrx_word' id='word_1_12' title='bbox 449 415 657 488; x_wconf 75' lang='lat' dir='ltr'>reginae</span> <span class='ocrx_word' id='word_1_13' title='bbox 707 422 922 470; x_wconf 91' lang='lat' dir='ltr'>constat</span> <span class='ocrx_word' id='word_1_14' title='bbox 969 429 1171 486; x_wconf 90' lang='lat' dir='ltr'>corpus</span> <span class='ocrx_word' id='word_1_15' title='bbox 1221 415 1288 468; x_wconf 91' lang='lat' dir='ltr'>ab</span> <span class='ocrx_word' id='word_1_16' title='bbox 1320 413 1460 470; x_wconf 83' lang='lat' dir='ltr'>urbe</span> <span class='ocrx_word' id='word_1_17' title='bbox 1505 414 1676 468; x_wconf 83' lang='lat' dir='ltr'>Roma</span> <span class='ocrx_word' id='word_1_18' title='bbox 1708 411 1809 467; x_wconf 88' lang='lat' dir='ltr'>de-</span> <span class='ocrx_word' id='word_1_19' title='bbox 1827 415 1883 482; x_wconf 85' lang='grc' dir='ltr'><strong>Α</strong></span> <span class='ocrx_word' id='word_1_20' title='bbox 1980 411 2185 466; x_wconf 84' lang='lat' dir='ltr'>Deinde</span> <span class='ocrx_word' id='word_1_21' title='bbox 2228 411 2547 467; x_wconf 88' lang='lat' dir='ltr'>venerando</span> <span class='ocrx_word' id='word_1_22' title='bbox 2591 412 2696 468; x_wconf 88' lang='lat' dir='ltr'>hoc</span> <span class='ocrx_word' id='word_1_23' title='bbox 2751 413 2806 467; x_wconf 89' lang='lat' dir='ltr'>in</span> <span class='ocrx_word' id='word_1_24' title='bbox 2839 414 3072 470; x_wconf 87' lang='lat' dir='ltr'>ecclesia</span> <span class='ocrx_word' id='word_1_25' title='bbox 3111 415 3254 470; x_wconf 59' lang='lat' dir='ltr'>villae</span> <span class='ocrx_word' id='word_1_26' title='bbox 3301 416 3525 473; x_wconf 75' lang='lat' dir='ltr'>Falesize</span> 
     </span>
    </p>
   </div>
   <div class='ocr_carea' id='block_1_5' title="bbox 203 505 1811 578">
    <p class='ocr_par' dir='ltr' id='par_1_5' title="bbox 203 505 1811 578">
     <span class='ocr_line' id='line_1_5' title="bbox 203 505 1811 578; baseline -0.004 -14"><span class='ocrx_word' id='word_1_27' title='bbox 203 519 436 566; x_wconf 90' lang='lat' dir='ltr'>vectum.</span> <span class='ocrx_word' id='word_1_28' title='bbox 499 506 655 572; x_wconf 83' lang='lat' dir='ltr'>Quod</span> <span class='ocrx_word' id='word_1_29' title='bbox 723 505 950 578; x_wconf 88' lang='lat' dir='ltr'>quidam</span> <span class='ocrx_word' id='word_1_30' title='bbox 1010 506 1302 577; x_wconf 82' lang='lat' dir='ltr'>presbyter</span> <span class='ocrx_word' id='word_1_31' title='bbox 1362 505 1652 561; x_wconf 83' lang='lat' dir='ltr'>Remensis</span> <span class='ocrx_word' id='word_1_32' title='bbox 1709 520 1811 575; x_wconf 86' lang='lat' dir='ltr'>pa-</span> 
     </span>
    </p>
   </div>
   <div class='ocr_carea' id='block_1_6' title="bbox 207 596 1811 672">
    <p class='ocr_par' dir='ltr' id='par_1_6' title="bbox 207 596 1811 672">
     <span class='ocr_line' id='line_1_6' title="bbox 207 596 1811 672; baseline -0.003 -15"><span class='ocrx_word' id='word_1_33' title='bbox 207 601 444 666; x_wconf 72' lang='lat' dir='ltr'>rochias,</span> <span class='ocrx_word' id='word_1_34' title='bbox 525 598 788 672; x_wconf 85' lang='lat' dir='ltr'>Tergisus</span> <span class='ocrx_word' id='word_1_35' title='bbox 854 598 1078 653; x_wconf 88' lang='lat' dir='ltr'>nomine</span> <span class='ocrx_word' id='word_1_36' title='bbox 1112 639 1126 664; x_wconf 94' lang='lat'>,</span> <span class='ocrx_word' id='word_1_37' title='bbox 1200 599 1426 654; x_wconf 83' lang='lat' dir='ltr'>Romam</span> <span class='ocrx_word' id='word_1_38' title='bbox 1489 596 1811 670; x_wconf 81' lang='lat' dir='ltr'>profectus,</span> 
     </span>
    </p>
   </div>
   <div class='ocr_carea' id='block_1_7' title="bbox 206 686 1812 758">
    <p class='ocr_par' dir='ltr' id='par_1_7' title="bbox 206 686 1812 758">
     <span class='ocr_line' id='line_1_7' title="bbox 206 686 1812 758; baseline -0.004 -12"><span class='ocrx_word' id='word_1_39' title='bbox 206 690 380 746; x_wconf 89' lang='lat' dir='ltr'>noctis</span> <span class='ocrx_word' id='word_1_40' title='bbox 432 687 697 758; x_wconf 90' lang='lat' dir='ltr'>in0pinus</span> <span class='ocrx_word' id='word_1_41' title='bbox 763 687 818 740; x_wconf 91' lang='lat' dir='ltr'>in</span> <span class='ocrx_word' id='word_1_42' title='bbox 901 686 1136 742; x_wconf 86' lang='lat' dir='ltr'>ecclesia</span> <span class='ocrx_word' id='word_1_43' title='bbox 1193 702 1488 743; x_wconf 83' lang='lat' dir='ltr'>remanens</span> <span class='ocrx_word' id='word_1_44' title='bbox 1542 694 1812 758; x_wconf 89' lang='lat' dir='ltr'>tempore,</span> 
     </span>
    </p>
   </div>
   <div class='ocr_carea' id='block_1_8' title="bbox 205 775 1814 842">
    <p class='ocr_par' dir='ltr' id='par_1_8' title="bbox 205 775 1814 842">
     <span class='ocr_line' id='line_1_8' title="bbox 205 775 1814 842; baseline -0.004 -8"><span class='ocrx_word' id='word_1_45' title='bbox 205 778 413 834; x_wconf 82' lang='lat' dir='ltr'>furatus</span> <span class='ocrx_word' id='word_1_46' title='bbox 459 775 778 832; x_wconf 77' lang='lat' dir='ltr'>cautissime</span> <span class='ocrx_word' id='word_1_47' title='bbox 825 791 1014 831; x_wconf 91' lang='lat' dir='ltr'>secum</span> <span class='ocrx_word' id='word_1_48' title='bbox 1044 775 1258 836; x_wconf 91' lang='lat' dir='ltr'>studuit</span> <span class='ocrx_word' id='word_1_49' title='bbox 1286 776 1519 832; x_wconf 90' lang='lat' dir='ltr'>deferre.</span> <span class='ocrx_word' id='word_1_50' title='bbox 1549 775 1651 842; x_wconf 86' lang='lat' dir='ltr'>Qui</span> <span class='ocrx_word' id='word_1_51' title='bbox 1683 775 1814 829; x_wconf 91' lang='lat' dir='ltr'>dum</span> 
     </span>
    </p>
   </div>
   <div class='ocr_carea' id='block_1_9' title="bbox 198 863 1816 937">
    <p class='ocr_par' dir='ltr' id='par_1_9' title="bbox 198 863 1816 937">
     <span class='ocr_line' id='line_1_9' title="bbox 198 863 1816 937; baseline -0.002 -15"><span class='ocrx_word' id='word_1_52' title='bbox 198 869 308 937; x_wconf 90' lang='lat' dir='ltr'>jam</span> <span class='ocrx_word' id='word_1_53' title='bbox 363 865 664 921; x_wconf 89' lang='lat' dir='ltr'>secundam</span> <span class='ocrx_word' id='word_1_54' title='bbox 715 865 1060 920; x_wconf 88' lang='lat' dir='ltr'>mansionem</span> <span class='ocrx_word' id='word_1_55' title='bbox 1109 863 1360 931; x_wconf 81' lang='lat' dir='ltr'>haberet,</span> <span class='ocrx_word' id='word_1_56' title='bbox 1413 865 1468 920; x_wconf 91' lang='lat' dir='ltr'>in</span> <span class='ocrx_word' id='word_1_57' title='bbox 1515 865 1655 920; x_wconf 88' lang='lat' dir='ltr'>silva</span> <span class='ocrx_word' id='word_1_58' title='bbox 1692 879 1816 935; x_wconf 68' lang='lat' dir='ltr'>quae</span> 
     </span>
    </p>
   </div>
   <div class='ocr_carea' id='block_1_10' title="bbox 203 954 1818 1023">
    <p class='ocr_par' dir='ltr' id='par_1_10' title="bbox 203 954 1818 1023">
     <span class='ocr_line' id='line_1_10' title="bbox 203 954 1818 1023; baseline -0.002 -12"><span class='ocrx_word' id='word_1_59' title='bbox 203 956 408 1011; x_wconf 74' lang='lat' dir='ltr'>civitati</span> <span class='ocrx_word' id='word_1_60' title='bbox 467 955 683 1023; x_wconf 90' lang='lat' dir='ltr'>adjacet</span> <span class='ocrx_word' id='word_1_61' title='bbox 724 954 942 1020; x_wconf 59' lang='lat' dir='ltr'>Sutria},</span> <span class='ocrx_word' id='word_1_62' title='bbox 1003 954 1060 1008; x_wconf 93' lang='lat' dir='ltr'>in</span> <span class='ocrx_word' id='word_1_63' title='bbox 1120 954 1421 1010; x_wconf 89' lang='lat' dir='ltr'>crastinum</span> <span class='ocrx_word' id='word_1_64' title='bbox 1478 969 1678 1009; x_wconf 91' lang='lat' dir='ltr'>unuse</span> <span class='ocrx_word' id='word_1_65' title='bbox 1724 969 1818 1009; x_wconf 91' lang='lat' dir='ltr'>co-</span> 
     </span>
    </p>
   </div>
   <div class='ocr_carea' id='block_1_11' title="bbox 204 1043 1817 1117">
    <p class='ocr_par' dir='ltr' id='par_1_11' title="bbox 204 1043 1817 1117">
     <span class='ocr_line' id='line_1_11' title="bbox 204 1043 1817 1117; baseline -0.002 -17"><span class='ocrx_word' id='word_1_66' title='bbox 204 1045 433 1100; x_wconf 87' lang='lat' dir='ltr'>mitibus</span> <span class='ocrx_word' id='word_1_67' title='bbox 465 1045 586 1113; x_wconf 85' lang='lat' dir='ltr'>ejus</span> <span class='ocrx_word' id='word_1_68' title='bbox 639 1044 871 1117; x_wconf 83' lang='lat' dir='ltr'>pignora</span> <span class='ocrx_word' id='word_1_69' title='bbox 925 1051 1112 1098; x_wconf 90' lang='lat' dir='ltr'>sancta</span> <span class='ocrx_word' id='word_1_70' title='bbox 1163 1043 1346 1099; x_wconf 91' lang='lat' dir='ltr'>levare</span> <span class='ocrx_word' id='word_1_71' title='bbox 1389 1059 1560 1115; x_wconf 90' lang='lat' dir='ltr'>super</span> <span class='ocrx_word' id='word_1_72' title='bbox 1587 1044 1817 1098; x_wconf 87' lang='lat' dir='ltr'>asellum</span> 
     </span>
    </p>
   </div>
   <div class='ocr_carea' id='block_1_12' title="bbox 204 1130 1821 1209">
    <p class='ocr_par' dir='ltr' id='par_1_12' title="bbox 204 1130 1821 1209">
     <span class='ocr_line' id='line_1_12' title="bbox 204 1130 1821 1209; baseline -0.002 -20"><span class='ocrx_word' id='word_1_73' title='bbox 204 1135 470 1209; x_wconf 82' lang='lat' dir='ltr'>gestiens,</span> <span class='ocrx_word' id='word_1_74' title='bbox 503 1149 569 1188; x_wconf 90' lang='lat' dir='ltr'>ea</span> <span class='ocrx_word' id='word_1_75' title='bbox 607 1133 834 1188; x_wconf 89' lang='lat' dir='ltr'>minime</span> <span class='ocrx_word' id='word_1_76' title='bbox 858 1132 1032 1188; x_wconf 90' lang='lat' dir='ltr'>valuit</span> <span class='ocrx_word' id='word_1_77' title='bbox 1051 1147 1295 1188; x_wconf 89' lang='lat' dir='ltr'>movere.</span> <span class='ocrx_word' id='word_1_78' title='bbox 1325 1133 1391 1186; x_wconf 81' lang='lat' dir='ltr'>At</span> <span class='ocrx_word' id='word_1_79' title='bbox 1419 1130 1673 1202; x_wconf 91' lang='lat' dir='ltr'>stupidus</span> <span class='ocrx_word' id='word_1_80' title='bbox 1703 1131 1821 1186; x_wconf 73' lang='lat' dir='ltr'>haec</span> 
     </span>
    </p>
   </div>
   <div class='ocr_carea' id='block_1_13' title="bbox 205 1220 1820 1296">
    <p class='ocr_par' dir='ltr' id='par_1_13' title="bbox 205 1220 1820 1296">
     <span class='ocr_line' id='line_1_13' title="bbox 205 1220 1820 1296; baseline -0.002 -20"><span class='ocrx_word' id='word_1_81' title='bbox 205 1222 470 1296; x_wconf 89' lang='lat' dir='ltr'>magistro</span> <span class='ocrx_word' id='word_1_82' title='bbox 501 1221 750 1277; x_wconf 83' lang='lat' dir='ltr'>notiﬁcat</span> <span class='ocrx_word' id='word_1_83' title='bbox 777 1240 791 1288; x_wconf 91' lang='lat'><strong>;</strong></span> <span class='ocrx_word' id='word_1_84' title='bbox 821 1221 915 1293; x_wconf 92' lang='lat' dir='ltr'>qui</span> <span class='ocrx_word' id='word_1_85' title='bbox 942 1220 1192 1276; x_wconf 92' lang='lat' dir='ltr'>concitus</span> <span class='ocrx_word' id='word_1_86' title='bbox 1208 1235 1468 1294; x_wconf 81' lang='lat' dir='ltr'>pergens,</span> <span class='ocrx_word' id='word_1_87' title='bbox 1499 1220 1820 1274; x_wconf 86' lang='lat' dir='ltr'>thesaurum</span> 
     </span>
    </p>
   </div>
   <div class='ocr_carea' id='block_1_14' title="bbox 206 1307 1820 1382">
    <p class='ocr_par' dir='ltr' id='par_1_14' title="bbox 206 1307 1820 1382">
     <span class='ocr_line' id='line_1_14' title="bbox 206 1307 1820 1382; baseline -0.002 -17"><span class='ocrx_word' id='word_1_88' title='bbox 206 1310 441 1382; x_wconf 80' lang='lat' dir='ltr'>pavidus</span> <span class='ocrx_word' id='word_1_89' title='bbox 465 1311 873 1382; x_wconf 89' lang='lat' dir='ltr'>apprehensum</span> <span class='ocrx_word' id='word_1_90' title='bbox 888 1309 1141 1378; x_wconf 90' lang='lat' dir='ltr'>jumento</span> <span class='ocrx_word' id='word_1_91' title='bbox 1153 1309 1276 1364; x_wconf 91' lang='lat' dir='ltr'>sine</span> <span class='ocrx_word' id='word_1_92' title='bbox 1305 1309 1572 1382; x_wconf 80' lang='lat' dir='ltr'>gravitate</span> <span class='ocrx_word' id='word_1_93' title='bbox 1601 1307 1820 1379; x_wconf 88' lang='lat' dir='ltr'>ponde-</span> 
     </span>
    </p>
   </div>
   <div class='ocr_carea' id='block_1_15' title="bbox 209 1399 1824 1472">
    <p class='ocr_par' dir='ltr' id='par_1_15' title="bbox 209 1399 1824 1472">
     <span class='ocr_line' id='line_1_15' title="bbox 209 1399 1824 1472; baseline -0.002 -16"><span class='ocrx_word' id='word_1_94' title='bbox 209 1403 282 1457; x_wconf 89' lang='lat' dir='ltr'>ris</span> <span class='ocrx_word' id='word_1_95' title='bbox 315 1401 604 1472; x_wconf 89' lang='lat' dir='ltr'>imposuit,</span> <span class='ocrx_word' id='word_1_96' title='bbox 636 1417 760 1456; x_wconf 93' lang='lat' dir='ltr'>cum</span> <span class='ocrx_word' id='word_1_97' title='bbox 791 1410 938 1456; x_wconf 85' lang='lat' dir='ltr'>esset</span> <span class='ocrx_word' id='word_1_98' title='bbox 963 1400 1195 1456; x_wconf 90' lang='lat' dir='ltr'>inferior</span> <span class='ocrx_word' id='word_1_99' title='bbox 1224 1400 1446 1472; x_wconf 89' lang='lat' dir='ltr'>repulso</span> <span class='ocrx_word' id='word_1_100' title='bbox 1464 1399 1680 1456; x_wconf 90' lang='lat' dir='ltr'>viribus</span> <span class='ocrx_word' id='word_1_101' title='bbox 1707 1413 1824 1455; x_wconf 83' lang='lat' dir='ltr'>cor-</span> 
     </span>
    </p>
   </div>
   <div class='ocr_carea' id='block_1_16' title="bbox 209 1492 1826 1565">
    <p class='ocr_par' dir='ltr' id='par_1_16' title="bbox 209 1492 1826 1565">
     <span class='ocr_line' id='line_1_16' title="bbox 209 1492 1826 1565; baseline -0.002 -17"><span class='ocrx_word' id='word_1_102' title='bbox 209 1494 383 1565; x_wconf 88' lang='lat' dir='ltr'>poris.</span> <span class='ocrx_word' id='word_1_103' title='bbox 416 1492 713 1549; x_wconf 83' lang='lat' dir='ltr'>Confessus</span> <span class='ocrx_word' id='word_1_104' title='bbox 741 1503 825 1548; x_wconf 91' lang='lat' dir='ltr'>est</span> <span class='ocrx_word' id='word_1_105' title='bbox 868 1502 1051 1548; x_wconf 92' lang='lat' dir='ltr'>autem</span> <span class='ocrx_word' id='word_1_106' title='bbox 1082 1494 1229 1548; x_wconf 93' lang='lat' dir='ltr'>idem</span> <span class='ocrx_word' id='word_1_107' title='bbox 1259 1492 1514 1547; x_wconf 88' lang='lat' dir='ltr'>minister</span> <span class='ocrx_word' id='word_1_108' title='bbox 1555 1499 1826 1548; x_wconf 91' lang='lat' dir='ltr'>nocturno</span> 
     </span>
    </p>
   </div>
   <div class='ocr_carea' id='block_1_17' title="bbox 207 1581 1831 1657">
    <p class='ocr_par' dir='ltr' id='par_1_17' title="bbox 207 1581 1831 1657">
     <span class='ocr_line' id='line_1_17' title="bbox 207 1581 1831 1657; baseline -0.004 -16"><span class='ocrx_word' id='word_1_109' title='bbox 207 1602 266 1641; x_wconf 90' lang='lat' dir='ltr'>se</span> <span class='ocrx_word' id='word_1_110' title='bbox 293 1586 570 1657; x_wconf 89' lang='lat' dir='ltr'>pollutum</span> <span class='ocrx_word' id='word_1_111' title='bbox 619 1585 791 1640; x_wconf 88' lang='lat' dir='ltr'>fuisse</span> <span class='ocrx_word' id='word_1_112' title='bbox 824 1586 1061 1640; x_wconf 89' lang='lat' dir='ltr'>somnio.</span> <span class='ocrx_word' id='word_1_113' title='bbox 1097 1584 1395 1640; x_wconf 89' lang='lat' dir='ltr'>Venientes</span> <span class='ocrx_word' id='word_1_114' title='bbox 1450 1583 1519 1638; x_wconf 89' lang='lat' dir='ltr'>ad</span> <span class='ocrx_word' id='word_1_115' title='bbox 1540 1581 1831 1654; x_wconf 90' lang='lat' dir='ltr'>rapidissi-</span> 
     </span>
    </p>
   </div>
   <div class='ocr_carea' id='block_1_18' title="bbox 210 1674 1828 1746">
    <p class='ocr_par' dir='ltr' id='par_1_18' title="bbox 210 1674 1828 1746">
     <span class='ocr_line' id='line_1_18' title="bbox 210 1674 1828 1746; baseline -0.004 -12"><span class='ocrx_word' id='word_1_116' title='bbox 210 1695 362 1734; x_wconf 89' lang='lat' dir='ltr'>mum</span> <span class='ocrx_word' id='word_1_117' title='bbox 394 1679 626 1736; x_wconf 91' lang='lat' dir='ltr'>ﬂuvium</span> <span class='ocrx_word' id='word_1_118' title='bbox 657 1681 873 1746; x_wconf 88' lang='lat' dir='ltr'>Taram,</span> <span class='ocrx_word' id='word_1_119' title='bbox 924 1695 1048 1735; x_wconf 92' lang='lat' dir='ltr'>cum</span> <span class='ocrx_word' id='word_1_120' title='bbox 1099 1679 1254 1734; x_wconf 92' lang='lat' dir='ltr'>illum</span> <span class='ocrx_word' id='word_1_121' title='bbox 1282 1693 1393 1733; x_wconf 91' lang='lat' dir='ltr'>non</span> <span class='ocrx_word' id='word_1_122' title='bbox 1439 1677 1709 1732; x_wconf 86' lang='lat' dir='ltr'>auderent</span> <span class='ocrx_word' id='word_1_123' title='bbox 1734 1674 1828 1728; x_wconf 90' lang='lat' dir='ltr'>in-</span> 
     </span>
    </p>
   </div>
   <div class='ocr_carea' id='block_1_19' title="bbox 206 1766 1830 1845">
    <p class='ocr_par' dir='ltr' id='par_1_19' title="bbox 206 1766 1830 1845">
     <span class='ocr_line' id='line_1_19' title="bbox 206 1766 1830 1845; baseline -0.004 -19"><span class='ocrx_word' id='word_1_124' title='bbox 206 1771 393 1845; x_wconf 89' lang='lat' dir='ltr'>gredi,</span> <span class='ocrx_word' id='word_1_125' title='bbox 425 1779 654 1843; x_wconf 89' lang='lat' dir='ltr'>propter</span> <span class='ocrx_word' id='word_1_126' title='bbox 669 1770 1068 1826; x_wconf 90' lang='lat' dir='ltr'>validissimum</span> <span class='ocrx_word' id='word_1_127' title='bbox 1103 1766 1830 1842; x_wconf 89' lang='lat' dir='ltr'>ipsiusimpetum,animal,</span> 
     </span>
    </p>
   </div>
   <div class='ocr_carea' id='block_1_20' title="bbox 207 1857 1827 1934">
    <p class='ocr_par' dir='ltr' id='par_1_20' title="bbox 207 1857 1827 1934">
     <span class='ocr_line' id='line_1_20' title="bbox 207 1857 1827 1934; baseline -0.003 -17"><span class='ocrx_word' id='word_1_128' title='bbox 207 1877 370 1918; x_wconf 88' lang='lat' dir='ltr'>sacro</span> <span class='ocrx_word' id='word_1_129' title='bbox 401 1871 579 1918; x_wconf 91' lang='lat' dir='ltr'>tutum</span> <span class='ocrx_word' id='word_1_130' title='bbox 620 1880 870 1930; x_wconf 90' lang='lat' dir='ltr'>munere,</span> <span class='ocrx_word' id='word_1_131' title='bbox 921 1871 1119 1934; x_wconf 89' lang='lat' dir='ltr'>sponte</span> <span class='ocrx_word' id='word_1_132' title='bbox 1168 1861 1458 1918; x_wconf 89' lang='lat' dir='ltr'>descendit</span> <span class='ocrx_word' id='word_1_133' title='bbox 1485 1861 1540 1914; x_wconf 91' lang='lat' dir='ltr'>in</span> <span class='ocrx_word' id='word_1_134' title='bbox 1579 1857 1827 1914; x_wconf 92' lang='lat' dir='ltr'>ﬂumine.</span> 
     </span>
    </p>
   </div>
   <div class='ocr_carea' id='block_1_21' title="bbox 211 1947 1834 2022">
    <p class='ocr_par' dir='ltr' id='par_1_21' title="bbox 211 1947 1834 2022">
     <span class='ocr_line' id='line_1_21' title="bbox 211 1947 1834 2022; baseline -0.003 -16"><span class='ocrx_word' id='word_1_135' title='bbox 211 1951 388 2016; x_wconf 85' lang='lat' dir='ltr'>Quem</span> <span class='ocrx_word' id='word_1_136' title='bbox 418 1962 644 2007; x_wconf 90' lang='lat' dir='ltr'>secutus</span> <span class='ocrx_word' id='word_1_137' title='bbox 661 1953 800 2007; x_wconf 90' lang='lat' dir='ltr'>alter</span> <span class='ocrx_word' id='word_1_138' title='bbox 817 1952 1022 2008; x_wconf 87' lang='lat' dir='ltr'>asellus</span> <span class='ocrx_word' id='word_1_139' title='bbox 1049 1950 1232 2006; x_wconf 88' lang='lat' dir='ltr'>ferens</span> <span class='ocrx_word' id='word_1_140' title='bbox 1270 1949 1677 2022; x_wconf 87' lang='lat' dir='ltr'>presbyterum,</span> <span class='ocrx_word' id='word_1_141' title='bbox 1704 1947 1834 2002; x_wconf 91' lang='lat' dir='ltr'>licet</span> 
     </span>
    </p>
   </div>
   <div class='ocr_carea' id='block_1_22' title="bbox 211 2038 1835 2110">
    <p class='ocr_par' dir='ltr' id='par_1_22' title="bbox 211 2038 1835 2110">
     <span class='ocr_line' id='line_1_22' title="bbox 211 2038 1835 2110; baseline -0.002 -16"><span class='ocrx_word' id='word_1_142' title='bbox 211 2039 384 2094; x_wconf 89' lang='lat' dir='ltr'>undis</span> <span class='ocrx_word' id='word_1_143' title='bbox 405 2055 552 2110; x_wconf 90' lang='lat' dir='ltr'>pene</span> <span class='ocrx_word' id='word_1_144' title='bbox 594 2040 879 2095; x_wconf 87' lang='lat' dir='ltr'>videretur</span> <span class='ocrx_word' id='word_1_145' title='bbox 915 2041 1230 2108; x_wconf 89' lang='lat' dir='ltr'>immersus,</span> <span class='ocrx_word' id='word_1_146' title='bbox 1262 2041 1481 2096; x_wconf 91' lang='lat' dir='ltr'>transiit</span> <span class='ocrx_word' id='word_1_147' title='bbox 1511 2047 1695 2096; x_wconf 91' lang='lat' dir='ltr'>tamen</span> <span class='ocrx_word' id='word_1_148' title='bbox 1726 2038 1835 2092; x_wconf 89' lang='lat' dir='ltr'>ﬂu-</span> 
     </span>
    </p>
   </div>
   <div class='ocr_carea' id='block_1_23' title="bbox 212 2130 1838 2204">
    <p class='ocr_par' dir='ltr' id='par_1_23' title="bbox 212 2130 1838 2204">
     <span class='ocr_line' id='line_1_23' title="bbox 212 2130 1838 2204; baseline -0.001 -19"><span class='ocrx_word' id='word_1_149' title='bbox 212 2132 393 2195; x_wconf 74' lang='lat' dir='ltr'>vium,</span> <span class='ocrx_word' id='word_1_150' title='bbox 423 2147 548 2187; x_wconf 92' lang='lat' dir='ltr'>cum</span> <span class='ocrx_word' id='word_1_151' title='bbox 580 2133 751 2186; x_wconf 88' lang='lat' dir='ltr'>latera</span> <span class='ocrx_word' id='word_1_152' title='bbox 811 2131 1071 2188; x_wconf 92' lang='lat' dir='ltr'>ﬂuctibus</span> <span class='ocrx_word' id='word_1_153' title='bbox 1108 2147 1222 2188; x_wconf 90' lang='lat' dir='ltr'>non</span> <span class='ocrx_word' id='word_1_154' title='bbox 1249 2132 1483 2188; x_wconf 89' lang='lat' dir='ltr'>tinxisse</span> <span class='ocrx_word' id='word_1_155' title='bbox 1512 2130 1838 2204; x_wconf 89' lang='lat' dir='ltr'>probaretur</span> 
     </span>
    </p>
   </div>
   <div class='ocr_carea' id='block_1_24' title="bbox 215 2220 1837 2292">
    <p class='ocr_par' dir='ltr' id='par_1_24' title="bbox 215 2220 1837 2292">
     <span class='ocr_line' id='line_1_24' title="bbox 215 2220 1837 2292; baseline 0.001 -18"><span class='ocrx_word' id='word_1_156' title='bbox 215 2221 349 2275; x_wconf 87' lang='lat' dir='ltr'>almi</span> <span class='ocrx_word' id='word_1_157' title='bbox 381 2221 635 2292; x_wconf 86' lang='lat' dir='ltr'>pignoris</span> <span class='ocrx_word' id='word_1_158' title='bbox 692 2221 930 2289; x_wconf 88' lang='lat' dir='ltr'>bajulus.</span> <span class='ocrx_word' id='word_1_159' title='bbox 986 2222 1121 2277; x_wconf 87' lang='lat' dir='ltr'>Item</span> <span class='ocrx_word' id='word_1_160' title='bbox 1169 2222 1298 2276; x_wconf 94' lang='lat' dir='ltr'>dum</span> <span class='ocrx_word' id='word_1_161' title='bbox 1326 2229 1590 2292; x_wconf 90' lang='lat' dir='ltr'>superant</span> <span class='ocrx_word' id='word_1_162' title='bbox 1618 2220 1837 2292; x_wconf 85' lang='lat' dir='ltr'>Alpium</span> 
     </span>
    </p>
   </div>
   <div class='ocr_carea' id='block_1_25' title="bbox 208 2305 1839 2388">
    <p class='ocr_par' dir='ltr' id='par_1_25' title="bbox 208 2305 1839 2388">
     <span class='ocr_line' id='line_1_25' title="bbox 208 2305 1839 2388; baseline -0.001 -20"><span class='ocrx_word' id='word_1_163' title='bbox 208 2314 347 2388; x_wconf 87' lang='lat' dir='ltr'>juga</span> <span class='ocrx_word' id='word_1_164' title='bbox 381 2314 637 2385; x_wconf 62' lang='lat' dir='ltr'>quaedam</span> <span class='ocrx_word' id='word_1_165' title='bbox 669 2329 856 2369; x_wconf 91' lang='lat' dir='ltr'>comes</span> <span class='ocrx_word' id='word_1_166' title='bbox 878 2314 1044 2384; x_wconf 84' lang='lat' dir='ltr'>hujus</span> <span class='ocrx_word' id='word_1_167' title='bbox 1061 2314 1279 2370; x_wconf 89' lang='lat' dir='ltr'>itineris</span> <span class='ocrx_word' id='word_1_168' title='bbox 1299 2313 1483 2385; x_wconf 89' lang='lat' dir='ltr'>puella</span> <span class='ocrx_word' id='word_1_169' title='bbox 1513 2305 1571 2367; x_wconf 87' lang='lat' dir='ltr'>in</span> <span class='ocrx_word' id='word_1_170' title='bbox 1594 2328 1839 2384; x_wconf 57' lang='lat' dir='ltr'>praeceps</span> 
     </span>
    </p>
   </div>
   <div class='ocr_carea' id='block_1_26' title="bbox 213 2401 1841 2472">
    <p class='ocr_par' dir='ltr' id='par_1_26' title="bbox 213 2401 1841 2472">
     <span class='ocr_line' id='line_1_26' title="bbox 213 2401 1841 2472; baseline -0.001 -16"><span class='ocrx_word' id='word_1_171' title='bbox 213 2402 426 2457; x_wconf 86' lang='lat' dir='ltr'>labitur</span> <span class='ocrx_word' id='word_1_172' title='bbox 483 2409 623 2457; x_wconf 88' lang='lat' dir='ltr'>acta.</span> <span class='ocrx_word' id='word_1_173' title='bbox 681 2403 810 2468; x_wconf 63' lang='lat' dir='ltr'>Quae</span> <span class='ocrx_word' id='word_1_174' title='bbox 857 2402 989 2457; x_wconf 90' lang='lat' dir='ltr'>dum</span> <span class='ocrx_word' id='word_1_175' title='bbox 1035 2402 1428 2458; x_wconf 88' lang='lat' dir='ltr'>miserabiliter</span> <span class='ocrx_word' id='word_1_176' title='bbox 1465 2401 1703 2457; x_wconf 88' lang='lat' dir='ltr'>volvitur</span> <span class='ocrx_word' id='word_1_177' title='bbox 1741 2417 1841 2472; x_wconf 92' lang='lat' dir='ltr'>per</span> 
     </span>
    </p>
   </div>
   <div class='ocr_carea' id='block_1_27' title="bbox 217 2493 1842 2568">
    <p class='ocr_par' dir='ltr' id='par_1_27' title="bbox 217 2493 1842 2568">
     <span class='ocr_line' id='line_1_27' title="bbox 217 2493 1842 2568; baseline 0.001 -21"><span class='ocrx_word' id='word_1_178' title='bbox 217 2494 455 2557; x_wconf 86' lang='lat' dir='ltr'>devexa,</span> <span class='ocrx_word' id='word_1_179' title='bbox 507 2494 644 2549; x_wconf 89' lang='lat' dir='ltr'>socii</span> <span class='ocrx_word' id='word_1_180' title='bbox 695 2493 870 2548; x_wconf 71' lang='lat' dir='ltr'>beatae</span> <span class='ocrx_word' id='word_1_181' title='bbox 900 2494 1104 2568; x_wconf 71' lang='lat' dir='ltr'>reginae</span> <span class='ocrx_word' id='word_1_182' title='bbox 1136 2495 1540 2566; x_wconf 88' lang='lat' dir='ltr'>proclamantes</span> <span class='ocrx_word' id='word_1_183' title='bbox 1571 2500 1842 2564; x_wconf 87' lang='lat' dir='ltr'>expetunt</span> 
     </span>
    </p>
   </div>
   <div class='ocr_carea' id='block_1_28' title="bbox 216 2585 1840 2659">
    <p class='ocr_par' dir='ltr' id='par_1_28' title="bbox 216 2585 1840 2659">
     <span class='ocr_line' id='line_1_28' title="bbox 216 2585 1840 2659; baseline 0 -18"><span class='ocrx_word' id='word_1_184' title='bbox 216 2587 535 2657; x_wconf 88' lang='lat' dir='ltr'>patrocinia</span> <span class='ocrx_word' id='word_1_185' title='bbox 570 2604 583 2640; x_wconf 92' lang='lat'>:</span> <span class='ocrx_word' id='word_1_186' title='bbox 616 2603 741 2642; x_wconf 90' lang='lat' dir='ltr'>cum</span> <span class='ocrx_word' id='word_1_187' title='bbox 783 2587 970 2642; x_wconf 92' lang='lat' dir='ltr'>subito</span> <span class='ocrx_word' id='word_1_188' title='bbox 1014 2587 1070 2642; x_wconf 94' lang='lat' dir='ltr'>in</span> <span class='ocrx_word' id='word_1_189' title='bbox 1109 2594 1386 2659; x_wconf 69' lang='lat' dir='ltr'>praerupto</span> <span class='ocrx_word' id='word_1_190' title='bbox 1430 2585 1635 2642; x_wconf 91' lang='lat' dir='ltr'>montis</span> <span class='ocrx_word' id='word_1_191' title='bbox 1681 2585 1840 2641; x_wconf 77' lang='lat' dir='ltr'>haesit</span> 
     </span>
    </p>
   </div>
   <div class='ocr_carea' id='block_1_29' title="bbox 217 2673 1843 2746">
    <p class='ocr_par' dir='ltr' id='par_1_29' title="bbox 217 2673 1843 2746">
     <span class='ocr_line' id='line_1_29' title="bbox 217 2673 1843 2746; baseline 0 -18"><span class='ocrx_word' id='word_1_192' title='bbox 217 2674 396 2728; x_wconf 86' lang='lat' dir='ltr'>latere</span> <span class='ocrx_word' id='word_1_193' title='bbox 416 2673 648 2745; x_wconf 90' lang='lat' dir='ltr'>delapsa</span> <span class='ocrx_word' id='word_1_194' title='bbox 680 2692 695 2739; x_wconf 87' lang='lat'><strong>;</strong></span> <span class='ocrx_word' id='word_1_195' title='bbox 726 2674 921 2746; x_wconf 87' lang='lat' dir='ltr'>sicque</span> <span class='ocrx_word' id='word_1_196' title='bbox 963 2673 1220 2729; x_wconf 88' lang='lat' dir='ltr'>demissis</span> <span class='ocrx_word' id='word_1_197' title='bbox 1272 2674 1515 2730; x_wconf 87' lang='lat' dir='ltr'>fasciolis</span> <span class='ocrx_word' id='word_1_198' title='bbox 1546 2673 1843 2729; x_wconf 86' lang='lat' dir='ltr'>retrahitur</span> 
     </span>
    </p>
   </div>
   <div class='ocr_carea' id='block_1_30' title="bbox 218 2765 1840 2836">
    <p class='ocr_par' dir='ltr' id='par_1_30' title="bbox 218 2765 1840 2836">
     <span class='ocr_line' id='line_1_30' title="bbox 218 2765 1840 2836; baseline 0.001 -17"><span class='ocrx_word' id='word_1_199' title='bbox 218 2765 527 2820; x_wconf 89' lang='lat' dir='ltr'>incolumis</span> <span class='ocrx_word' id='word_1_200' title='bbox 551 2766 620 2820; x_wconf 91' lang='lat' dir='ltr'>ad</span> <span class='ocrx_word' id='word_1_201' title='bbox 649 2765 953 2836; x_wconf 88' lang='lat' dir='ltr'>superiora,</span> <span class='ocrx_word' id='word_1_202' title='bbox 985 2765 1213 2835; x_wconf 92' lang='lat' dir='ltr'>nullam,</span> <span class='ocrx_word' id='word_1_203' title='bbox 1244 2782 1347 2821; x_wconf 92' lang='lat' dir='ltr'>ceu</span> <span class='ocrx_word' id='word_1_204' title='bbox 1374 2767 1552 2821; x_wconf 87' lang='lat' dir='ltr'>visum</span> <span class='ocrx_word' id='word_1_205' title='bbox 1595 2765 1704 2820; x_wconf 90' lang='lat' dir='ltr'>sibi</span> <span class='ocrx_word' id='word_1_206' title='bbox 1736 2773 1840 2832; x_wconf 88' lang='lat' dir='ltr'>est,</span> 
     </span>
    </p>
   </div>
   <div class='ocr_carea' id='block_1_31' title="bbox 219 2853 1846 2926">
    <p class='ocr_par' dir='ltr' id='par_1_31' title="bbox 219 2853 1846 2926">
     <span class='ocr_line' id='line_1_31' title="bbox 219 2853 1846 2926; baseline 0.002 -19"><span class='ocrx_word' id='word_1_207' title='bbox 219 2853 514 2908; x_wconf 55' lang='lat' dir='ltr'>laesionem</span> <span class='ocrx_word' id='word_1_208' title='bbox 545 2870 828 2924; x_wconf 89' lang='lat' dir='ltr'>perpessa.</span> <span class='ocrx_word' id='word_1_209' title='bbox 855 2855 1066 2920; x_wconf 84' lang='lat' dir='ltr'>Quibus</span> <span class='ocrx_word' id='word_1_210' title='bbox 1111 2855 1412 2926; x_wconf 90' lang='lat' dir='ltr'>compertis</span> <span class='ocrx_word' id='word_1_211' title='bbox 1453 2855 1705 2910; x_wconf 93' lang='lat' dir='ltr'>nonnulli</span> <span class='ocrx_word' id='word_1_212' title='bbox 1738 2855 1846 2910; x_wconf 93' lang='lat' dir='ltr'>mi-</span> 
     </span>
    </p>
   </div>
   <div class='ocr_carea' id='block_1_32' title="bbox 222 2945 1839 3017">
    <p class='ocr_par' dir='ltr' id='par_1_32' title="bbox 222 2945 1839 3017">
     <span class='ocr_line' id='line_1_32' title="bbox 222 2945 1839 3017; baseline 0.002 -17"><span class='ocrx_word' id='word_1_213' title='bbox 222 2946 455 3012; x_wconf 88' lang='lat' dir='ltr'>raculis,</span> <span class='ocrx_word' id='word_1_214' title='bbox 490 2945 747 3002; x_wconf 87' lang='lat' dir='ltr'>devotius</span> <span class='ocrx_word' id='word_1_215' title='bbox 787 2948 952 3017; x_wconf 85' lang='lat' dir='ltr'>hujus</span> <span class='ocrx_word' id='word_1_216' title='bbox 996 2947 1186 3003; x_wconf 90' lang='lat' dir='ltr'>oneris</span> <span class='ocrx_word' id='word_1_217' title='bbox 1230 2947 1638 3002; x_wconf 87' lang='lat' dir='ltr'>famulabantur</span> <span class='ocrx_word' id='word_1_218' title='bbox 1681 2947 1839 3003; x_wconf 89' lang='lat' dir='ltr'>obse-</span> 
     </span>
    </p>
   </div>
   <div class='ocr_carea' id='block_1_33' title="bbox 220 3038 1847 3114">
    <p class='ocr_par' dir='ltr' id='par_1_33' title="bbox 220 3038 1847 3114">
     <span class='ocr_line' id='line_1_33' title="bbox 220 3038 1847 3114; baseline 0.001 -21"><span class='ocrx_word' id='word_1_219' title='bbox 220 3038 396 3110; x_wconf 85' lang='lat' dir='ltr'>quiis.</span> <span class='ocrx_word' id='word_1_220' title='bbox 418 3039 571 3093; x_wconf 90' lang='lat' dir='ltr'>lnter</span> <span class='ocrx_word' id='word_1_221' title='bbox 598 3055 737 3110; x_wconf 93' lang='lat' dir='ltr'>quos</span> <span class='ocrx_word' id='word_1_222' title='bbox 767 3056 911 3112; x_wconf 91' lang='lat' dir='ltr'>equo</span> <span class='ocrx_word' id='word_1_223' title='bbox 924 3040 1148 3113; x_wconf 90' lang='lat' dir='ltr'>quidam</span> <span class='ocrx_word' id='word_1_224' title='bbox 1165 3040 1455 3107; x_wconf 89' lang='lat' dir='ltr'>desiliens,</span> <span class='ocrx_word' id='word_1_225' title='bbox 1478 3040 1847 3114; x_wconf 76' lang='lat' dir='ltr'>beatasuper-</span> 
     </span>
    </p>
   </div>
   <div class='ocr_carea' id='block_1_34' title="bbox 1914 503 3525 575">
    <p class='ocr_par' dir='ltr' id='par_1_34' title="bbox 1914 503 3525 575">
     <span class='ocr_line' id='line_1_34' title="bbox 1914 503 3525 575; baseline 0.004 -17"><span class='ocrx_word' id='word_1_226' title='bbox 1914 503 2098 575; x_wconf 91' lang='lat' dir='ltr'>posito</span> <span class='ocrx_word' id='word_1_227' title='bbox 2127 519 2378 568; x_wconf 87' lang='lat' dir='ltr'>munere,</span> <span class='ocrx_word' id='word_1_228' title='bbox 2404 503 2628 575; x_wconf 89' lang='lat' dir='ltr'>quidam</span> <span class='ocrx_word' id='word_1_229' title='bbox 2660 504 2934 562; x_wconf 89' lang='lat' dir='ltr'>lunaticus</span> <span class='ocrx_word' id='word_1_230' title='bbox 2953 507 3204 563; x_wconf 89' lang='lat' dir='ltr'>eamdem</span> <span class='ocrx_word' id='word_1_231' title='bbox 3237 507 3525 566; x_wconf 88' lang='lat' dir='ltr'>basilicam</span> 
     </span>
    </p>
   </div>
   <div class='ocr_carea' id='block_1_35' title="bbox 1914 595 3526 670">
    <p class='ocr_par' dir='ltr' id='par_1_35' title="bbox 1914 595 3526 670">
     <span class='ocr_line' id='line_1_35' title="bbox 1914 595 3526 670; baseline 0.004 -21"><span class='ocrx_word' id='word_1_232' title='bbox 1914 603 1998 650; x_wconf 91' lang='lat' dir='ltr'>est</span> <span class='ocrx_word' id='word_1_233' title='bbox 2019 595 2322 670; x_wconf 90' lang='lat' dir='ltr'>ingressus.</span> <span class='ocrx_word' id='word_1_234' title='bbox 2361 595 2493 650; x_wconf 88' lang='lat' dir='ltr'>Tum</span> <span class='ocrx_word' id='word_1_235' title='bbox 2520 595 2820 652; x_wconf 91' lang='lat' dir='ltr'>novissime</span> <span class='ocrx_word' id='word_1_236' title='bbox 2869 607 3116 666; x_wconf 86' lang='lat' dir='ltr'>vexatus,</span> <span class='ocrx_word' id='word_1_237' title='bbox 3149 599 3346 656; x_wconf 92' lang='lat' dir='ltr'>merita</span> <span class='ocrx_word' id='word_1_238' title='bbox 3382 601 3526 656; x_wconf 92' lang='lat' dir='ltr'>bea-</span> 
     </span>
    </p>
   </div>
   <div class='ocr_carea' id='block_1_36' title="bbox 1915 683 3532 762">
    <p class='ocr_par' dir='ltr' id='par_1_36' title="bbox 1915 683 3532 762">
     <span class='ocr_line' id='line_1_36' title="bbox 1915 683 3532 762; baseline 0.004 -23"><span class='ocrx_word' id='word_1_239' title='bbox 1915 683 2140 739; x_wconf 84' lang='lat' dir='ltr'>tissimae</span> <span class='ocrx_word' id='word_1_240' title='bbox 2162 685 2480 756; x_wconf 88' lang='lat' dir='ltr'>petentibus</span> <span class='ocrx_word' id='word_1_241' title='bbox 2509 685 2724 741; x_wconf 90' lang='lat' dir='ltr'>cunctis</span> <span class='ocrx_word' id='word_1_242' title='bbox 2754 685 3076 756; x_wconf 90' lang='lat' dir='ltr'>plenissime</span> <span class='ocrx_word' id='word_1_243' title='bbox 3096 689 3407 762; x_wconf 90' lang='lat' dir='ltr'>regreditur</span> <span class='ocrx_word' id='word_1_244' title='bbox 3428 691 3532 744; x_wconf 85' lang='lat' dir='ltr'>ab-</span> 
     </span>
    </p>
   </div>
   <div class='ocr_carea' id='block_1_37' title="bbox 1915 775 3528 850">
    <p class='ocr_par' dir='ltr' id='par_1_37' title="bbox 1915 775 3528 850">
     <span class='ocr_line' id='line_1_37' title="bbox 1915 775 3528 850; baseline 0.004 -20"><span class='ocrx_word' id='word_1_245' title='bbox 1915 775 2146 843; x_wconf 90' lang='lat' dir='ltr'>solutus,</span> <span class='ocrx_word' id='word_1_246' title='bbox 2179 775 2396 850; x_wconf 87' lang='lat' dir='ltr'>integra</span> <span class='ocrx_word' id='word_1_247' title='bbox 2415 776 2629 833; x_wconf 91' lang='lat' dir='ltr'>scilicet</span> <span class='ocrx_word' id='word_1_248' title='bbox 2648 779 2913 850; x_wconf 90' lang='lat' dir='ltr'>sospitate</span> <span class='ocrx_word' id='word_1_249' title='bbox 2954 779 3206 835; x_wconf 90' lang='lat' dir='ltr'>donatus.</span> <span class='ocrx_word' id='word_1_250' title='bbox 3245 782 3302 835; x_wconf 89' lang='lat' dir='ltr'>In</span> <span class='ocrx_word' id='word_1_251' title='bbox 3335 782 3528 836; x_wconf 90' lang='lat' dir='ltr'>eadem</span> 
     </span>
    </p>
   </div>
   <div class='ocr_carea' id='block_1_38' title="bbox 1914 865 3534 943">
    <p class='ocr_par' dir='ltr' id='par_1_38' title="bbox 1914 865 3534 943">
     <span class='ocr_line' id='line_1_38' title="bbox 1914 865 3534 943; baseline 0.003 -22"><span class='ocrx_word' id='word_1_252' title='bbox 1914 865 2044 921; x_wconf 92' lang='lat' dir='ltr'>villa</span> <span class='ocrx_word' id='word_1_253' title='bbox 2074 865 2299 938; x_wconf 89' lang='lat' dir='ltr'>quidam</span> <span class='ocrx_word' id='word_1_254' title='bbox 2348 865 2544 922; x_wconf 90' lang='lat' dir='ltr'>morbo</span> <span class='ocrx_word' id='word_1_255' title='bbox 2602 867 2822 923; x_wconf 90' lang='lat' dir='ltr'>attritus</span> <span class='ocrx_word' id='word_1_256' title='bbox 2845 939 2858 943; x_wconf 86' lang='lat'>_</span> <span class='ocrx_word' id='word_1_257' title='bbox 2879 867 2984 923; x_wconf 90' lang='lat' dir='ltr'>tria</span> <span class='ocrx_word' id='word_1_258' title='bbox 3014 868 3246 942; x_wconf 89' lang='lat' dir='ltr'>grabato</span> <span class='ocrx_word' id='word_1_259' title='bbox 3278 879 3534 943; x_wconf 86' lang='lat' dir='ltr'>exegerat</span> 
     </span>
    </p>
   </div>
   <div class='ocr_carea' id='block_1_39' title="bbox 1917 939 3531 1036">
    <p class='ocr_par' dir='ltr' id='par_1_39' title="bbox 1917 939 3531 1036">
     <span class='ocr_line' id='line_1_39' title="bbox 1917 939 3531 1036; baseline 0.004 -23"><span class='ocrx_word' id='word_1_260' title='bbox 1917 957 2111 1027; x_wconf 87' lang='lat' dir='ltr'>lustra,</span> <span class='ocrx_word' id='word_1_261' title='bbox 2143 974 2307 1014; x_wconf 91' lang='lat' dir='ltr'>carne</span> <span class='ocrx_word' id='word_1_262' title='bbox 2329 959 2443 1029; x_wconf 90' lang='lat' dir='ltr'>jam</span> <span class='ocrx_word' id='word_1_263' title='bbox 2475 959 2552 1014; x_wconf 89' lang='lat' dir='ltr'>ita</span> <span class='ocrx_word' id='word_1_264' title='bbox 2577 939 2885 1032; x_wconf 64' lang='lat' dir='ltr'>putrefacta</span> <span class='ocrx_word' id='word_1_265' title='bbox 2915 967 2976 1017; x_wconf 95' lang='lat' dir='ltr'>ut</span> <span class='ocrx_word' id='word_1_266' title='bbox 3004 939 3200 1036; x_wconf 63' lang='lat' dir='ltr'>viginti</span> <span class='ocrx_word' id='word_1_267' title='bbox 3225 963 3328 1018; x_wconf 89' lang='lat' dir='ltr'>tria</span> <span class='ocrx_word' id='word_1_268' title='bbox 3354 939 3531 1019; x_wconf 36' lang='lat' dir='ltr'>eﬂcor-</span> 
     </span>
    </p>
   </div>
   <div class='ocr_carea' id='block_1_40' title="bbox 1920 1051 3537 1128">
    <p class='ocr_par' dir='ltr' id='par_1_40' title="bbox 1920 1051 3537 1128">
     <span class='ocr_line' id='line_1_40' title="bbox 1920 1051 3537 1128; baseline 0.003 -22"><span class='ocrx_word' id='word_1_269' title='bbox 1920 1067 2055 1122; x_wconf 91' lang='lat' dir='ltr'>pore</span> <span class='ocrx_word' id='word_1_270' title='bbox 2078 1051 2255 1122; x_wconf 91' lang='lat' dir='ltr'>ipsius</span> <span class='ocrx_word' id='word_1_271' title='bbox 2292 1051 2558 1108; x_wconf 91' lang='lat' dir='ltr'>cecidisse</span> <span class='ocrx_word' id='word_1_272' title='bbox 2589 1051 2795 1109; x_wconf 87' lang='lat' dir='ltr'>feratur</span> <span class='ocrx_word' id='word_1_273' title='bbox 2814 1068 2939 1110; x_wconf 89' lang='lat' dir='ltr'>ossa</span> <span class='ocrx_word' id='word_1_274' title='bbox 2965 1070 2978 1108; x_wconf 94' lang='lat'><strong>:</strong></span> <span class='ocrx_word' id='word_1_275' title='bbox 3003 1053 3096 1126; x_wconf 91' lang='lat' dir='ltr'>qui</span> <span class='ocrx_word' id='word_1_276' title='bbox 3112 1055 3181 1110; x_wconf 90' lang='lat' dir='ltr'>ad</span> <span class='ocrx_word' id='word_1_277' title='bbox 3205 1055 3386 1111; x_wconf 88' lang='lat' dir='ltr'>divam</span> <span class='ocrx_word' id='word_1_278' title='bbox 3405 1071 3537 1128; x_wconf 89' lang='lat' dir='ltr'>per-</span> 
     </span>
    </p>
   </div>
   <div class='ocr_carea' id='block_1_41' title="bbox 1919 1143 3538 1218">
    <p class='ocr_par' dir='ltr' id='par_1_41' title="bbox 1919 1143 3538 1218">
     <span class='ocr_line' id='line_1_41' title="bbox 1919 1143 3538 1218; baseline 0.003 -21"><span class='ocrx_word' id='word_1_279' title='bbox 1919 1143 2064 1198; x_wconf 91' lang='lat' dir='ltr'>latus</span> <span class='ocrx_word' id='word_1_280' title='bbox 2088 1143 2522 1209; x_wconf 90' lang='lat' dir='ltr'>medicatricem,</span> <span class='ocrx_word' id='word_1_281' title='bbox 2551 1145 2755 1202; x_wconf 89' lang='lat' dir='ltr'>virtute</span> <span class='ocrx_word' id='word_1_282' title='bbox 2799 1145 2989 1203; x_wconf 88' lang='lat' dir='ltr'>divina</span> <span class='ocrx_word' id='word_1_283' title='bbox 3011 1154 3254 1215; x_wconf 92' lang='lat' dir='ltr'>erectus,</span> <span class='ocrx_word' id='word_1_284' title='bbox 3283 1155 3538 1218; x_wconf 91' lang='lat' dir='ltr'>stupente</span> 
     </span>
    </p>
   </div>
   <div class='ocr_carea' id='block_1_42' title="bbox 1922 1230 3537 1308">
    <p class='ocr_par' dir='ltr' id='par_1_42' title="bbox 1922 1230 3537 1308">
     <span class='ocr_line' id='line_1_42' title="bbox 1922 1230 3537 1308; baseline 0.002 -21"><span class='ocrx_word' id='word_1_285' title='bbox 1922 1230 2130 1304; x_wconf 87' lang='lat' dir='ltr'>populo</span> <span class='ocrx_word' id='word_1_286' title='bbox 2157 1231 2406 1286; x_wconf 90' lang='lat' dir='ltr'>redditur</span> <span class='ocrx_word' id='word_1_287' title='bbox 2434 1247 2602 1288; x_wconf 90' lang='lat' dir='ltr'>sanus</span> <span class='ocrx_word' id='word_1_288' title='bbox 2661 1233 2918 1299; x_wconf 84' lang='lat' dir='ltr'>Quaedam</span> <span class='ocrx_word' id='word_1_289' title='bbox 2949 1250 3173 1308; x_wconf 88' lang='lat' dir='ltr'>quoque</span> <span class='ocrx_word' id='word_1_290' title='bbox 3206 1236 3410 1306; x_wconf 90' lang='lat' dir='ltr'>puella,</span> <span class='ocrx_word' id='word_1_291' title='bbox 3435 1251 3537 1291; x_wconf 85' lang='lat' dir='ltr'>no-</span> 
     </span>
    </p>
   </div>
   <div class='ocr_carea' id='block_1_43' title="bbox 1924 1320 3541 1396">
    <p class='ocr_par' dir='ltr' id='par_1_43' title="bbox 1924 1320 3541 1396">
     <span class='ocr_line' id='line_1_43' title="bbox 1924 1320 3541 1396; baseline 0.002 -22"><span class='ocrx_word' id='word_1_292' title='bbox 1924 1321 2074 1375; x_wconf 91' lang='lat' dir='ltr'>mine</span> <span class='ocrx_word' id='word_1_293' title='bbox 2105 1322 2265 1386; x_wconf 89' lang='lat' dir='ltr'>Bava,</span> <span class='ocrx_word' id='word_1_294' title='bbox 2293 1320 2532 1392; x_wconf 84' lang='lat' dir='ltr'>genibus</span> <span class='ocrx_word' id='word_1_295' title='bbox 2551 1328 2783 1380; x_wconf 87' lang='lat' dir='ltr'>attracta</span> <span class='ocrx_word' id='word_1_296' title='bbox 2824 1339 3045 1395; x_wconf 87' lang='lat' dir='ltr'>repens,</span> <span class='ocrx_word' id='word_1_297' title='bbox 3079 1332 3272 1396; x_wconf 91' lang='lat' dir='ltr'>utpote</span> <span class='ocrx_word' id='word_1_298' title='bbox 3305 1332 3541 1396; x_wconf 89' lang='lat' dir='ltr'>utroque</span> 
     </span>
    </p>
   </div>
   <div class='ocr_carea' id='block_1_44' title="bbox 1926 1409 3544 1481">
    <p class='ocr_par' dir='ltr' id='par_1_44' title="bbox 1926 1409 3544 1481">
     <span class='ocr_line' id='line_1_44' title="bbox 1926 1409 3544 1481; baseline 0.002 -17"><span class='ocrx_word' id='word_1_299' title='bbox 1926 1409 2137 1481; x_wconf 90' lang='lat' dir='ltr'>poplite</span> <span class='ocrx_word' id='word_1_300' title='bbox 2171 1417 2454 1466; x_wconf 91' lang='lat' dir='ltr'>contracto</span> <span class='ocrx_word' id='word_1_301' title='bbox 2474 1409 2666 1465; x_wconf 92' lang='lat' dir='ltr'>matris</span> <span class='ocrx_word' id='word_1_302' title='bbox 2681 1427 2747 1466; x_wconf 89' lang='lat' dir='ltr'>ex</span> <span class='ocrx_word' id='word_1_303' title='bbox 2773 1420 2950 1477; x_wconf 92' lang='lat' dir='ltr'>utero,</span> <span class='ocrx_word' id='word_1_304' title='bbox 2965 1412 3195 1468; x_wconf 89' lang='lat' dir='ltr'>basibus</span> <span class='ocrx_word' id='word_1_305' title='bbox 3218 1413 3309 1469; x_wconf 92' lang='lat' dir='ltr'>hic</span> <span class='ocrx_word' id='word_1_306' title='bbox 3338 1412 3544 1468; x_wconf 87' lang='lat' dir='ltr'>solida-</span> 
     </span>
    </p>
   </div>
   <div class='ocr_carea' id='block_1_45' title="bbox 1925 1497 3544 1574">
    <p class='ocr_par' dir='ltr' id='par_1_45' title="bbox 1925 1497 3544 1574">
     <span class='ocr_line' id='line_1_45' title="bbox 1925 1497 3544 1574; baseline 0.002 -22"><span class='ocrx_word' id='word_1_307' title='bbox 1925 1497 2016 1564; x_wconf 90' lang='lat' dir='ltr'>tis,</span> <span class='ocrx_word' id='word_1_308' title='bbox 2049 1503 2199 1553; x_wconf 89' lang='lat' dir='ltr'>recto</span> <span class='ocrx_word' id='word_1_309' title='bbox 2221 1499 2450 1554; x_wconf 89' lang='lat' dir='ltr'>recessit</span> <span class='ocrx_word' id='word_1_310' title='bbox 2477 1499 2734 1574; x_wconf 90' lang='lat' dir='ltr'>vestigio,</span> <span class='ocrx_word' id='word_1_311' title='bbox 2787 1517 3022 1573; x_wconf 65' lang='lat' dir='ltr'>quaaque</span> <span class='ocrx_word' id='word_1_312' title='bbox 3053 1501 3404 1573; x_wconf 89' lang='lat' dir='ltr'>postmodum</span> <span class='ocrx_word' id='word_1_313' title='bbox 3437 1501 3544 1556; x_wconf 81' lang='lat' dir='ltr'>Re-</span> 
     </span>
    </p>
   </div>
   <div class='ocr_carea' id='block_1_46' title="bbox 1929 1590 3544 1666">
    <p class='ocr_par' dir='ltr' id='par_1_46' title="bbox 1929 1590 3544 1666">
     <span class='ocr_line' id='line_1_46' title="bbox 1929 1590 3544 1666; baseline 0.002 -22"><span class='ocrx_word' id='word_1_314' title='bbox 1929 1591 2035 1645; x_wconf 90' lang='lat' dir='ltr'>mis</span> <span class='ocrx_word' id='word_1_315' title='bbox 2064 1590 2121 1644; x_wconf 94' lang='lat' dir='ltr'>in</span> <span class='ocrx_word' id='word_1_316' title='bbox 2151 1599 2343 1646; x_wconf 90' lang='lat' dir='ltr'>sancto</span> <span class='ocrx_word' id='word_1_317' title='bbox 2392 1592 2695 1663; x_wconf 90' lang='lat' dir='ltr'>permansit</span> <span class='ocrx_word' id='word_1_318' title='bbox 2723 1593 3031 1664; x_wconf 90' lang='lat' dir='ltr'>proposito.</span> <span class='ocrx_word' id='word_1_319' title='bbox 3065 1593 3288 1650; x_wconf 85' lang='lat' dir='ltr'>Accedit</span> <span class='ocrx_word' id='word_1_320' title='bbox 3323 1609 3544 1666; x_wconf 87' lang='lat' dir='ltr'>quoque</span> 
     </span>
    </p>
   </div>
   <div class='ocr_carea' id='block_1_47' title="bbox 1938 1678 3545 1756">
    <p class='ocr_par' dir='ltr' id='par_1_47' title="bbox 1938 1678 3545 1756">
     <span class='ocr_line' id='line_1_47' title="bbox 1938 1678 3545 1756; baseline 0.002 -24"><span class='ocrx_word' id='word_1_321' title='bbox 1938 1678 2161 1745; x_wconf 84' lang='lat' dir='ltr'>femina,</span> <span class='ocrx_word' id='word_1_322' title='bbox 2193 1696 2316 1751; x_wconf 63' lang='lat' dir='ltr'>quae</span> <span class='ocrx_word' id='word_1_323' title='bbox 2363 1679 2600 1751; x_wconf 87' lang='lat' dir='ltr'>paralysi</span> <span class='ocrx_word' id='word_1_324' title='bbox 2632 1682 2870 1736; x_wconf 92' lang='lat' dir='ltr'>resoluta</span> <span class='ocrx_word' id='word_1_325' title='bbox 2912 1681 3116 1756; x_wconf 64' lang='lat' dir='ltr'>lingua:</span> <span class='ocrx_word' id='word_1_326' title='bbox 3147 1681 3370 1753; x_wconf 92' lang='lat' dir='ltr'>penitus</span> <span class='ocrx_word' id='word_1_327' title='bbox 3401 1681 3545 1735; x_wconf 90' lang='lat' dir='ltr'>ami-</span> 
     </span>
    </p>
   </div>
   <div class='ocr_carea' id='block_1_48' title="bbox 1935 1765 3550 1840">
    <p class='ocr_par' dir='ltr' id='par_1_48' title="bbox 1935 1765 3550 1840">
     <span class='ocr_line' id='line_1_48' title="bbox 1935 1765 3550 1840; baseline 0.001 -19"><span class='ocrx_word' id='word_1_328' title='bbox 1935 1773 2083 1821; x_wconf 87' lang='lat' dir='ltr'>serat</span> <span class='ocrx_word' id='word_1_329' title='bbox 2135 1765 2340 1832; x_wconf 84' lang='lat' dir='ltr'>ofﬁcia,</span> <span class='ocrx_word' id='word_1_330' title='bbox 2395 1767 2645 1840; x_wconf 87' lang='lat' dir='ltr'>laxisque</span> <span class='ocrx_word' id='word_1_331' title='bbox 2700 1769 2906 1836; x_wconf 89' lang='lat' dir='ltr'>nervis,</span> <span class='ocrx_word' id='word_1_332' title='bbox 2975 1769 3181 1824; x_wconf 74' lang='lat' dir='ltr'>dextrae</span> <span class='ocrx_word' id='word_1_333' title='bbox 3238 1785 3434 1824; x_wconf 91' lang='lat' dir='ltr'>manus</span> <span class='ocrx_word' id='word_1_334' title='bbox 3464 1769 3550 1823; x_wconf 91' lang='lat' dir='ltr'>in-</span> 
     </span>
    </p>
   </div>
   <div class='ocr_carea' id='block_1_49' title="bbox 1931 1857 3550 1929">
    <p class='ocr_par' dir='ltr' id='par_1_49' title="bbox 1931 1857 3550 1929">
     <span class='ocr_line' id='line_1_49' title="bbox 1931 1857 3550 1929; baseline 0.002 -18"><span class='ocrx_word' id='word_1_335' title='bbox 1931 1857 2088 1912; x_wconf 90' lang='lat' dir='ltr'>utilia</span> <span class='ocrx_word' id='word_1_336' title='bbox 2107 1857 2502 1929; x_wconf 88' lang='lat' dir='ltr'>dependebant</span> <span class='ocrx_word' id='word_1_337' title='bbox 2529 1859 2769 1916; x_wconf 89' lang='lat' dir='ltr'>vincula.</span> <span class='ocrx_word' id='word_1_338' title='bbox 2802 1859 2968 1929; x_wconf 89' lang='lat' dir='ltr'>Cujus</span> <span class='ocrx_word' id='word_1_339' title='bbox 2993 1861 3192 1916; x_wconf 88' lang='lat' dir='ltr'>allatus</span> <span class='ocrx_word' id='word_1_340' title='bbox 3230 1861 3287 1915; x_wconf 93' lang='lat' dir='ltr'>in</span> <span class='ocrx_word' id='word_1_341' title='bbox 3320 1875 3550 1916; x_wconf 91' lang='lat' dir='ltr'>munere</span> 
     </span>
    </p>
   </div>
   <div class='ocr_carea' id='block_1_50' title="bbox 1933 1945 3551 2025">
    <p class='ocr_par' dir='ltr' id='par_1_50' title="bbox 1933 1945 3551 2025">
     <span class='ocr_line' id='line_1_50' title="bbox 1933 1945 3551 2025; baseline 0.002 -25"><span class='ocrx_word' id='word_1_342' title='bbox 1933 1945 2214 2013; x_wconf 91' lang='lat' dir='ltr'>linteolus,</span> <span class='ocrx_word' id='word_1_343' title='bbox 2267 1955 2327 2001; x_wconf 92' lang='lat' dir='ltr'>ut</span> <span class='ocrx_word' id='word_1_344' title='bbox 2379 1948 2595 2003; x_wconf 91' lang='lat' dir='ltr'>thecam</span> <span class='ocrx_word' id='word_1_345' title='bbox 2643 1949 2783 2004; x_wconf 89' lang='lat' dir='ltr'>sacri</span> <span class='ocrx_word' id='word_1_346' title='bbox 2832 1950 3066 2025; x_wconf 88' lang='lat' dir='ltr'>contigit</span> <span class='ocrx_word' id='word_1_347' title='bbox 3113 1951 3385 2022; x_wconf 86' lang='lat' dir='ltr'>corporis,</span> <span class='ocrx_word' id='word_1_348' title='bbox 3428 1966 3551 2004; x_wconf 90' lang='lat' dir='ltr'>mu-</span> 
     </span>
    </p>
   </div>
   <div class='ocr_carea' id='block_1_51' title="bbox 1934 2038 3550 2114">
    <p class='ocr_par' dir='ltr' id='par_1_51' title="bbox 1934 2038 3550 2114">
     <span class='ocr_line' id='line_1_51' title="bbox 1934 2038 3550 2114; baseline 0.002 -21"><span class='ocrx_word' id='word_1_349' title='bbox 1934 2038 2037 2094; x_wconf 92' lang='lat' dir='ltr'>lier</span> <span class='ocrx_word' id='word_1_350' title='bbox 2061 2038 2306 2110; x_wconf 69' lang='lat' dir='ltr'>pristina!</span> <span class='ocrx_word' id='word_1_351' title='bbox 2332 2040 2521 2095; x_wconf 91' lang='lat' dir='ltr'>munia</span> <span class='ocrx_word' id='word_1_352' title='bbox 2555 2040 2813 2112; x_wconf 72' lang='lat' dir='ltr'>perfectae</span> <span class='ocrx_word' id='word_1_353' title='bbox 2838 2042 3049 2114; x_wconf 90' lang='lat' dir='ltr'>recepit</span> <span class='ocrx_word' id='word_1_354' title='bbox 3077 2042 3289 2097; x_wconf 90' lang='lat' dir='ltr'>salutis.</span> <span class='ocrx_word' id='word_1_355' title='bbox 3317 2043 3550 2107; x_wconf 87' lang='lat' dir='ltr'>Quidam</span> 
     </span>
    </p>
   </div>
   <div class='ocr_carea' id='block_1_52' title="bbox 1934 2129 3548 2200">
    <p class='ocr_par' dir='ltr' id='par_1_52' title="bbox 1934 2129 3548 2200">
     <span class='ocr_line' id='line_1_52' title="bbox 1934 2129 3548 2200; baseline 0.001 -18"><span class='ocrx_word' id='word_1_356' title='bbox 1934 2129 2136 2183; x_wconf 91' lang='lat' dir='ltr'>surdus</span> <span class='ocrx_word' id='word_1_357' title='bbox 2173 2144 2204 2183; x_wconf 91' lang='lat' dir='ltr'>a</span> <span class='ocrx_word' id='word_1_358' title='bbox 2251 2129 2533 2184; x_wconf 87' lang='lat' dir='ltr'>nativitate</span> <span class='ocrx_word' id='word_1_359' title='bbox 2582 2146 2869 2186; x_wconf 90' lang='lat' dir='ltr'>vervecem</span> <span class='ocrx_word' id='word_1_360' title='bbox 2937 2131 3187 2200; x_wconf 88' lang='lat' dir='ltr'>adduxit,</span> <span class='ocrx_word' id='word_1_361' title='bbox 3255 2130 3548 2186; x_wconf 87' lang='lat' dir='ltr'>ecclesiam</span> 
     </span>
    </p>
   </div>
   <div class='ocr_carea' id='block_1_53' title="bbox 1937 2217 3552 2291">
    <p class='ocr_par' dir='ltr' id='par_1_53' title="bbox 1937 2217 3552 2291">
     <span class='ocr_line' id='line_1_53' title="bbox 1937 2217 3552 2291; baseline 0.001 -19"><span class='ocrx_word' id='word_1_362' title='bbox 1937 2217 2219 2291; x_wconf 89' lang='lat' dir='ltr'>ingressus</span> <span class='ocrx_word' id='word_1_363' title='bbox 2241 2218 2310 2272; x_wconf 88' lang='lat' dir='ltr'>ad</span> <span class='ocrx_word' id='word_1_364' title='bbox 2361 2219 2650 2274; x_wconf 91' lang='lat' dir='ltr'>missarum</span> <span class='ocrx_word' id='word_1_365' title='bbox 2691 2219 2944 2275; x_wconf 90' lang='lat' dir='ltr'>solennia</span> <span class='ocrx_word' id='word_1_366' title='bbox 2967 2220 3140 2275; x_wconf 89' lang='lat' dir='ltr'>stetit.</span> <span class='ocrx_word' id='word_1_367' title='bbox 3177 2220 3242 2275; x_wconf 91' lang='lat' dir='ltr'>Ut</span> <span class='ocrx_word' id='word_1_368' title='bbox 3275 2220 3342 2274; x_wconf 91' lang='lat' dir='ltr'>ad</span> <span class='ocrx_word' id='word_1_369' title='bbox 3379 2235 3552 2274; x_wconf 87' lang='lat' dir='ltr'>evan-</span> 
     </span>
    </p>
   </div>
   <div class='ocr_carea' id='block_1_54' title="bbox 1937 2309 3555 2382">
    <p class='ocr_par' dir='ltr' id='par_1_54' title="bbox 1937 2309 3555 2382">
     <span class='ocr_line' id='line_1_54' title="bbox 1937 2309 3555 2382; baseline 0 -18"><span class='ocrx_word' id='word_1_370' title='bbox 1937 2309 2144 2382; x_wconf 85' lang='lat' dir='ltr'>gelium</span> <span class='ocrx_word' id='word_1_371' title='bbox 2173 2317 2397 2365; x_wconf 87' lang='lat' dir='ltr'>ventum</span> <span class='ocrx_word' id='word_1_372' title='bbox 2455 2320 2540 2364; x_wconf 93' lang='lat' dir='ltr'>est</span> <span class='ocrx_word' id='word_1_373' title='bbox 2580 2311 2942 2372; x_wconf 89' lang='lat' dir='ltr'>recitandum.</span> <span class='ocrx_word' id='word_1_374' title='bbox 2977 2312 3148 2367; x_wconf 89' lang='lat' dir='ltr'>verba</span> <span class='ocrx_word' id='word_1_375' title='bbox 3175 2311 3299 2367; x_wconf 63' lang='lat' dir='ltr'>vitae</span> <span class='ocrx_word' id='word_1_376' title='bbox 3332 2310 3555 2366; x_wconf 91' lang='lat' dir='ltr'>insolita</span> 
     </span>
    </p>
   </div>
   <div class='ocr_carea' id='block_1_55' title="bbox 1938 2401 3558 2476">
    <p class='ocr_par' dir='ltr' id='par_1_55' title="bbox 1938 2401 3558 2476">
     <span class='ocr_line' id='line_1_55' title="bbox 1938 2401 3558 2476; baseline -0.001 -19"><span class='ocrx_word' id='word_1_377' title='bbox 1938 2401 2108 2473; x_wconf 69' lang='lat' dir='ltr'>cmpit</span> <span class='ocrx_word' id='word_1_378' title='bbox 2162 2417 2294 2456; x_wconf 90' lang='lat' dir='ltr'>aure</span> <span class='ocrx_word' id='word_1_379' title='bbox 2361 2402 2651 2472; x_wconf 87' lang='lat' dir='ltr'>percipere</span> <span class='ocrx_word' id='word_1_380' title='bbox 2685 2418 2834 2476; x_wconf 90' lang='lat' dir='ltr'>;quo</span> <span class='ocrx_word' id='word_1_381' title='bbox 2874 2403 3120 2474; x_wconf 90' lang='lat' dir='ltr'>perlecto</span> <span class='ocrx_word' id='word_1_382' title='bbox 3171 2410 3394 2458; x_wconf 90' lang='lat' dir='ltr'>curatus</span> <span class='ocrx_word' id='word_1_383' title='bbox 3422 2417 3558 2457; x_wconf 89' lang='lat' dir='ltr'>con-</span> 
     </span>
    </p>
   </div>
   <div class='ocr_carea' id='block_1_56' title="bbox 1939 2489 3554 2567">
    <p class='ocr_par' dir='ltr' id='par_1_56' title="bbox 1939 2489 3554 2567">
     <span class='ocr_line' id='line_1_56' title="bbox 1939 2489 3554 2567; baseline 0.002 -22"><span class='ocrx_word' id='word_1_384' title='bbox 1939 2489 2117 2546; x_wconf 90' lang='lat' dir='ltr'>fessus</span> <span class='ocrx_word' id='word_1_385' title='bbox 2158 2501 2239 2546; x_wconf 91' lang='lat' dir='ltr'>est</span> <span class='ocrx_word' id='word_1_386' title='bbox 2290 2492 2643 2567; x_wconf 88' lang='lat' dir='ltr'>Evangelium</span> <span class='ocrx_word' id='word_1_387' title='bbox 2684 2509 2744 2548; x_wconf 91' lang='lat' dir='ltr'>se</span> <span class='ocrx_word' id='word_1_388' title='bbox 2802 2509 3084 2565; x_wconf 90' lang='lat' dir='ltr'>nunquam</span> <span class='ocrx_word' id='word_1_389' title='bbox 3120 2494 3274 2565; x_wconf 91' lang='lat' dir='ltr'>prius</span> <span class='ocrx_word' id='word_1_390' title='bbox 3313 2493 3554 2548; x_wconf 88' lang='lat' dir='ltr'>audisse.</span> 
     </span>
    </p>
   </div>
   <div class='ocr_carea' id='block_1_57' title="bbox 1943 2583 3560 2657">
    <p class='ocr_par' dir='ltr' id='par_1_57' title="bbox 1943 2583 3560 2657">
     <span class='ocr_line' id='line_1_57' title="bbox 1943 2583 3560 2657; baseline 0 -17"><span class='ocrx_word' id='word_1_391' title='bbox 1943 2585 2101 2640; x_wconf 86' lang='lat' dir='ltr'>Pater</span> <span class='ocrx_word' id='word_1_392' title='bbox 2126 2583 2350 2655; x_wconf 91' lang='lat' dir='ltr'>quidam</span> <span class='ocrx_word' id='word_1_393' title='bbox 2381 2585 2637 2640; x_wconf 90' lang='lat' dir='ltr'>lactentis</span> <span class='ocrx_word' id='word_1_394' title='bbox 2674 2585 2900 2640; x_wconf 89' lang='lat' dir='ltr'>advenit</span> <span class='ocrx_word' id='word_1_395' title='bbox 2930 2586 3110 2656; x_wconf 89' lang='lat' dir='ltr'>pueri,</span> <span class='ocrx_word' id='word_1_396' title='bbox 3155 2601 3320 2657; x_wconf 90' lang='lat' dir='ltr'>quem</span> <span class='ocrx_word' id='word_1_397' title='bbox 3347 2586 3414 2641; x_wconf 89' lang='lat' dir='ltr'>ad</span> <span class='ocrx_word' id='word_1_398' title='bbox 3438 2585 3560 2640; x_wconf 89' lang='lat' dir='ltr'>exi-</span> 
     </span>
    </p>
   </div>
   <div class='ocr_carea' id='block_1_58' title="bbox 1943 2676 3560 2752">
    <p class='ocr_par' dir='ltr' id='par_1_58' title="bbox 1943 2676 3560 2752">
     <span class='ocr_line' id='line_1_58' title="bbox 1943 2676 3560 2752; baseline 0 -20"><span class='ocrx_word' id='word_1_399' title='bbox 1943 2676 2079 2732; x_wconf 92' lang='lat' dir='ltr'>tium</span> <span class='ocrx_word' id='word_1_400' title='bbox 2101 2677 2440 2749; x_wconf 91' lang='lat' dir='ltr'>jamjamque</span> <span class='ocrx_word' id='word_1_401' title='bbox 2470 2677 2553 2732; x_wconf 88' lang='lat' dir='ltr'>vis</span> <span class='ocrx_word' id='word_1_402' title='bbox 2580 2677 2903 2748; x_wconf 90' lang='lat' dir='ltr'>impellebat</span> <span class='ocrx_word' id='word_1_403' title='bbox 2931 2677 3298 2752; x_wconf 62' lang='lat' dir='ltr'>aegritudinis.</span> <span class='ocrx_word' id='word_1_404' title='bbox 3335 2678 3560 2734; x_wconf 88' lang='lat' dir='ltr'>Genitor</span> 
     </span>
    </p>
   </div>
   <div class='ocr_carea' id='block_1_59' title="bbox 1948 2765 3559 2838">
    <p class='ocr_par' dir='ltr' id='par_1_59' title="bbox 1948 2765 3559 2838">
     <span class='ocr_line' id='line_1_59' title="bbox 1948 2765 3559 2838; baseline 0.001 -18"><span class='ocrx_word' id='word_1_405' title='bbox 1948 2781 2102 2838; x_wconf 85' lang='lat' dir='ltr'>ergo,</span> <span class='ocrx_word' id='word_1_406' title='bbox 2124 2773 2312 2820; x_wconf 91' lang='lat' dir='ltr'>votum</span> <span class='ocrx_word' id='word_1_407' title='bbox 2340 2780 2439 2837; x_wconf 90' lang='lat' dir='ltr'>pro</span> <span class='ocrx_word' id='word_1_408' title='bbox 2460 2766 2573 2820; x_wconf 83' lang='lat' dir='ltr'>vita</span> <span class='ocrx_word' id='word_1_409' title='bbox 2602 2779 2808 2821; x_wconf 84' lang='lat' dir='ltr'>vovens</span> <span class='ocrx_word' id='word_1_410' title='bbox 2837 2765 2975 2831; x_wconf 89' lang='lat' dir='ltr'>nati,</span> <span class='ocrx_word' id='word_1_411' title='bbox 3006 2765 3192 2830; x_wconf 88' lang='lat' dir='ltr'>rediit,</span> <span class='ocrx_word' id='word_1_412' title='bbox 3225 2773 3278 2821; x_wconf 88' lang='lat' dir='ltr'>et</span> <span class='ocrx_word' id='word_1_413' title='bbox 3300 2783 3559 2836; x_wconf 90' lang='lat' dir='ltr'>puerum,</span> 
     </span>
    </p>
   </div>
   <div class='ocr_carea' id='block_1_60' title="bbox 1947 2856 3564 2930">
    <p class='ocr_par' dir='ltr' id='par_1_60' title="bbox 1947 2856 3564 2930">
     <span class='ocr_line' id='line_1_60' title="bbox 1947 2856 3564 2930; baseline 0 -18"><span class='ocrx_word' id='word_1_414' title='bbox 1947 2857 2042 2929; x_wconf 92' lang='lat' dir='ltr'>qui</span> <span class='ocrx_word' id='word_1_415' title='bbox 2065 2858 2423 2930; x_wconf 91' lang='lat' dir='ltr'>perquinque</span> <span class='ocrx_word' id='word_1_416' title='bbox 2449 2857 2562 2926; x_wconf 92' lang='lat' dir='ltr'>jam</span> <span class='ocrx_word' id='word_1_417' title='bbox 2575 2856 2696 2911; x_wconf 84' lang='lat' dir='ltr'>dies</span> <span class='ocrx_word' id='word_1_418' title='bbox 2712 2856 2955 2913; x_wconf 87' lang='lat' dir='ltr'>fomenta</span> <span class='ocrx_word' id='word_1_419' title='bbox 2981 2863 3266 2928; x_wconf 86' lang='lat' dir='ltr'>spreverat</span> <span class='ocrx_word' id='word_1_420' title='bbox 3286 2874 3564 2928; x_wconf 67' lang='lat' dir='ltr'>mammae,</span> 
     </span>
    </p>
   </div>
   <div class='ocr_carea' id='block_1_61' title="bbox 1949 2949 3567 3022">
    <p class='ocr_par' dir='ltr' id='par_1_61' title="bbox 1949 2949 3567 3022">
     <span class='ocr_line' id='line_1_61' title="bbox 1949 2949 3567 3022; baseline -0.001 -18"><span class='ocrx_word' id='word_1_421' title='bbox 1949 2950 2153 3022; x_wconf 90' lang='lat' dir='ltr'>reperit</span> <span class='ocrx_word' id='word_1_422' title='bbox 2173 2950 2532 3014; x_wconf 90' lang='lat' dir='ltr'>incolumem,</span> <span class='ocrx_word' id='word_1_423' title='bbox 2551 2950 2745 3021; x_wconf 87' lang='lat' dir='ltr'>lacque</span> <span class='ocrx_word' id='word_1_424' title='bbox 2766 2956 3076 3022; x_wconf 88' lang='lat' dir='ltr'>sugentem.</span> <span class='ocrx_word' id='word_1_425' title='bbox 3099 2949 3567 3022; x_wconf 85' lang='lat' dir='ltr'>Paralyticusqui-</span> 
     </span>
    </p>
   </div>
   <div class='ocr_carea' id='block_1_62' title="bbox 1949 3036 3568 3110">
    <p class='ocr_par' dir='ltr' id='par_1_62' title="bbox 1949 3036 3568 3110">
     <span class='ocr_line' id='line_1_62' title="bbox 1949 3036 3568 3110; baseline -0.001 -17"><span class='ocrx_word' id='word_1_426' title='bbox 1949 3039 2074 3093; x_wconf 90' lang='lat' dir='ltr'>dam</span> <span class='ocrx_word' id='word_1_427' title='bbox 2086 3038 2429 3094; x_wconf 82' lang='lat' dir='ltr'>Trevirorum</span> <span class='ocrx_word' id='word_1_428' title='bbox 2446 3036 2696 3094; x_wconf 83' lang='lat' dir='ltr'>efinibus</span> <span class='ocrx_word' id='word_1_429' title='bbox 2708 3046 2791 3094; x_wconf 92' lang='lat' dir='ltr'>est</span> <span class='ocrx_word' id='word_1_430' title='bbox 2813 3038 3098 3104; x_wconf 89' lang='lat' dir='ltr'>advectus,</span> <span class='ocrx_word' id='word_1_431' title='bbox 3121 3038 3214 3110; x_wconf 90' lang='lat' dir='ltr'>qui</span> <span class='ocrx_word' id='word_1_432' title='bbox 3238 3047 3448 3110; x_wconf 87' lang='lat' dir='ltr'>septem</span> <span class='ocrx_word' id='word_1_433' title='bbox 3465 3038 3568 3092; x_wconf 92' lang='lat' dir='ltr'>du-</span> 
     </span>
    </p>
   </div>
   <div class='ocr_carea' id='block_1_63' title="bbox 223 3105 3566 3202">
    <p class='ocr_par' dir='ltr' id='par_1_63' title="bbox 223 3105 3566 3202">
     <span class='ocr_line' id='line_1_63' title="bbox 223 3105 3566 3202; baseline -0 -21"><span class='ocrx_word' id='word_1_434' title='bbox 223 3105 472 3199; x_wconf 68' lang='lat' dir='ltr'>iinponit</span> <span class='ocrx_word' id='word_1_435' title='bbox 529 3105 782 3202; x_wconf 76' lang='lat' dir='ltr'>pignora,</span> <span class='ocrx_word' id='word_1_436' title='bbox 819 3105 1222 3202; x_wconf 43' lang='lat' dir='ltr'>-descensuque</span> <span class='ocrx_word' id='word_1_437' title='bbox 1274 3105 1480 3184; x_wconf 87' lang='lat' dir='ltr'>montis</span> <span class='ocrx_word' id='word_1_438' title='bbox 1531 3105 1734 3183; x_wconf 43' lang='lat' dir='ltr'>artam-</span> <span class='ocrx_word' id='word_1_439' title='bbox 1764 3105 1921 3182; x_wconf 79' lang='lat' dir='ltr'>in-C</span> <span class='ocrx_word' id='word_1_440' title='bbox 1950 3105 3566 3198; x_wconf 36' lang='lat' dir='ltr'>dumvicibusomniummembrorumsoliditatem&#39;adeptus,</span> 
     </span>
    </p>
   </div>
   <div class='ocr_carea' id='block_1_64' title="bbox 223 3220 1847 3295">
    <p class='ocr_par' dir='ltr' id='par_1_64' title="bbox 223 3220 1847 3295">
     <span class='ocr_line' id='line_1_64' title="bbox 223 3220 1847 3295; baseline -0.001 -19"><span class='ocrx_word' id='word_1_441' title='bbox 223 3236 458 3295; x_wconf 83' lang='lat' dir='ltr'>gressus</span> <span class='ocrx_word' id='word_1_442' title='bbox 505 3221 780 3287; x_wconf 89' lang='lat' dir='ltr'>semitam,</span> <span class='ocrx_word' id='word_1_443' title='bbox 807 3221 1049 3294; x_wconf 90' lang='lat' dir='ltr'>propriis</span> <span class='ocrx_word' id='word_1_444' title='bbox 1076 3237 1218 3278; x_wconf 89' lang='lat' dir='ltr'>onus</span> <span class='ocrx_word' id='word_1_445' title='bbox 1259 3220 1736 3277; x_wconf 87' lang='lat' dir='ltr'>extollithumeris</span> <span class='ocrx_word' id='word_1_446' title='bbox 1783 3221 1847 3275; x_wconf 86' lang='lat' dir='ltr'>At</span> 
     </span>
    </p>
   </div>
   <div class='ocr_carea' id='block_1_65' title="bbox 226 3309 1850 3381">
    <p class='ocr_par' dir='ltr' id='par_1_65' title="bbox 226 3309 1850 3381">
     <span class='ocr_line' id='line_1_65' title="bbox 226 3309 1850 3381; baseline 0 -17"><span class='ocrx_word' id='word_1_447' title='bbox 226 3310 416 3364; x_wconf 88' lang='lat' dir='ltr'>subito</span> <span class='ocrx_word' id='word_1_448' title='bbox 478 3309 690 3364; x_wconf 90' lang='lat' dir='ltr'>lubrica</span> <span class='ocrx_word' id='word_1_449' title='bbox 736 3310 881 3381; x_wconf 91' lang='lat' dir='ltr'>pede</span> <span class='ocrx_word' id='word_1_450' title='bbox 925 3317 1114 3366; x_wconf 88' lang='lat' dir='ltr'>secuto</span> <span class='ocrx_word' id='word_1_451' title='bbox 1171 3309 1282 3365; x_wconf 90' lang='lat' dir='ltr'>ruit</span> <span class='ocrx_word' id='word_1_452' title='bbox 1309 3310 1364 3364; x_wconf 90' lang='lat' dir='ltr'>in</span> <span class='ocrx_word' id='word_1_453' title='bbox 1398 3325 1664 3381; x_wconf 82' lang='lat' dir='ltr'>praeceps,</span> <span class='ocrx_word' id='word_1_454' title='bbox 1695 3325 1850 3364; x_wconf 90' lang='lat' dir='ltr'>sacra</span> 
     </span>
    </p>
   </div>
   <div class='ocr_carea' id='block_1_66' title="bbox 227 3400 1853 3458">
    <p class='ocr_par' dir='ltr' id='par_1_66' title="bbox 227 3400 1853 3458">
     <span class='ocr_line' id='line_1_66' title="bbox 227 3400 1853 3458; baseline 0 -2"><span class='ocrx_word' id='word_1_455' title='bbox 227 3410 416 3456; x_wconf 89' lang='lat' dir='ltr'>tamen</span> <span class='ocrx_word' id='word_1_456' title='bbox 467 3400 714 3456; x_wconf 88' lang='lat' dir='ltr'>brachiis</span> <span class='ocrx_word' id='word_1_457' title='bbox 765 3402 986 3458; x_wconf 87' lang='lat' dir='ltr'>astricta</span> <span class='ocrx_word' id='word_1_458' title='bbox 1031 3401 1366 3458; x_wconf 90' lang='lat' dir='ltr'>mullatenus</span> <span class='ocrx_word' id='word_1_459' title='bbox 1421 3401 1683 3458; x_wconf 88' lang='lat' dir='ltr'>omittens</span> <span class='ocrx_word' id='word_1_460' title='bbox 1729 3417 1853 3456; x_wconf 93' lang='lat' dir='ltr'>mu-</span> 
     </span>
    </p>
   </div>
   <div class='ocr_carea' id='block_1_67' title="bbox 231 3494 1857 3569">
    <p class='ocr_par' dir='ltr' id='par_1_67' title="bbox 231 3494 1857 3569">
     <span class='ocr_line' id='line_1_67' title="bbox 231 3494 1857 3569; baseline -0.002 -18"><span class='ocrx_word' id='word_1_461' title='bbox 231 3513 406 3552; x_wconf 88' lang='lat' dir='ltr'>nera:</span> <span class='ocrx_word' id='word_1_462' title='bbox 439 3512 570 3551; x_wconf 92' lang='lat' dir='ltr'>cum</span> <span class='ocrx_word' id='word_1_463' title='bbox 611 3497 884 3568; x_wconf 89' lang='lat' dir='ltr'>protinus,</span> <span class='ocrx_word' id='word_1_464' title='bbox 912 3496 1074 3552; x_wconf 91' lang='lat' dir='ltr'>turba</span> <span class='ocrx_word' id='word_1_465' title='bbox 1119 3502 1392 3569; x_wconf 85' lang='lat' dir='ltr'>sequente</span> <span class='ocrx_word' id='word_1_466' title='bbox 1421 3510 1626 3550; x_wconf 91' lang='lat' dir='ltr'>nomen</span> <span class='ocrx_word' id='word_1_467' title='bbox 1652 3494 1857 3567; x_wconf 59' lang='lat' dir='ltr'>reginae</span> 
     </span>
    </p>
   </div>
   <div class='ocr_carea' id='block_1_68' title="bbox 233 3587 1856 3663">
    <p class='ocr_par' dir='ltr' id='par_1_68' title="bbox 233 3587 1856 3663">
     <span class='ocr_line' id='line_1_68' title="bbox 233 3587 1856 3663; baseline -0.003 -18"><span class='ocrx_word' id='word_1_468' title='bbox 233 3591 505 3662; x_wconf 87' lang='lat' dir='ltr'>precibus</span> <span class='ocrx_word' id='word_1_469' title='bbox 544 3589 946 3663; x_wconf 87' lang='lat' dir='ltr'>ingeminante,</span> <span class='ocrx_word' id='word_1_470' title='bbox 1007 3604 1207 3661; x_wconf 91' lang='lat' dir='ltr'>equus,</span> <span class='ocrx_word' id='word_1_471' title='bbox 1255 3587 1350 3660; x_wconf 91' lang='lat' dir='ltr'>qui</span> <span class='ocrx_word' id='word_1_472' title='bbox 1407 3602 1562 3642; x_wconf 87' lang='lat' dir='ltr'>sacra</span> <span class='ocrx_word' id='word_1_473' title='bbox 1588 3594 1856 3660; x_wconf 86' lang='lat' dir='ltr'>gesserat,</span> 
     </span>
    </p>
   </div>
   <div class='ocr_carea' id='block_1_69' title="bbox 233 3678 1859 3752">
    <p class='ocr_par' dir='ltr' id='par_1_69' title="bbox 233 3678 1859 3752">
     <span class='ocr_line' id='line_1_69' title="bbox 233 3678 1859 3752; baseline -0.002 -15"><span class='ocrx_word' id='word_1_474' title='bbox 233 3699 395 3737; x_wconf 87' lang='lat' dir='ltr'>suam</span> <span class='ocrx_word' id='word_1_475' title='bbox 438 3681 605 3737; x_wconf 89' lang='lat' dir='ltr'>nihili</span> <span class='ocrx_word' id='word_1_476' title='bbox 636 3681 892 3752; x_wconf 88' lang='lat' dir='ltr'>pendens</span> <span class='ocrx_word' id='word_1_477' title='bbox 915 3680 1156 3748; x_wconf 91' lang='lat' dir='ltr'>ruinam,</span> <span class='ocrx_word' id='word_1_478' title='bbox 1201 3687 1452 3735; x_wconf 90' lang='lat' dir='ltr'>ruentem</span> <span class='ocrx_word' id='word_1_479' title='bbox 1483 3678 1859 3734; x_wconf 89' lang='lat' dir='ltr'>anterioribus</span> 
     </span>
    </p>
   </div>
   <div class='ocr_carea' id='block_1_70' title="bbox 239 3772 1861 3844">
    <p class='ocr_par' dir='ltr' id='par_1_70' title="bbox 239 3772 1861 3844">
     <span class='ocr_line' id='line_1_70' title="bbox 239 3772 1861 3844; baseline -0.002 -14"><span class='ocrx_word' id='word_1_480' title='bbox 239 3775 531 3830; x_wconf 89' lang='lat' dir='ltr'>hominem</span> <span class='ocrx_word' id='word_1_481' title='bbox 549 3774 808 3829; x_wconf 90' lang='lat' dir='ltr'>cruribus</span> <span class='ocrx_word' id='word_1_482' title='bbox 823 3773 1127 3844; x_wconf 89' lang='lat' dir='ltr'>amplexus,</span> <span class='ocrx_word' id='word_1_483' title='bbox 1150 3772 1342 3828; x_wconf 93' lang='lat' dir='ltr'>tandiu</span> <span class='ocrx_word' id='word_1_484' title='bbox 1366 3787 1514 3838; x_wconf 92' lang='lat' dir='ltr'>eum,</span> <span class='ocrx_word' id='word_1_485' title='bbox 1542 3772 1652 3827; x_wconf 91' lang='lat' dir='ltr'>Deo</span> <span class='ocrx_word' id='word_1_486' title='bbox 1666 3787 1725 3826; x_wconf 93' lang='lat' dir='ltr'>se</span> <span class='ocrx_word' id='word_1_487' title='bbox 1737 3787 1861 3827; x_wconf 88' lang='lat' dir='ltr'>sus-</span> 
     </span>
    </p>
   </div>
   <div class='ocr_carea' id='block_1_71' title="bbox 239 3860 1862 3932">
    <p class='ocr_par' dir='ltr' id='par_1_71' title="bbox 239 3860 1862 3932">
     <span class='ocr_line' id='line_1_71' title="bbox 239 3860 1862 3932; baseline -0.004 -12"><span class='ocrx_word' id='word_1_488' title='bbox 239 3866 457 3921; x_wconf 88' lang='lat' dir='ltr'>tinente</span> <span class='ocrx_word' id='word_1_489' title='bbox 488 3863 694 3930; x_wconf 90' lang='lat' dir='ltr'>tenuit,</span> <span class='ocrx_word' id='word_1_490' title='bbox 721 3863 901 3918; x_wconf 93' lang='lat' dir='ltr'>donec</span> <span class='ocrx_word' id='word_1_491' title='bbox 956 3862 1025 3917; x_wconf 91' lang='lat' dir='ltr'>ab</span> <span class='ocrx_word' id='word_1_492' title='bbox 1054 3862 1253 3918; x_wconf 92' lang='lat' dir='ltr'>incolis</span> <span class='ocrx_word' id='word_1_493' title='bbox 1307 3861 1501 3917; x_wconf 89' lang='lat' dir='ltr'>subter</span> <span class='ocrx_word' id='word_1_494' title='bbox 1529 3860 1862 3932; x_wconf 81' lang='lat' dir='ltr'>degentibus</span> 
     </span>
    </p>
   </div>
   <div class='ocr_carea' id='block_1_72' title="bbox 237 3950 1860 4030">
    <p class='ocr_par' dir='ltr' id='par_1_72' title="bbox 237 3950 1860 4030">
     <span class='ocr_line' id='line_1_72' title="bbox 237 3950 1860 4030; baseline -0.005 -19"><span class='ocrx_word' id='word_1_495' title='bbox 237 3955 451 4030; x_wconf 87' lang='lat' dir='ltr'>glacies</span> <span class='ocrx_word' id='word_1_496' title='bbox 471 3953 620 4009; x_wconf 84' lang='lat' dir='ltr'>ferro</span> <span class='ocrx_word' id='word_1_497' title='bbox 652 3952 913 4024; x_wconf 86' lang='lat' dir='ltr'>crispata,</span> <span class='ocrx_word' id='word_1_498' title='bbox 965 3959 1021 4007; x_wconf 92' lang='lat' dir='ltr'>et</span> <span class='ocrx_word' id='word_1_499' title='bbox 1048 3958 1158 4007; x_wconf 91' lang='lat' dir='ltr'>tam</span> <span class='ocrx_word' id='word_1_500' title='bbox 1205 3952 1370 4007; x_wconf 90' lang='lat' dir='ltr'>homo</span> <span class='ocrx_word' id='word_1_501' title='bbox 1409 3967 1572 4023; x_wconf 90' lang='lat' dir='ltr'>quam</span> <span class='ocrx_word' id='word_1_502' title='bbox 1607 3965 1785 4022; x_wconf 92' lang='lat' dir='ltr'>equus</span> <span class='ocrx_word' id='word_1_503' title='bbox 1804 3950 1860 4003; x_wconf 92' lang='lat' dir='ltr'>in</span> 
     </span>
    </p>
   </div>
   <div class='ocr_carea' id='block_1_73' title="bbox 239 4041 1862 4101">
    <p class='ocr_par' dir='ltr' id='par_1_73' title="bbox 239 4041 1862 4101">
     <span class='ocr_line' id='line_1_73' title="bbox 239 4041 1862 4101; baseline -0.004 0"><span class='ocrx_word' id='word_1_504' title='bbox 239 4047 439 4101; x_wconf 82' lang='lat' dir='ltr'>callem</span> <span class='ocrx_word' id='word_1_505' title='bbox 473 4051 604 4099; x_wconf 89' lang='lat' dir='ltr'>sunt</span> <span class='ocrx_word' id='word_1_506' title='bbox 659 4043 888 4098; x_wconf 82' lang='lat' dir='ltr'>funibus</span> <span class='ocrx_word' id='word_1_507' title='bbox 926 4043 1187 4098; x_wconf 89' lang='lat' dir='ltr'>revocati.</span> <span class='ocrx_word' id='word_1_508' title='bbox 1239 4041 1634 4097; x_wconf 89' lang='lat' dir='ltr'>Pervenientes</span> <span class='ocrx_word' id='word_1_509' title='bbox 1677 4048 1862 4096; x_wconf 88' lang='lat' dir='ltr'>autem</span> 
     </span>
    </p>
   </div>
   <div class='ocr_carea' id='block_1_74' title="bbox 1957 3214 3572 3288">
    <p class='ocr_par' dir='ltr' id='par_1_74' title="bbox 1957 3214 3572 3288">
     <span class='ocr_line' id='line_1_74' title="bbox 1957 3214 3572 3288; baseline -0.001 -18"><span class='ocrx_word' id='word_1_510' title='bbox 1957 3214 2140 3279; x_wconf 89' lang='lat' dir='ltr'>toties,</span> <span class='ocrx_word' id='word_1_511' title='bbox 2163 3216 2344 3271; x_wconf 92' lang='lat' dir='ltr'>carnis</span> <span class='ocrx_word' id='word_1_512' title='bbox 2360 3233 2421 3272; x_wconf 90' lang='lat' dir='ltr'>se</span> <span class='ocrx_word' id='word_1_513' title='bbox 2446 3217 2829 3288; x_wconf 90' lang='lat' dir='ltr'>prementibus</span> <span class='ocrx_word' id='word_1_514' title='bbox 2843 3215 3153 3282; x_wconf 88' lang='lat' dir='ltr'>desideriis,</span> <span class='ocrx_word' id='word_1_515' title='bbox 3183 3215 3572 3270; x_wconf 89' lang='lat' dir='ltr'>miserabiliter</span> 
     </span>
    </p>
   </div>
   <div class='ocr_carea' id='block_1_75' title="bbox 1959 3307 3571 3380">
    <p class='ocr_par' dir='ltr' id='par_1_75' title="bbox 1959 3307 3571 3380">
     <span class='ocr_line' id='line_1_75' title="bbox 1959 3307 3571 3380; baseline -0.001 -18"><span class='ocrx_word' id='word_1_516' title='bbox 1959 3315 2043 3362; x_wconf 92' lang='lat' dir='ltr'>est</span> <span class='ocrx_word' id='word_1_517' title='bbox 2101 3314 2492 3364; x_wconf 90' lang='lat' dir='ltr'>recontractus.</span> <span class='ocrx_word' id='word_1_518' title='bbox 2553 3307 2654 3374; x_wconf 90' lang='lat' dir='ltr'>Qui</span> <span class='ocrx_word' id='word_1_519' title='bbox 2686 3315 2979 3380; x_wconf 89' lang='lat' dir='ltr'>postquam</span> <span class='ocrx_word' id='word_1_520' title='bbox 3013 3307 3238 3378; x_wconf 90' lang='lat' dir='ltr'>propria</span> <span class='ocrx_word' id='word_1_521' title='bbox 3283 3307 3571 3363; x_wconf 85' lang='lat' dir='ltr'>confessus</span> 
     </span>
    </p>
   </div>
   <div class='ocr_carea' id='block_1_76' title="bbox 1960 3394 3572 3470">
    <p class='ocr_par' dir='ltr' id='par_1_76' title="bbox 1960 3394 3572 3470">
     <span class='ocr_line' id='line_1_76' title="bbox 1960 3394 3572 3470; baseline 0 -20"><span class='ocrx_word' id='word_1_522' title='bbox 1960 3402 2046 3451; x_wconf 92' lang='lat' dir='ltr'>est</span> <span class='ocrx_word' id='word_1_523' title='bbox 2070 3394 2336 3463; x_wconf 87' lang='lat' dir='ltr'>facinora,</span> <span class='ocrx_word' id='word_1_524' title='bbox 2367 3397 2515 3468; x_wconf 93' lang='lat' dir='ltr'>quod</span> <span class='ocrx_word' id='word_1_525' title='bbox 2552 3411 2662 3452; x_wconf 91' lang='lat' dir='ltr'>non</span> <span class='ocrx_word' id='word_1_526' title='bbox 2701 3404 2889 3470; x_wconf 89' lang='lat' dir='ltr'>egerat</span> <span class='ocrx_word' id='word_1_527' title='bbox 2911 3397 3024 3466; x_wconf 91' lang='lat' dir='ltr'>jam</span> <span class='ocrx_word' id='word_1_528' title='bbox 3055 3397 3352 3453; x_wconf 88' lang='lat' dir='ltr'>vicesimus</span> <span class='ocrx_word' id='word_1_529' title='bbox 3381 3396 3572 3452; x_wconf 86' lang='lat' dir='ltr'>volve-</span> 
     </span>
    </p>
   </div>
   <div class='ocr_carea' id='block_1_77' title="bbox 1956 3487 3574 3561">
    <p class='ocr_par' dir='ltr' id='par_1_77' title="bbox 1956 3487 3574 3561">
     <span class='ocr_line' id='line_1_77' title="bbox 1956 3487 3574 3561; baseline 0.001 -20"><span class='ocrx_word' id='word_1_530' title='bbox 1956 3487 2121 3542; x_wconf 90' lang='lat' dir='ltr'>batur</span> <span class='ocrx_word' id='word_1_531' title='bbox 2149 3504 2347 3555; x_wconf 88' lang='lat' dir='ltr'>annus,</span> <span class='ocrx_word' id='word_1_532' title='bbox 2390 3505 2751 3561; x_wconf 87' lang='lat' dir='ltr'>permansura</span> <span class='ocrx_word' id='word_1_533' title='bbox 2794 3488 3063 3560; x_wconf 92' lang='lat' dir='ltr'>deinceps</span> <span class='ocrx_word' id='word_1_534' title='bbox 3094 3495 3178 3544; x_wconf 91' lang='lat' dir='ltr'>est</span> <span class='ocrx_word' id='word_1_535' title='bbox 3208 3489 3444 3544; x_wconf 88' lang='lat' dir='ltr'>sanitate</span> <span class='ocrx_word' id='word_1_536' title='bbox 3473 3503 3574 3559; x_wconf 85' lang='lat' dir='ltr'>po-</span> 
     </span>
    </p>
   </div>
   <div class='ocr_carea' id='block_1_78' title="bbox 1958 3577 3574 3656">
    <p class='ocr_par' dir='ltr' id='par_1_78' title="bbox 1958 3577 3574 3656">
     <span class='ocr_line' id='line_1_78' title="bbox 1958 3577 3574 3656; baseline -0.002 -20"><span class='ocrx_word' id='word_1_537' title='bbox 1958 3581 2111 3656; x_wconf 82' lang='lat' dir='ltr'>titus.</span> <span class='ocrx_word' id='word_1_538' title='bbox 2139 3579 2314 3634; x_wconf 85' lang='lat' dir='ltr'>Allata</span> <span class='ocrx_word' id='word_1_539' title='bbox 2334 3586 2421 3634; x_wconf 90' lang='lat' dir='ltr'>est</span> <span class='ocrx_word' id='word_1_540' title='bbox 2468 3579 2600 3634; x_wconf 91' lang='lat' dir='ltr'>item</span> <span class='ocrx_word' id='word_1_541' title='bbox 2629 3577 2831 3633; x_wconf 91' lang='lat' dir='ltr'>mulier</span> <span class='ocrx_word' id='word_1_542' title='bbox 2873 3578 3146 3650; x_wconf 67' lang='lat' dir='ltr'>quaedam,</span> <span class='ocrx_word' id='word_1_543' title='bbox 3178 3579 3369 3633; x_wconf 91' lang='lat' dir='ltr'>dextro</span> <span class='ocrx_word' id='word_1_544' title='bbox 3403 3579 3574 3634; x_wconf 89' lang='lat' dir='ltr'>latere</span> 
     </span>
    </p>
   </div>
   <div class='ocr_carea' id='block_1_79' title="bbox 1959 3669 3576 3746">
    <p class='ocr_par' dir='ltr' id='par_1_79' title="bbox 1959 3669 3576 3746">
     <span class='ocr_line' id='line_1_79' title="bbox 1959 3669 3576 3746; baseline -0.003 -17"><span class='ocrx_word' id='word_1_545' title='bbox 1959 3673 2132 3746; x_wconf 90' lang='lat' dir='ltr'>pestis</span> <span class='ocrx_word' id='word_1_546' title='bbox 2170 3671 2518 3727; x_wconf 87' lang='lat' dir='ltr'>immunitate</span> <span class='ocrx_word' id='word_1_547' title='bbox 2569 3670 2832 3738; x_wconf 88' lang='lat' dir='ltr'>resoluta,</span> <span class='ocrx_word' id='word_1_548' title='bbox 2875 3686 2998 3741; x_wconf 66' lang='lat' dir='ltr'>qua:</span> <span class='ocrx_word' id='word_1_549' title='bbox 3038 3669 3338 3741; x_wconf 82' lang='lat' dir='ltr'>perfectam</span> <span class='ocrx_word' id='word_1_550' title='bbox 3376 3685 3576 3725; x_wconf 87' lang='lat' dir='ltr'>conse-</span> 
     </span>
    </p>
   </div>
   <div class='ocr_carea' id='block_1_80' title="bbox 1959 3758 3579 3828">
    <p class='ocr_par' dir='ltr' id='par_1_80' title="bbox 1959 3758 3579 3828">
     <span class='ocr_line' id='line_1_80' title="bbox 1959 3758 3579 3828; baseline -0.004 -9"><span class='ocrx_word' id='word_1_551' title='bbox 1959 3771 2085 3819; x_wconf 87' lang='lat' dir='ltr'>cuta</span> <span class='ocrx_word' id='word_1_552' title='bbox 2122 3760 2416 3828; x_wconf 89' lang='lat' dir='ltr'>medelam,</span> <span class='ocrx_word' id='word_1_553' title='bbox 2470 3775 2694 3816; x_wconf 89' lang='lat' dir='ltr'>reversa</span> <span class='ocrx_word' id='word_1_554' title='bbox 2757 3767 2843 3814; x_wconf 91' lang='lat' dir='ltr'>est</span> <span class='ocrx_word' id='word_1_555' title='bbox 2884 3775 3038 3815; x_wconf 86' lang='lat' dir='ltr'>sana.</span> <span class='ocrx_word' id='word_1_556' title='bbox 3098 3759 3256 3824; x_wconf 88' lang='lat' dir='ltr'>Item,</span> <span class='ocrx_word' id='word_1_557' title='bbox 3285 3758 3579 3813; x_wconf 91' lang='lat' dir='ltr'>adducitur</span> 
     </span>
    </p>
   </div>
   <div class='ocr_carea' id='block_1_81' title="bbox 1960 3846 3578 3920">
    <p class='ocr_par' dir='ltr' id='par_1_81' title="bbox 1960 3846 3578 3920">
     <span class='ocr_line' id='line_1_81' title="bbox 1960 3846 3578 3920; baseline -0.006 -12"><span class='ocrx_word' id='word_1_558' title='bbox 1960 3869 2123 3908; x_wconf 90' lang='lat' dir='ltr'>mane</span> <span class='ocrx_word' id='word_1_559' title='bbox 2137 3851 2337 3907; x_wconf 89' lang='lat' dir='ltr'>mulier</span> <span class='ocrx_word' id='word_1_560' title='bbox 2361 3865 2522 3912; x_wconf 67' lang='lat' dir='ltr'>caeca,</span> <span class='ocrx_word' id='word_1_561' title='bbox 2552 3864 2673 3920; x_wconf 84' lang='lat' dir='ltr'>quae</span> <span class='ocrx_word' id='word_1_562' title='bbox 2688 3849 2822 3902; x_wconf 89' lang='lat' dir='ltr'>hora</span> <span class='ocrx_word' id='word_1_563' title='bbox 2853 3848 3115 3903; x_wconf 90' lang='lat' dir='ltr'>rutilante</span> <span class='ocrx_word' id='word_1_564' title='bbox 3142 3847 3327 3913; x_wconf 90' lang='lat' dir='ltr'>tertia,</span> <span class='ocrx_word' id='word_1_565' title='bbox 3357 3846 3578 3919; x_wconf 87' lang='lat' dir='ltr'>gemina</span> 
     </span>
    </p>
   </div>
   <div class='ocr_carea' id='block_1_82' title="bbox 1961 3937 2884 4016">
    <p class='ocr_par' dir='ltr' id='par_1_82' title="bbox 1961 3937 2884 4016">
     <span class='ocr_line' id='line_1_82' title="bbox 1961 3937 2884 4016; baseline -0.008 -19"><span class='ocrx_word' id='word_1_566' title='bbox 1961 3941 2277 4016; x_wconf 89' lang='lat' dir='ltr'>regreditur</span> <span class='ocrx_word' id='word_1_567' title='bbox 2305 3938 2613 3994; x_wconf 90' lang='lat' dir='ltr'>illuminata</span> <span class='ocrx_word' id='word_1_568' title='bbox 2640 3937 2884 3992; x_wconf 90' lang='lat' dir='ltr'>lucerna.</span> 
     </span>
    </p>
   </div>
   <div class='ocr_carea' id='block_1_83' title="bbox 2034 4021 3582 4101">
    <p class='ocr_par' dir='ltr' id='par_1_83' title="bbox 2034 4021 3582 4101">
     <span class='ocr_line' id='line_1_83' title="bbox 2034 4021 3582 4101; baseline -0.006 -16"><span class='ocrx_word' id='word_1_569' title='bbox 2034 4031 2282 4101; x_wconf 89' lang='lat' dir='ltr'>Denique</span> <span class='ocrx_word' id='word_1_570' title='bbox 2329 4036 2389 4084; x_wconf 91' lang='lat' dir='ltr'>ut</span> <span class='ocrx_word' id='word_1_571' title='bbox 2431 4027 2640 4099; x_wconf 90' lang='lat' dir='ltr'>perlata</span> <span class='ocrx_word' id='word_1_572' title='bbox 2664 4033 2747 4081; x_wconf 93' lang='lat' dir='ltr'>est</span> <span class='ocrx_word' id='word_1_573' title='bbox 2775 4025 2846 4080; x_wconf 92' lang='lat' dir='ltr'>ad</span> <span class='ocrx_word' id='word_1_574' title='bbox 2898 4024 3182 4096; x_wconf 66' lang='lat' dir='ltr'>praefatum</span> <span class='ocrx_word' id='word_1_575' title='bbox 3237 4021 3582 4078; x_wconf 87' lang='lat' dir='ltr'>Altumvilla-</span> 
     </span>
    </p>
   </div>
   <div class='ocr_carea' id='block_1_84' title="bbox 237 4115 3582 4208">
    <p class='ocr_par' dir='ltr' id='par_1_84' title="bbox 237 4115 3582 4208">
     <span class='ocr_line' id='line_1_84' title="bbox 237 4115 3582 4208; baseline -0.007 -16"><span class='ocrx_word' id='word_1_576' title='bbox 237 4138 307 4192; x_wconf 85' lang='lat' dir='ltr'>ad</span> <span class='ocrx_word' id='word_1_577' title='bbox 338 4153 546 4208; x_wconf 80' lang='lat' dir='ltr'>pagum</span> <span class='ocrx_word' id='word_1_578' title='bbox 597 4134 982 4207; x_wconf 89' lang='lat' dir='ltr'>Lingonicum,</span> <span class='ocrx_word' id='word_1_579' title='bbox 1023 4134 1081 4188; x_wconf 92' lang='lat' dir='ltr'>in</span> <span class='ocrx_word' id='word_1_580' title='bbox 1137 4133 1320 4188; x_wconf 90' lang='lat' dir='ltr'>vicum</span> <span class='ocrx_word' id='word_1_581' title='bbox 1353 4132 1449 4205; x_wconf 91' lang='lat' dir='ltr'>qui</span> <span class='ocrx_word' id='word_1_582' title='bbox 1494 4141 1721 4189; x_wconf 87' lang='lat' dir='ltr'>vocatur</span> <span class='ocrx_word' id='word_1_583' title='bbox 1746 4131 1866 4186; x_wconf 88' lang='lat' dir='ltr'>Osi-</span> <span class='ocrx_word' id='word_1_584' title='bbox 1966 4141 2127 4180; x_wconf 90' lang='lat' dir='ltr'>rense</span> <span class='ocrx_word' id='word_1_585' title='bbox 2148 4122 2544 4179; x_wconf 90' lang='lat' dir='ltr'>monasterium</span> <span class='ocrx_word' id='word_1_586' title='bbox 2594 4118 2962 4176; x_wconf 90' lang='lat' dir='ltr'>sacratissima</span> <span class='ocrx_word' id='word_1_587' title='bbox 3009 4117 3194 4191; x_wconf 88' lang='lat' dir='ltr'>gleba,</span> <span class='ocrx_word' id='word_1_588' title='bbox 3250 4115 3582 4188; x_wconf 90' lang='lat' dir='ltr'>quibusdam</span> 
     </span>
    </p>
   </div>
   <div class='ocr_carea' id='block_1_85' title="bbox 240 4209 3586 4295">
    <p class='ocr_par' dir='ltr' id='par_1_85' title="bbox 240 4209 3586 4295">
     <span class='ocr_line' id='line_1_85' title="bbox 240 4209 3586 4295; baseline -0.007 -11"><span class='ocrx_word' id='word_1_589' title='bbox 240 4245 418 4295; x_wconf 80' lang='lat' dir='ltr'>smus,</span> <span class='ocrx_word' id='word_1_590' title='bbox 433 4227 687 4284; x_wconf 68' lang='lat' dir='ltr'>ecclesiae</span> <span class='ocrx_word' id='word_1_591' title='bbox 704 4226 851 4282; x_wconf 91' lang='lat' dir='ltr'>beati</span> <span class='ocrx_word' id='word_1_592' title='bbox 873 4223 1867 4293; x_wconf 84' lang='lat' dir='ltr'>Winebaldi,almasintuleruntreli-</span> <span class='ocrx_word' id='word_1_593' title='bbox 1967 4216 2355 4274; x_wconf 90' lang='lat' dir='ltr'>dubitantibus</span> <span class='ocrx_word' id='word_1_594' title='bbox 2376 4231 2446 4270; x_wconf 90' lang='lat' dir='ltr'>an</span> <span class='ocrx_word' id='word_1_595' title='bbox 2477 4215 2598 4286; x_wconf 90' lang='lat' dir='ltr'>ipsa</span> <span class='ocrx_word' id='word_1_596' title='bbox 2621 4213 2761 4269; x_wconf 90' lang='lat' dir='ltr'>foret</span> <span class='ocrx_word' id='word_1_597' title='bbox 2792 4212 3000 4266; x_wconf 83' lang='lat' dir='ltr'>Helena</span> <span class='ocrx_word' id='word_1_598' title='bbox 3033 4209 3376 4266; x_wconf 84' lang='lat' dir='ltr'>Constantini</span> <span class='ocrx_word' id='word_1_599' title='bbox 3399 4209 3586 4281; x_wconf 70' lang='lat' dir='ltr'>Augu—</span> 
     </span>
    </p>
   </div>
   <div class='ocr_carea' id='block_1_86' title="bbox 245 4297 3585 4392">
    <p class='ocr_par' dir='ltr' id='par_1_86' title="bbox 245 4297 3585 4392">
     <span class='ocr_line' id='line_1_86' title="bbox 245 4297 3585 4392; baseline -0.007 -17"><span class='ocrx_word' id='word_1_600' title='bbox 245 4321 431 4392; x_wconf 77' lang='lat' dir='ltr'>quies.</span> <span class='ocrx_word' id='word_1_601' title='bbox 467 4317 572 4373; x_wconf 92' lang='lat' dir='ltr'>Ubi</span> <span class='ocrx_word' id='word_1_602' title='bbox 603 4318 855 4390; x_wconf 67' lang='lat' dir='ltr'>quaedam</span> <span class='ocrx_word' id='word_1_603' title='bbox 904 4325 1184 4374; x_wconf 90' lang='lat' dir='ltr'>contracta</span> <span class='ocrx_word' id='word_1_604' title='bbox 1225 4318 1465 4391; x_wconf 88' lang='lat' dir='ltr'>genibus</span> <span class='ocrx_word' id='word_1_605' title='bbox 1512 4332 1713 4388; x_wconf 90' lang='lat' dir='ltr'>repens</span> <span class='ocrx_word' id='word_1_606' title='bbox 1743 4332 1868 4371; x_wconf 87' lang='lat' dir='ltr'>mu-</span> <span class='ocrx_word' id='word_1_607' title='bbox 1967 4308 2038 4364; x_wconf 91' lang='lat' dir='ltr'>sti</span> <span class='ocrx_word' id='word_1_608' title='bbox 2067 4307 2327 4381; x_wconf 88' lang='lat' dir='ltr'>genitrix,</span> <span class='ocrx_word' id='word_1_609' title='bbox 2379 4304 2674 4376; x_wconf 90' lang='lat' dir='ltr'>vitalisque</span> <span class='ocrx_word' id='word_1_610' title='bbox 2707 4302 2843 4376; x_wconf 88' lang='lat' dir='ltr'>ligni</span> <span class='ocrx_word' id='word_1_611' title='bbox 2872 4300 3181 4392; x_wconf 72' lang='lat' dir='ltr'>repertrix,</span> <span class='ocrx_word' id='word_1_612' title='bbox 3207 4300 3263 4392; x_wconf 88' lang='lat' dir='ltr'>id</span> <span class='ocrx_word' id='word_1_613' title='bbox 3307 4297 3585 4392; x_wconf 87' lang='lat' dir='ltr'>probabili</span> 
     </span>
    </p>
   </div>
   <div class='ocr_carea' id='block_1_87' title="bbox 245 4389 3587 4495">
    <p class='ocr_par' dir='ltr' id='par_1_87' title="bbox 245 4389 3587 4495">
     <span class='ocr_line' id='line_1_87' title="bbox 245 4389 3587 4495; baseline -0.003 -27"><span class='ocrx_word' id='word_1_614' title='bbox 245 4389 508 4476; x_wconf 78' lang='lat' dir='ltr'>liercula,</span> <span class='ocrx_word' id='word_1_615' title='bbox 543 4389 666 4467; x_wconf 85' lang='lat' dir='ltr'>mox</span> <span class='ocrx_word' id='word_1_616' title='bbox 688 4419 747 4466; x_wconf 92' lang='lat' dir='ltr'>ut</span> <span class='ocrx_word' id='word_1_617' title='bbox 773 4411 968 4467; x_wconf 90' lang='lat' dir='ltr'>horum</span> <span class='ocrx_word' id='word_1_618' title='bbox 1008 4389 1294 4486; x_wconf 84' lang='lat' dir='ltr'>gestamen</span> <span class='ocrx_word' id='word_1_619' title='bbox 1327 4412 1619 4484; x_wconf 86' lang='lat' dir='ltr'>pignorum</span> <span class='ocrx_word' id='word_1_620' title='bbox 1659 4409 1861 4482; x_wconf 86' lang='lat' dir='ltr'>attigit,</span> <span class='ocrx_word' id='word_1_621' title='bbox 1891 4426 1950 4495; x_wconf 84' lang='lat' dir='ltr'><strong>D</strong></span> <span class='ocrx_word' id='word_1_622' title='bbox 1972 4398 2563 4495; x_wconf 40' lang='lat' dir='ltr'>Chri§tusassfliterafe</span> <span class='ocrx_word' id='word_1_623' title='bbox 2594 4394 2854 4495; x_wconf 47' lang='grc' dir='ltr'>ἀξξῐξξιῑυῖ</span> <span class='ocrx_word' id='word_1_624' title='bbox 2882 4409 3037 4495; x_wconf 45' lang='lat' dir='ltr'>aqu“?</span> <span class='ocrx_word' id='word_1_625' title='bbox 3071 4389 3587 4495; x_wconf 42' lang='grc' dir='ltr'>ίηᾷίοίονρῐΐξάυδηο</span> 
     </span>
    </p>
   </div>
   <div class='ocr_carea' id='block_1_88' title="bbox 247 4479 3589 4571">
    <p class='ocr_par' dir='ltr' id='par_1_88' title="bbox 247 4479 3589 4571">
     <span class='ocr_line' id='line_1_88' title="bbox 247 4479 3589 4571; baseline -0.004 -25"><span class='ocrx_word' id='word_1_626' title='bbox 247 4502 316 4557; x_wconf 62' lang='grc' dir='ltr'>δά</span> <span class='ocrx_word' id='word_1_627' title='bbox 340 4518 443 4556; x_wconf 75' lang='lat' dir='ltr'>sua</span> <span class='ocrx_word' id='word_1_628' title='bbox 472 4499 740 4555; x_wconf 68' lang='lat' dir='ltr'>revocatis</span> <span class='ocrx_word' id='word_1_629' title='bbox 770 4498 953 4554; x_wconf 72' lang='lat' dir='ltr'>officia</span> <span class='ocrx_word' id='word_1_630' title='bbox 983 4479 1184 4564; x_wconf 47' lang='lat' dir='ltr'>nvervis,</span> <span class='ocrx_word' id='word_1_631' title='bbox 1213 4479 1434 4556; x_wconf 38' lang='lat' dir='ltr'>sanitati</span> <span class='ocrx_word' id='word_1_632' title='bbox 1466 4479 1866 4571; x_wconf 62' lang='lat' dir='ltr'>perfectissime</span> <span class='ocrx_word' id='word_1_633' title='bbox 1891 4479 1947 4495; x_wconf 61' lang='grc'>³⁷</span> <span class='ocrx_word' id='word_1_634' title='bbox 1971 4487 2314 4559; x_wconf 88' lang='lat' dir='ltr'>supplicatus</span> <span class='ocrx_word' id='word_1_635' title='bbox 2334 4485 2570 4554; x_wconf 88' lang='lat' dir='ltr'>jejunio.</span> <span class='ocrx_word' id='word_1_636' title='bbox 2626 4483 2914 4537; x_wconf 83' lang='lat' dir='ltr'>Mittuntur</span> <span class='ocrx_word' id='word_1_637' title='bbox 2943 4481 3106 4535; x_wconf 90' lang='lat' dir='ltr'>etiam</span> <span class='ocrx_word' id='word_1_638' title='bbox 3139 4489 3254 4536; x_wconf 90' lang='lat' dir='ltr'>tres</span> <span class='ocrx_word' id='word_1_639' title='bbox 3306 4479 3503 4534; x_wconf 90' lang='lat' dir='ltr'>fratres</span> <span class='ocrx_word' id='word_1_640' title='bbox 3524 4495 3589 4532; x_wconf 89' lang='lat' dir='ltr'>ex</span> 
     </span>
    </p>
   </div>
   <div class='ocr_carea' id='block_1_89' title="bbox 249 4571 3592 4658">
    <p class='ocr_par' dir='ltr' id='par_1_89' title="bbox 249 4571 3592 4658">
     <span class='ocr_line' id='line_1_89' title="bbox 249 4571 3592 4658; baseline -0.006 -13"><span class='ocrx_word' id='word_1_641' title='bbox 249 4589 527 4645; x_wconf 88' lang='lat' dir='ltr'>redditur.</span> <span class='ocrx_word' id='word_1_642' title='bbox 587 4587 722 4642; x_wconf 88' lang='lat' dir='ltr'>Inde</span> <span class='ocrx_word' id='word_1_643' title='bbox 777 4586 978 4642; x_wconf 91' lang='lat' dir='ltr'>itinere</span> <span class='ocrx_word' id='word_1_644' title='bbox 1010 4586 1174 4641; x_wconf 88' lang='lat' dir='ltr'>unius</span> <span class='ocrx_word' id='word_1_645' title='bbox 1220 4587 1330 4641; x_wconf 92' lang='lat' dir='ltr'>diei</span> <span class='ocrx_word' id='word_1_646' title='bbox 1363 4593 1610 4658; x_wconf 90' lang='lat' dir='ltr'>peracto,</span> <span class='ocrx_word' id='word_1_647' title='bbox 1641 4585 1868 4657; x_wconf 90' lang='lat' dir='ltr'>quidam</span> <span class='ocrx_word' id='word_1_648' title='bbox 1969 4581 2164 4637; x_wconf 91' lang='lat' dir='ltr'>eodem</span> <span class='ocrx_word' id='word_1_649' title='bbox 2198 4577 2534 4634; x_wconf 91' lang='lat' dir='ltr'>monasterio</span> <span class='ocrx_word' id='word_1_650' title='bbox 2560 4577 2812 4641; x_wconf 76' lang='lat' dir='ltr'>Romam,</span> <span class='ocrx_word' id='word_1_651' title='bbox 2844 4574 2914 4628; x_wconf 92' lang='lat' dir='ltr'>ad</span> <span class='ocrx_word' id='word_1_652' title='bbox 2942 4573 3310 4647; x_wconf 88' lang='lat' dir='ltr'>indagandam</span> <span class='ocrx_word' id='word_1_653' title='bbox 3354 4571 3592 4658; x_wconf 87' lang='lat' dir='ltr'>transla-</span> 
     </span>
    </p>
   </div>
   <div class='ocr_carea' id='block_1_90' title="bbox 249 4657 3592 4749">
    <p class='ocr_par' dir='ltr' id='par_1_90' title="bbox 249 4657 3592 4749">
     <span class='ocr_line' id='line_1_90' title="bbox 249 4657 3592 4749; baseline -0.004 -12"><span class='ocrx_word' id='word_1_654' title='bbox 249 4680 519 4738; x_wconf 88' lang='lat' dir='ltr'>omnibns</span> <span class='ocrx_word' id='word_1_655' title='bbox 540 4681 654 4749; x_wconf 90' lang='lat' dir='ltr'>jam</span> <span class='ocrx_word' id='word_1_656' title='bbox 678 4693 775 4749; x_wconf 90' lang='lat' dir='ltr'>per</span> <span class='ocrx_word' id='word_1_657' title='bbox 801 4679 1127 4734; x_wconf 87' lang='lat' dir='ltr'>sexennium</span> <span class='ocrx_word' id='word_1_658' title='bbox 1159 4657 1461 4734; x_wconf 85' lang='lat' dir='ltr'>dissolutus</span> <span class='ocrx_word' id='word_1_659' title='bbox 1483 4678 1732 4744; x_wconf 89' lang='lat' dir='ltr'>artubus,</span> <span class='ocrx_word' id='word_1_660' title='bbox 1761 4677 1872 4732; x_wconf 87' lang='lat' dir='ltr'>lin-</span> <span class='ocrx_word' id='word_1_661' title='bbox 1975 4668 2142 4725; x_wconf 88' lang='lat' dir='ltr'>tionis</span> <span class='ocrx_word' id='word_1_662' title='bbox 2180 4667 2344 4736; x_wconf 89' lang='lat' dir='ltr'>hujus</span> <span class='ocrx_word' id='word_1_663' title='bbox 2405 4665 2581 4720; x_wconf 63' lang='lat' dir='ltr'>beatae</span> <span class='ocrx_word' id='word_1_664' title='bbox 2641 4663 2847 4738; x_wconf 81' lang='lat' dir='ltr'>reginae</span> <span class='ocrx_word' id='word_1_665' title='bbox 2878 4660 3273 4716; x_wconf 79' lang='lat' dir='ltr'>certitudinem</span> <span class='ocrx_word' id='word_1_666' title='bbox 3297 4676 3310 4724; x_wconf 77' lang='grc' dir='ltr'>ς</span> <span class='ocrx_word' id='word_1_667' title='bbox 3337 4659 3432 4731; x_wconf 85' lang='lat' dir='ltr'>qui</span> <span class='ocrx_word' id='word_1_668' title='bbox 3465 4657 3592 4713; x_wconf 74' lang='grc' dir='ltr'>ι’εά-</span> 
     </span>
    </p>
   </div>
   <div class='ocr_carea' id='block_1_91' title="bbox 253 4751 3588 4845">
    <p class='ocr_par' dir='ltr' id='par_1_91' title="bbox 253 4751 3588 4845">
     <span class='ocr_line' id='line_1_91' title="bbox 253 4751 3588 4845; baseline -0.005 -14"><span class='ocrx_word' id='word_1_669' title='bbox 253 4785 407 4831; x_wconf 89' lang='lat' dir='ltr'>tenm</span> <span class='ocrx_word' id='word_1_670' title='bbox 438 4774 618 4828; x_wconf 66' lang='lat' dir='ltr'>beatae</span> <span class='ocrx_word' id='word_1_671' title='bbox 666 4772 871 4845; x_wconf 76' lang='lat' dir='ltr'>reginae</span> <span class='ocrx_word' id='word_1_672' title='bbox 913 4788 1037 4827; x_wconf 94' lang='lat' dir='ltr'>cum</span> <span class='ocrx_word' id='word_1_673' title='bbox 1074 4771 1259 4845; x_wconf 79' lang='lat' dir='ltr'>gladio</span> <span class='ocrx_word' id='word_1_674' title='bbox 1309 4770 1477 4827; x_wconf 90' lang='lat' dir='ltr'>mittit</span> <span class='ocrx_word' id='word_1_675' title='bbox 1519 4771 1578 4826; x_wconf 91' lang='lat' dir='ltr'>in</span> <span class='ocrx_word' id='word_1_676' title='bbox 1623 4785 1871 4826; x_wconf 89' lang='lat' dir='ltr'>munere.</span> <span class='ocrx_word' id='word_1_677' title='bbox 1976 4769 2173 4816; x_wconf 74' lang='lat' dir='ltr'>euntes</span> <span class='ocrx_word' id='word_1_678' title='bbox 2227 4768 2284 4815; x_wconf 67' lang='lat' dir='ltr'>et</span> <span class='ocrx_word' id='word_1_679' title='bbox 2311 4756 2557 4814; x_wconf 60' lang='lat' dir='ltr'>veritatis</span> <span class='ocrx_word' id='word_1_680' title='bbox 2583 4755 2751 4845; x_wconf 13' lang='lat' dir='ltr'>hilljlls</span> <span class='ocrx_word' id='word_1_681' title='bbox 2781 4753 3126 4845; x_wconf 43' lang='lat' dir='ltr'>indagine}!!!</span> <span class='ocrx_word' id='word_1_682' title='bbox 3159 4761 3212 4807; x_wconf 66' lang='grc' dir='ltr'>εἴ</span> <span class='ocrx_word' id='word_1_683' title='bbox 3244 4751 3588 4845; x_wconf 55' lang='lat' dir='ltr'>geminatum</span> 
     </span>
    </p>
   </div>
   <div class='ocr_carea' id='block_1_92' title="bbox 254 4859 1875 4933">
    <p class='ocr_par' dir='ltr' id='par_1_92' title="bbox 254 4859 1875 4933">
     <span class='ocr_line' id='line_1_92' title="bbox 254 4859 1875 4933; baseline -0.003 -14"><span class='ocrx_word' id='word_1_684' title='bbox 254 4864 367 4919; x_wconf 87' lang='lat' dir='ltr'>Sed</span> <span class='ocrx_word' id='word_1_685' title='bbox 394 4870 693 4933; x_wconf 90' lang='lat' dir='ltr'>antequam</span> <span class='ocrx_word' id='word_1_686' title='bbox 739 4859 944 4929; x_wconf 83' lang='lat' dir='ltr'>conjux</span> <span class='ocrx_word' id='word_1_687' title='bbox 979 4861 1100 4929; x_wconf 90' lang='lat' dir='ltr'>ejus</span> <span class='ocrx_word' id='word_1_688' title='bbox 1127 4860 1195 4915; x_wconf 91' lang='lat' dir='ltr'>ad</span> <span class='ocrx_word' id='word_1_689' title='bbox 1228 4876 1376 4926; x_wconf 90' lang='lat' dir='ltr'>eum,</span> <span class='ocrx_word' id='word_1_690' title='bbox 1414 4876 1536 4932; x_wconf 65' lang='lat' dir='ltr'>quae</span> <span class='ocrx_word' id='word_1_691' title='bbox 1567 4859 1686 4915; x_wconf 73' lang='lat' dir='ltr'>haec</span> <span class='ocrx_word' id='word_1_692' title='bbox 1710 4859 1875 4914; x_wconf 86' lang='lat' dir='ltr'>detu-</span> 
     </span>
    </p>
   </div>
   <div class='ocr_carea' id='block_1_93' title="bbox 259 4947 1876 5015">
    <p class='ocr_par' dir='ltr' id='par_1_93' title="bbox 259 4947 1876 5015">
     <span class='ocr_line' id='line_1_93' title="bbox 259 4947 1876 5015; baseline -0.004 -7"><span class='ocrx_word' id='word_1_693' title='bbox 259 4956 399 5010; x_wconf 86' lang='lat' dir='ltr'>lerat</span> <span class='ocrx_word' id='word_1_694' title='bbox 428 4948 778 5014; x_wconf 91' lang='lat' dir='ltr'>munuscula,</span> <span class='ocrx_word' id='word_1_695' title='bbox 800 4949 1027 5015; x_wconf 87' lang='lat' dir='ltr'>rediret,</span> <span class='ocrx_word' id='word_1_696' title='bbox 1052 4947 1306 5005; x_wconf 78' lang='lat' dir='ltr'>inﬁmus</span> <span class='ocrx_word' id='word_1_697' title='bbox 1325 4949 1472 5004; x_wconf 91' lang='lat' dir='ltr'>idem</span> <span class='ocrx_word' id='word_1_698' title='bbox 1501 4947 1876 5004; x_wconf 88' lang='lat' dir='ltr'>membrorum</span> 
     </span>
    </p>
   </div>
   <div class='ocr_carea' id='block_1_94' title="bbox 260 5038 1877 5113">
    <p class='ocr_par' dir='ltr' id='par_1_94' title="bbox 260 5038 1877 5113">
     <span class='ocr_line' id='line_1_94' title="bbox 260 5038 1877 5113; baseline -0.006 -12"><span class='ocrx_word' id='word_1_699' title='bbox 260 5046 513 5102; x_wconf 91' lang='lat' dir='ltr'>omnium</span> <span class='ocrx_word' id='word_1_700' title='bbox 537 5049 830 5113; x_wconf 89' lang='lat' dir='ltr'>recuperat</span> <span class='ocrx_word' id='word_1_701' title='bbox 857 5040 1067 5096; x_wconf 92' lang='lat' dir='ltr'>munia.</span> <span class='ocrx_word' id='word_1_702' title='bbox 1100 5039 1193 5095; x_wconf 81' lang='lat' dir='ltr'>His</span> <span class='ocrx_word' id='word_1_703' title='bbox 1223 5038 1448 5106; x_wconf 89' lang='lat' dir='ltr'>auditis,</span> <span class='ocrx_word' id='word_1_704' title='bbox 1470 5038 1722 5110; x_wconf 54' lang='lat' dir='ltr'>quaedam</span> <span class='ocrx_word' id='word_1_705' title='bbox 1754 5053 1877 5092; x_wconf 87' lang='lat' dir='ltr'>ma-</span> 
     </span>
    </p>
   </div>
   <div class='ocr_carea' id='block_1_95' title="bbox 263 5129 1880 5204">
    <p class='ocr_par' dir='ltr' id='par_1_95' title="bbox 263 5129 1880 5204">
     <span class='ocr_line' id='line_1_95' title="bbox 263 5129 1880 5204; baseline -0.001 -18"><span class='ocrx_word' id='word_1_706' title='bbox 263 5134 366 5186; x_wconf 86' lang='lat' dir='ltr'>tris</span> <span class='ocrx_word' id='word_1_707' title='bbox 388 5133 458 5187; x_wconf 89' lang='lat' dir='ltr'>ab</span> <span class='ocrx_word' id='word_1_708' title='bbox 491 5139 649 5190; x_wconf 93' lang='lat' dir='ltr'>utero</span> <span class='ocrx_word' id='word_1_709' title='bbox 679 5148 824 5188; x_wconf 71' lang='lat' dir='ltr'>caeca</span> <span class='ocrx_word' id='word_1_710' title='bbox 851 5132 1096 5204; x_wconf 92' lang='lat' dir='ltr'>puellula</span> <span class='ocrx_word' id='word_1_711' title='bbox 1135 5131 1431 5186; x_wconf 91' lang='lat' dir='ltr'>deducitur</span> <span class='ocrx_word' id='word_1_712' title='bbox 1471 5131 1577 5186; x_wconf 91' lang='lat' dir='ltr'>huc</span> <span class='ocrx_word' id='word_1_713' title='bbox 1592 5129 1660 5184; x_wconf 90' lang='lat' dir='ltr'>ad</span> <span class='ocrx_word' id='word_1_714' title='bbox 1691 5138 1880 5185; x_wconf 87' lang='lat' dir='ltr'>sancta</span> 
     </span>
    </p>
   </div>
   <div class='ocr_carea' id='block_1_96' title="bbox 265 5217 1881 5294">
    <p class='ocr_par' dir='ltr' id='par_1_96' title="bbox 265 5217 1881 5294">
     <span class='ocr_line' id='line_1_96' title="bbox 265 5217 1881 5294; baseline -0.002 -18"><span class='ocrx_word' id='word_1_715' title='bbox 265 5221 546 5293; x_wconf 64' lang='lat' dir='ltr'>praesidia,</span> <span class='ocrx_word' id='word_1_716' title='bbox 566 5237 808 5294; x_wconf 84' lang='lat' dir='ltr'>moxque</span> <span class='ocrx_word' id='word_1_717' title='bbox 831 5221 960 5276; x_wconf 93' lang='lat' dir='ltr'>dum</span> <span class='ocrx_word' id='word_1_718' title='bbox 1003 5219 1268 5276; x_wconf 87' lang='lat' dir='ltr'>feretrum</span> <span class='ocrx_word' id='word_1_719' title='bbox 1299 5217 1476 5275; x_wconf 60' lang='lat' dir='ltr'>beatae</span> <span class='ocrx_word' id='word_1_720' title='bbox 1499 5217 1731 5290; x_wconf 86' lang='lat' dir='ltr'>contigit</span> <span class='ocrx_word' id='word_1_721' title='bbox 1766 5217 1881 5273; x_wconf 90' lang='lat' dir='ltr'>Do-</span> 
     </span>
    </p>
   </div>
   <div class='ocr_carea' id='block_1_97' title="bbox 267 5303 1892 5382">
    <p class='ocr_par' dir='ltr' id='par_1_97' title="bbox 267 5303 1892 5382">
     <span class='ocr_line' id='line_1_97' title="bbox 267 5303 1892 5382; baseline -0.004 -18"><span class='ocrx_word' id='word_1_722' title='bbox 267 5311 458 5378; x_wconf 68' lang='lat' dir='ltr'>minaa,</span> <span class='ocrx_word' id='word_1_723' title='bbox 491 5310 725 5382; x_wconf 89' lang='lat' dir='ltr'>depulsa</span> <span class='ocrx_word' id='word_1_724' title='bbox 739 5310 927 5365; x_wconf 89' lang='lat' dir='ltr'>lumen</span> <span class='ocrx_word' id='word_1_725' title='bbox 956 5309 1170 5380; x_wconf 91' lang='lat' dir='ltr'>recepit</span> <span class='ocrx_word' id='word_1_726' title='bbox 1199 5307 1466 5363; x_wconf 74' lang='lat' dir='ltr'>caecitate.</span> <span class='ocrx_word' id='word_1_727' title='bbox 1494 5303 1766 5378; x_wconf 84' lang='lat' dir='ltr'>Ingressis</span> <span class='ocrx_word' id='word_1_728' title='bbox 1788 5305 1892 5361; x_wconf 88' lang='lat' dir='ltr'>vil-</span> 
     </span>
    </p>
   </div>
   <div class='ocr_carea' id='block_1_98' title="bbox 269 5397 1890 5475">
    <p class='ocr_par' dir='ltr' id='par_1_98' title="bbox 269 5397 1890 5475">
     <span class='ocr_line' id='line_1_98' title="bbox 269 5397 1890 5475; baseline -0.003 -19"><span class='ocrx_word' id='word_1_729' title='bbox 269 5403 378 5458; x_wconf 87' lang='lat' dir='ltr'>lam</span> <span class='ocrx_word' id='word_1_730' title='bbox 403 5403 671 5475; x_wconf 82' lang='lat' dir='ltr'>Avergam</span> <span class='ocrx_word' id='word_1_731' title='bbox 724 5401 973 5474; x_wconf 74' lang='lat' dir='ltr'>quaedam</span> <span class='ocrx_word' id='word_1_732' title='bbox 1013 5407 1186 5468; x_wconf 89' lang='lat' dir='ltr'>muta,</span> <span class='ocrx_word' id='word_1_733' title='bbox 1215 5399 1312 5456; x_wconf 90' lang='lat' dir='ltr'>sed</span> <span class='ocrx_word' id='word_1_734' title='bbox 1341 5406 1396 5455; x_wconf 91' lang='lat' dir='ltr'>et</span> <span class='ocrx_word' id='word_1_735' title='bbox 1424 5397 1608 5455; x_wconf 88' lang='lat' dir='ltr'>ofﬁcio</span> <span class='ocrx_word' id='word_1_736' title='bbox 1631 5413 1890 5452; x_wconf 91' lang='lat' dir='ltr'>manuum</span> 
     </span>
    </p>
   </div>
   <div class='ocr_carea' id='block_1_99' title="bbox 268 5489 1896 5568">
    <p class='ocr_par' dir='ltr' id='par_1_99' title="bbox 268 5489 1896 5568">
     <span class='ocr_line' id='line_1_99' title="bbox 268 5489 1896 5568; baseline -0.003 -20"><span class='ocrx_word' id='word_1_737' title='bbox 268 5493 558 5558; x_wconf 57' lang='lat' dir='ltr'>destituta,</span> <span class='ocrx_word' id='word_1_738' title='bbox 609 5493 966 5568; x_wconf 89' lang='lat' dir='ltr'>progreditur</span> <span class='ocrx_word' id='word_1_739' title='bbox 1015 5492 1258 5559; x_wconf 90' lang='lat' dir='ltr'>obviam,</span> <span class='ocrx_word' id='word_1_740' title='bbox 1281 5507 1404 5563; x_wconf 70' lang='lat' dir='ltr'>quae</span> <span class='ocrx_word' id='word_1_741' title='bbox 1435 5489 1641 5556; x_wconf 90' lang='lat' dir='ltr'>statim,</span> <span class='ocrx_word' id='word_1_742' title='bbox 1665 5505 1896 5561; x_wconf 88' lang='lat' dir='ltr'>recupe-</span> 
     </span>
    </p>
   </div>
   <div class='ocr_carea' id='block_1_100' title="bbox 270 5578 1896 5654">
    <p class='ocr_par' dir='ltr' id='par_1_100' title="bbox 270 5578 1896 5654">
     <span class='ocr_line' id='line_1_100' title="bbox 270 5578 1896 5654; baseline -0.004 -14"><span class='ocrx_word' id='word_1_743' title='bbox 270 5587 407 5642; x_wconf 87' lang='lat' dir='ltr'>ratis</span> <span class='ocrx_word' id='word_1_744' title='bbox 432 5585 814 5644; x_wconf 91' lang='lat' dir='ltr'>membrorum</span> <span class='ocrx_word' id='word_1_745' title='bbox 868 5584 1091 5646; x_wconf 84' lang='lat' dir='ltr'>muniis,</span> <span class='ocrx_word' id='word_1_746' title='bbox 1138 5590 1382 5654; x_wconf 90' lang='lat' dir='ltr'>optatam</span> <span class='ocrx_word' id='word_1_747' title='bbox 1412 5579 1616 5636; x_wconf 89' lang='lat' dir='ltr'>meruit</span> <span class='ocrx_word' id='word_1_748' title='bbox 1645 5578 1896 5635; x_wconf 90' lang='lat' dir='ltr'>invenire</span> 
     </span>
    </p>
   </div>
   <div class='ocr_carea' id='block_1_101' title="bbox 271 5675 573 5735">
    <p class='ocr_par' dir='ltr' id='par_1_101' title="bbox 271 5675 573 5735">
     <span class='ocr_line' id='line_1_101' title="bbox 271 5675 573 5735; baseline 0.007 -2"><span class='ocrx_word' id='word_1_749' title='bbox 271 5675 573 5735; x_wconf 84' lang='lat' dir='ltr'>medelam.</span> 
     </span>
    </p>
   </div>
   <div class='ocr_carea' id='block_1_102' title="bbox 1974 4839 3592 4925">
    <p class='ocr_par' dir='ltr' id='par_1_102' title="bbox 1974 4839 3592 4925">
     <span class='ocr_line' id='line_1_102' title="bbox 1974 4839 3592 4925; baseline -0.01 -18"><span class='ocrx_word' id='word_1_750' title='bbox 1974 4851 2261 4925; x_wconf 88' lang='lat' dir='ltr'>gaudium,</span> <span class='ocrx_word' id='word_1_751' title='bbox 2293 4863 2494 4919; x_wconf 90' lang='lat' dir='ltr'>corpus</span> <span class='ocrx_word' id='word_1_752' title='bbox 2544 4843 2804 4899; x_wconf 85' lang='lat' dir='ltr'>videlicet</span> <span class='ocrx_word' id='word_1_753' title='bbox 2850 4842 2994 4898; x_wconf 90' lang='lat' dir='ltr'>beati</span> <span class='ocrx_word' id='word_1_754' title='bbox 3037 4841 3322 4912; x_wconf 80' lang='lat' dir='ltr'>Polycarpi</span> <span class='ocrx_word' id='word_1_755' title='bbox 3357 4839 3592 4911; x_wconf 82' lang='lat' dir='ltr'>presby-</span> 
     </span>
    </p>
   </div>
   <div class='ocr_carea' id='block_1_103' title="bbox 1979 4929 3597 5012">
    <p class='ocr_par' dir='ltr' id='par_1_103' title="bbox 1979 4929 3597 5012">
     <span class='ocr_line' id='line_1_103' title="bbox 1979 4929 3597 5012; baseline -0.009 -15"><span class='ocrx_word' id='word_1_756' title='bbox 1979 4939 2363 5012; x_wconf 81' lang='lat' dir='ltr'>teri,collegae</span> <span class='ocrx_word' id='word_1_757' title='bbox 2408 4935 2583 4992; x_wconf 90' lang='lat' dir='ltr'>sancti</span> <span class='ocrx_word' id='word_1_758' title='bbox 2650 4931 2987 5000; x_wconf 90' lang='lat' dir='ltr'>Sebastiani,</span> <span class='ocrx_word' id='word_1_759' title='bbox 3042 4931 3174 4987; x_wconf 90' lang='lat' dir='ltr'>huic</span> <span class='ocrx_word' id='word_1_760' title='bbox 3226 4929 3461 4986; x_wconf 92' lang='lat' dir='ltr'>attulere</span> <span class='ocrx_word' id='word_1_761' title='bbox 3483 4944 3597 4984; x_wconf 82' lang='lat' dir='ltr'>coe-</span> 
     </span>
    </p>
   </div>
   <div class='ocr_carea' id='block_1_104' title="bbox 1981 5031 2176 5089">
    <p class='ocr_par' dir='ltr' id='par_1_104' title="bbox 1981 5031 2176 5089">
     <span class='ocr_line' id='line_1_104' title="bbox 1981 5031 2176 5089; baseline -0.005 -2"><span class='ocrx_word' id='word_1_762' title='bbox 1981 5031 2176 5089; x_wconf 92' lang='lat' dir='ltr'>nobio.</span> 
     </span>
    </p>
   </div>
   <div class='ocr_carea' id='block_1_105' title="bbox 2057 5107 3595 5190">
    <p class='ocr_par' dir='ltr' id='par_1_105' title="bbox 2057 5107 3595 5190">
     <span class='ocr_line' id='line_1_105' title="bbox 2057 5107 3595 5190; baseline -0.01 -14"><span class='ocrx_word' id='word_1_763' title='bbox 2057 5120 2230 5190; x_wconf 82' lang='lat' dir='ltr'>Hujus</span> <span class='ocrx_word' id='word_1_764' title='bbox 2275 5117 2449 5173; x_wconf 61' lang='lat' dir='ltr'>beata:</span> <span class='ocrx_word' id='word_1_765' title='bbox 2488 5113 2694 5188; x_wconf 69' lang='lat' dir='ltr'>reginae</span> <span class='ocrx_word' id='word_1_766' title='bbox 2721 5111 3002 5185; x_wconf 89' lang='lat' dir='ltr'>quondam</span> <span class='ocrx_word' id='word_1_767' title='bbox 3057 5109 3223 5164; x_wconf 90' lang='lat' dir='ltr'>natali</span> <span class='ocrx_word' id='word_1_768' title='bbox 3251 5108 3344 5163; x_wconf 93' lang='lat' dir='ltr'>die</span> <span class='ocrx_word' id='word_1_769' title='bbox 3404 5107 3595 5162; x_wconf 89' lang='lat' dir='ltr'>immi-</span> 
     </span>
    </p>
   </div>
   <div class='ocr_carea' id='block_1_106' title="bbox 1985 5199 3599 5285">
    <p class='ocr_par' dir='ltr' id='par_1_106' title="bbox 1985 5199 3599 5285">
     <span class='ocr_line' id='line_1_106' title="bbox 1985 5199 3599 5285; baseline -0.011 -15"><span class='ocrx_word' id='word_1_770' title='bbox 1985 5225 2171 5280; x_wconf 92' lang='lat' dir='ltr'>nente,</span> <span class='ocrx_word' id='word_1_771' title='bbox 2222 5214 2524 5285; x_wconf 88' lang='lat' dir='ltr'>piscatores</span> <span class='ocrx_word' id='word_1_772' title='bbox 2571 5207 2973 5264; x_wconf 89' lang='lat' dir='ltr'>monachorum</span> <span class='ocrx_word' id='word_1_773' title='bbox 3026 5212 3192 5258; x_wconf 92' lang='lat' dir='ltr'>noctu</span> <span class='ocrx_word' id='word_1_774' title='bbox 3245 5199 3599 5272; x_wconf 69' lang='lat' dir='ltr'>capturasin-</span> 
     </span>
    </p>
   </div>
   <div class='ocr_carea' id='block_1_107' title="bbox 1991 5289 3602 5375">
    <p class='ocr_par' dir='ltr' id='par_1_107' title="bbox 1991 5289 3602 5375">
     <span class='ocr_line' id='line_1_107' title="bbox 1991 5289 3602 5375; baseline -0.012 -13"><span class='ocrx_word' id='word_1_775' title='bbox 1991 5305 2210 5363; x_wconf 91' lang='lat' dir='ltr'>stabant</span> <span class='ocrx_word' id='word_1_776' title='bbox 2235 5303 2470 5375; x_wconf 90' lang='lat' dir='ltr'>piscium</span> <span class='ocrx_word' id='word_1_777' title='bbox 2502 5300 2560 5354; x_wconf 94' lang='lat' dir='ltr'>in</span> <span class='ocrx_word' id='word_1_778' title='bbox 2606 5297 2850 5353; x_wconf 88' lang='lat' dir='ltr'>Materna</span> <span class='ocrx_word' id='word_1_779' title='bbox 2888 5293 3142 5360; x_wconf 90' lang='lat' dir='ltr'>ﬂumine,</span> <span class='ocrx_word' id='word_1_780' title='bbox 3166 5306 3436 5362; x_wconf 89' lang='lat' dir='ltr'>cassoque</span> <span class='ocrx_word' id='word_1_781' title='bbox 3483 5289 3602 5342; x_wconf 90' lang='lat' dir='ltr'>fru-</span> 
     </span>
    </p>
   </div>
   <div class='ocr_carea' id='block_1_108' title="bbox 1993 5380 3602 5465">
    <p class='ocr_par' dir='ltr' id='par_1_108' title="bbox 1993 5380 3602 5465">
     <span class='ocr_line' id='line_1_108' title="bbox 1993 5380 3602 5465; baseline -0.013 -13"><span class='ocrx_word' id='word_1_782' title='bbox 1993 5395 2148 5452; x_wconf 89' lang='lat' dir='ltr'>strati</span> <span class='ocrx_word' id='word_1_783' title='bbox 2202 5409 2302 5465; x_wconf 89' lang='lat' dir='ltr'>per</span> <span class='ocrx_word' id='word_1_784' title='bbox 2346 5397 2515 5447; x_wconf 89' lang='lat' dir='ltr'>totam</span> <span class='ocrx_word' id='word_1_785' title='bbox 2565 5385 2681 5443; x_wconf 86' lang='lat' dir='ltr'>fere</span> <span class='ocrx_word' id='word_1_786' title='bbox 2712 5391 2930 5441; x_wconf 91' lang='lat' dir='ltr'>noctem</span> <span class='ocrx_word' id='word_1_787' title='bbox 2989 5382 3198 5447; x_wconf 89' lang='lat' dir='ltr'>labore,</span> <span class='ocrx_word' id='word_1_788' title='bbox 3223 5380 3444 5436; x_wconf 90' lang='lat' dir='ltr'>tandem</span> <span class='ocrx_word' id='word_1_789' title='bbox 3467 5393 3602 5433; x_wconf 91' lang='lat' dir='ltr'>con-</span> 
     </span>
    </p>
   </div>
   <div class='ocr_carea' id='block_1_109' title="bbox 1995 5465 3605 5563">
    <p class='ocr_par' dir='ltr' id='par_1_109' title="bbox 1995 5465 3605 5563">
     <span class='ocr_line' id='line_1_109' title="bbox 1995 5465 3605 5563; baseline -0.014 -24"><span class='ocrx_word' id='word_1_790' title='bbox 1995 5483 2197 5558; x_wconf 91' lang='lat' dir='ltr'>questi,</span> <span class='ocrx_word' id='word_1_791' title='bbox 2229 5487 2472 5536; x_wconf 88' lang='lat' dir='ltr'>sanctam</span> <span class='ocrx_word' id='word_1_792' title='bbox 2505 5476 2765 5532; x_wconf 85' lang='lat' dir='ltr'>Helenam</span> <span class='ocrx_word' id='word_1_793' title='bbox 2811 5487 2911 5544; x_wconf 91' lang='lat' dir='ltr'>pro</span> <span class='ocrx_word' id='word_1_794' title='bbox 2960 5487 3060 5526; x_wconf 91' lang='lat' dir='ltr'>sua</span> <span class='ocrx_word' id='word_1_795' title='bbox 3097 5477 3383 5540; x_wconf 64' lang='lat' dir='ltr'>cmperunt</span> <span class='ocrx_word' id='word_1_796' title='bbox 3433 5465 3605 5563; x_wconf 72' lang='lat' dir='ltr'>incla-</span> 
     </span>
    </p>
   </div>
   <div class='ocr_carea' id='block_1_110' title="bbox 1996 5560 3606 5647">
    <p class='ocr_par' dir='ltr' id='par_1_110' title="bbox 1996 5560 3606 5647">
     <span class='ocr_line' id='line_1_110' title="bbox 1996 5560 3606 5647; baseline -0.016 -15"><span class='ocrx_word' id='word_1_797' title='bbox 1996 5591 2148 5631; x_wconf 91' lang='lat' dir='ltr'>mare</span> <span class='ocrx_word' id='word_1_798' title='bbox 2179 5571 2523 5647; x_wconf 87' lang='lat' dir='ltr'>fatigatione.</span> <span class='ocrx_word' id='word_1_799' title='bbox 2579 5569 2716 5623; x_wconf 88' lang='lat' dir='ltr'>Tum</span> <span class='ocrx_word' id='word_1_800' title='bbox 2748 5565 2805 5620; x_wconf 93' lang='lat' dir='ltr'>in</span> <span class='ocrx_word' id='word_1_801' title='bbox 2838 5565 2954 5630; x_wconf 90' lang='lat' dir='ltr'>Dei,</span> <span class='ocrx_word' id='word_1_802' title='bbox 3009 5569 3063 5617; x_wconf 92' lang='lat' dir='ltr'>et</span> <span class='ocrx_word' id='word_1_803' title='bbox 3093 5562 3152 5616; x_wconf 91' lang='lat' dir='ltr'>in</span> <span class='ocrx_word' id='word_1_804' title='bbox 3184 5560 3606 5647; x_wconf 13' lang='lat' dir='ltr'>ipsiusgno‘mine</span> 
     </span>
    </p>
   </div>
   <div class='ocr_carea' id='block_1_111' title="bbox 1998 5645 3606 5732">
    <p class='ocr_par' dir='ltr' id='par_1_111' title="bbox 1998 5645 3606 5732">
     <span class='ocr_line' id='line_1_111' title="bbox 1998 5645 3606 5732; baseline -0.016 -11"><span class='ocrx_word' id='word_1_805' title='bbox 1998 5667 2245 5722; x_wconf 81' lang='lat' dir='ltr'>laxantes</span> <span class='ocrx_word' id='word_1_806' title='bbox 2264 5645 2402 5732; x_wconf 78' lang='lat' dir='ltr'>rete,</span> <span class='ocrx_word' id='word_1_807' title='bbox 2443 5657 2669 5732; x_wconf 85' lang='lat' dir='ltr'>gemino</span> <span class='ocrx_word' id='word_1_808' title='bbox 2691 5653 2848 5712; x_wconf 88' lang='lat' dir='ltr'>ditati</span> <span class='ocrx_word' id='word_1_809' title='bbox 2869 5651 3118 5728; x_wconf 85' lang='lat' dir='ltr'>gaudent</span> <span class='ocrx_word' id='word_1_810' title='bbox 3146 5662 3326 5706; x_wconf 88' lang='lat' dir='ltr'>esoce.</span> <span class='ocrx_word' id='word_1_811' title='bbox 3355 5645 3464 5700; x_wconf 91' lang='lat' dir='ltr'>Sed</span> <span class='ocrx_word' id='word_1_812' title='bbox 3480 5657 3606 5698; x_wconf 84' lang='lat' dir='ltr'>mox</span> 
     </span>
    </p>
   </div>
  </div>
