4034 6174
480 237 502 290 1
516 239 541 292 ’1
551 239 579 293 ’1

1588 229 1955 285 FLODOARDI
1998 225 2304 284 CANONICI
2344 227 2671 284 REMENSIS

3697 234 3796 289 HS

479 384 623 424 unus
653 367 845 423 horum
880 371 1136 435 repetens
1151 370 1400 427 matrem,
1425 360 1662 432 quodam
1684 359 1888 435 gaudia
1913 358 2086 413 inter-
2109 361 2162 429 Α
2181 360 2351 428 Rieul)
2374 359 2716 431 episcopium
2757 359 2862 414 hoc
2893 365 2977 415 est
3005 358 3260 431 adeptus,
3291 359 3441 431 quod
3472 366 3580 414 tam
3620 358 3794 415 haere-

480 456 684 530 polavit
730 470 984 511 maerore.
1038 455 1287 525 Dumque
1362 468 1553 507 rursus
1599 459 1925 522 queruntur,
1984 450 2086 504 ite-

479 563 709 618 rumque
785 545 1065 600 dominam
1126 543 1473 598 inclamando
1547 541 1856 606 turbantur,
1919 540 2086 610 piscis

477 637 698 707 elapsus
725 634 1050 689 mirabiliter
1097 632 1233 687 dans
1254 630 1451 685 saltum
1477 629 1544 684 ab
1579 629 1709 694 imo,
1742 626 2083 699 superiorem

476 726 607 782 retis
656 725 842 780 funem
878 725 1226 781 tenacissimo
1258 724 1488 795 corripit
1540 739 1745 791 morsu,
1794 729 1849 778 et
1888 723 1968 778 sic
1998 723 2087 777 iu-

479 820 691 873 haerens
704 816 822 872 funi
846 816 1134 890 pependit,
1154 817 1332 873 donec
1346 814 1685 887 stupefactus
1711 830 1835 870 eum
1864 815 2087 870 tandem

475 906 716 978 piscator
744 913 1025 981 gratanter
1053 905 1286 976 excepit.

1119 993 1328 1049 CAPUT
1360 994 1449 1048 ‘IX

476 1092 550 1144 De
581 1090 937 1143 translatione
989 1090 1165 1143 sancti
1220 1086 1457 1155 Sindulﬁ
1516 1084 1590 1139 ad
1642 1085 1788 1139 idem
1815 1090 2084 1140 monaste-

1200 1180 1363 1232 rium.

544 1270 622 1324 Ad
664 1272 769 1325 hoc
796 1268 1193 1324 monasterium
1224 1266 1372 1322 beati
1406 1262 1637 1319 Sindulﬁ
1669 1265 1928 1319 translata
1957 1272 2086 1319 sunt

476 1380 620 1430 ossa,
654 1379 776 1435 qum
826 1364 884 1417 in
940 1362 1069 1417 villa
1115 1376 1237 1432 quae
1294 1360 1498 1415 dicitur
1554 1358 1820 1423 Alsontia,
1872 1357 2086 1413 fuerant

476 1452 774 1524 posita,ubi
821 1453 931 1507 Deo
987 1452 1133 1505 idem
1189 1458 1413 1504 sanctus
1464 1448 1548 1501 vir
1597 1446 1926 1503 sacerdotali
1958 1462 2083 1501 ser-

474 1545 648 1599 vierat
670 1543 875 1610 officio,
908 1550 963 1598 et
992 1542 1085 1598 ubi
1138 1540 1390 1613 pluribus
1424 1547 1546 1611 post
1568 1539 1781 1595 obitum
1813 1539 2084 1594 claruerat

2187 453 2421 516 ditariis,
2476 469 2640 524 quam
2693 452 2965 524 emptitiis
3019 453 3300 509 invenitur
3346 452 3566 509 auxisse
3613 451 3794 508 rebus.

2186 543 2287 608 Qui
2318 559 2386 598 ex
2414 551 2690 614 przecepto
2724 543 2914 599 domui
2946 542 3165 599 Nivardi
3188 558 3382 599 causas
3413 542 3573 613 apud.
3592 540 3794 617 regiam

2188 634 2529 702 majestatem
2587 650 2685 705 pro
2718 634 2883 690 rebus
2912 635 3328 701 ecclesiasticis,
3363 635 3449 690 vel
3477 633 3793 691 colonorum

2186 726 2407 801 legibus
2443 727 2624 799 egisse
2653 743 2718 783 ac
2746 727 2980 783 evicisse
2998 727 3290 799 reperitur.
3308 727 3430 797 ipse
3446 741 3578 782 vero
3608 725 3796 782 beatus

2189 815 2389 871 Reolus
2419 815 2476 870 in
2506 816 2832 888 episcopatu
2881 817 2994 887 jam
3032 816 3244 888 positus
3294 832 3551 892 magnam
3606 815 3798 871 habuit

2189 902 2576 972 intentionem,
2610 921 2709 977 pro
2736 905 2904 962 rebus
2924 906 3193 977 praemissi
3225 905 3402 962 sancti
3432 905 3655 960 Nivardi
3680 904 3797 975 epi-

2187 994 2363 1064 sc0pi,
2392 1010 2517 1050 cum
2548 994 2901 1051 Gundeberto
2929 995 3076 1068 regis
3095 995 3381 1066 optimate,
3413 994 3590 1066 ipsius
3611 995 3797 1051 domui

2187 1085 2407 1142 Nivardi
2460 1085 2627 1143 fratre
2673 1103 2957 1162 germano,
3017 1087 3237 1143 dicente
3265 1086 3622 1144 Gundeberto
3653 1087 3799 1158 quod

2184 1177 2327 1233 villa
2355 1179 2601 1251 germani
2648 1180 2733 1235 sui
2763 1180 2988 1236 Nivonis
3013 1181 3281 1253 episcopi,
3317 1190 3427 1236 tam
3462 1180 3532 1236 de
3554 1185 3799 1250 paterna,

2185 1284 2350 1339 quam
2380 1268 2451 1323 de
2496 1276 2743 1325 materna
2791 1269 3134 1337 hmreditate,
3180 1285 3318 1341 quas
3374 1269 3508 1327 Nivo
3561 1268 3804 1326 moriens

2187 1360 2578 1433 dereliquerat,
2607 1361 2713 1432 ipsi
2738 1362 2862 1431 jure
2888 1362 3138 1437 legitimo
3169 1361 3526 1418 deberentur.
3570 1362 3633 1418 At
3667 1376 3801 1417 con-

2187 1457 2268 1504 tra
2298 1451 2537 1505 domnus
2567 1450 2770 1507 Reolus
2807 1452 2893 1507 vel
2931 1459 3160 1523 agentes
3198 1451 3283 1507 sui
3334 1451 3617 1516 dicebant,
3652 1451 3800 1522 quod

2185 1541 2423 1599 domnus
2451 1543 2718 1599 Nivardus
2777 1559 3000 1600 omnem
3061 1560 3176 1599 rem
3224 1560 3400 1610 suam,
3458 1559 3560 1615 pro
3599 1543 3797 1599 animae

476 1634 773 1689 miraculis.
808 1633 975 1701 Cujus
1005 1632 1237 1705 pignora
1268 1637 1328 1685 ut
1359 1630 1567 1700 perlata
1620 1635 1749 1683 sunt
1779 1628 1847 1683 ad
1869 1628 2076 1690 villam,
2109 1676 2158 1744 B
2183 1652 2297 1690 suae
2325 1636 2592 1704 remedio,
2627 1636 2695 1691 ad
2756 1637 2874 1693 loca
2929 1645 3245 1693 sanctorum
3303 1653 3403 1708 per
3437 1653 3536 1692 sua
3594 1636 3801 1692 ξηειω..

518 1743 521 1744 ,
560 1742 588 1744 η
653 1725 835 1744 ιξκ·ιηκμ
866 1724 1025 1744 (ἾΑΞΔ-
1081 1722 1280 1744 μηιῖ-..
1330 1721 1572 1744 _--MJ-...
1609 1735 1743 1744 AM-..
1787 1718 2076 1744 ..-ἕλιξ-...να
2184 1730 2360 1744 μ--μι-
2415 1724 2725 1744 ____1__IS---.
2792 1726 2994 1744 --319,-ι
3038 1726 3098 1744 ,κι
3141 1725 3414 1744 _-_IA_!‘__
3457 1733 3646 1744 _A_.-;__
3682 1724 3753 1744 Il-

475 1742 597 1799 quae
636 1725 838 1780 dicitur
865 1724 1054 1794 Spida,
1081 1722 1281 1777 mulier
1324 1721 1574 1792 qmedam
1605 1735 1747 1775 caeca
1787 1718 2082 1790 pristinum
2109 1718 2158 1744 ”
2184 1730 2368 1779 menta
2407 1724 2750 1793 contulisset,
2788 1726 3000 1781 scilicet
3032 1726 3100 1781 ad
3132 1725 3423 1782 ecclesiam
3453 1733 3653 1781 sanctae
3682 1724 3800 1780 Ma-

474 1816 666 1889 gavisa
724 1820 807 1869 est
837 1813 1023 1867 lumen
1053 1812 1272 1882 adepta.
1298 1809 1539 1881 Cumque
1571 1808 2086 1881 apprOpiuquarent

471 1903 583 1972 jam
634 1909 800 1972 porta}
858 1901 1097 1955 civitatis
1146 1899 1451 1963 Remensis,
1499 1898 1717 1953 obviam
1752 1904 2083 1967 pr0perante

476 1994 664 2066 pepuli
716 1992 1094 2059 multitudine,
1131 1990 1363 2046 accessit
1411 1990 1661 2062 quzedam
1707 1997 1855 2043 muta
1888 1996 1945 2043 et
1982 1989 2083 2043 de-

474 2083 603 2139 bilis
663 2099 829 2137 manu
874 2081 1058 2152 puella
1091 2098 1104 2144 ;
1134 2096 1256 2152 quae
1292 2087 1349 2134 ut
1379 2095 1438 2134 se
1472 2087 1627 2134 terra:
1656 2078 1968 2148 prostravit,
2011 2078 2079 2132 ab

473 2183 705 2245 utraque
732 2174 914 2228 sanari
936 2180 1090 2244 peste
1107 2171 1428 2244 promeruit.
1462 2171 1634 2226 Allata
1655 2178 1738 2224 est
1773 2168 1901 2225 illuc
1930 2185 2082 2242 quae-

470 2267 596 2322 dam
618 2267 943 2321 muliercula
964 2265 1243 2331 manibus,
1259 2263 1609 2338 genibusque
1631 2268 1934 2326 contracta,
1958 2275 2080 2333 quae

470 2357 756 2424 continuo,
779 2364 941 2412 utest
961 2356 1029 2411 ad
1067 2364 1266 2411 terram
1298 2354 1571 2426 deposita,
1613 2353 1833 2409 sanitati
1867 2351 2082 2407 laetatur

470 2450 741 2505 restituta.
792 2450 900 2504 Sed
952 2448 1048 2504 ubi
1102 2448 1248 2504 victa
1288 2449 1419 2503 luxu
1454 2446 1678 2519 gloriari
1709 2445 1896 2516 ccepit,
1929 2444 2078 2516 quod

472 2559 591 2615 eam
620 2542 805 2608 vellet,
834 2541 1026 2607 nollet,
1058 2541 1142 2595 vir
1180 2556 1315 2594 suus
1340 2538 1632 2610 reciperet,
1660 2538 1755 2610 qui
1778 2554 1898 2593 eam
1922 2537 2079 2592 infir-

467 2628 675 2688 mitatis
694 2633 858 2701 hujus
913 2648 1078 2687 causa
1120 2631 1427 2697 dimiserat,
1474 2631 1543 2684 ad
1569 2630 1854 2701 depulsam
1887 2644 2078 2684 rursus

466 2730 550 2778 est
575 2721 853 2776 miseriam
892 2719 1158 2775 revoluta.
1186 2720 1321 2773 Item
1348 2725 1409 2772 ut
1433 2717 1613 2788 posita
1642 2727 1771 2772 sunt
1792 2717 1940 2772 beati
1974 2718 2075 2771 viri

466 2810 715 2866 membra
745 2811 799 2864 in
827 2809 1083 2874 ecclesia,
1111 2823 1294 2863 coram
1325 2806 1482 2862 altari
1515 2813 1716 2862 sanctae
1741 2806 1943 2871 Mariae,
1977 2806 2076 2861 ad-

465 2905 615 2959 venit
669 2902 918 2975 quaedam
969 2900 1152 2972 puella
1196 2907 1420 2971 reptans
1459 2897 1697 2974 genibus
1754 2905 2072 2954 contracta:

2185 1816 2300 1883 riae,
2327 1822 2382 1870 et
2409 1818 2585 1872 sancti
2654 1817 2911 1890 Remigii,
2945 1826 3109 1890 atque
3166 1818 3235 1873 ad
3281 1817 3672 1874 monasterium
3711 1818 3806 1873 Al-

2185 1907 2516 1974 tumvillare,
2559 1923 2773 1963 necnon
2802 1915 2857 1963 et
2909 1907 3259 1973 Viriziacum,
3288 1905 3385 1962 ubi
3415 1907 3658 1962 domnus
3689 1907 3801 1962 Ba-

2183 1998 2334 2052 solus
2384 1997 2439 2052 in
2478 2012 2709 2068 corpore
2754 1996 3097 2069 requiescit;
3138 2012 3260 2068 qua:
3300 1996 3638 2051 monasteria
3681 1996 3803 2065 ipse

2184 2086 2420 2140 domnus
2450 2086 2585 2142 Nivo
2632 2101 2733 2142 suo
2762 2092 3161 2153 construxerat,
3190 2085 3276 2142 vel
3306 2092 3641 2141 restruxerat
3664 2099 3806 2154 ope-

2181 2192 2261 2230 re.
2287 2177 2443 2242 ltem,
2466 2176 2651 2231 Remis
2668 2177 2736 2231 ad
2759 2176 3153 2232 monasterium
3173 2174 3504 2246 puellarum,
3530 2174 3626 2229 ubi
3646 2173 3799 2230 Boba

2182 2281 2419 2337 praeesse
2449 2264 2741 2321 videbatur
2769 2267 3070 2323 abbatissa.
3107 2270 3243 2325 Item
3273 2269 3482 2326 sanctis
3512 2266 3711 2325 Ruﬁno
3738 2276 3801 2323 et

2182 2354 2420 2423 Valerio,
2450 2355 2534 2410 vel
2581 2370 2680 2426 per
2734 2356 2949 2428 reliqua
3005 2358 3123 2413 loca
3151 2367 3488 2415 sanctorum.
3528 2357 3637 2412 Sed
3660 2356 3797 2412 dum

2182 2448 2327 2505 inter
2352 2455 2642 2518 utramque
2674 2456 2885 2519 partem
2906 2451 3023 2506 haec
3052 2451 3286 2507 intentio
3315 2456 3644 2516 verteretur,
3676 2464 3803 2505 me-

2179 2537 2461 2596 diantibus
2515 2541 2760 2612 paciﬁcis
2800 2542 3023 2598 tandem
3062 2541 3338 2613 personis,
3394 2556 3460 2596 eo
3499 2547 3696 2595 tenore
3726 2541 3800 2594 ad

2177 2646 2369 2700 pacem
2395 2634 2691 2689 concordia
2712 2635 3018 2701 redierunt,
3066 2644 3125 2690 ut
3153 2633 3543 2690 Gundebertus
3571 2649 3636 2688 ea
3674 2647 3805 2704 qua:

2180 2723 2321 2779 ultra
2374 2725 2611 2797 Ligerim
2664 2726 2883 2783 fuerant
2934 2728 3137 2784 Emmee
3185 2726 3472 2800 genitricis
3527 2726 3801 2796 ipsorum,

2178 2813 2388 2886 absque
2402 2816 2735 2886 repetitione
2765 2816 2919 2872 Reoli
2946 2815 3219 2888 episcOpi,
3237 2816 3325 2872 vel
3348 2814 3632 2888 agentium
3661 2828 3806 2869 suo-

2179 2920 2322 2974 rum,
2354 2905 2409 2958 in
2435 2921 2535 2960 sua
2565 2907 2837 2977 reciperet
2864 2912 3154 2977 potestate.
3200 2905 3432 2978 Reliqua
3460 2919 3615 2971 vero,
3637 2918 3806 2974 quae-

466 3010 588 3065 quae
618 2993 819 3048 virtute
840 3000 1041 3056 erecta,
1076 2989 1239 3059 hujus
1270 2987 1442 3044 sancti
1468 2987 1680 3043 meritis
1717 2987 1891 3043 astitit
1918 3003 2068 3042 sana.
2108 3002 2156 3071 Ο
2177 3009 2395 3066 cunque
2426 2994 2586 3050 bona;
2616 2995 2896 3052 memoriae
2941 2995 3179 3051 domnus
3227 2994 3362 3050 Nivo
3411 2993 3482 3048 ad
3520 2993 3640 3049 loca
3664 3007 3805 3047 san-

466 3081 768 3138 Adducitur
793 3080 958 3136 etiam
1013 3078 1263 3152 quiedam
1313 3078 1428 3147 jam
1486 3092 1587 3148 per
1632 3091 1807 3132 annos
1858 3082 2071 3148 septem

2175 3094 2389 3143 ctorum
2414 3103 2516 3159 per
2544 3104 2642 3144 sua
2691 3088 3058 3144 instrumenta
3089 3087 3386 3161 delegavit,
3418 3086 3488 3141 ad
3517 3085 3802 3157 integrum

2173 3179 2366 3233 eadem
2397 3188 2711 3236 sanctorum
2742 3181 2862 3237 loca
2899 3178 3304 3252 perpetualiter
3335 3177 3548 3249 absque
3579 3176 3800 3247 repeti-

2173 3268 2326 3324 tione
2375 3268 2735 3337 Gundeberti,
2794 3270 2881 3326 vel
2920 3269 3203 3325 haeredum
3257 3283 3488 3324 suorum
3536 3282 3663 3323 cum
3694 3266 3799 3320 Dei

2173 3360 2447 3430 adjutorio
2522 3363 2889 3432 possiderent.
2947 3362 3103 3418 Unde
3156 3360 3506 3417 conventiale
3572 3373 3807 3431 quoque

2172 3449 2438 3521 scriptum
2451 3449 2726 3524 digestum
2743 3451 2891 3522 apud
2908 3465 3009 3506 nos
3026 3450 3210 3506 adhuc
3227 3455 3557 3516 reservatur,
3592 3447 3807 3503 utrius-

2172 3554 2280 3610 que
2307 3539 2482 3610 partis
2511 3540 2891 3615 assignatione
2921 3539 3266 3597 roboratum.

2243 3627 2340 3684 Hic
2396 3635 2609 3700 partem
2637 3629 2782 3685 villae
2838 3629 3041 3686 Diciaci
3090 3628 3303 3700 positus
3352 3627 3409 3682 in
3464 3626 3803 3698 episcopatu

2169 3719 2341 3789 emit;
2374 3720 2525 3789 item,
2557 3737 2809 3777 mansum
2823 3730 2879 3778 et
2904 3736 3130 3793 campos
3158 3721 3215 3776 in
3256 3721 3434 3778 villari
3470 3720 3799 3775 Bersiniaco

2172 3811 2312 3884 [ms.,
2346 3809 2680 3882 Hersiniaco]
2719 3829 2733 3877 ;
2764 3812 2917 3879 item,
2978 3825 3199 3866 mansos
3246 3810 3465 3884 aliquos
3495 3809 3801 3881 plusquam

2167 3909 2402 3974 quatuor
2430 3902 2573 3958 infra
2637 3902 2915 3959 civitatem
2965 3903 3297 3959 Remensem
3325 3918 3358 3957 a
3387 3901 3623 3958 diversis
3654 3916 3797 3972 per-

2169 3995 2341 4066 sonis,
2364 4003 2420 4052 et
2445 3994 2555 4051 alia
2612 3995 2861 4068 quasdam
2916 4013 2930 4062 ;
2965 3995 3119 4063 item,
3162 3994 3475 4066 portionem
3530 3993 3599 4048 de
3629 3992 3794 4058 villa,

2171 4100 2294 4155 quae
2316 4084 2521 4141 dicitur
2549 4085 2703 4142 Mons
2727 4085 2937 4142 Allonis
2967 4103 2983 4152 ;
3006 4085 3163 4153 item,
3187 4092 3374 4157 partes
3401 4083 3655 4139 villarum
3677 4081 3801 4137 Ro-

454 4168 634 4239 pl‘imo
664 4167 965 4223 nativitatis
1013 4182 1158 4224 anno
1211 4184 1375 4230 caeca.
1431 4175 1492 4222 ut
1530 4169 1847 4237 adjanuam
1878 4184 2073 4224 mona-
2171 4177 2358 4233 siciaci
2389 4186 2443 4234 et
2481 4178 2778 4249 Popiciaci,
2839 4185 2894 4234 et
2930 4177 3037 4234 alia
3090 4178 3378 4245 nonnulla,
3426 4186 3535 4233 tam
3575 4174 3799 4248 praedia

454 4260 606 4316 sterii
640 4259 911 4331 pervenit,
977 4259 1157 4314 lucem
1208 4259 1400 4315 videre
1451 4259 1640 4330 coepit.
1674 4260 1789 4315 Duo
1819 4259 2070 4336 germani
2171 4281 2335 4336 quam
2377 4267 2673 4338 mancipia,
2714 4268 2835 4337 ejus
2852 4262 3801 4340 temporibustradiditvirillustris

454 4358 725 4423 provecta:
750 4348 944 4405 fratres
981 4349 1155 4405 aetatis
1208 4348 1313 4404 sub
1342 4364 1452 4404 uno
1514 4363 1661 4405 anno
1704 4348 1827 4404 lucc
1867 4348 2063 4420 privati
2090 4370 2144 4439 Ι)
2169 4355 2420 4411 Warams
2447 4356 2518 4411 ad
2574 4356 2838 4412 ecclesias
2862 4363 3066 4413 sancta;
3119 4356 3322 4423 Mariae),
3373 4361 3428 4411 et
3455 4352 3631 4410 sancti
3669 4351 3801 4408 Re-

453 4442 753 4499 oratorium
812 4441 1068 4518 ingressi,
1119 4448 1179 4496 ut
1214 4456 1273 4496 se
1327 4440 1602 4498 dederunt
1648 4441 1706 4496 in
1735 4441 2063 4509 orationem,
2170 4444 2527 4520 migiiRemis
2553 4445 2935 4502 Cruciniacum
2980 4447 3211 4515 (Cruny)
3242 4450 3509 4510 montem,
3542 4440 3797 4497 Curbam

451 4552 614 4591 cruor
642 4535 724 4590 eis
755 4550 855 4606 pro
886 4534 1142 4606 lacrymis
1162 4533 1334 4590 fluere
1358 4533 1527 4605 coepit
1565 4550 1635 4590 ex
1663 4533 1878 4600 oculis;
1913 4548 2067 4590 mox-
2166 4537 2349 4593 villam
2381 4538 2707 4609 (Committe),
2751 4554 2878 4594 cum
2934 4537 3245 4603 Acciniaco,
3299 4536 3356 4590 in
3403 4549 3546 4609 pago
3575 4532 3803 4588 Tarde-

452 4643 561 4700 que
591 4627 800 4683 lumine
831 4634 1076 4698 recepto,
1123 4627 1379 4682 laetantur
1406 4626 1723 4698 sepulcrum
1753 4626 1946 4682 videre
1976 4642 2067 4682 sa-
2166 4627 2349 4693 nensi,
2380 4627 2595 4699 (Arcim’
2619 4643 2685 4682 en
2742 4627 3083 4698 Tardenois).
3116 4625 3375 4690 Quaedam
3411 4622 3658 4694 denique
3691 4621 3801 4677 hic

451 4716 679 4773 natoris.
731 4716 987 4781 Quaedam
1027 4716 1139 4771 Deo
1190 4723 1405 4771 sacrata
1445 4721 1631 4771 votum
1688 4713 1885 4770 habuit
1933 4730 2058 4771 cum
2159 4715 2567 4787 beatuspraesul
2594 4716 2798 4772 Reolus
2817 4714 3063 4771 exrebus
3084 4713 3337 4771 ecclesia:
3356 4711 3637 4768 invenitur
3653 4726 3800 4767 cum

449 4808 637 4877 sociis,
672 4816 732 4863 ut
767 4809 872 4864 iret
909 4807 978 4863 ad
1030 4807 1210 4863 locum
1268 4806 1518 4880 pignoris
1551 4824 1567 4874 ;
1600 4822 1722 4878 quae
1765 4806 1833 4862 de
1860 4806 2061 4863 itinere
2161 4808 2494 4881 quibusdam
2550 4808 2804 4880 personis
2838 4813 3230 4876 commutasse,
3286 4805 3528 4878 partium
3564 4803 3803 4860 scilicet

448 4898 634 4955 medio
663 4899 878 4954 caeteris
909 4898 1014 4954 iter
1072 4896 1471 4971 peragentibus
1522 4903 1765 4968 coeptum
1821 4911 2057 4964 reversa,
2160 4897 2393 4954 liberata
2419 4897 2859 4969 opportunitate.

446 4995 508 5043 ut
533 4988 601 5043 ad
631 5004 744 5043 suae
784 4988 964 5043 locum
995 4987 1206 5043 cellulae
1254 4985 1529 5057 pervenit,
1561 4984 1887 5056 poplitibus,
1930 4984 2061 5041 bra-
2234 4987 2432 5044 Habuit
2462 4986 2632 5044 ﬁliam
2690 4987 2801 5044 Deo
2847 4978 3114 5042 sacratam
3166 4985 3225 5041 in
3253 4980 3593 5040 monasterio
3623 4982 3797 5052 quod

447 5077 698 5149 chiisque
751 5084 1030 5134 contracta
1094 5075 1341 5150 diriguit.
1402 5075 1613 5141 Postea,
1679 5074 1924 5146 plaustro
1990 5076 2059 5131 ad
2161 5080 2432 5137 Ebroinus
2459 5080 2773 5137 Suessionis
2828 5078 3154 5143 construxit,
3182 5076 3286 5132 sub
3342 5082 3533 5131 sancta
3589 5073 3805 5147 regula

448 5166 733 5237 praefatum
766 5166 995 5223 devecta
1047 5163 1385 5231 coenobium,
1419 5171 1709 5236 postquam
1733 5162 2059 5236 aliquandiu

2182 5177 2601 5239 :onversautem,
2661 5169 2887 5228 nomine
2937 5168 3171 5234 Odilam,
3228 5180 3394 5238 quam
3432 5180 3499 5219 ex
3524 5161 3803 5236 legitimo

449 5257 656 5313 ibidem
688 5258 743 5313 in
789 5258 892 5314 hac
946 5265 1031 5312 est
1086 5255 1415 5331 aegritudine
1471 5260 1764 5323 remorata,
1826 5256 2059 5314 exsultat
2158 5271 2477 5334 susceperat
2513 5269 2640 5318 ante
2695 5261 3016 5318 clericatum
3068 5256 3426 5315 matrimonio
3458 5253 3591 5323 ;cui
3618 5253 3806 5311 villas

450 5350 670 5405 tandem
698 5350 930 5421 pristina
950 5348 1057 5404 sibi
1089 5349 1355 5420 sospitate
1378 5347 1675 5403 redhibita.
2159 5352 2447 5424 quasdam,
2480 5360 2590 5406 tam
2633 5351 2689 5405 in
2729 5365 2871 5425 pago
2921 5348 3201 5414 Remensi,
3252 5345 3340 5402 vel
3368 5343 3802 5417 Bellovagensi,

1103 5437 1310 5493 CAPUT
1337 5437 1397 5492 X.
2161 5456 2325 5511 quam
2354 5440 2520 5495 etiam
2552 5440 2609 5493 in
2639 5439 2889 5511 partibus
2924 5435 3382 5512 Transligeranis,
3437 5448 3504 5488 eo
3553 5432 3807 5490 tradidit.

869 5531 942 5582 De
970 5532 1152 5584 sancto
1180 5529 1338 5585 Reolo
1366 5529 1626 5599 episcopo.
2153 5528 2302 5596 jure,
2332 5534 2393 5582 ut
2418 5527 2489 5583 ad
2528 5528 2677 5583 idem
2727 5527 3123 5584 monasterium
3163 5541 3253 5582 res
3309 5525 3441 5596 ipsae
3472 5530 3600 5593 post
3654 5521 3813 5590 ejus

518 5617 644 5672 Post
667 5617 719 5670 S.
764 5615 1059 5673 Nivardum
1097 5615 1356 5687 praefatus
1386 5616 1623 5673 domnus
1662 5615 1863 5672 Reolus
1894 5619 2058 5689 (saint
2160 5618 2450 5675 decessum
2477 5618 2810 5691 proﬁcerent
2835 5619 2986 5677 omni
3013 5625 3282 5689 tempore.

465 3194 627 3242 calca.
668 3194 789 3249 quae
821 3192 945 3232 mox
988 3183 1048 3230 ut
1090 3175 1273 3230 valvas
1303 3172 1494 3244 templi
1539 3171 1932 3247 attigit,lumen
1984 3188 2074 3227 re-

461 3270 647 3341 cipere
665 3268 887 3324 meruit.
918 3266 1412 3323 Celebratismissse
1424 3263 1805 3334 sacramentis,
1827 3262 2075 3319 defertur

460 3362 591 3417 inde
611 3377 810 3432 corpus
837 3360 985 3415 beati
1033 3360 1136 3414 viri
1176 3360 1247 3415 ad
1293 3359 1579 3415 basilicam
1605 3358 1779 3415 sancti
1811 3358 2069 3432 Remigii.

460 3450 520 3504 ln
546 3450 845 3506 crastinum
877 3447 1148 3520 perfertur
1173 3449 1242 3503 ad
1274 3448 1667 3503 monasterium
1696 3447 2070 3515 Avennacum,

459 3547 515 3592 et
543 3537 965 3593 occurrentibus
1012 3535 1551 3604 sanctimonialibus,
1593 3536 1816 3591 advenit
1846 3535 2070 3608 quidam

452 3629 567 3697 jam
597 3628 814 3685 duobus
834 3629 996 3684 annis
1024 3628 1255 3684 claudus
1287 3646 1301 3694 ;
1334 3628 1430 3699 qui
1456 3626 1553 3683 ubi
1581 3643 1644 3682 se
1685 3627 1977 3698 prostravit
2008 3627 2068 3682 in

459 3719 705 3785 humum,
737 3733 971 3792 surgens
1004 3717 1245 3789 priscum
1275 3715 1445 3787 coepit
1475 3714 1644 3788 ﬁgere
1669 3732 1940 3790 gressum.
1974 3715 2069 3771 Af-

456 3809 630 3867 fertur
658 3811 824 3866 etiam
856 3810 1108 3883 quzedam
1140 3818 1441 3877 contracta,
1501 3808 1878 3882 membrisque
1910 3825 2065 3865 reso-

454 3900 585 3961 luta.
621 3917 744 3973 quae
774 3902 897 3955 sine
927 3916 1080 3955 mora
1100 3900 1352 3971 sospitati
1381 3900 1587 3974 gaudet
1614 3899 1886 3956 restituta.
1933 3899 2064 3954 Tum

455 3989 723 4060 perlatum
755 3996 836 4043 est
865 4004 1065 4043 munus
1098 3988 1203 4044 hoc
1227 3989 1545 4044 venerabile
1575 3989 1645 4044 ad
1667 3988 2064 4046 monasterium

454 4076 949 4140 Altumvillarense,
1005 4075 1101 4130 ubi
1151 4076 1401 4148 quaedam
1455 4076 1703 4147 puellula
1757 4078 1987 4133 advecta
2039 4094 2070 4132 a
