4038 6166
301 344 404 401 113
478 404 485 409 _

950 328 1272 387 HISTORUE
1313 328 1647 389 ECCLESIIE
1686 332 2014 391 REBIENSIS
2055 334 2231 389 LIBRI
2272 334 2688 401 QUATUOR.—
2725 341 2850 395 LIB.
2892 342 2958 395 lI.

3520 347 3621 401 114

369 467 680 526 Construxit
718 466 811 521 hic
866 461 1204 520 venerabilis
1255 462 1457 533 praesul
1508 462 1906 518 monasterium
1935 471 1983 537 Α
2007 480 2117 535 qua
2138 463 2361 519 dedisse
2420 466 2698 538 reperitur
2726 468 2783 524 in
2832 484 2967 525 auro
3005 469 3216 527 solidos
3243 473 3364 527 140.
3408 474 3563 544 Item,
3588 494 3620 534 a
3656 474 3661 482 ’

298 562 656 621 Orbacensse,
673 559 728 613 in
745 558 868 612 loco
887 570 1052 628 quem
1069 554 1376 626 promeruit
1400 554 1548 610 dono
1564 555 1709 629 regis
1728 555 1908 610 Theo-

256 649 493 714 derici,
543 664 647 719 per
697 645 875 718 ipsius
925 643 1226 708 licentiam,
1284 640 1617 715 suffragante
1682 658 1905 714 quoque

293 740 534 796 Ebroino
562 738 770 806 majore
791 735 1010 790 domus.
1046 733 1471 804 Impetravitque
1499 733 1736 789 domnus
1759 733 1904 788 idem

293 832 496 888 Reolus
522 847 554 885 a
582 826 919 884 monasterio
950 823 1284 880 Rasbacensi
1328 839 1425 879 sex
1451 826 1770 887 monachos.
1809 826 1904 897 qui

289 924 565 997 regimina
598 929 805 977 sanctae
838 919 1043 992 regulae
1064 917 1273 972 ibidem
1294 922 1571 984 tenerent,
1596 924 1651 972 et
1682 917 1819 974 alios
1841 934 1906 974 ea

289 1018 573 1073 docerent.
610 1014 684 1067 Ex
713 1010 917 1083 quibus
961 1025 1131 1065 unum
1164 1008 1561 1064 Landemarum
1594 1009 1650 1080 [ἱ.
1689 1010 1902 1066 Leudo-

290 1103 525 1175 marum]
555 1101 803 1163 nomine,
834 1099 892 1153 in
926 1098 1124 1155 eodem
1155 1098 1277 1154 loco
1308 1098 1566 1153 abbatem
1598 1099 1904 1165 constituit,

289 1197 383 1268 qui
415 1194 562 1250 rexit
583 1193 728 1247 idem
758 1190 1162 1246 monasterium
1218 1189 1397 1245 donec
1425 1190 1581 1244 vixit.
1614 1189 1745 1244 Nam
1776 1190 1906 1246 licet

288 1290 357 1344 ab
388 1288 582 1343 Odone
638 1284 878 1357 quodam
914 1283 1083 1339 fuerit
1128 1283 1411 1354 expulsus,
1462 1299 1494 1338 a
1548 1282 1905 1339 Childeberto

286 1386 471 1432 tamen
498 1391 631 1449 rege
656 1381 849 1444 postea
879 1371 1167 1427 restitutus
1196 1378 1295 1425 est.
1332 1370 1458 1426 Post
1488 1372 1646 1440 cujus
1690 1370 1903 1427 obitum

285 1469 527 1524 domnus
555 1465 890 1539 Rigobertus
918 1462 1366 1535 archiepiscopus
1394 1464 1577 1534 ipsum
1618 1463 1829 1534 recepit
1849 1472 1903 1519 et

283 1562 444 1616 rexit.
498 1560 670 1629 Hujus
720 1556 1045 1613 monasterii
1098 1558 1453 1621 monachum,
1496 1556 1722 1612 nomine
1755 1557 1900 1612 Huc-

282 1653 539 1717 boldum,
583 1665 761 1721 nuper
816 1649 1054 1723 Hungari
1110 1650 1571 1718 comprehensum
1626 1648 1899 1703 trucidare

281 1745 391 1800 nisi
425 1750 601 1807 sunt;
643 1742 741 1797 sed
797 1756 1145 1811 nequaquam
1203 1739 1350 1794 ferro
1419 1739 1663 1795 incidere
1696 1746 1897 1809 potue-

280 1842 407 1890 runt
438 1832 693 1903 (6).Nam
749 1840 809 1885 ut
865 1830 1012 1884 idem
1062 1828 1251 1899 refert,
1300 1839 1353 1885 et
1414 1829 1662 1885 nonnulli
1697 1829 1897 1899 captivi

278 1926 375 1998 qui
416 1925 695 1986 viderant,
729 1921 934 1976 reversi
995 1936 1142 1975 nunc
1171 1936 1395 1992 quoque
1450 1929 1739 1985 testantur,
1768 1920 1899 1975 dum

277 2017 500 2092 sagittis
531 2030 657 2069 eum
676 2014 884 2068 nudum
909 2013 1157 2084 undique
1178 2012 1400 2067 barbari
1435 2011 1721 2083 petissent,
1750 2022 1809 2067 ut
1830 2012 1898 2067 ab

277 2110 581 2163 adamante
608 2106 808 2172 relisae,
866 2104 944 2159 sic
998 2104 1067 2158 ab
1121 2105 1242 2173 ejus
1297 2119 1528 2175 corpore
1576 2103 1901 2158 resiliebant

275 2198 516 2270 sagitta},
551 2211 655 2250 nec
675 2195 896 2269 signum
927 2193 1068 2249 ictus
1107 2193 1282 2247 ullum
1335 2192 1637 2263 apparebat
1668 2193 1721 2246 in
1750 2201 1898 2259 cute,

276 2290 379 2345 sed
414 2298 473 2343 et
517 2288 670 2344 omni
699 2293 895 2342 conatu
949 2285 1135 2359 gladio
1167 2300 1479 2356 percussus,
1537 2284 1901 2339 nihilominus

276 2377 487 2432 mansit
543 2376 923 2430 intemeratus.
974 2372 1128 2428 Unde
1194 2380 1249 2428 et
1280 2374 1449 2428 Deum
1481 2373 1733 2428 dicentes
1772 2388 1899 2427 eum

271 2486 427 2537 esse,
463 2470 740 2524 duxerunt
791 2465 1014 2522 reveriti
1067 2481 1277 2531 secum,
1310 2464 1489 2521 donec
1518 2465 1839 2535 redemptus
1871 2481 1899 2519 a

274 2559 525 2630 quodam
553 2557 838 2628 episcOpo,
866 2564 1031 2626 atque
1048 2554 1310 2608 dimissus
1341 2552 1652 2608 revertitur.

929 2644 1139 2699 CAPUT
1168 2644 1254 2699 XI.

782 2742 855 2794 De
900 2742 1084 2792 sancto
1121 2738 1404 2804 Rigoberto

343 2829 588 2885 Praefato
619 2830 823 2885 domno
851 2830 1021 2885 Reolo
1050 2829 1247 2883 beatus
1286 2827 1615 2900 Rigobertus
1633 2828 1900 2883 successit

273 2923 328 2975 in
351 2919 717 2991 episcOpatu,
770 2919 912 2987 ejus,
967 2925 1028 2973 ut
1075 2916 1329 2981 traditur,
1381 2917 1546 2971 etiam
1576 2933 1738 2972 carne
1766 2932 1898 2988 pro-

270 3013 528 3084 pinquus
567 3011 624 3064 in
656 3008 885 3084 regione
926 3005 1314 3062 Ribuariorum
1364 3007 1522 3075 (pays
1554 3006 1618 3059 de
1638 3006 1892 3068 Ribcmot)

2009 557 2245 628 quadam
2266 558 2599 615 consobrina
2620 576 2740 631 sua,
2761 563 2983 618 nomine
3013 562 3282 630 Gilsinda,
3307 566 3615 637 portionem

2008 651 2078 706 de
2105 650 2235 707 villa
2270 652 2563 708 Bracancio
2617 653 2969 726 [Briquenay]
3027 672 3196 726 super
3250 657 3477 714 ﬂuvium
3510 661 3619 718 Ro-

2007 748 2274 810 tumnam,
2308 760 2431 799 cum
2487 745 2798 817 mancipiis,
2859 746 3129 816 aediﬁciis,
3164 758 3219 805 et
3257 753 3519 809 omnibus
3547 754 3615 811 ad

2006 832 2182 900 ipsam
2227 834 2633 904 possessionem
2684 835 3111 906 pertinentibus.
3167 839 3300 894 ltem
3331 842 3399 896 ab
3423 844 3616 899 eadem

2006 920 2252 977 Gilsinda
2281 931 2492 994 partem
2515 925 2808 996 quamdam
2840 925 2909 979 de
2926 924 3055 981 villa
3078 926 3420 985 Bobiliniaca
3449 948 3615 1004 supra

2009 1009 2238 1066 fluvium
2277 1011 2564 1084 Suippiam
2596 1013 2749 1084 [Bonl
2784 1030 2882 1069 sur
2911 1015 3158 1087 Suippe],
3188 1032 3312 1071 cum
3334 1019 3615 1090 domibus,

2006 1100 2322 1170 mancipiis,
2373 1101 2567 1172 pratis,
2613 1101 2847 1174 campis,
2903 1110 2958 1158 et
3005 1104 3221 1159 caeteris
3266 1106 3334 1161 ad
3366 1108 3617 1164 eamdem

2008 1191 2415 1262 possessionem
2450 1193 2863 1265 pertinentibus
2910 1211 3057 1267 ;pro
3114 1197 3319 1269 quibus
3374 1202 3618 1259 rebusin

2006 1298 2139 1338 auro
2169 1284 2380 1340 solidos
2435 1295 2657 1341 centum
2709 1286 2989 1343 invenitur
3044 1287 3288 1345 dedisse.
3346 1293 3615 1357 Quasdam

2003 1386 2226 1445 quoque
2257 1389 2346 1429 res
2383 1381 2533 1429 trans
2587 1375 2823 1451 Ligerim
2880 1392 2990 1433 non
3045 1364 3435 1437 modico’auri
3489 1385 3618 1442 dato

2002 1464 2250 1535 pondere
2280 1466 2556 1537 reperitur
2577 1468 2797 1524 emisse.
2833 1469 3088 1535 Quaedam
3112 1488 3335 1546 quoque
3356 1492 3481 1530 cum
3514 1478 3619 1532 ali-

2002 1556 2208 1627 quibus
2238 1558 2489 1628 personis
2519 1559 2799 1617 invenitur
2827 1569 3217 1633 commutasse,
3248 1582 3346 1637 pro
3379 1568 3617 1637 partium

2001 1649 2215 1705 scilicet
2265 1652 2700 1722 opportunitate.
2764 1654 2804 1707 A
2862 1655 3173 1729 Dagoberto
3227 1658 3511 1731 [Dagobert
3541 1664 3611 1735 Π]

2000 1737 2242 1810 denique
2293 1755 2424 1813 rege
2463 1749 2798 1813 praeceptum
2849 1743 3214 1802 immunitatis
3242 1765 3354 1804 sure
3375 1749 3618 1806 obtinuit

2000 1826 2268 1893 ecclesiae,
2313 1845 2616 1902 suggerens
2636 1831 2818 1887 eidem
2848 1834 2987 1906 regi,
3010 1834 3247 1905 qualiter
3281 1837 3397 1908 ipsa
3428 1841 3613 1895 eccle—

2000 1915 2081 1969 sia
2100 1917 2203 1971 sub
2257 1919 2702 1988 praecedentibus
2748 1921 3077 1978 Francorum
3138 1925 3385 1998 regibus,
3415 1944 3447 1982 a
3478 1937 3617 1982 tem-

2002 2020 2135 2075 pore
2166 2006 2353 2061 domni
2388 2008 2622 2083 Remigii
2681 2019 2735 2065 et
2775 2010 3038 2067 Clodovei
3092 2013 3263 2086 regis,
3304 2030 3471 2085 quem
3495 2015 3615 2087 ipse

2002 2097 2319 2168 baptizavit,
2340 2097 2409 2153 ab
2435 2100 2585 2155 omni
2627 2100 2973 2158 functionum
3005 2103 3351 2175 publicarum
3380 2106 3515 2180 jugo
3547 2107 3620 2162 li-

2003 2188 2246 2243 berrima
2276 2205 2499 2261 semper
2550 2192 2822 2247 exstiterit
2900 2193 2999 2259 Qui
3058 2194 3322 2266 praefatus
3366 2212 3458 2251 rex
3513 2197 3618 2252 hoc

2001 2280 2336 2336 beneﬁcium
2366 2281 2694 2338 conﬁrmare
2725 2285 2811 2338 vel
2835 2284 3098 2340 innovare
3140 2287 3464 2358 disponens,
3488 2304 3612 2343 cum

2001 2373 2235 2429 consilio
2262 2390 2562 2445 procerum.
2580 2390 2802 2431 suorum
2824 2376 3034 2443 statuit,
3054 2378 3123 2431 ad
3143 2379 3608 2448 praedecessorum

2003 2462 2232 2518 formam
2265 2481 2481 2537 regum,
2532 2464 2862 2535 praecipiens
2903 2472 2961 2520 ut
2982 2480 3176 2521 omnes
3207 2466 3383 2537 ipsius
3413 2478 3613 2524 sanctae

2004 2555 2096 2609 Dei
2132 2555 2377 2611 ecclesiae
2402 2573 2509 2623 res,
2556 2564 2661 2612 tam
2694 2556 2748 2611 in
2778 2556 3095 2627 Campania,
3140 2566 3195 2613 et
3226 2557 3369 2614 infra
3398 2560 3612 2628 urbem,

2002 2642 2086 2697 vel
2139 2644 2497 2709 suburbanis,
2554 2662 2716 2717 quam
2757 2645 2813 2699 in
2845 2646 3146 2712 Austrasia,
3201 2662 3298 2701 seu
3339 2648 3615 2716 Neustria,

2000 2732 2087 2786 vel
2119 2732 2453 2807 Burgundia,
2482 2749 2579 2789 seu
2639 2734 2890 2805 partibus
2916 2733 3188 2797 Massiliae,
3225 2736 3281 2789 in
3308 2736 3616 2804 Rodonico,

2000 2826 2188 2893 etiam,
2243 2826 2580 2891 Gavalitano,
2623 2826 2940 2892 Arvernico,
2983 2826 3277 2893 Turonico,
3320 2828 3614 2895 Pictavico,

2000 2917 2373 2986 Lemovicino,
2416 2921 2502 2975 vel
2558 2920 2896 2992 ubicumque
2954 2919 3096 2974 infra
3149 2935 3319 2993 regna
3347 2921 3468 2988 ejus
3499 2920 3617 2990 ipsa

2000 3012 2287 3068 Remensis
2308 3014 2563 3081 ecclesia,
2622 3014 2706 3069 vel
2765 3013 2996 3068 basilica
3038 3011 3346 3067 beatissimi
3377 3010 3612 3087 Remigii

271 3100 458 3156 nobili
488 3098 748 3171 prosapia
800 3095 1058 3171 genitus;
1100 3103 1255 3166 ρδιτθ
1294 3093 1571 3166 siquidem
1606 3110 1669 3148 ΘΧ
1700 3094 1893 3149 οοάθῐη
1931 3104 2158 3180 Cvillas
2189 3113 2283 3160 aut
2332 3106 2587 3161 homines
2642 3104 2850 3159 habere
2902 3100 3216 3169 videbatur,
3266 3103 3369 3159 sub
3404 3104 3619 3179 integra

271 3208 445 3267 pago,
481 3190 706 3247 nomine
738 3187 1120 3254 Constantino,
1170 3193 1345 3241 matre
1382 3200 1512 3241 vero
1544 3202 1607 3240 ex
1640 3185 1897 3241 Porcensi

270 3283 519 3340 oriunda
571 3281 887 3343 territorio;
944 3280 1030 3334 vir
1083 3278 1191 3350 piis
1222 3277 1481 3334 moribus
1504 3278 1900 3343 instructus,et

271 3377 548 3430 virtutum
574 3372 887 3448 insignibus
918 3372 1234 3427 adornatus.
1263 3369 1363 3434 Qui
1406 3368 1672 3424 nonnulla
1698 3369 1751 3423 in
1775 3369 1898 3440 epi-

269 3463 468 3534 scopio
500 3461 742 3532 collapsa
772 3461 1080 3531 reperiens,
1114 3459 1408 3530 reparavit.
1436 3458 1541 3512 Sed
1571 3458 1891 3513 canonicam

270 3552 498 3608 clericis
518 3551 848 3625 religionem
901 3548 1142 3605 restituit
1181 3564 1245 3603 ac
1277 3545 1610 3603 sufﬁcientia
1643 3546 1899 3601 victualia

269 3643 591 3709 constituit,
640 3651 693 3697 et
741 3641 948 3712 prmdia
973 3639 1358 3713 queedamillis
1395 3639 1645 3701 contulit,
1684 3653 1897 3693 necnon

270 3736 538 3792 :erarium
570 3750 863 3790 commune
897 3732 1093 3788 usibus
1122 3748 1310 3787 eorum
1363 3731 1615 3786 instituit.
1652 3731 1727 3784 Ad
1750 3731 1899 3802 quod

270 3827 375 3881 has
394 3824 566 3879 villas
586 3822 893 3896 delegavit;
925 3821 1244 3876 Gerniacam
1276 3829 1486 3875 cortem
1522 3820 1899 3891 (Gernicourt),

266 3917 583 3973 Musceium
619 3913 903 3979 Roceium,
933 3912 1303 3968 Wilﬁniacum
1336 3912 1553 3977 Rivum,
1586 3910 1899 3978 Curcellas;

271 4011 576 4069 ecclesiam
626 4021 847 4079 quoque
879 4005 930 4061 S.
952 4004 1162 4071 Hilarii,
1221 4020 1345 4060 cum
1386 4003 1658 4059 suburbio
1680 4005 1747 4058 ad
1779 4019 1897 4059 eam

275 4103 624 4176 pertinente,
676 4098 890 4155 scilicet
942 4107 1003 4153 ut
1054 4097 1109 4151 in
1157 4113 1338 4152 annua
1397 4096 1660 4151 transitus
1689 4097 1775 4151 sui
1807 4096 1897 4151 die

272 4195 570 4253 sufﬁciens
618 4193 702 4247 eis
744 4191 877 4247 inde
932 4190 1158 4246 refectio
1188 4196 1478 4261 pararetur
1511 4207 1524 4253 ;
1555 4205 1675 4260 quae
1702 4205 1899 4260 super-

271 4288 489 4347 essent,
525 4280 703 4351 ipsius
758 4277 1126 4334 communiter
1156 4275 1455 4332 dividenda
1485 4277 1749 4332 cederent
1796 4269 1896 4332 Fa-

272 4375 465 4429 mulos
488 4387 732 4444 quoque,
765 4360 820 4426 et
874 4386 1064 4425 eorum
1094 4369 1341 4425 colonias
1364 4369 1430 4423 ad
1462 4369 1772 4424 necessaria
1802 4386 1897 4426 ca-

2002 3196 2351 3252 immunitate
2381 3196 2531 3251 omni
2556 3205 2805 3267 tempore
2827 3204 3053 3267 possent
3082 3212 3329 3251 manere.
3364 3195 3452 3250 Sic
3478 3212 3616 3267 quo-

2001 3302 2107 3357 que
2132 3294 2191 3340 ut
2216 3285 2400 3341 nullus
2424 3287 2597 3355 judex
2642 3285 2897 3358 publicus
2929 3285 2983 3340 in
3016 3285 3164 3356 ipsas
3195 3292 3369 3341 terras
3387 3287 3617 3343 auderet

2002 3374 2240 3447 ingredi,
2274 3383 2334 3430 ut
2360 3376 2955 3432 mansionesintrando
2984 3374 3210 3443 faceret,
3231 3383 3325 3432 aut
3354 3375 3618 3449 quaelibet

1994 3466 2225 3535 judicia,
2260 3467 2345 3521 vel
2376 3468 2539 3523 xenia
2571 3467 2780 3522 ibidem
2824 3468 3043 3542 exigere
3076 3468 3353 3523 ullatenus
3402 3485 3614 3539 praesu—

2000 3563 2176 3611 meret
2204 3573 2217 3622 ;
2250 3556 2350 3611 sed
2384 3556 2757 3629 quodcunque
2796 3574 2828 3611 a
2858 3557 3361 3629 praedecessoribus
3393 3556 3507 3612 suis
3527 3573 3614 3612 re-

1998 3644 2164 3720 gibus
2208 3644 2455 3700 ecclesiae
2484 3644 2741 3700 Remensi
2772 3646 2857 3701 vel
2896 3646 3141 3703 basilica)
3171 3646 3347 3702 sancti
3381 3646 3613 3720 Remigii

2004 3737 2181 3792 fuerat
2227 3753 2571 3806 concessum,
2626 3738 2839 3794 cunctis
2877 3738 3077 3794 diebus
3144 3740 3337 3795 eadem
3385 3738 3619 3795 ecclesia

2004 3827 2212 3882 valeret
2240 3827 2451 3883 habere
2498 3836 2903 3884 conservatum.
2966 3828 3073 3883 Sed
3124 3834 3179 3882 et
3226 3844 3257 3882 a
3288 3827 3402 3883 ﬁlio
3444 3828 3619 3899 ipsius

2002 3930 2170 3988 super
2200 3917 2431 3986 hujusce
2474 3916 2817 3973 auctoritatis
2864 3916 3336 3983 corroboratione,
3368 3923 3474 3970 eta
3512 3932 3618 3971 cae-

2002 4010 2134 4064 teris
2152 4009 2237 4064 sui
2267 4008 2533 4081 temporis
2562 4008 2810 4084 regibus,
2860 4008 3245 4075 immunitatis,
3285 4024 3348 4064 ac
3367 4009 3617 4064 teloneo-

2001 4115 2122 4154 rum
2183 4097 2527 4154 remissionis
2590 4104 2868 4170 praecepta
2936 4096 3183 4153 ecclesiae
3235 4113 3347 4153 sua:
3408 4095 3618 4152 studuit

2003 4190 2279 4245 obtinere.
2301 4191 2456 4256 Item,
2479 4187 2806 4244 Theoderici
2840 4186 2986 4262 regis
3010 4186 3330 4258 specialiter
3367 4202 3466 4258 pro
3487 4185 3617 4240 villa

2000 4280 2346 4347 Calmiciaco,
2365 4295 2528 4351 quam
2577 4278 2924 4333 Grimoaldus
2969 4277 3055 4332 vir
3081 4277 3312 4332 illustris
3367 4276 3616 4331 ecclesize

2002 4371 2258 4426 Remensi
2286 4370 2613 4425 contulerat.
2647 4370 2884 4433 Quarum
2927 4368 3109 4423 adhuc
3137 4366 3404 4441 regalium
3433 4366 3618 4421 moni-

273 4463 615 4518 nonicorum
670 4457 895 4514 servitia
948 4457 1254 4529 deputavit,
1314 4466 1369 4514 et
1414 4461 1639 4514 eosdem
1699 4458 1895 4515 Christi
1925 4468 2188 4549 Dmenta
2241 4460 2676 4532 przeceptionum
2720 4460 2776 4513 in
2807 4459 3029 4515 archivo
3082 4467 3283 4514 sanctae
3316 4458 3481 4527 hujus
3514 4455 3619 4510 Re-

275 4569 562 4626 pauperes
607 4569 789 4607 rerum
830 4567 1050 4606 suarum
1096 4551 1346 4606 haeredes
1411 4550 1527 4606 ﬁeri
1582 4552 1896 4607 destinavit.

276 4648 488 4703 Harum
534 4660 667 4699 vero
697 4659 910 4699 summa
938 4659 1122 4698 rerum
1151 4643 1206 4697 in
1236 4644 1307 4698 40
1335 4645 1420 4699 vel
1463 4645 1702 4716 amplius
1741 4662 1900 4700 man-

272 4755 372 4794 sos
449 4734 748 4809 colligitur.
816 4732 1119 4789 Nonnullas
1174 4734 1353 4788 etiam‘
1399 4734 1668 4805 episcOpii
1718 4735 1898 4795 villas.

275 4826 586 4898 descriptis
631 4840 822 4880 eorum
861 4822 1117 4889 coloniis,
1167 4822 1539 4895 servitiisqne,
1575 4825 1679 4880 rite
1711 4825 1901 4898 dispo-

273 4919 414 4975 suit.

352 5008 465 5061 Res
481 5003 649 5059 etiam
680 5001 885 5074 quibus
914 5001 1259 5073 episcOpium
1287 5003 1438 5058 auxit
1468 5005 1731 5075 quasdam
1776 5006 1902 5062 dato

278 5094 467 5167 pretio
488 5091 846 5163 comparavit,
878 5097 940 5145 ut
986 5090 1190 5154 villam,
1220 5090 1447 5147 nomine
1477 5093 1823 5163 Cartobram,
1846 5096 1901 5150 in

278 5204 428 5262 pago
457 5184 821 5251 Tardonensi,
870 5200 901 5238 a
959 5184 1320 5252 Gomnoaldo,
1379 5201 1479 5256 pro
1537 5203 1647 5258 qua
1685 5188 1904 5244 dedisse

280 5280 524 5334 traditur
552 5276 672 5331 auri
704 5275 915 5331 solidos
936 5275 1293 5350 quingentos,
1323 5282 1378 5331 et
1404 5277 1461 5330 iu
1492 5277 1640 5344 villa,
1673 5280 1760 5334 cui
1796 5296 1901 5336 no-

280 5389 413 5429 men
429 5374 636 5443 Turba,
666 5391 889 5431 mansos
919 5375 1078 5443 duos,
1122 5392 1153 5430 a
1207 5376 1442 5432 diversis
1462 5379 1735 5447 personis.
1772 5380 1904 5432 ltem

281 5468 604 5539 portionem
635 5467 704 5522 de
745 5466 875 5523 villa
920 5484 1041 5540 quae
1092 5467 1297 5523 dicitur
1349 5469 1711 5541 Campaniaca
1741 5486 1907 5541 super

282 5554 518 5610 ﬂuvium
551 5554 826 5622 Vidulum,
886 5555 955 5611 ab
1016 5556 1250 5612 Hosomo
1310 5558 1452 5629 [ms.,
1487 5558 1767 5632 Hosonio],
1807 5577 1905 5632 pro

363 5714 441 5784 (6)
480 5714 633 5770 Idem
666 5715 834 5771 refert
862 5722 1054 5771 auctor
1083 5718 1138 5771 in
1172 5717 1439 5773 Chronico
1476 5718 1544 5773 ad
1576 5734 1782 5774 annum
1811 5720 1933 5775 937.

2003 4554 2212 4609 mensis
2235 4560 2633 4608 conservantur
2648 4551 2921 4607 ecclesiae.

2074 4647 2171 4702 Hic
2198 4644 2537 4701 venerabilis
2558 4645 2757 4716 praesul
2779 4643 3075 4716 Pippinum
3124 4644 3385 4713 majorem
3419 4643 3615 4698 domus

2002 4737 2167 4813 regite
2205 4737 2441 4792 traditur
2468 4735 2865 4792 amicissimum
2895 4735 3157 4791 habuisse
3210 4736 3336 4801 ;cui
3370 4734 3618 4809 eulogias

2006 4846 2105 4900 pro
2137 4828 2527 4884 benedictione
2574 4828 2772 4884 crebro
2823 4827 3038 4884 solebat
3076 4828 3315 4883 mittere.
3342 4826 3420 4880 Ad
3451 4843 3614 4899 quem

2006 4922 2399 4989 collocuturus,
2433 4922 2562 4977 dum
2604 4922 2849 4977 venisset
2892 4921 3213 4993 aliquando,
3268 4920 3436 4991 ccepit
3468 4919 3616 4973 idem

2006 5011 2264 5083 princeps
2312 5010 2617 5083 requirere,
2651 5011 2785 5083 quid
2837 5012 2967 5066 huic
3013 5017 3202 5066 sancto
3236 5009 3375 5064 Patri
3403 5016 3619 5085 gratum

2006 5101 2277 5173 potuisset
2305 5099 2521 5157 offerre.
2584 5101 2896 5157 Morabatur
2935 5111 3115 5156 autem
3140 5109 3271 5158 tunc
3315 5101 3461 5172 apud
3485 5101 3621 5155 Ger-

2007 5195 2218 5249 niacam
2249 5200 2477 5259 cortem,
2539 5211 2702 5266 quam
2749 5196 2935 5250 villam
2983 5194 3164 5250 eidem
3215 5194 3477 5261 oblatam,
3524 5195 3619 5250 ubi

2004 5299 2213 5367 gratam
2232 5289 2424 5345 haberi
2456 5290 2622 5345 beato
2650 5286 2897 5361 pontiﬁci
2931 5288 3223 5359 comperit,
3274 5286 3433 5343 oﬂ‘ert
3462 5287 3536 5355 ei,
3560 5294 3620 5342 ut

2007 5389 2273 5454 quantum
2304 5380 2470 5435 vellet
2500 5380 2555 5433 in
2600 5394 2734 5452 gyro
2763 5378 3064 5450 acciperet,
3093 5377 3179 5432 vel
3211 5383 3479 5448 quantum
3501 5375 3616 5431 cir—

2006 5473 2260 5540 cumiret,
2293 5474 2421 5528 dum
2452 5471 2543 5527 ille
2575 5471 2809 5527 meridie
2846 5471 3179 5542 quiesceret.
3207 5470 3405 5524 Beatus
3433 5467 3618 5537 itaque

2008 5562 2363 5636 Rigobcrtus,
2408 5563 2725 5634 exemplum
2774 5560 3078 5616 beatissimi
3108 5558 3340 5635 Remigii
3374 5563 3613 5622 secutus,
