4038 6166
444 297 545 352 HS

1553 296 1922 352 FLODOARDI
1963 297 2268 354 CANONICI
2310 297 2637 356 REMENSIS

3665 304 3765 358 116

443 435 544 491 per
573 417 712 473 fines
740 418 836 490 qui
869 416 1320 473 manifestissime
1340 425 1548 489 patent,
1564 435 1821 493 pergens,
1854 419 2058 491 passim
2086 426 2138 493 Α
2164 421 2463 495 siquidem,
2495 440 2619 497 quae
2641 425 2844 482 dicitur
2873 422 3196 489 Basilicaris,
3243 423 3328 478 vel
3352 423 3502 495 quod
3531 422 3769 480 basilicis

445 510 664 565 itineris
693 510 777 564 sui
829 508 1059 563 limitem
1096 509 1227 581 poni
1263 510 1547 582 praecepit,
1591 519 1652 566 ut
1673 511 1824 567 litem
1855 511 2066 568 discer-

445 607 608 657 neret
635 601 800 656 arvis.
836 599 933 655 Cui
968 617 1221 673 regresso
1243 618 1480 675 surgens
1511 602 1776 674 Pippinus
1801 620 1831 658 a
1850 618 2067 671 somno,

447 691 680 768 largitus
724 699 809 748 est
860 707 1082 749 omnem
1132 709 1296 766 quem
1329 694 1563 750 circuitu
1593 711 1694 750 suo
1724 696 2070 752 concluserat

447 787 650 840 locum.
707 785 786 838 Ad
847 783 1116 840 indicium
1176 801 1307 842 vero
1357 787 1722 843 memorabile
1765 803 1933 859 super
1964 790 2068 844 hoc

448 873 668 928 itineris
701 872 786 927 sui
822 873 1144 928 vernantior
1173 874 1324 929 omni
1368 880 1637 946 tempore,
1675 892 1840 946 quam
1877 876 1932 930 in
1958 893 2067 931 caa-

451 963 586 1017 teris
618 962 765 1018 circa
795 962 950 1027 locis,
985 961 1184 1016 visitur
1229 961 1404 1016 herba
1431 962 1630 1018 virere.
1683 964 1774 1019 Est
1804 971 1860 1019 et
1915 965 2064 1020 aliud

450 1070 560 1111 non
588 1055 1010 1111 contemnendae
1037 1055 1114 1109 rei
1144 1055 1492 1119 miraculum,
1512 1057 1661 1128 quod
1681 1057 1872 1127 procul
1894 1057 2066 1113 dubio

450 1148 664 1203 meritis
689 1147 866 1218 ipsius
894 1154 1109 1204 constat
1149 1147 1359 1202 eisdem
1391 1148 1558 1204 rebus
1586 1165 1615 1202 a
1662 1149 1894 1205 Domino
1928 1167 2068 1220 praa—

453 1249 722 1314 rogatum.
779 1239 1064 1310 Siquidem
1124 1247 1416 1310 postquam
1461 1240 1584 1308 ejus
1633 1257 1850 1297 cessere
1885 1242 2067 1298 domi-

455 1333 567 1398 nio,
624 1332 798 1387 fertur
853 1347 948 1386 eas
996 1347 1280 1402 nunquam
1335 1331 1540 1388 lazsisse
1584 1340 1919 1404 tempestas,
1967 1349 2070 1389 nec

454 1420 724 1476 cecidisse
759 1437 928 1492 super
970 1421 1093 1476 illas
1121 1421 1334 1495 grando
1372 1430 1465 1488 ;et
1512 1438 1636 1477 cum
1682 1423 1738 1476 in
1768 1423 1907 1479 locis
1933 1439 2070 1479 con-

456 1513 623 1586 tiguis
651 1512 945 1568 videbatur
986 1513 1205 1582 cadere,
1247 1511 1386 1569 fines
1411 1529 1602 1574 eorum
1632 1530 1740 1570 non
1786 1515 2072 1586 praesumit

456 1605 748 1678 attingere.

2169 515 2222 569 in
2247 530 2383 589 gyro
2411 516 2498 571 sui
2547 517 2835 589 dispositis
2873 515 3256 578 abundaverit,
3281 515 3368 570 vel
3407 515 3556 586 quod
3582 516 3765 570 eunti-

2167 606 2274 662 bus
2300 607 2369 661 ad
2402 606 2661 664 basilicas
2692 609 2748 664 in
2777 609 2900 665 vico
2926 607 3100 664 sancti
3143 606 3374 679 Remigii
3428 607 3563 662 sitas
3588 608 3771 678 pervia

2169 695 2357 760 fuerit,
2412 695 2502 752 hic
2529 696 2864 752 benedictus
2912 695 3130 752 Domini
3162 693 3519 751 consuevisse
3544 695 3774 751 traditur

2169 789 2517 854 commorari,
2572 789 2722 861 quod
2782 788 2990 860 apertis
3043 787 3315 844 cmnaculi
3373 788 3457 842 sui
3498 787 3775 854 fenestris,

2171 879 2290 934 loca
2315 887 2629 936 sanctorum
2661 881 2808 935 beati
2841 877 3095 952 Remigii,
3127 887 3567 950 caaterorumque
3584 878 3775 934 orandi

2170 968 2345 1043 gratia
2374 967 2765 1024 solitusfuerat
2791 968 3172 1040 contemplari.

2239 1056 2543 1112 Oratorium
2591 1073 2812 1130 quoque
2869 1073 3036 1128 super
3092 1057 3344 1112 eamdem
3401 1063 3613 1127 portam
3645 1070 3779 1110 con-

2168 1151 2439 1200 struxerat
2459 1145 2515 1199 in
2545 1147 2756 1201 honore
2785 1145 2960 1200 sancti
3013 1145 3294 1200 Michaelis
3331 1143 3676 1218 archangeli,
3711 1143 3777 1197 de

2171 1251 2280 1307 quo
2311 1235 2366 1288 in
2396 1235 2719 1310 contiguam
2750 1235 2923 1290 sancti
2947 1235 3092 1290 Petri
3123 1234 3411 1290 ecclesiam
3443 1231 3781 1288 descendere

2172 1341 2380 1382 morem
2443 1325 2647 1382 fecerat
2707 1327 2973 1383 orationis
3010 1343 3216 1383 amore.
3259 1327 3414 1393 Quod
3480 1325 3781 1381 oratorium

2172 1433 2281 1472 non
2315 1431 2489 1488 pauco
2523 1422 2773 1487 tempore
2803 1417 3178 1489 perseveravit
3200 1416 3431 1481 ibidem,
3465 1415 3646 1470 donec
3679 1413 3782 1468 Lu-

2171 1505 2400 1561 dovicus
2431 1505 2732 1577 imperator
2789 1505 2936 1559 idem
2976 1505 3150 1559 sancti
3213 1504 3356 1559 Petri
3383 1502 3780 1559 monasterium

2171 1596 2386 1668 Alpaidi
2416 1595 2545 1652 filiae
2567 1614 2680 1652 suae
2732 1597 2907 1652 dedit.
2934 1595 3099 1664 Cujus
3147 1595 3396 1650 mulieris
3419 1595 3524 1662 vir,
3559 1594 3781 1650 nomine

528 1693 780 1766 Denique
813 1709 901 1749 res
934 1693 1085 1761 istas,
1116 1695 1202 1749 vel
1246 1703 1444 1750 caetera
1488 1711 1609 1768 quae
1638 1694 1791 1751 visus
1809 1703 1894 1750 est
1921 1693 2071 1749 obti~
2101 1721 2151 1790 Β
2174 1687 2342 1790 Bego,
2365 1687 2646 1790 praefatum
2677 1686 2819 1784 dirui
2833 1684 3000 1754 jussit
3037 1684 3338 1790 oratorium
3363 1702 3388 1782 ,ς
3422 1684 3551 1790 quia
3571 1683 3785 1790 εϐίὶίρεξξ

459 1783 670 1849 nuisse,
720 1783 871 1838 nullo
921 1783 1213 1838 mundanze
1244 1782 1564 1853 cupiditatis
1608 1783 1924 1854 impetravit
1960 1783 2070 1838 ob-

461 1878 615 1926 tentu
640 1888 654 1936 ;
678 1871 779 1925 sed
811 1871 1059 1926 ecclesia:
1081 1888 1192 1926 suae
1218 1871 1276 1926 in
1301 1871 1513 1928 cunctis
1534 1872 1832 1928 consulens
1853 1872 2067 1927 utilita-

460 1959 795 2025 tibus,illam
822 1960 1109 2015 constituit
1153 1960 1448 2015 hazredem.
1481 1960 1671 2016 Plures
1693 1960 1860 2015 etiam
1891 1978 2072 2017 rerum

461 2069 685 2108 suarum
745 2051 1043 2122 participes
1086 2051 1214 2107 fecit
1254 2053 1538 2120 ecclesias,
1583 2053 1831 2108 utvariis
1859 2054 2075 2110 charta-

462 2162 584 2200 rum
609 2145 872 2200 docemur
929 2144 1328 2200 instrumentis.
1382 2145 1496 2200 Sub
1544 2145 1720 2216 ipsius
1751 2147 2075 2218 episc0patu

463 2234 616 2288 dedit
645 2233 759 2288 Ado
795 2232 1018 2304 quidam
1037 2233 1214 2288 abbas
1249 2234 1319 2288 ad
1345 2235 1632 2290 ecclesiam
1666 2243 1870 2291 sanctae
1896 2236 2076 2291 Maria

467 2325 752 2380 Remensis
768 2341 856 2379 res
873 2341 1002 2380 suas
1023 2325 1157 2380 sitas
1188 2325 1242 2380 in
1274 2342 1415 2400 pago
1439 2326 1816 2392 Laudunensi,
1851 2328 1906 2382 in
1933 2328 2074 2394 vico,

467 2415 558 2486 qui
588 2415 794 2470 dicitur
823 2414 1096 2470 Rausidus
1127 2415 1190 2486 [ο.
1233 2417 1270 2479 ἱ,
1307 2415 1616 2488 Raosidus],
1650 2434 1774 2473 cum
1817 2418 2079 2488 adjacen-

467 2505 556 2559 tiis
579 2520 790 2570 earum,
815 2503 1076 2559 domibus
1105 2503 1339 2572 scilicet,
1360 2505 1594 2573 colonis,
1623 2507 1852 2578 campis,
1877 2507 2078 2575 vineis,

465 2595 654 2665 pratis,
685 2594 860 2660 silvis,
885 2594 1137 2665 piscinis,
1158 2595 1341 2666 aquis,
1363 2611 1701 2667 aquarumve
1731 2597 2078 2665 decursibus,

464 2695 519 2741 et
541 2685 804 2741 omnibus
841 2685 1211 2756 appendiciis.
1258 2687 1394 2740 ltem
1435 2688 1503 2741 ad
1533 2688 1878 2745 matriculam
1905 2691 2080 2745 sancti

468 2773 701 2846 Remigii
742 2788 830 2826 res
879 2773 1144 2844 quasdam
1193 2773 1248 2827 in
1279 2789 1421 2847 pago
1461 2775 1817 2844 Tardonensi,
1869 2777 1923 2830 in
1954 2778 2085 2833 villa

468 2864 798 2921 Corneciaco
823 2867 1168 2921 constitutas.
1228 2867 1463 2922 Diversze
1496 2884 1718 2940 quoque
1748 2885 2000 2940 personae
2029 2870 2084 2924 in

469 2955 604 3008 locis
625 2954 856 3009 diversis
905 2971 992 3010 res
1031 2970 1158 3010 suas
1210 2971 1308 3026 pro
1354 2955 1664 3012 animarum
1698 2959 1945 3017 remedio
1984 2975 2082 3016 ec-

466 3041 649 3097 clesia:
690 3041 947 3098 Remensi
998 3043 1102 3098 sub
1150 3044 1255 3099 hoc
1286 3042 1441 3098 Patre
1487 3042 1808 3100 beatissimo
1840 3046 2086 3102 tradide-

2174 1775 2411 1847 quadam
2451 1774 2540 1829 die
2567 1781 2732 1845 caput
2781 1775 2834 1828 in
2884 1772 3297 1844 superliminari
3327 1772 3578 1840 ejusdem
3597 1771 3784 1827 ostioli

2173 1867 2414 1941 graviter
2452 1865 2681 1931 eliserit,
2732 1881 2797 1920 eo
2857 1866 3005 1936 quod
3052 1874 3259 1919 statura
3306 1879 3568 1934 procerus
3599 1863 3785 1929 fuerit,

2175 1967 2231 2014 et
2261 1967 2443 2014 erecto
2474 1957 2614 2013 collo
2676 1957 3059 2023 ambulaverit,
3120 1972 3222 2011 nec
3284 1957 3351 2010 ad
3393 1956 3785 2011 introeundum

2175 2052 2420 2122 seipsum
2449 2049 2822 2104 humiliaverit
2879 2067 2890 2102 :
2929 2049 3283 2120 praetendens
3314 2050 3463 2119 quod
3492 2047 3789 2103 fenestram

2179 2141 2492 2197 obnuberet
2514 2141 2762 2196 ecclesiae
2789 2156 2898 2210 prae
2917 2139 3001 2194 sui
3051 2139 3382 2194 celsitudine
3429 2138 3583 2204 Quod
3604 2147 3789 2194 tamen

2178 2231 2480 2286 oratorium
2503 2235 2562 2283 ut
2588 2229 2759 2299 C(Bpit
2787 2228 2980 2293 everti,
3025 2243 3150 2283 mox
3191 2227 3284 2282 ille
3305 2227 3651 2298 corripitura
3673 2227 3789 2283 daa-

2177 2337 2363 2388 mone,
2393 2328 2454 2376 ut
2477 2328 2596 2376 erat
2626 2320 2683 2374 in
2715 2337 2855 2394 pago
2909 2319 3282 2384 Laudunensi,
3317 2319 3506 2389 procul
3537 2318 3606 2373 ab
3657 2319 3792 2374 urbe

2179 2413 2460 2471 Remensi.
2505 2414 2669 2470 Porro
2733 2431 2831 2484 per
2898 2413 3058 2482 hujus
3112 2420 3282 2483 porta:
3322 2413 3465 2467 viam
3523 2413 3708 2483 pulvis
3743 2422 3796 2468 et

2178 2503 2326 2558 venti
2358 2503 2564 2558 mistim
2597 2503 2938 2569 ferebantur,
2969 2501 3121 2557 unde
3148 2511 3202 2556 et
3222 2501 3466 2556 tenebrae
3499 2501 3621 2556 urbi
3649 2501 3799 2555 vide-

2182 2593 2384 2648 bantur
2415 2592 2608 2648 illataa:
2654 2608 2755 2647 nec
2794 2609 2894 2662 per
2927 2591 3180 2647 eamdem
3218 2590 3359 2645 viam
3395 2589 3554 2644 facile
3575 2588 3799 2644 valebat

2181 2685 2474 2757 quisquam
2499 2685 2776 2740 incedere.
2808 2685 2919 2740 Hoc
2963 2691 3146 2738 autem
3176 2682 3479 2738 oratorium
3504 2681 3676 2737 modo
3709 2697 3798 2736 re-

2185 2782 2455 2844 paratum,
2480 2782 2536 2828 et
2575 2772 2628 2826 in
2675 2779 3090 2843 praememorato
3118 2770 3266 2826 beati
3323 2770 3600 2826 Michaelis
3630 2786 3804 2826 vene-

2187 2874 2338 2922 ratur
2365 2867 2574 2921 honore
2607 2865 2976 2946 restitutum.‘

2256 2953 2520 3010 Prtefatus
2568 2953 2754 3025 itaque
2819 2952 3048 3008 Karolus
3103 2960 3161 3006 ut
3212 2950 3586 3022 principatum
3649 2950 3800 3006 bello

2185 3043 2420 3116 adeptus
2443 3053 2550 3110 est,
2574 3044 2721 3098 hunc
2749 3043 2926 3098 virum
2980 3039 3199 3098 Domini
3232 3040 3592 3114 Rigobertum
3615 3047 3813 3111 patro-

470 3141 616 3200 runt,
657 3141 718 3190 ut
775 3135 1079 3191 Beroaldus
1135 3137 1276 3208 [ms.,
1303 3135 1622 3209 Heroaldus]
1646 3145 1701 3193 et
1729 3137 2082 3196 Sairebertus
2114 3117 2163 3185 Ο
2185 3149 2316 3188 num
2339 3149 2523 3200 suum.
2552 3133 2670 3206 qui.
2705 3142 2762 3188 υι
2805 3131 3051 3198 traditur,
3099 3146 3226 3186 eum
3253 3129 3325 3184 de
3359 3129 3574 3185 Ιδνδοτο
3605 3137 3805 3185 8³110ίο

472 3224 527 3277 in
552 3233 739 3280 monte
768 3224 1026 3291 Betelini,
1076 3233 1130 3280 et
1165 3225 1480 3281 Taxovariis
1504 3225 1716 3292 domos,
1747 3242 2077 3295 arva,man-

468 3311 632 3383 cipia,
668 3313 860 3368 vineas
889 3329 952 3368 ac
993 3312 1161 3368 silvas
1202 3330 1215 3366 :
1245 3313 1600 3369 Gairefredus
1639 3325 1694 3370 et
1724 3316 2080 3371 Austreberta

468 3402 524 3456 in
556 3417 698 3475 pago
730 3401 1102 3470 Laudunensi,
1149 3401 1206 3455 in
1235 3401 1366 3457 villa
1413 3402 1686 3468 Warocio.
1711 3420 1934 3461 mansos
1953 3421 2077 3460 cum

471 3498 632 3552 terris
658 3497 1065 3566 adjacentibus,
1115 3497 1296 3552 vineis
1348 3515 1412 3552 ac
1463 3499 1774 3569 mancipiis.
1812 3500 1968 3556 Abbo
1996 3518 2084 3556 res

466 3607 595 3645 suas
617 3590 752 3644 sitas
783 3589 834 3642 in
866 3604 1007 3661 pago
1038 3589 1319 3656 Porcensi,
1356 3589 1486 3644 villa
1546 3592 1807 3666 Augusta.
1862 3592 2080 3649 Laude-

469 3699 654 3736 marus
707 3682 763 3736 in
812 3680 1182 3749 Camarciaco,
1225 3681 1282 3736 in
1336 3696 1478 3756 pago
1539 3683 1820 3752 Remensi,
1863 3700 2082 3741 mansos

471 3786 596 3824 cum
641 3768 914 3837 aedificiis,
957 3770 1285 3842 mancipiis,
1346 3770 1590 3839 ruribus,
1642 3771 1842 3838 vineis,
1903 3773 2081 3842 silvis,

469 3857 662 3928 pratis,
704 3865 759 3912 et
792 3857 1016 3913 caeteris
1059 3858 1408 3928 adjacentiis.
1461 3859 1800 3916 Rodemarus
1830 3878 1923 3916 rex
1953 3879 2084 3918 suas

466 3948 599 4002 sitas
629 3947 686 4002 in
734 3947 856 4004 vico
887 3947 1234 4004 Castricensi.
1277 3950 1410 4004 item
1446 3949 1835 4006 Austrebertus
1877 3953 2077 4007 suasin

466 4042 660 4096 eadem
679 4041 825 4096 villa.
853 4043 1092 4106 Quarum
1131 4043 1314 4097 adhuc
1347 4042 1686 4112 exemplaria
1722 4044 2078 4100 traditionum

467 4133 612 4203 apud
633 4148 732 4188 nos
762 4133 985 4188 condita
1006 4141 1374 4188 reservantur.

1105 4219 1439 4275 CAPUTXll.

677 4311 751 4363 De
774 4308 1086 4378 ewpulsione
1124 4311 1296 4378 ipsius
1326 4309 1394 4363 ab
1433 4309 1568 4363 urbe
1595 4311 1862 4365 Remensi.

535 4400 664 4468 (An.
698 4397 1014 4465 717,Sigeb.
1043 4398 1097 4463 7,
1129 4400 1206 4466 8.)
1240 4397 1617 4470 Ortadenique
1638 4397 1917 4454 simultate
1936 4397 2082 4456 inter

2180 3238 2520 3300 susceperat,
2560 3229 2881 3299 episcOpatu
2912 3226 3250 3292 deturbavit,
3282 3225 3584 3280 et’cuidam
3606 3225 3802 3280 Miloni

2179 3321 2297 3376 sola
2341 3328 2568 3376 tonsura
2618 3319 2842 3386 clerico,
2877 3319 3024 3391 quod
3081 3318 3137 3390 [i,
3197 3317 3310 3389 qui]
3341 3333 3528 3373 secum
3561 3332 3796 3387 proces-

2179 3419 2328 3466 serat
2357 3411 2426 3465 ad
2458 3409 2686 3476 bellum,
2725 3409 2878 3464 dedit
2912 3411 3016 3464 hoc
3037 3408 3404 3478 episcopium.
3450 3407 3544 3463 llic
3572 3407 3806 3479 Karolus

2185 3520 2250 3558 ex
2280 3502 2496 3558 ancillae
2517 3510 2706 3574 stupro
2737 3509 2919 3568 natus,
2979 3509 3038 3556 ut
3069 3501 3124 3554 in
3187 3499 3483 3555 annalibus
3521 3515 3719 3574 regum
3735 3499 3804 3554 de

2183 3607 2250 3649 eo
2277 3593 2501 3667 legitur,
2531 3593 2744 3649 caeteris
2797 3593 2888 3664 qui
2923 3599 3050 3647 ante
3081 3608 3140 3647 se
3187 3590 3691 3646 fuerantaudacior
3713 3607 3800 3646 re-

2182 3686 2371 3758 gibus,
2405 3700 2515 3741 non
2546 3685 2724 3741 solum
2754 3684 2940 3750 istum,
2965 3684 3063 3740 sed
3096 3684 3262 3738 etiam
3284 3683 3423 3738 alios
3446 3681 3804 3753 episcopatus

2183 3778 2338 3851 regni
2360 3779 2692 3832 Francorum
2726 3775 2879 3831 laicis
2917 3775 3236 3832 hominibus
3279 3781 3336 3830 et
3365 3772 3668 3829 comitibus
3699 3774 3797 3828 de-

2182 3871 2264 3927 dit
2299 3889 2312 3937 ;
2343 3870 2417 3924 ita
2439 3878 2498 3924 ut
2525 3868 2806 3940 episcopis
2837 3867 2973 3922 nihil
3005 3865 3295 3938 potestatis
3325 3865 3382 3919 in
3415 3864 3581 3919 rebus
3609 3864 3799 3920 eccle-

2181 3965 2381 4018 siarum
2415 3961 2776 4032 permitteret.
2809 3961 3007 4014 Verum
3033 3959 3182 4030 quod
3213 3967 3405 4014 contra
3435 3958 3583 4012 hunc
3614 3956 3797 4011 virum

2181 4062 2428 4109 sanctum
2457 4061 2515 4108 et
2549 4053 2686 4108 alias
2729 4051 2997 4108 ecclesias
3061 4049 3260 4105 Christi
3313 4047 3653 4120 perpetravit
3675 4064 3797 4103 ma-

2180 4143 2314 4209 lum,
2335 4142 2486 4210 justo
2511 4141 2722 4209 judicio
2749 4139 3013 4196 Dominus
3042 4138 3246 4194 refudit
3276 4138 3332 4193 in
3371 4146 3536 4208 caput
3563 4137 3705 4205 ejus.
3721 4137 3798 4191 De

2180 4245 2290 4301 quo
2319 4229 2537 4284 Patrum
2568 4229 2772 4299 scripta
2800 4228 3068 4283 relatione
3097 4227 3350 4293 traditur,
3392 4225 3541 4298 quod
3572 4233 3800 4279 sanctus

2181 4320 2502 4385 Eucherius,
2559 4321 2716 4390 cujus
2774 4321 2830 4374 in
2895 4319 3230 4376 monasterio
3286 4319 3463 4375 sancti
3519 4315 3799 4373 Trudonis

2179 4414 2466 4470 humatum
2527 4420 2610 4468 est
2681 4428 2904 4484 corpus,
2966 4410 3447 4468 Aurelianensium
3509 4408 3794 4482 quondam

465 4505 650 4565 regem
672 4489 1042 4562 Chilpericum
1056 4497 1110 4546 et
1139 4489 1392 4545 Karolum
1411 4490 1619 4561 praefati
1635 4491 1856 4564 Pippini
1879 4491 2072 4560 filium,

2178 4503 2489 4574 episcopus,
2521 4502 2653 4557 dum
2684 4501 2739 4556 in
2767 4501 3016 4557 oratione
3059 4500 3288 4571 positus,
3321 4507 3504 4555 mente
3549 4497 3797 4554 caelesti-

464 4580 840 4651 majoremque
861 4579 1059 4636 domus
1080 4579 1768 4653 Ragemfridum,,Karolus
1787 4582 1890 4638 iste
1902 4599 2074 4655 prope

463 4673 659 4726 urbem
689 4673 971 4728 transiens
1002 4671 1316 4738 Remorum,
1349 4673 1614 4730 clamasse
1645 4675 1820 4731 fertur
1846 4676 1915 4730 ad
1938 4675 2074 4731 bea-

464 4774 575 4818 tum
597 4763 957 4840 Rigobertum
1003 4780 1172 4836 supra
1210 4773 1424 4837 portam
1456 4766 1695 4821 civitatis
1723 4767 1910 4833 situm,
1941 4777 1999 4823 ut
2022 4767 2072 4823 ei

455 4855 680 4923 juberet
717 4855 967 4910 eamdem
995 4864 1206 4927 portam
1235 4856 1462 4928 aperiri,
1493 4864 1766 4929 quatenus
1795 4859 1863 4914 ad
1886 4860 2072 4916 eccle-

459 4950 597 5004 siam
647 4956 850 5004 sanctaa
901 4948 996 5004 Dei
1038 4948 1330 5004 Genitricis
1385 4959 1599 5005 oratum
1653 4961 1838 5021 posset
1892 4952 2070 5008 abire.

461 5041 556 5097 Cui
587 5041 797 5097 crebris
836 5042 892 5096 in
926 5042 1166 5112 idipsum
1207 5041 1435 5098 vocibus
1462 5041 1686 5098 instanti
1718 5044 2073 5114 respondisse

460 5132 542 5186 vir
567 5131 783 5187 Domini
809 5129 1152 5203 perhibetur,
1184 5131 1332 5203 quod
1359 5147 1470 5187 non
1502 5132 1580 5186 illi
1613 5148 1732 5187 eam
1760 5133 1912 5204 prius
1936 5150 2073 5205 ape-

461 5224 614 5291 riret,
645 5224 824 5279 donec
849 5223 1015 5278 sciret
1038 5239 1203 5295 quem
1232 5223 1399 5278 ﬁnem
1422 5223 1489 5278 lis
1509 5232 1689 5295 coapta
1714 5225 2026 5296 perciperet
2051 5242 2069 5294 ;

460 5333 530 5372 ne
561 5316 698 5372 forte
715 5316 909 5371 urbem
923 5315 1395 5370 sibicommissam
1423 5316 1528 5388 ipsi
1557 5317 1926 5389 diripiendam
1942 5333 2071 5390 pro-

459 5409 636 5476 deret,
662 5408 756 5481 qui
789 5407 1020 5462 aliarum
1034 5423 1122 5462 res
1152 5407 1447 5463 nonnullas
1469 5408 1688 5464 urbium
1721 5410 2065 5481 diripuisset.

456 5499 535 5553 Ad
565 5499 682 5554 haec
711 5496 941 5553 Karolus
957 5497 1264 5553 cominatus
1295 5497 1561 5553 asseritur
1582 5499 1901 5567 furibunde,
1917 5503 2065 5573 quod

437 5589 499 5643 ~si
529 5598 898 5646 reverteretur
923 5589 1096 5644 victor
1145 5587 1201 5642 in
1252 5603 1408 5658 pace,
1466 5603 1575 5644 non
1635 5589 1776 5644 ultra
1806 5589 1954 5646 idem
1985 5591 2066 5646 vir

451 5679 546 5736 Dei
577 5687 728 5738 tutus
757 5688 1006 5737 maneret
1048 5679 1103 5734 in
1137 5679 1331 5736 eadem
1362 5679 1604 5738 civitate.
1633 5682 1808 5755 Supra
1850 5692 2063 5755 portam

2175 4594 2280 4648 bus
2302 4593 2633 4657 intenderet,
2675 4592 2744 4646 ad
2782 4591 3007 4648 alteram
3051 4591 3218 4647 vitam
3267 4599 3476 4663 raptus,
3512 4590 3655 4643 inter
3684 4604 3797 4644 cat-

2174 4693 2292 4740 tera
2317 4701 2442 4756 quae
2469 4685 2701 4741 Domino
2744 4683 2852 4738 sibi
2904 4683 3122 4739 velante
3160 4681 3470 4753 conspexit,
3504 4682 3654 4736 hunc
3683 4679 3792 4734 Ka-

2175 4777 2348 4834 rolum
2381 4777 2436 4832 in
2468 4777 2687 4833 inferno
2718 4775 2966 4833 inferiori
2998 4775 3243 4847 torqueri
3265 4774 3424 4831 vidit.
3457 4773 3554 4828 Cui
3585 4773 3654 4828 de
3684 4772 3795 4827 hoc

2172 4869 2474 4926 sciscitanti
2512 4885 2838 4942 responsum
2885 4878 2968 4924 est
3014 4867 3084 4924 ab
3141 4868 3338 4943 angelo
3377 4866 3606 4921 ductore
3660 4878 3789 4929 suo,

2174 4958 2322 5030 quod
2352 4968 2664 5014 sanctorum
2693 4957 2928 5026 judicio,
2959 4957 3051 5028 qui
3086 4956 3143 5010 in
3173 4955 3358 5011 futuro
3389 4953 3642 5008 examine
3660 4967 3788 5008 cum

2173 5046 2407 5102 Domino
2436 5045 2786 5114 judicabunt,
2819 5061 3053 5116 quorum
3103 5059 3192 5100 res
3217 5043 3469 5107 abstulit,
3490 5041 3790 5112 sempiter-

2174 5137 2260 5191 nis
2277 5136 2351 5191 sit
2408 5138 2583 5208 pmnis
2623 5137 2941 5207 deputatus.
3003 5134 3103 5200 Qui
3135 5135 3331 5188 beatus
3383 5129 3686 5186 Eucherius
3715 5128 3789 5182 ad

2171 5229 2431 5284 saeculum
2461 5245 2733 5295 reversus,
2763 5237 2953 5283 sancto
2976 5225 3280 5293 Bonifacio,
3299 5224 3394 5296 qui
3426 5232 3557 5278 tunc
3573 5220 3788 5287 Galliis,

2171 5319 2238 5374 ad
2253 5318 2591 5373 restituenda
2607 5318 2730 5386 jura
2742 5318 3029 5384 canonica,
3051 5316 3228 5372 fuerat
3250 5314 3320 5369 ab
3336 5311 3640 5386 apostolica
3650 5310 3790 5365 sede

2170 5409 2520 5481 praelatus,et
2550 5409 2782 5465 Fulrado
2811 5409 2998 5464 abbati
3023 5407 3343 5464 monasterii
3374 5405 3550 5460 sancti
3580 5404 3788 5472 Diony-

2167 5503 2259 5570 sii,
2317 5509 2371 5557 et
2421 5518 2636 5558 summo
2690 5501 2976 5572 capellano
3026 5501 3174 5574 regis
3221 5497 3462 5571 Pippini,
3526 5497 3641 5551 haac
3688 5493 3784 5547 in-

2169 5591 2354 5646 dicare
2381 5591 2613 5658 studuit,
2641 5592 2780 5646 dans
2837 5591 2891 5645 in
2918 5590 3248 5656 assertione,
3274 5595 3335 5643 ut
3363 5587 3432 5643 ad
3463 5585 3783 5658 sepulcrum

2167 5683 2289 5751 ejus
2319 5683 2668 5749 accedentes,
2695 5683 2742 5738 si
2773 5699 2974 5754 corpus
3006 5681 3183 5753 ipsius
3205 5680 3343 5736 inibi
3385 5695 3497 5736 non
3527 5673 3781 5748 reperie-
