4034 6174
284 330 382 383 117

929 324 1256 382 HISTORIA‘)
1295 323 1626 381 ECCLESIZE
1665 322 1994 378 REMENSIS
2037 324 2210 379 LIBRI
2254 324 2582 389 QUATUOR.
2614 354 2682 364 —
2724 323 2846 378 LIB.
2889 325 2953 379 II.

3506 330 3608 384 118

284 459 410 522 rint,
443 472 564 527 quae
593 455 664 509 de
718 454 815 510 illo
870 454 1166 522 referebat,
1199 471 1327 511 vera
1356 471 1480 510 esse
1508 455 1730 510 scirent.
1759 453 1893 518 Qui-
1919 456 2069 526 Ade
2117 457 2446 512 Culmiciaco
2499 455 2566 509 ab
2619 462 2867 526 sanctum
2913 456 3128 512 Petrum
3180 458 3236 513 in
3282 458 3604 515 Gerniacam

283 547 384 601 bus
412 546 482 600 ad
504 545 707 607 locum,
737 543 832 599 ubi
857 560 1059 615 corpus
1083 545 1332 613 ejusdem
1373 544 1550 599 Karoli
1577 545 1720 614 (Car.
1745 545 1894 598 Mar—

280 639 407 702 telli)
445 637 724 707 sepultum
781 636 980 702 fuerat,
1039 637 1416 702 venientibus,
1467 646 1522 691 et
1576 635 1891 706 sepulcrum
1947 679 1966 699 ,

279 725 452 797 ipsius
476 724 882 795 aperientibus,
933 723 1116 780 subito
1155 726 1306 780 visus
1331 733 1415 780 est
1441 740 1670 795 serpens
1703 739 1892 799 egres-

277 832 369 871 sus
397 821 488 879 ;et
505 822 677 870 totum
698 814 836 868 illud
857 814 1174 885 sepulcrum
1202 830 1433 869 vacuum
1458 813 1890 884 reperiturinte—

277 906 413 971 rius,
444 904 638 975 sicque
664 904 1036 977 denigratum,
1095 920 1158 959 ac
1210 904 1255 959 si
1303 903 1499 959 fuisset
1525 903 1763 958 ﬂammis
1786 920 1889 958 ex-

276 1001 484 1050 ustum.
543 993 618 1047 De
651 991 880 1062 prmfato
911 992 1157 1064 denique
1187 993 1390 1048 Milone
1447 993 1734 1049 Zacharias
1748 1009 1892 1064 papa

278 1088 579 1149 Romanus,
609 1095 924 1155 praenovato
954 1093 1144 1141 sancto
1184 1085 1465 1141 Bonifacio
1499 1086 1642 1140 inter
1670 1093 1886 1151 caetera,

275 1196 398 1251 quae
424 1178 496 1232 ad
527 1194 654 1232 eum
677 1178 933 1232 mandata
973 1178 1192 1245 dixerit,
1240 1179 1319 1233 ita
1347 1178 1541 1234 scribit
1569 1179 1891 1247 (Zxcnxmxs

272 1269 472 1338 41.12)
503 1287 519 1322 :
553 1288 576 1317 α
613 1268 685 1321 De
717 1267 918 1322 Milone
963 1274 1170 1332 autem,
1201 1274 1256 1322 et
1277 1266 1547 1335 ejusmodi
1591 1266 1886 1329 similibus,

272 1358 369 1430 qui
400 1356 654 1412 ecclesiis
679 1356 774 1410 Dei
798 1355 1095 1426 plurimum
1120 1365 1340 1411 nocent.
1392 1364 1452 1411 ut
1490 1371 1521 1410 a
1548 1355 1644 1410 tali
1678 1354 1889 1412 nefario

272 1467 442 1521 Opere
475 1448 754 1515 recedant,
807 1449 962 1516 juxta
1008 1447 1255 1518 Apostoli
1299 1463 1512 1514 vocem,
1553 1455 1886 1518 Opportune,

273 1540 651 1610 inopportune
684 1537 924 1608 praedica
983 1539 1053 1592 ιΙΙ
1110 1539 1247 1603 Tim,
1300 1541 1393 1604 IV).
1426 1536 1480 1590 Si
1509 1537 1888 1608 acquieverint

269 1630 749 1686 admonitionibus
795 1630 924 1697 tuis,
994 1629 1287 1684 salvabunt
1334 1629 1547 1684 animas
1598 1646 1769 1694 suas;
1802 1631 1888 1684 sin

271 1739 422 1789 vero,
446 1722 553 1792 ipsi
577 1721 839 1792 peribunt
855 1720 1102 1776 obvoluti
1121 1721 1175 1774 in
1192 1720 1430 1790 peccatis
1447 1721 1582 1785 suis;
1601 1729 1655 1774 tu
1680 1730 1887 1788 autem,

267 1815 364 1887 qui
396 1825 549 1869 recte
583 1814 870 1884 praedicas,
905 1829 1014 1869 non
1070 1813 1272 1883 perdes
1298 1812 1616 1867 mercedem
1656 1823 1824 1868 tuam.
1860 1834 1888 1862 ι)

333 1908 606 1962 Caeterum
657 1914 881 1961 sanctus
920 1905 1136 1961 Domini
1172 1905 1503 1979 Bigobertus
1527 1948 1542 1969 ,
1585 1906 1890 1961 Dominicis

264 2000 708 2070 obtemperando
743 1999 1051 2068 praeceptis,
1086 1998 1543 2069 quibusjubetur
1558 1999 1660 2052 sub
1696 2015 1890 2068 perse-

265 2090 494 2144 cutione
518 2089 586 2142 de
615 2088 835 2142 civitate
892 2085 948 2139 in
1002 2085 1279 2141 civitatem
1319 2085 1533 2160 fugere,
1580 2086 1888 2141 secessitin

267 2177 616 2232 Vasconiam.
680 2175 757 2228 lbi
815 2173 1141 2241 exsulando,
1180 2174 1310 2229 dum
1358 2176 1657 2230 multorum
1700 2183 1889 2230 sancto

266 2270 486 2324 fervore
519 2267 814 2323 memorias
838 2275 1152 2322 sanctorum
1176 2267 1453 2332 lustraret,
1477 2268 1770 2338 quamdam
1805 2269 1890 2322 in-

265 2374 492 2431 gressus
526 2356 833 2422 basilicam,
893 2355 1072 2410 donec
1113 2355 1320 2409 insistit
1348 2350 1718 2424 orationibus,
1737 2373 1889 2411 cam-

269 2464 436 2519 pana:
470 2448 760 2517 pulsantur
820 2461 885 2500 ex
919 2460 1094 2511 more,
1153 2443 1473 2515 ibidemque
1527 2445 1637 2499 duo
1673 2446 1889 2515 pulsata

263 2542 429 2614 signa
468 2539 709 2594 sonitum
769 2539 979 2592 nullum
1031 2537 1385 2608 reperiuntur
1433 2537 1675 2592 dedisse.
1737 2539 1890 2593 Tunc

261 2632 534 2688 sacerdos
561 2631 722 2685 etalii
742 2631 1159 2689 circumstantes
1185 2629 1418 2685 sollicite
1451 2638 1886 2700 perscrutantur,

263 2727 390 2796 quis
413 2725 509 2789 sit,
545 2734 599 2779 et
638 2724 786 2779 unde
818 2726 1124 2780 advenerit.
1179 2724 1274 2778 Ille
1313 2741 1373 2778 se
1405 2723 1695 2794 proﬁtetur
1723 2725 1889 2779 cleri-

262 2836 413 2885 cum,
447 2828 502 2874 et
533 2820 602 2873 de
633 2818 860 2874 Francia
892 2819 1218 2890 profectum.
1264 2817 1602 2885 Adjicientes
1655 2818 1754 2884 illi,
1788 2835 1885 2873 su-

263 2930 363 2983 per
429 2927 590 2966 nova:
638 2912 715 2966 rei
775 2911 1124 2966 sciscitantur
1171 2896 1470 2976 eventum;
1525 2927 1624 2966 cur
1671 2912 1885 2968 scilicet

263 3000 509 3071 impulsa
557 3015 746 3054 eorum
804 3008 1068 3054 consuete
1109 3014 1220 3054 non
1278 3007 1538 3054 resonent
1582 2999 1759 3072 signa.
1823 3001 1888 3054 At

1921 1777 1970 1844 B

1996 555 2204 608 cortem
2235 547 2438 606 redire.

2594 636 2803 692 CAPUT
2854 637 2997 693 XIII.

2255 733 2331 785 De
2358 727 2638 783 miraculis
2669 728 2728 779 in
2751 728 2862 780 vita
2889 727 3060 795 ipsius
3089 731 3336 784 ostensis.

2064 822 2305 896 Contigit
2350 821 2535 891 itaque
2567 817 2868 889 quondam,
2909 817 3039 870 dum
3074 818 3142 872 ab
3174 830 3420 875 sanctum
3453 821 3607 892 Cyri-

1991 931 2113 970 cum
2164 923 2374 969 oratum
2443 911 2686 966 venisset
2749 910 2804 964 in
2881 908 3292 978 Culmiciacum,
3362 914 3605 970 locutum

1993 1023 2118 1061 eum
2149 1022 2274 1061 cum
2301 1019 2591 1060 oeconomo
2644 1001 2934 1056 Remensis
2963 1002 3212 1058 ecclesia:
3243 1005 3338 1074 qui
3367 1006 3556 1060 aderat
3590 1024 3602 1060 :

1993 1106 2326 1173 rogatusque
2371 1098 2438 1151 ad
2491 1095 2810 1166 prandium,
2845 1095 3140 1161 recusavit,
3191 1103 3385 1166 utpote
3413 1099 3608 1153 missas

1991 1202 2214 1248 acturus
2242 1192 2310 1246 ad
2327 1197 2578 1246 sanctum
2611 1190 2854 1244 Petrum.
2881 1189 3096 1244 Interea
3125 1189 3325 1244 mulier
3349 1192 3605 1261 quaedam

1990 1296 2244 1335 anserem
2275 1279 2457 1334 attulit
2484 1278 2855 1342 vicedomino,
2889 1294 3054 1349 quem
3088 1279 3181 1334 ille
3211 1278 3452 1334 offerens
3481 1281 3605 1350 epi-

1990 1383 2181 1438 scopo,
2238 1367 2378 1438 petit
2415 1376 2475 1422 ut
2507 1367 2702 1434 jubeat
2767 1366 2964 1436 recipi,
3033 1383 3336 1439 secumque
3377 1367 3602 1422 deferri.

1990 1459 2160 1523 Quem
2194 1474 2332 1528 puer
2357 1459 2459 1514 viri
2492 1459 2587 1512 Dei
2614 1456 2927 1527 suscipiens
2970 1457 3202 1525 ferebat,
3264 1475 3388 1514 cum
3418 1459 3604 1515 subito

1992 1548 2059 1602 de
2083 1548 2338 1601 manibus
2367 1548 2488 1616 ejus
2537 1547 2780 1601 evadens
2845 1547 3102 1614 avolavit,
3135 1565 3406 1621 spemque
3440 1565 3602 1604 resu-

1992 1635 2179 1689 mendi
2237 1651 2408 1706 puero
2457 1636 2702 1691 abstulit.
2764 1638 2829 1690 At
2876 1637 3034 1691 Pater
3087 1645 3311 1694 sanctus
3368 1655 3602 1709 puerum

1991 1726 2348 1780 vehementer
2393 1725 2671 1780 anxiatum
2717 1725 3090 1796 conspiciens,
3125 1726 3349 1794 blande,
3391 1744 3494 1782 ceu
3520 1728 3606 1782 vir

1993 1814 2344 1882 mitissimus,
2421 1815 2756 1880 consolatur,
2823 1815 3032 1870 docens
3089 1817 3159 1870 de
3220 1817 3606 1886 temporalium

1992 1906 2291 1961 amissione
2349 1921 2532 1961 rerum
2594 1922 2943 1978 nequaquam
3002 1905 3248 1961 flendum
3323 1909 3409 1962 vel
3471 1925 3609 1964 con-

1993 1996 2360 2062 tristandum;
2412 1995 2663 2066 quinimo
2702 2011 2950 2065 .semper
3007 1996 3062 2050 in
3096 1996 3350 2062 Domino,
3391 1999 3488 2066 qui
3511 1999 3648 2052 dat.

1991 2091 2240 2144 omnibus
2291 2091 2576 2158 afﬂuenter
2603 2089 2734 2159 (Jac.
2769 2089 2827 2160 ι),
2859 2087 3216 2159 sperandum.
3243 2088 3304 2142 Et
3327 2103 3456 2142 ecce
3487 2095 3612 2158 post

1991 2178 2217 2248 aliquod
2279 2178 2542 2248 spatium,
2601 2178 2719 2233 avis
2774 2179 2920 2233 ultro
2979 2178 3254 2245 revolans,
3302 2180 3370 2234 ad
3404 2186 3602 2235 terram

1989 2281 2173 2321 coram
2231 2274 2424 2321 sancto
2499 2268 2734 2337 prwsule
2793 2267 3101 2333 descendit,
3160 2284 3397 2339 eumque
3447 2269 3604 2340 quasi

1989 2356 2217 2426 praedux
2248 2355 2506 2426 praeiens,
2540 2372 2812 2426 nusquam
2867 2372 2898 2409 a
2938 2355 3156 2410 tramite
3185 2356 3389 2422 deviat,
3424 2358 3605 2413 donec

1989 2444 2057 2498 ad
2088 2443 2405 2499 Gerniacam
2464 2451 2674 2498 cortem
2727 2460 2837 2515 quo
2893 2445 3066 2511 ibant,
3127 2445 3398 2514 pervenit.
3433 2448 3603 2510 Quam

1988 2536 2072 2590 vir
2121 2535 2335 2590 Domini
2396 2550 2507 2590 non
2567 2552 2760 2606 passus
2806 2538 3006 2604 occidi,
3055 2539 3312 2608 praeviam
3368 2539 3608 2595 habebat

1990 2628 2227 2683 itineris.
2253 2628 2445 2682 Fertur
2471 2628 2622 2682 enim
2665 2637 2792 2683 ante
2841 2646 2901 2683 se
2932 2628 3200 2684 cursitare
3237 2630 3420 2694 solita,
3471 2631 3604 2686 dum

1986 2721 2265 2776 civitatem
2314 2719 2524 2789 adibat,
2573 2728 2666 2775 aut
2692 2720 2929 2776 redibat.
2957 2721 3126 2790 Hujus
3177 2723 3326 2778 beati
3360 2725 3608 2794 praesulis

1987 2819 2279 2884 Adrianus,
2339 2817 2490 2872 sedis
2547 2816 2867 2886 apostolicae
2925 2817 3200 2888 pontifex,
3256 2819 3510 2874 meminit
3550 2820 3605 2874 in

1988 2913 2224 2984 epistola
2243 2927 2343 2966 sua
2370 2909 2610 2979 Tilpino,
2638 2917 2762 2979 post
2798 2909 3064 2981 episcopo
3096 2912 3353 2966 Remensi
3377 2912 3604 2975 directa.

1988 3003 2046 3056 in
2069 3019 2178 3074 qua
2217 3008 2272 3055 et
2321 3000 2725 3072 querimoniam
2773 2999 2902 3055 facit
2935 3017 3102 3070 super
3131 3016 3220 3067 eo,
3268 3001 3519 3057 scribens
3550 3003 3604 3057 in

262 3094 356 3148 ille
381 3093 502 3147 duo
533 3092 727 3162 pandit
751 3091 860 3146 sibi
920 3092 990 3146 de
1044 3092 1282 3162 quadam
1311 3092 1544 3148 ecclesia
1574 3108 1672 3147 sua
1701 3091 1888 3147 furtim
1912 3127 1961 3195 Ο
1991 3099 2140 3152 hunc
2159 3095 2385 3151 modum
2414 3112 2427 3148 :
2464 3118 2489 3140 κ
2519 3095 2635 3148 Tua
2685 3091 2997 3148 fraternitas
3045 3092 3208 3148 nobis
3238 3093 3442 3159 retulit,
3477 3095 3608 3165 quia

261 3185 474 3248 ablata,
504 3184 871 3256 arbitrarique
899 3199 980 3252 se,
1004 3187 1094 3238 'ne
1133 3183 1276 3238 forte
1305 3183 1416 3239 sint
1441 3200 1522 3238 ea.
1560 3184 1889 3249 Quibussibi

261 3277 533 3344 ostensis,
566 3285 625 3330 ut
670 3276 868 3330 asserit
927 3292 1028 3330 sua
1076 3275 1266 3342 fuisse,
1317 3276 1682 3346 experimenti
1715 3277 1892 3348 gratia

263 3373 496 3439 rogatur
529 3365 749 3434 pulsare
801 3364 915 3418 illa.
964 3364 1042 3417 Ad
1073 3364 1233 3433 cujus
1274 3365 1572 3435 impulsum
1629 3365 1714 3419 his
1763 3365 1891 3420 alti-

261 3471 398 3509 sone
466 3453 850 3520 reboantibus,
908 3467 1036 3507 vera
1088 3453 1294 3508 dixisse
1354 3453 1764 3523 comprobatur.
1812 3455 1889 3508 Ita

261 3544 482 3599 cunctis
507 3560 681 3614 super
734 3542 1121 3611 hujuscemodi
1171 3542 1314 3598 facto
1346 3544 1725 3613 stupentibus,
1778 3560 1890 3599 suae

260 3634 366 3687 sibi
439 3634 584 3688 uola:
644 3631 952 3686 redduntur
1025 3648 1040 3696 ;
1086 3638 1142 3685 et
1186 3631 1308 3700 ipse
1363 3637 1472 3685 tam
1525 3632 1892 3688 admiratione

263 3742 432 3797 quam
463 3725 825 3779 veneratione
864 3723 1067 3795 dignus
1091 3722 1348 3789 habetur,
1375 3740 1497 3794 quae
1538 3726 1884 3794 postmodum

264 3815 317 3868 in
347 3813 642 3868 Franciam
671 3813 874 3879 relatae,
907 3812 1227 3868 etecclesiae
1257 3813 1538 3868 Gerniacaa
1569 3814 1738 3870 cortis
1757 3823 1887 3870 sunt

263 3907 564 3962 festiuum.

332 3996 538 4050 Fertur
569 3995 716 4047 hunc
776 3993 953 4047 virum
985 3992 1079 4046 Dei
1131 3992 1396 4063 praefatus
1427 3993 1551 4048 Milo
1611 3994 1718 4065 {cui
1757 3995 1886 4066 epi-

264 4103 500 4157 sc0pum
564 4085 832 4140 Remense
890 4085 1078 4139 datum
1128 4084 1306 4139 fuerat
1351 4102 1381 4138 a
1429 4085 1639 4150 Karolo)
1672 4085 1892 4142 functus

266 4179 552 4252 legatione
579 4176 724 4246 apud
754 4177 1024 4231 Vascones
1068 4173 1124 4229 in
1172 4176 1274 4231 hac
1323 4176 1552 4248 regione
1593 4179 1889 4248 reperisse,

267 4271 437 4341 eique
461 4278 525 4323 ut
563 4269 622 4322 in
672 4268 954 4323 Franciam
1003 4275 1373 4324 reverteretur
1415 4271 1894 4336 suasisse,suum-

265 4379 376 4432 que
402 4360 516 4415 sibi
548 4359 955 4414 redhibendum
1014 4360 1334 4430 episcopum
1365 4362 1754 4433 spepondisse.
1792 4364 1891 4428 Qui

269 4468 560 4526 regressus
623 4451 831 4521 petitur
881 4468 912 4505 a
973 4451 1195 4520 Milone,
1255 4462 1316 4510 ut
1363 4471 1453 4510 res
1505 4473 1643 4527 quas
1709 4459 1891 4514 eccle-

264 4543 362 4597 siae
397 4543 518 4610 jam
557 4540 930 4614 delegaverat,
963 4540 1019 4594 in
1035 4541 1128 4609 jus
1150 4544 1437 4613 prOprium
1477 4545 1583 4599 sibi
1613 4547 1886 4614 traderet;

267 4632 420 4703 quod
437 4647 510 4686 eo
528 4630 845 4684 nullatenus
874 4632 1234 4697 assentiente,
1253 4641 1307 4688 et
1336 4632 1559 4700 Milone,
1591 4651 1650 4689 se
1678 4637 1747 4690 de
1771 4638 1894 4706 pol-

270 4724 586 4780 licitatione
642 4729 923 4786 mutante,
981 4724 1155 4778 altare
1211 4731 1423 4778 tantum
1482 4726 1565 4780 vir
1623 4727 1717 4782 Dei
1783 4728 1891 4782 sibi

269 4828 426 4890 regat
467 4815 705 4870 concedi
751 4824 938 4869 sancta
969 4815 1064 4868 Dei
1108 4815 1395 4886 genitricis
1433 4817 1612 4872 Marize
1653 4827 1712 4873 ut
1746 4820 1895 4874 scili-

269 4921 360 4964 cet
392 4909 446 4961 in
491 4922 558 4961 eo
592 4906 786 4961 missas
813 4906 919 4960 sibi
963 4907 1128 4962 liceat
1173 4907 1478 4963 celebrare.
1518 4910 1633 4974 Quo
1674 4911 1894 4966 demum

267 5001 528 5064 obtento,
585 4999 854 5053 habitavit
907 4999 962 5052 in
1011 4998 1270 5054 Cerniaca
1324 5008 1474 5055 corte
1507 5011 1755 5073 tempore
1785 5019 1895 5060 non

268 5107 472 5160 pauco,
506 5089 674 5142 vitam
722 5088 779 5140 in
820 5087 1152 5154 humilitate,
1190 5089 1480 5158 parcitate,
1517 5091 1743 5161 vigiliis,
1772 5109 1897 5150 ora-

273 5180 545 5244 tionibus,
587 5185 642 5232 et
704 5177 1094 5249 eleemosynis,
1144 5188 1582 5251 czeterorumque
1622 5183 1895 5238 bonorum

270 5288 508 5341 operum
532 5272 975 5329 exhibitionibus
1019 5289 1212 5348 agens.
1273 5275 1547 5347 Morisque
1575 5276 1678 5330 fuit
1711 5277 1784 5341 ei,
1811 5279 1895 5333 ci-

271 5365 501 5418 vitatem
562 5363 855 5417 Remorum
904 5362 1223 5435 frequenter
1263 5364 1523 5430 invisere,
1583 5371 1638 5420 et
1691 5366 1746 5419 in
1801 5384 1895 5422 ara

272 5454 454 5509 beata:
488 5453 670 5508 Mariae
725 5453 940 5520 missas,
981 5463 1041 5508 ut
1073 5463 1378 5525 Optaverat,
1420 5456 1722 5511 celebrare.
1762 5458 1895 5512 Tum

275 5564 377 5615 per
406 5547 702 5602 ecclesiam
717 5547 892 5601 sancti
941 5547 1176 5603 Mauritii
1219 5549 1288 5602 ad
1304 5557 1552 5604 sanctum
1585 5549 1894 5624 Remigium

270 5637 471 5690 orandi
503 5636 683 5710 gratia
736 5652 986 5708 pergere.
1023 5638 1155 5692 Inde
1205 5638 1378 5693 sancti
1413 5637 1741 5693 Theoderim
1776 5653 1896 5693 mo-

275 5725 585 5780 nasterium
615 5724 860 5790 visitare,
892 5741 956 5779 ac
1012 5742 1112 5795 per
1175 5727 1467 5782 ecclesiam
1510 5725 1686 5780 sancti
1719 5724 1894 5795 Cyrici

1993 3187 2231 3242 faciente
2289 3184 2566 3240 discordia
2622 3184 2768 3239 inter
2827 3184 3082 3250 Francos,
3154 3183 3608 3254 archiepiscopus

1993 3277 2300 3342 Remensis,
2324 3274 2550 3330 nomine
2600 3273 2950 3348 Rigobertus,
2988 3288 3018 3326 a
3041 3272 3173 3326 sede
3217 3282 3408 3327 contra
3435 3289 3606 3328 cano-

1993 3382 2092 3421 nes
2113 3366 2364 3435 dejectus
2395 3371 2450 3418 et
2492 3362 2754 3433 expulsus
2800 3361 2922 3428 fuit,
2964 3361 3086 3415 sine
3117 3361 3229 3416 ullo
3267 3361 3522 3428 crimine,
3551 3371 3607 3416 et

1991 3461 2112 3514 sine
2124 3459 2236 3514 ullo
2258 3459 2646 3530 episcoporum
2664 3454 2900 3524 judicio,
2927 3463 2981 3508 et
3001 3454 3122 3508 sine
3146 3455 3259 3509 ullo
3283 3455 3604 3524 apostolica:

1991 3549 2142 3604 sedis
2202 3561 2498 3611 consensu,
2569 3544 2653 3598 vel
2715 3542 3151 3615 interrogatione
3194 3561 3208 3607 ;
3259 3543 3358 3598 sed
3393 3544 3606 3598 solum-

1993 3641 2158 3696 modo
2189 3639 2339 3710 quod
2365 3645 2526 3692 antea
2542 3652 2652 3691 non
2667 3635 2951 3690 consensit
2969 3635 3023 3688 in
3049 3642 3202 3704 parte
3225 3635 3346 3705 [or.,
3371 3635 3601 3705 partem]

1989 3729 2156 3794 illius,
2189 3728 2284 3798 qui
2331 3733 2523 3797 postea
2563 3731 2776 3796 partem
2828 3724 2976 3777 illam
3008 3725 3077 3777 de
3114 3723 3208 3777 illo
3233 3739 3402 3794 regno
3433 3725 3485 3778 in
3509 3740 3608 3778 sua

1989 3823 2265 3890 potestate
2294 3816 2525 3885 accepit,
2557 3814 2614 3867 in
2645 3829 2754 3884 qua
2786 3823 2939 3882 parte
2973 3813 3257 3866 Remensis
3297 3812 3493 3867 civitas
3525 3820 3609 3867 est

1989 3909 2165 3979 (idest
2195 3910 2253 3960 in
2289 3921 2452 3973 regno
2491 3902 2795 3970 Austrasiaz)
2843 3911 2898 3955 et
2927 3901 3184 3964 donatus,
3233 3907 3400 3970 atque
3433 3901 3607 3972 magis

1991 4007 2283 4070 usurpatus
2335 4005 2527 4053 contra
2578 3996 2750 4048 Deum
2799 4000 2857 4047 et
2912 3992 3034 4060 ejus
3088 3991 3470 4046 auctoritatem
3504 3991 3606 4045 fuit

1993 4093 2086 4147 ille
2111 4091 2485 4161 episcopatus,
2508 4087 2672 4143 simul
2721 4103 2843 4142 cum
2873 4086 2981 4140 alio
3023 4084 3370 4155 episcOpatu,
3395 4092 3451 4138 et
3480 4084 3603 4139 aliis

1992 4179 2264 4243 ecclesiis,
2293 4195 2323 4232 a
2352 4177 2710 4233 szecularibus
2742 4175 3112 4247 potestatibus
3141 4174 3327 4230 Miloni
3357 4174 3599 4237 cuidam,

1993 4272 2110 4327 sola
2141 4279 2366 4326 tonsura
2395 4269 2597 4324 clerico
2625 4267 2766 4321 nihil
2803 4265 3043 4337 sapienti
3075 4266 3146 4320 de
3186 4264 3384 4320 ordine
3417 4266 3603 4319 eccle-

1992 4361 2234 4425 siastico,
2277 4358 2442 4414 etalii
2467 4358 2819 4428 episcopatus
2843 4358 2914 4411 de
2939 4357 3057 4426 ipsa
3090 4355 3346 4410 Remensi
3379 4355 3606 4410 diwcesi

1993 4449 2214 4504 diverso
2237 4448 2401 4503 modo
2423 4456 2609 4501 essent
2638 4445 2822 4512 divisi,
2855 4455 2909 4500 et
2929 4445 3102 4515 aliqui
3136 4461 3198 4498 ex
3225 4460 3423 4516 magna
3455 4452 3606 4513 parte

1915 4501 1970 4569 D
1993 4543 2114 4597 sine
2143 4540 2422 4612 episcOpis
2451 4540 2839 4606 consistentes,
2871 4544 2928 4591 et
2950 4538 3017 4592 ad
3058 4536 3197 4590 alios
3223 4535 3607 4604 metropolita-

1995 4651 2094 4690 nos
2122 4633 2370 4704 epis00pi
2401 4641 2456 4687 et
2495 4632 2680 4687 clerici
2721 4630 3102 4686 ordinationes
3131 4629 3430 4700 aliquando
3461 4628 3609 4682 acci-

1995 4723 2407 4793 pienteserant,
2459 4728 2515 4775 et
2564 4719 2778 4792 refugia
2843 4719 3096 4774 indebita
3149 4717 3448 4782 habebant,
3504 4723 3610 4770 eta

1994 4817 2111 4872 suis
2137 4816 2415 4887 episc0pis
2447 4815 2676 4870 indicari
2708 4822 2762 4868 et
2791 4811 3047 4887 distringi
3092 4827 3204 4866 non
3231 4810 3606 4873 sustinebant,

1996 4915 2051 4962 et
2071 4907 2280 4971 clerici,
2326 4916 2381 4962 et
2435 4907 2769 4969 sacerdotes,
2807 4911 2863 4958 et
2913 4901 3190 4967 monachi,
3221 4907 3282 4955 ‘et
3309 4900 3612 4955 sanctimo—

1998 4999 2174 5054 niales
2203 4999 2325 5054 sine
2345 4999 2469 5071 lege
2495 4997 2870 5053 ecclesiastica
2917 5011 3014 5066 pro
3045 4994 3324 5050 voluntate
3358 5002 3413 5048 et
3436 4993 3614 5048 licen-

2000 5092 2073 5148 tia
2103 5091 2384 5158 vivebant,
2421 5113 2441 5141 ιι
2480 5099 2586 5145 etc.

2631 5181 2840 5236 CAPUT
2871 5180 3002 5234 XIV.

2375 5275 2448 5326 De
2477 5273 2625 5327 obitu
2653 5276 2702 5325 et
2731 5271 3012 5340 sepultura
3031 5271 3226 5338 ipsius.

2069 5363 2164 5418 Hic
2216 5362 2458 5434 denique
2516 5363 2711 5416 beatus
2759 5361 2958 5432 praesul
3019 5359 3350 5433 Rigobertus
3399 5357 3614 5412 actibus

1996 5451 2260 5526 egregiis,
2290 5451 2618 5526 magnisque
2650 5450 2952 5506 virtutibus
2983 5447 3218 5518 pollens,
3273 5461 3447 5501 annos
3489 5445 3616 5514 plu-

1999 5559 2087 5597 res
2142 5542 2199 5595 in
2249 5543 2351 5597 hac
2397 5542 2579 5617 exegit
2629 5539 3072 5605 conversatione,
3123 5543 3612 5603 consummataquc

1997 5635 2233 5690 viriliter
2259 5637 2550 5707 praesentis
2575 5635 2700 5690 vitae
2730 5633 2948 5699 militia,
2967 5632 3207 5689 decessit
3236 5627 3416 5699 pridie
3439 5641 3614 5680 nonas

1997 5723 2265 5779 Januarii.
2324 5723 2588 5779 Humatus
2613 5729 2698 5777 est
2723 5731 2906 5776 autem
2954 5717 3348 5775 venerabiliter
3368 5731 3400 5768 a
3427 5728 3612 5769 sacer-
