4038 6166
498 337 597 393 119
656 384 666 397 .

1598 337 1964 393 FLODOABDI
2009 338 2313 393 CANONIC!
2360 340 2704 395 REMENSIS.

3676 341 3763 395 120

488 458 715 512 dotibus
746 458 799 511 in
829 458 1051 528 praefata
1097 458 1247 524 villa,
1295 460 1351 513 in
1398 476 1507 531 qua
1535 461 1737 516 morari
1767 462 2002 527 solebat,
2044 461 2098 515 in
2127 465 2173 531 Α
2203 462 2349 517 beati
2384 463 2560 519 fuerat
2592 465 2816 520 nomine
2865 461 3173 537 Rigoberti,
3216 457 3410 512 mulier
3433 457 3486 511 id
3536 467 3763 529 reputans

488 547 725 601 ecclesia
753 546 923 601 sancti
958 547 1125 614 Petri,
1176 548 1244 602 ad
1305 551 1600 604 australem
1645 552 1860 623 plagam
1891 550 2098 605 altaris.

492 639 591 703 Qui
626 638 812 691 multis
858 638 948 692 hic
1005 647 1127 709 post
1191 649 1435 695 sanctam
1492 642 1898 712 depositionem
1951 658 2103 696 suam

493 729 772 801 refulgens
798 730 1101 789 miraculis.
1133 732 1324 802 quanti
1377 733 1449 786 sit
1499 733 1645 804 apud
1680 734 1846 790 Deum
1900 737 2104 802 meriti,

494 828 742 891 patenter
764 820 1007 876 innotuit
1041 841 1054 887 ;
1088 839 1211 893 quae
1243 830 1424 878 tamen
1452 824 1591 879 mira
1616 824 1688 879 ob
1711 826 2000 894 incuriam,
2021 828 2104 883 vel

490 909 823 980 scriptorum
858 909 1160 974 raritatem,
1200 926 1310 964 non
1335 910 1485 965 fuere
1519 912 1814 982 descripta.

560 1001 689 1055 Tres
718 1001 995 1071 siquidem
1023 1001 1204 1056 claudi
1232 1002 1299 1056 ab
1335 1002 1531 1058 incolis
1559 1004 1809 1073 ejusdem
1846 1005 1949 1060 loci
1978 1021 2100 1061 me-

495 1098 782 1142 morantur
811 1089 1134 1144 inibifuisse
1158 1091 1332 1145 curati
1390 1091 1556 1157 Cujus
1585 1092 1877 1147 redhibitus
1898 1092 2105 1147 sanita-

496 1177 566 1230 tis
583 1176 1608 1243 indiciabacillividelicetacscabella,
1633 1180 1690 1234 in
1707 1180 1900 1234 eadem
1914 1181 2097 1236 cccle-

495 1269 577 1323 sia
604 1268 698 1322 diu
728 1276 858 1323 sunt
877 1279 1169 1337 reservata,
1202 1271 1380 1327 donec
1408 1271 1611 1327 exinde
1635 1272 1799 1327 beata
1831 1272 1953 1340 ejus
1978 1280 2107 1328 sunt

499 1356 731 1430 pignora
788 1358 1065 1413 translata.
1135 1359 1390 1423 Quaedam
1459 1377 1684 1433 quoque
1741 1361 1941 1415 mulier
1998 1377 2107 1415 cte-

498 1466 581 1515 ca,
642 1451 866 1506 nomine
916 1451 1157 1505 Ansildis
1202 1453 1257 1522 [i,
1316 1453 1605 1524 Ausisdis],
1667 1453 1842 1524 ipsius
1870 1454 1975 1510 loci
2010 1453 2108 1509 ha-

500 1543 743 1611 bitatrix,
791 1543 868 1596 ibi
918 1543 1210 1613 pristinum
1280 1545 1491 1599 meritis
1545 1546 1709 1614 hujus
1757 1547 2111 1616 patrocinan-

499 1631 855 1685 tibuslumen
906 1630 1118 1701 recepit
1157 1632 1465 1687 oculorum.
1503 1633 1644 1687 Puer
1670 1633 1918 1703 quidem,
1947 1634 2112 1689 scho-

501 1717 710 1771 laribus
729 1718 879 1788 apud
901 1718 1006 1773 loci
1025 1719 1408 1789 presbyterum
1423 1720 1625 1775 studiis
1645 1720 1886 1785 deditus,
1910 1722 2111 1777 lascive

2208 553 2318 608 Deo
2348 553 2632 623 placitum,
2663 554 2844 609 eidem
2865 558 3056 607 sancto
3094 546 3213 603 ﬁeri
3238 553 3421 601 votum
3448 561 3598 601 suum
3627 547 3766 603 insti-

2208 644 2331 698 tuit.
2376 643 2648 698 Continuo
2704 642 2867 697 aliam
2916 642 3227 696 instaurans
3283 635 3579 700 candelam,
3631 636 3768 706 hujus

2207 734 2335 788 almi
2353 733 2455 788 viri
2473 734 2737 788 duntaxat
2749 729 3095 787 venerationi
3108 727 3366 791 dicatam,
3382 724 3699 798 veniensque
3715 728 3771 782 ad

2206 825 2389 879 locum
2420 823 2789 897 designatum,
2805 819 3194 875 munusculum
3216 815 3438 879 obtulit;
3454 823 3507 870 et
3522 824 3771 888 antequa-

2206 916 2310 970 sita
2320 915 2495 969 sancti
2515 914 2608 969 Dei
2624 914 2857 988 pignora
2877 910 3318 984 postorationem
3331 906 3601 972 dormivit,
3619 908 3771 980 evigi-

2205 1006 2435 1077 lausque
2447 1006 2816 1061 desideratam
2838 1021 2897 1060 se
2909 1003 3230 1074 sospitatem
3245 999 3521 1070 recepisse
3534 998 3773 1069 probavit.

2276 1099 2402 1153 Post
2448 1114 2622 1154 annos
2654 1113 2848 1153 novem
2880 1097 3047 1166 hujus
3093 1094 3239 1149 beati
3285 1091 3532 1163 praesulis
3549 1105 3662 1146 ossa
3686 1091 3777 1146 Re-

2207 1204 2420 1245 morum
2454 1190 2806 1263 perferuntur
2861 1188 2915 1243 in
2948 1188 3165 1254 urbem,
3216 1195 3272 1241 et
3302 1185 3359 1239 in
3392 1184 3610 1240 basilica
3628 1184 3774 1239 sancti

2208 1286 2452 1358 Dionysii
2486 1287 2697 1340 honore
2751 1285 2928 1341 dicata
2973 1285 3246 1350 locantur,
3288 1282 3382 1337 ubi
3426 1282 3776 1338 canonicorum

2208 1376 2500 1447 sepultura
2555 1374 2909 1430 Remensium
2967 1384 3098 1429 tunc
3150 1372 3479 1428 habebatur.
3534 1371 3650 1425 Erat
3671 1378 3779 1426 tunc

2209 1466 2459 1537 quaedam
2492 1464 2693 1518 mulier
2712 1479 2876 1529 caeca,
2910 1462 2964 1516 in
2983 1462 3113 1517 villa
3142 1478 3304 1534 quam
3340 1467 3534 1516 vocant
3561 1460 3780 1514 Alaman-

2211 1570 2405 1610 norum
2437 1561 2642 1609 cortem
2686 1552 3109 1623 [Aumencourt],
3143 1567 3264 1623 quae
3294 1550 3570 1606 dormiens
3604 1548 3784 1603 audivit

2212 1646 2268 1700 in
2300 1642 2511 1699 somnis
2536 1658 2725 1698 vocem
2759 1642 3033 1698 dicentem
3066 1642 3206 1696 sibi:
3242 1641 3385 1706 Quid
3412 1639 3500 1694 hic
3525 1637 3784 1694 facislcur

2214 1736 2366 1804 jaces
2390 1733 2418 1787 ?
2448 1732 2694 1788 Crastina
2733 1732 2823 1786 die
2871 1730 3116 1802 pontifex
3150 1730 3474 1785 Hincmarus
3494 1737 3546 1783 et
3563 1725 3782 1782 canonici

767 1781 779 1788 .
1026 1781 1038 1789 .
1195 1781 1213 1789 -
1875 1781 1883 1785 τ
2241 1781 2364 1790 .-νη
2398 1781 2408 1787 .
2455 1781 2694 1788 ___-_-____
2737 1781 2822 1786 ω,
2872 1781 3116 1802 ,,,--,-,,--
3505 1781 3542 1783 _,
3577 1781 3580 1782 ν

502 1811 780 1879 quondam
830 1810 1072 1865 Indendo
1125 1826 1292 1881 θυι)νᾶ
1348 1811 1622 1865 “mnuum
1674 1812 1795 1881 eius
1852 1812 2112 1866 SUbSi'il‘e
2142 1781 2518 1883 Bllemenses
2569 1834 2816 1882 sanctum
2850 1824 3181 1880 transferent
3240 1823 3610 1897 Rigobertum.
3663 1819 3784 1873 Vade

502 1901 691 1970 capit,
726 1917 833 1955 non
862 1901 999 1955 dans
1030 1902 1295 1957 honorem
1316 1902 1445 1964 Deo,
1477 1917 1666 1973 neque
1696 1911 1887 1959 sancto
1939 1903 2116 1974 ipsius

506 1993 713 2047 ibidem
755 1994 991 2063 sepulto.
1017 1993 1122 2047 Sed
1155 1996 1435 2064 utsepulti
1468 1995 1726 2050 meritum
1759 1994 2114 2065 panderetur,

505 2090 561 2137 et
622 2084 937 2151 hujusmodi
1005 2086 1361 2155 praesumptio
1419 2086 1796 2151 cohiberetur,
1855 2086 2119 2142 continuo

506 2190 606 2244 pes
624 2174 772 2228 illius
799 2174 1066 2241 indoluit;
1090 2191 1327 2247 moxque
1357 2177 1590 2232 claudus
1609 2176 1858 2243 effectus,
1878 2177 2123 2234 ofﬁcium

508 2264 667 2333 pedis
692 2264 859 2318 unius
886 2264 1089 2319 amisit.
1145 2264 1261 2329 Quo
1300 2272 1605 2336 comperto,
1642 2266 1932 2338 presbyter
1996 2282 2123 2321 can-

507 2353 677 2408 cellos
729 2353 869 2406 inibi
913 2354 1058 2408 circa
1110 2354 1380 2421 tumbam,
1429 2371 1498 2410 ne
1530 2355 1657 2425 quis
1689 2355 1914 2429 ignarus
1939 2348 2123 2410 simile

508 2445 641 2515 quid
676 2452 977 2516 pateretur,
1029 2444 1145 2499 ﬁeri
1183 2446 1519 2516 procuravit.
1585 2448 1643 2501 ln
1673 2447 1865 2501 eadem
1896 2445 2127 2502 basilica

508 2549 671 2589 voces
703 2540 866 2587 tantae
891 2532 1207 2588 dulcedinis
1255 2541 1379 2604 post
1405 2535 1526 2603 ejus
1555 2535 1897 2605 sepulturam
1922 2535 2129 2605 saepius

507 2625 709 2679 auditae
742 2632 1055 2690 narrantur,
1090 2632 1151 2679 ut
1189 2625 1413 2679 nonnisi
1454 2625 1722 2700 angelica:
1750 2626 2128 2696 comproben-

509 2722 614 2769 tur.
651 2714 761 2767 Lux
808 2727 1033 2783 quoque
1076 2720 1239 2767 tantae
1283 2713 1550 2768 claritatis
1589 2714 1790 2768 mediis
1845 2713 1985 2767 inibi
2028 2730 2125 2770 no-

509 2804 693 2858 ctibus
718 2803 967 2868 emicuit,
1001 2809 1059 2857 ut
1106 2802 1240 2858 solis
1289 2804 1560 2877 fulgorem
1595 2805 1793 2861 vicisse
1824 2804 2126 2873 videretur,

512 2912 634 2966 quae.
657 2910 861 2969 magno
892 2895 1057 2949 etiam
1080 2896 1362 2966 quondam
1406 2897 1628 2965 jubare,
1660 2897 1967 2952 sacerdotis
1993 2914 2129 2953 con-

513 2986 719 3057 tiguam
751 2984 1062 3055 penetravit
1095 2985 1404 3040 radiculam.
1441 2987 1555 3052 Quo
1587 2989 1704 3045 viso
1751 2999 1934 3046 tantus
1967 2990 2131 3046 timor

514 3072 720 3132 invasit
751 3076 1157 3148 presbyterum,
1217 3087 1277 3133 ut
1314 3078 1519 3134 abinde
1557 3082 1824 3151 majorum
1852 3085 1983 3139 huic
2007 3086 2129 3141 loco

515 3170 877 3225 reverentiam
909 3169 1183 3238 exhibuit,
1215 3187 1379 3243 quam
1407 3181 1567 3227 antea
1596 3174 1793 3230 solitus
1819 3176 2006 3232 fuerit.
2051 3179 2127 3233 Ad

516 3265 620 3318 hoc
651 3262 753 3316 viri
793 3264 885 3317 Dei
942 3263 1261 3333 sepulcrum
1319 3263 1555 3318 diversis
1584 3264 1652 3319 ab
1700 3267 2130 3341 {egritudinibus

516 3354 671 3409 multi
702 3362 964 3409 curantur
1003 3353 1229 3411 inﬁrmi.
1258 3355 1564 3430 Frigoritici
1604 3358 1833 3430 quidam
1864 3377 1986 3416 cum
2021 3359 2128 3417 ﬁde

513 3447 822 3513 venientes,
854 3449 1137 3503 candelam
1163 3449 1220 3503 in
1237 3449 1642 3517 votisoﬁ'erunt,
1679 3461 1734 3505 et
1764 3453 2020 3507 abrasum
2040 3470 2129 3510 se-

515 3539 689 3610 pulcri
724 3539 1003 3608 pulverem
1034 3550 1277 3607 sumunt,
1302 3556 1467 3613 quem
1501 3558 1656 3613 aqua:
1686 3544 1906 3598 mistum
1930 3544 2132 3600 bibunt

516 3635 571 3682 et
627 3626 919 3682 sanitatem
990 3629 1156 3697 hujus
1219 3630 1393 3684 sancti
1452 3631 1668 3685 meritis
1723 3633 2128 3702 adipiscuntur.

518 3719 771 3774 Dentium
821 3737 951 3776 vero
1005 3721 1294 3777 doloribus
1348 3722 1573 3777 cruciati
1609 3723 1755 3778 hunc
1786 3724 1974 3780 debita
2005 3742 2129 3781 cum

514 3814 871 3869 veneratione
919 3812 1190 3869 tumulum
1259 3813 1669 3876 deosculantur.
1720 3822 1773 3869 et
1824 3815 1898 3871 ita
1947 3819 2127 3873 curari

517 3908 819 3958 merentur.

1155 3993 1366 4050 CAPUT
1380 3995 1485 4049 XV.

800 4090 874 4141 De
910 4088 1266 4141 translatione
1294 4093 1533 4158 corporis
1580 4093 1838 4161 ejusdem.

588 4177 776 4245 Itaque
823 4176 954 4227 dum
1017 4176 1226 4230 inloco
1278 4177 1371 4231 hic
1419 4178 1657 4250 inclytus
1711 4182 1926 4236 Domini
1983 4198 2123 4238 con-

515 4263 690 4317 fessor
714 4262 965 4333 pluribus
992 4262 1325 4318 clariﬁcatus
1380 4264 1555 4337 signis
1575 4268 1858 4330 reniteret.
1894 4271 2131 4327 domnus

517 4353 712 4423 pra'snl
748 4352 1031 4407 Remensis
1076 4353 1401 4409 Hincmarus
1433 4355 1562 4410 hinc
1583 4372 1709 4411 eum
1747 4361 2046 4429 transtulit,
2075 4373 2129 4418 et

514 4444 579 4496 ad
608 4444 925 4500 crenobium
981 4445 1156 4500 sancti
1198 4446 1525 4503 Theoderici
1575 4449 1792 4517 detulit,
1847 4469 1910 4507 ac
1967 4469 2128 4509 secus

514 4536 691 4607 ipsius
720 4536 867 4591 beati
916 4536 1015 4591 viri
1068 4537 1314 4593 tumbam
1363 4540 1567 4611 posuit.
1600 4541 1697 4597 Ubi
1739 4543 1869 4598 dum
1900 4545 2126 4618 aliquod

515 4628 675 4682 annis
704 4635 1014 4694 veneratur,
1059 4630 1221 4699 plura
1274 4646 1371 4701 per
1399 4647 1524 4687 eum
1573 4633 1837 4689 Dominus
1861 4636 2001 4692 mira
2029 4654 2130 4709 pa-

516 4723 655 4771 trare
673 4716 933 4789 dignatus
963 4723 1066 4771 est.
1111 4717 1261 4773 Multi
1315 4719 1594 4792 siquidem
1641 4722 1892 4780 febribus
1922 4727 2125 4791 vexati,

513 4804 598 4859 vel
630 4804 821 4859 dolore
847 4806 1095 4861 dentium
1117 4806 1350 4879 fatigati,
1383 4808 1505 4877 ejus
1522 4811 1611 4865 hic
1639 4828 1860 4885 quoque
1876 4831 2000 4870 cum
2019 4815 2126 4872 ﬁde

516 4905 767 4965 petentes
791 4897 1076 4961 auxilium.
1111 4899 1359 4954 divinum
1379 4900 1553 4974 gavisi
1585 4912 1713 4958 sunt
1739 4904 1925 4976 adepti
1951 4923 2127 4963 reme-

515 4985 688 5039 dium.
726 4986 797 5040 Ex
829 4986 1034 5058 quibus
1060 4988 1260 5043 mulier
1289 4990 1563 5061 quzedam,
1589 4992 1813 5048 nomine
1856 4996 2126 5070 Audinga,

515 5074 584 5127 de
610 5075 844 5146 quadam
888 5076 1136 5147 proxima
1184 5079 1522 5135 monasterio
1553 5081 1706 5150 villa,
1741 5084 1965 5140 nomine
1997 5086 2126 5141 Col-

516 5163 767 5230 melecta,
801 5164 1049 5219 febribus
1074 5165 1279 5233 attrita,
1310 5167 1427 5221 hinc
1442 5169 1589 5238 apud
1619 5184 1678 5223 se
1699 5186 1867 5241 super
1897 5188 2123 5245 recupe-

515 5255 686 5309 randa
740 5256 847 5310 sibi
906 5257 1143 5313 sanitate
1200 5258 1396 5315 fecisse
1437 5261 1670 5317 traditur
1724 5264 2122 5334 experimenta.

513 5347 809 5402 Tresenim
849 5350 1107 5404 candelas
1143 5351 1310 5406 unius
1364 5352 1492 5408 fecit
1519 5355 1864 5425 quantitatis,
1894 5373 2126 5428 quarum

515 5451 681 5491 unam
741 5438 967 5493 nomine
1014 5440 1189 5495 sancti
1252 5441 1599 5509 Theoderici,
1667 5444 1895 5500 alteram
1951 5447 2123 5502 sancti

511 5526 818 5595 Tlteodulﬁ,
847 5530 1067 5585 tertiam
1096 5533 1271 5587 sancti
1307 5533 1587 5605 Rigoberti
1635 5537 1921 5593 constituit
1954 5555 2124 5610 ;quas

510 5621 673 5675 simul
706 5622 1035 5689 accendens,
1084 5639 1208 5694 quae
1252 5634 1541 5695 superaret
1570 5627 1839 5695 ardendo,
1886 5629 2122 5700 probare

508 5712 800 5786 disposuit.
835 5713 952 5780 Quo
978 5713 1141 5782 facto,
1167 5716 1296 5771 dum
1327 5719 1660 5790 superdurat
1686 5720 1969 5796 ﬁagrando
1998 5739 2121 5794 quae

2217 1917 2284 1971 ad
2306 1915 2484 1979 illum,
2534 1923 2587 1969 et
2624 1915 2719 1970 ille
2749 1922 2803 1970 te
2858 1913 3161 1983 adjuvabit.
3196 1913 3259 1967 At
3286 1913 3381 1966 illa
3408 1910 3641 1965 diluculo
3667 1922 3784 1963 con-

2217 2020 2452 2077 surgens
2490 2005 2835 2070 acceleravit,
2890 2002 3172 2058 candelam
3201 2016 3393 2055 secum
3425 1996 3684 2062 deferens,
3709 1994 3788 2049 ad-

2222 2097 2429 2152 venire.
2457 2098 2584 2162 Quae
2609 2113 2728 2152 mox
2759 2096 2825 2151 ad
2846 2096 3089 2150 loculum
3118 2092 3267 2147 beati
3301 2089 3553 2167 pignoris
3580 2086 3797 2149 accessit,

2223 2187 2412 2242 lumen
2440 2186 2570 2241 olim
2623 2186 2883 2240 amissum
2914 2184 3163 2254 recipere
3195 2181 3420 2235 meruit.
3451 2177 3650 2233 Surdus
3664 2173 3800 2230 etiam

2224 2278 2449 2350 quidam
2481 2278 2859 2334 translationis
2873 2276 3041 2344 hujus
3077 2290 3237 2346 teque
3268 2273 3359 2327 die
3392 2271 3636 2333 veniens,
3666 2267 3803 2321 utio-

2227 2371 2424 2426 cellum
2465 2371 2605 2426 sacri
2657 2370 2907 2441 corporis
2936 2368 3183 2436 bajulum
3218 2366 3425 2438 tetigit,
3454 2362 3687 2418 auditum
3708 2365 3799 2412 sta-

2230 2463 2326 2518 tim
2346 2463 2574 2533 recepit.
2608 2462 2701 2534 qui
2736 2461 2829 2517 tali
2859 2476 3082 2533 quoque
3104 2459 3269 2515 modo
3294 2474 3354 2513 se
3392 2456 3574 2513 retulit
3604 2450 3807 2509 accersi-

2230 2561 2362 2608 tum.
2393 2552 2565 2606 Noctu
2587 2550 2863 2622 siquidem
2894 2551 2949 2604 in
2976 2548 3285 2604 diversorio
3315 2549 3681 2620 quiescentem
3699 2557 3805 2614 per-

2228 2659 2361 2699 sona
2392 2642 2644 2715 quaedam
2704 2642 2986 2716 incognita
3031 2640 3223 2695 leviter
3271 2640 3328 2710 [i,
3362 2637 3580 2708 leniter]
3603 2636 3734 2689 hunc
3759 2634 3805 2688 in

2227 2732 2394 2787 latere
2427 2732 2696 2802 percussit
2725 2738 2779 2785 et
2830 2730 3107 2796 excitavit,
3148 2728 3563 2799 excitatumque
3596 2722 3798 2780 vocavit.

2230 2820 2413 2876 Sensit
2433 2820 2523 2875 ille
2571 2827 2912 2893 tangentem,
2951 2820 3048 2873 sed
3109 2833 3219 2874 non
3241 2816 3476 2884 audivit,
3498 2821 3681 2887 utpote
3702 2827 3805 2867 sur-

2233 2916 2356 2980 dus,
2385 2919 2691 2969 vocantem.
2726 2912 3031 2967 Audierunt
3054 2918 3239 2966 tamen
3268 2910 3361 2981 qui
3396 2924 3584 2965 secum
3613 2908 3807 2961 aderant
3870 2972 3874 2976 κ

2232 3005 2288 3059 in
2321 3007 2486 3061 domo
2525 3019 2716 3059 vocem
2739 3003 2806 3057 ad
2837 3010 3087 3056 sanctum
3115 2999 3478 3074 Rigobertum
3507 2998 3585 3051 ire
3608 3001 3811 3067 quanto-

2231 3091 2352 3146 cius
2384 3108 2509 3147 eum
2532 3094 2950 3158 admonentem,
2976 3091 3105 3146 licet
3136 3091 3381 3148 viderint
3414 3088 3697 3169 neminem.
3726 3081 3807 3147 Οιιί

2229 3182 2518 3239 confestim
2550 3182 2712 3251 abiit,
2733 3192 2786 3239 et
2812 3183 3045 3238 salutem
3075 3182 3170 3237 diu
3214 3180 3586 3236 desideratam
3611 3172 3809 3231 invenit.

2304 3274 2473 3343 Hujus
2516 3274 2661 3329 beati
2717 3274 2887 3328 Patris
2943 3272 3192 3326 membra
3217 3271 3556 3336 veneranda,
3579 3264 3809 3338 quoniam

2229 3363 2461 3418 ecclesia
2492 3370 2791 3434 praenotata
2818 3365 3144 3419 necessitate
3201 3361 3340 3416 muri
3369 3359 3628 3419 civitatis.
3649 3356 3713 3413 ob
3739 3354 3811 3409 in-

2231 3454 2577 3510 festationem
2626 3470 2966 3528 paganorum
3024 3450 3407 3517 construendi,
3470 3448 3807 3507 evertebatur,

2232 3542 2395 3598 Fulco
2438 3544 2635 3613 praesul
2691 3543 2814 3598 urbi
2845 3543 3195 3614 postmodum
3234 3539 3446 3607 intulit,
3498 3538 3622 3594 etin
3650 3531 3811 3589 medio

2230 3633 2480 3688 ecclesiae
2535 3632 2712 3687 beatae
2766 3632 2861 3686 Dei
2913 3632 3197 3705 genitricis
3248 3631 3435 3686 Mariae
3491 3635 3614 3700 post
3667 3624 3813 3680 altare

2230 3735 2432 3780 sancta}
2462 3725 2641 3781 crucis
2679 3724 2970 3781 collocavit
3003 3741 3017 3788 ;
3050 3722 3144 3777 ubi
3184 3723 3369 3792 plures
3399 3719 3569 3775 etiam
3589 3732 3705 3772 cum
3721 3710 3814 3767 ﬁde

2231 3814 2559 3870 accedentes
2613 3821 2857 3885 optatam
2911 3829 3170 3884 reperere
3224 3811 3521 3867 medelam.
3578 3809 3667 3864 His
3716 3804 3813 3860 fere

2232 3908 2430 3963 diebus
2451 3910 2756 3965 monachus
2777 3908 3005 3981 quidam
3045 3907 3289 3964 cmuobii
3320 3905 3625 3963 beatissimi
3658 3900 3818 3959 Remi-

2231 4002 2327 4076 gii,
2357 4002 2583 4057 nomine
2614 3999 2954 4073 Sigloardus,
2986 3999 3327 4055 validissima
3357 3998 3517 4054 febre
3538 4003 3814 4066 correptus,

2228 4090 2409 4162 impos
2465 4107 2691 4163 quoque
2742 4091 2943 4147 mentis
3001 4089 3144 4145 efﬁci
3194 4090 3513 4147 videbatur.
3566 4087 3665 4155 Qui
3703 4085 3815 4139 dum

2228 4181 2464 4249 quadam
2512 4192 2673 4237 nocte
2712 4183 2958 4238 cubitum
3008 4180 3361 4253 perrexisset,
3425 4180 3814 4235 incmnatusta-

2230 4289 2377 4338 men,
2398 4274 2749 4345 etquiescere
2770 4275 3083 4329 nullatenus
3094 4273 3393 4339 sineretur,
3417 4275 3658 4326 arctatus
3676 4258 3816 4320 undi-

2228 4381 2357 4436 que,
2372 4366 2595 4420 beatum
2614 4366 2974 4440 Rigobertum
2995 4365 3261 4422 auxilium
3278 4363 3545 4420 sibiferre
3574 4362 3816 4437 clamans.

2232 4456 2470 4518 invocat.
2497 4467 2550 4513 et
2568 4464 2810 4529 optatam
2829 4460 3080 4529 protinus
3099 4460 3390 4514 sanitatem
3417 4458 3723 4526 recuperat.

2303 4546 2429 4602 Post
2499 4547 2841 4619 aliquantum
2920 4548 3185 4619 temporis
3269 4546 3597 4602 deferuntur
3676 4539 3822 4607 hujus

2227 4640 2403 4694 sancti
2456 4641 2557 4696 viri
2634 4641 2866 4716 pignora
2923 4641 2978 4695 in
3066 4657 3265 4713 pagum
3335 4636 3823 4694 Veromandensem

2227 4730 2294 4783 ad
2354 4730 2539 4785 villam
2608 4730 2980 4797 Nemincum,
3068 4746 3232 4802 quam
3294 4728 3582 4785 Odalricus
3654 4738 3824 4782 comes

2226 4822 2474 4877 ecclesiae
2529 4822 2785 4877 Remensi
2863 4829 2993 4878 tunc
3049 4823 3315 4895 temporis
3399 4823 3725 4883 contulerat,
3778 4825 3827 4872 et

2227 4911 2391 4966 Fulco
2470 4911 2668 4982 praesul
2761 4912 3153 4967 canonicorum
3249 4911 3416 4967 victui
3505 4913 3826 4983 deputarat,

2229 5004 2326 5059 ubi
2411 5004 2634 5076 quidam
2718 5006 3103 5060 commanebat
3201 5005 3256 5059 in
3355 5006 3606 5076 proximo
3699 5015 3826 5073 prte-

2229 5092 2438 5163 sbyter,
2473 5093 2697 5149 nomine
2755 5094 3037 5168 Signinus,
3097 5094 3192 5166 qui
3235 5110 3434 5166 magno
3490 5093 3827 5149 cruciabatur

2228 5181 2480 5236 dentium
2503 5183 2715 5237 dolore.
2732 5181 2829 5237 Hic
2848 5182 3082 5237 audiens
3104 5185 3220 5239 haec
3241 5184 3483 5255 pretiosa
3499 5183 3633 5237 illuc
3661 5180 3829 5234 delata

2228 5270 2497 5337 membra,
2529 5270 2790 5342 quoniam
2831 5271 3009 5327 victus
3063 5272 3392 5346 aegritudine
3432 5270 3830 5342 impediebatur

2228 5360 2401 5427 adire,
2444 5362 2728 5417 candelam
2792 5363 2886 5419 illo
2932 5364 3146 5419 studuit
3188 5365 3578 5421 transmittere.
3615 5364 3689 5417 Ac
3715 5360 3832 5415 licet

2226 5453 2429 5508 absens
2484 5469 2738 5526 corpore,
2779 5455 3042 5527 precibus
3096 5467 3280 5513 tamen
3333 5466 3388 5513 et
3418 5456 3676 5528 lacrymis
3712 5467 3833 5508 san-

2225 5553 2372 5602 ctum
2406 5547 2618 5601 Domini
2652 5548 3011 5623 Rigobertum
3041 5566 3149 5605 non
3194 5551 3411 5606 distulit
3435 5564 3682 5613 exorare,
3707 5560 3833 5618 qua-

2222 5644 2385 5689 tenus
2415 5651 2514 5705 per
2544 5635 2717 5707 ipsius
2738 5637 3108 5693 interventum
3131 5639 3401 5695 medelam
3417 5643 3662 5693 meretur
3688 5632 3827 5689 acci—

2224 5739 2375 5795 pere.
2405 5724 2505 5790 Qui
2543 5740 2668 5781 mox
2699 5734 2760 5780 ut
2809 5728 3196 5799 munusculum
3227 5728 3349 5797 ejus
3378 5728 3446 5783 ad
3477 5725 3653 5781 sancti
3677 5724 3822 5780 locu-
