4038 6166
277 298 367 352 121

929 298 1254 354 ΗΙΒΤΟΒΙΑΞ
1293 300 1632 357 ECCLESUE
1672 301 1883 358 REMEF

1992 305 2000 355 ἱ
2040 303 2216 359 LIBRI
2257 303 2580 370 QUATUOR.
2607 335 2678 343 —
2717 303 2840 357 LIB.
2887 305 2950 358 ll.

3500 304 3600 359 122

278 427 384 481 lum
418 428 693 498 pervenit.
749 429 1025 484 medicum
1084 430 1367 485 cwlestem
1417 433 1528 487 sibi
1556 432 1771 501 adesse,
1802 451 1889 489 re-
1911 441 1964 506 Α
1989 434 2223 490 nifacius
2271 434 2724 504 archiepiscopus
2761 441 2817 488 et
2864 433 3077 505 legatus
3106 440 3311 488 sanctae
3343 433 3600 488 Romanae

275 527 430 589 cepta
460 520 722 587 sanitate,
776 521 985 575 sentire
1039 522 1360 591 promeruit.
1415 523 1475 578 Et
1507 525 1797 580 confestim
1819 528 1887 581 ad

274 610 450 664 locum
485 611 620 664 sacri
654 611 1010 667 medicatoris
1044 613 1324 683 profectus
1375 624 1477 680 est,
1513 624 1797 689 totumque
1828 634 1888 673 se

275 706 325 758 in
349 706 608 778 lacrymis
630 716 754 762 ante
787 707 959 778 ipsius
979 708 1270 764 effundens
1311 711 1654 775 memoriam,
1686 712 1890 783 gratias

271 795 480 860 retulit,
520 804 575 850 et
599 807 806 867 quanta
843 797 951 851 sibi
982 814 1083 869 per
1115 799 1235 866 ejus
1276 799 1678 855 invocationem
1716 801 1890 854 Patris

271 887 465 941 fecerit
494 888 774 953 Dominus,
793 889 1075 944 indicavit.
1094 890 1202 945 Nec
1222 891 1446 966 longum
1476 893 1737 963 posthaec
1763 891 1886 946 urbi

273 979 572 1033 Remorum
586 997 738 1034 sacra
753 981 1002 1035 membra
1023 990 1370 1048 revocarunt,
1390 983 1691 1039 etecclesia
1711 985 1887 1039 sancti

273 1071 513 1142 Dionysii
547 1081 700 1125 extra
729 1089 949 1127 murum
980 1073 1217 1129 civitatis
1231 1075 1627 1130 canonicorum
1653 1076 1886 1131 Remen-

271 1159 413 1213 sium
426 1160 1067 1233 studio,sumptibusque
1085 1164 1586 1228 restructa,ibidem
1601 1180 1725 1219 cum
1742 1165 1886 1220 beati

267 1247 554 1302 Theodulﬁ
579 1250 906 1324 pignoribus
929 1250 1233 1306 honoriﬁce
1273 1263 1604 1308 Venerantur
1647 1253 1812 1310 illata.

883 1338 1093 1394 CAPUT
1154 1341 1284 1394 XVI.

706 1431 778 1482 De
822 1429 959 1482 Abel
995 1431 1109 1498 ejus
1139 1446 1456 1484 successore.

345 1515 577 1570 Beatum
613 1516 972 1590 Rigobertum
1010 1526 1235 1573 secutus
1268 1519 1401 1573 Abel
1451 1520 1502 1572 in
1538 1519 1890 1592 episcopatus

268 1606 474 1658 ordine
527 1605 820 1674 reperitur,
859 1607 1114 1677 quamvis
1155 1624 1281 1661 eum
1323 1608 1545 1678 quidam
1576 1609 1891 1680 corepisco—

272 1711 404 1764 pum
442 1702 653 1748 tantum
681 1695 845 1748 fuisse
881 1696 1118 1750 tradant.
1157 1695 1477 1751 Pontificem
1512 1707 1696 1752 tamen
1735 1699 1887 1753 illum

267 1789 548 1842 exstitisse
577 1787 811 1842 diversis
833 1789 1150 1844 invenimus
1176 1789 1604 1856 assertionibus,
1640 1799 1693 1845 et
1717 1792 1891 1845 maxi-
1917 1757 1966 1824 Β

270 1893 359 1930 me
392 1877 448 1930 in
470 1875 724 1946 epistolis
764 1876 1036 1930 Zachariae
1069 1892 1225 1948 papae
1257 1879 1326 1931 ad
1383 1887 1631 1933 sanctum
1660 1880 1884 1935 Bonifa-

266 1970 421 2022 cium
455 1967 678 2022 directis
733 1969 985 2034 (Zacaxa.
1043 1971 1199 2038 epist.
1242 1970 1332 2035 85,
1357 1973 1497 2024 tom.
1528 1972 1596 2025 Ill
1641 1972 1884 2042 Concil.),

267 2058 326 2109 in
351 2072 589 2127 quarum
629 2072 739 2109 una
785 2066 1197 2121 commemorat,
1256 2058 1527 2113 indicasse
1564 2059 1885 2129 praedictum

265 2145 494 2199 beatum
539 2144 880 2199 Bonifacium
919 2145 1038 2200 suis
1097 2145 1294 2200 litteris
1325 2146 1467 2201 inter
1487 2155 1704 2213 caetera,
1738 2149 1885 2220 quod

263 2249 379 2294 tres
427 2239 723 2310 episcopos
779 2255 880 2309 per
930 2219 1196 2312 singulas,
1233 2241 1688 2309 metropolitanas
1719 2240 1887 2295 urbes

261 2331 603 2394 ordinasset,
636 2331 687 2384 id
716 2339 817 2395 est,
843 2329 1156 2385 Grimonem
1192 2330 1250 2384 in
1289 2331 1508 2386 civitate
1533 2347 1655 2402 quas
1685 2331 1888 2386 dicitur

261 2422 572 2489 Rodomus,
604 2423 909 2478 secundum
925 2439 1054 2478 vero
1069 2423 1510 2478 Abelincivitate
1533 2439 1655 2494 qua;
1687 2424 1888 2479 dicitur

259 2517 564 2570 Remorum
599 2532 610 2569 :
646 2515 870 2570 tertium
899 2513 1140 2585 denique
1201 2514 1549 2569 Hartbertum
1576 2515 1630 2568 in
1665 2516 1885 2570 civitate

254 2625 382 2679 quae
413 2607 620 2662 dicitur
649 2608 883 2662 Senonis
919 2625 930 2660 :
970 2629 992 2657 ‹‹
1021 2607 1119 2672 Qui
1165 2617 1218 2660 et
1249 2605 1398 2677 apud
1433 2622 1556 2672 nos,
1598 2606 1881 2678 inquiens,

252 2699 378 2762 fuit,
412 2709 470 2752 et
499 2709 588 2752 tua
621 2699 784 2753 nobis
823 2699 1048 2767 pariter,
1083 2705 1137 2752 et
1188 2697 1536 2752 Karlomanni
1569 2706 1733 2770 atque
1761 2699 1886 2769 Pip-

249 2788 364 2858 pini
406 2787 611 2841 detulit
673 2788 898 2857 scripta,
951 2803 1049 2857 per
1087 2803 1208 2858 qua:
1267 2787 1613 2860 suggessisti,
1668 2797 1723 2842 ut
1783 2787 1884 2842 tria

247 2880 421 2950 pallia
488 2879 683 2933 iisdem
745 2879 920 2933 tribus
983 2879 1396 2950 praenominatis
1443 2880 1884 2950 metroliolitanis

245 2969 501 3040 dirigere
558 2967 911 3034 deberemus,
990 2969 1136 3039 quod
1185 2977 1238 3022 et
1303 2969 1486 3040 largiti
1535 2985 1726 3022 sumus
1784 2985 1880 3040 pro

252 3061 601 3116 adunatione
633 3067 688 3114 et
729 3060 1117 3115 reformatione
1140 3061 1503 3115 Ecclesiarum
1540 3060 1652 3116 Dei.
1691 3085 1714 3105 ιι
1751 3063 1881 3116 Item

253 3153 305 3206 in
341 3152 456 3206 alia
489 3153 667 3222 ipsius
708 3153 774 3205 ad
793 3153 1048 3206 eumdem
1082 3153 1320 3222 epistola
1358 3153 1607 3219 (Zacnxa.
1635 3155 1790 3221 epist.
1825 3156 1879 3219 9,
1911 3125 1961 3193 δ

253 3245 321 3305 al.
350 3247 409 3312 4)
447 3262 460 3296 :
501 3267 527 3291 ‹‹
585 3244 658 3297 De
704 3244 984 3314 episc0pis
1034 3259 1162 3298 vero
1215 3244 1681 3314 metropolitanis,
1719 3246 1769 3298 id
1800 3256 1884 3300 est

253 3336 544 3402 Grimone,
578 3352 745 3407 quem
773 3337 998 3403 nosjam
1023 3344 1368 3408 compertum
1403 3337 1696 3400 habemus,
1726 3338 1880 3404 Abel,

255 3426 371 3478 sive
415 3424 728 3491 Hariberto,
762 3441 901 3496 quos
932 3442 1031 3496 per
1050 3443 1499 3498 unamquamque
1526 3427 1879 3498 metropolim

259 3534 359 3587 per
387 3517 708 3587 provincias
766 3518 1125 3580 constituisti,
1173 3519 1274 3574 hos
1315 3535 1414 3589 per
1445 3525 1596 3573 tuum
1639 3519 1886 3574 testimo-

259 3605 419 3659 nium
451 3604 869 3670 conﬁrmamus,
919 3615 974 3660 et
1031 3606 1197 3676 pallia
1248 3607 1538 3680 dirigimus
1568 3609 1635 3661 ad
1691 3624 1883 3662 eorum

261 3694 477 3748 ﬁrmam
521 3695 899 3759 stabilitatem,
954 3703 1008 3749 et
1059 3695 1319 3750 Ecclesia:
1350 3695 1444 3749 Dei
1503 3705 1882 3768 augmentum,

259 3795 319 3840 ut
344 3786 420 3840 ita
459 3785 678 3840 meliori
702 3785 950 3856 proﬁciat
979 3794 1140 3841 statu.
1177 3788 1422 3852 Qualiter
1437 3788 1584 3842 enim
1614 3789 1668 3859 [i,
1699 3789 1882 3860 etiam]

260 3891 382 3930 mos
415 3876 568 3946 pallii
600 3876 690 3943 sit,
735 3875 820 3930 vel
879 3877 1161 3947 quomodo
1221 3877 1386 3932 ﬁdem
1418 3894 1574 3932 suam
1603 3893 1885 3948 exponere

261 3965 513 4018 debeant
547 3965 632 4019 hic
653 3965 745 4035 qui
789 3965 936 4035 pallii
968 3965 1048 4018 uti
1105 3965 1326 4020 licentia
1375 3967 1774 4031 conceduntur,
1808 3967 1888 4020 eis

261 4055 598 4120 direximus,
660 4057 1020 4111 informantes
1055 4072 1172 4123 eos,
1231 4065 1288 4111 ut
1347 4057 1656 4128 sciatquod
1694 4059 1809 4128 [ms.
1843 4061 1883 4126 ἱ,

259 4151 418 4220 quid]
463 4151 536 4203 sit
565 4150 714 4219 pallii
771 4166 921 4214 usus,
980 4159 1032 4205 et
1085 4151 1353 4216 subjectis
1412 4150 1552 4204 viam
1583 4151 1883 4220 praedicare

259 4243 486 4304 salutis,
519 4251 576 4295 ut
607 4242 981 4297 ecclesiastica
1011 4243 1305 4313 disciplina
1337 4243 1390 4296 in
1424 4243 1676 4298 ecclesiis
1691 4259 1882 4299 eorum

259 4334 600 4389 immutilate
639 4341 906 4399 servetur,
947 4346 1001 4390 et
1041 4344 1262 4390 maneat
1313 4337 1640 4392 inconcussa
1676 4345 1768 4392 :et
1797 4354 1886 4392 sa-

260 4424 580 4487 cerdotum,
614 4423 758 4494 quod
793 4423 848 4476 in
875 4424 954 4478 eis
983 4424 1147 4480 fuerit
1177 4441 1285 4480 non
1315 4426 1610 4496 pollutum,
1644 4434 1702 4481 ut
1723 4434 1886 4481 antea

1991 525 2273 589 Ecclesiae,
2297 532 2350 578 et
2378 522 2640 593 praefatus
2669 522 3100 578 amabilissimus
3133 522 3398 577 Fulradus
3430 523 3602 577 Fran-

1989 613 2088 668 ciae
2114 612 2577 683 archipresbyter,
2647 617 2896 680 tempore
2947 620 3356 666 antecessorum
3383 618 3603 666 nostro-

1991 719 2110 758 rum
2167 702 2440 757 Zacbarim
2496 708 2551 755 et
2607 699 2871 770 Stephani
2900 701 3105 771 (Steph.
3171 703 3236 767 Il)
3263 700 3602 756 successoris

1990 791 2156 857 illius,
2181 793 2413 846 multum
2444 790 2849 855 laboraverunt,
2881 795 2941 842 ut
2978 789 3139 844 bonae
3164 789 3444 845 memoriae
3462 803 3603 859 pra:-

1989 881 2251 936 decessor
2272 888 2460 935 noster
2487 880 2725 934 domnus
2753 878 3037 933 Zacharias
3062 878 3286 948 pallium
3319 878 3601 948 archiepi-

1989 985 2161 1040 scopo
2213 969 2494 1036 Remensi,
2527 968 2661 1022 Abel
2720 967 2968 1033 nomine,
3027 983 3126 1036 per
3149 966 3599 1037 deprecationem

1990 1060 2351 1131 suprascripti
2412 1059 2675 1114 Bonifacii
2720 1060 3133 1123 transmitteret,
3196 1057 3348 1128 quod
3381 1058 3439 1126 [i,
3481 1057 3596 1127 qui]

1989 1151 2058 1205 ab
2088 1151 2182 1204 illo
2205 1150 2534 1206 constitutus
2563 1149 2684 1215 luit,
2706 1148 2804 1202 sed
2837 1147 2911 1201 ibi
2944 1161 3271 1218 permanere
3301 1144 3603 1214 permissus

1992 1255 2101 1294 non
2157 1239 2280 1306 fuit,
2339 1239 2436 1293 sed
2479 1238 2653 1311 magis
2703 1246 2894 1292 contra
2951 1237 3118 1289 Deum
3163 1235 3373 1302 ejectus
3411 1240 3497 1288 est
3547 1243 3605 1287 et

1993 1329 2280 1384 Remeusis
2312 1329 2553 1383 Ecclesia
2579 1344 2676 1398 per
2705 1327 2878 1380 multa
2908 1333 3180 1394 tempora,
3199 1331 3254 1378 et
3277 1339 3376 1393 per
3405 1321 3606 1376 multos

1991 1434 2166 1473 annos
2184 1418 2305 1472 sine
2331 1417 2592 1488 episcopo
2615 1416 2737 1481 fuit,
2778 1424 2938 1469 etres
2963 1413 3216 1468 ecclesiae
3246 1411 3314 1465 de
3349 1410 3440 1465 illo
3472 1409 3602 1480 epi-

1993 1519 2221 1579 scopatu
2249 1509 2443 1563 ablatae
2483 1517 2631 1572 sunt,
2656 1517 2711 1562 et
2740 1523 2838 1577 per
2863 1507 3035 1561 laicos
3065 1505 3255 1558 divisae
3285 1512 3438 1564 sunt,
3460 1501 3607 1556 sicut

1992 1611 2048 1657 et
2085 1603 2154 1657 de
2192 1602 2314 1656 aliis
2339 1599 2775 1672 episcOpatibus,
2837 1599 3072 1653 maxime
3118 1604 3301 1651 autem
3345 1593 3602 1648 Remensi

1993 1696 2414 1767 metropolitana
2439 1694 2678 1750 civitate.

2594 1784 2804 1839 CAPUT
2842 1783 2999 1838 XVll.

2489 1881 2558 1932 De
2591 1877 2806 1945 Tilpino
2835 1877 3097 1944 episcopo.

2061 1971 2377 2024 Praemissos
2437 1969 2491 2022 in
2552 1968 2880 2038 episcopatu
2934 1965 3502 2038 sequitur.Tilpinus,
3537 1978 3602 2017 ex

1989 2061 2322 2116 monasterio
2371 2060 2544 2116 sancti
2594 2058 2838 2129 Dionysii
2870 2064 3206 2129 assumptus,
3249 2055 3336 2110 cui
3369 2070 3604 2130 magnus

1989 2154 2216 2208 Karolus
2245 2153 2314 2206 ab
2345 2153 2583 2206 Adriano
2615 2167 2756 2222 papa
2788 2151 3112 2222 impetrasse
3142 2149 3369 2220 pallium
3391 2146 3606 2216 reperi-

1987 2254 2094 2313 tur,
2130 2248 2271 2301 sicut
2301 2246 2552 2314 ejusdem
2612 2261 2767 2315 papaa
2822 2245 2890 2298 ad
2930 2245 3108 2314 ipsum
3170 2243 3380 2298 directa
3412 2240 3607 2312 pandit

1987 2338 2240 2408 epistola,
2266 2353 2388 2409 qua:
2419 2337 2495 2390 ita
2521 2337 2717 2406 incipit
2752 2354 2764 2389 :

2065 2448 2082 2474 ι
2111 2429 2382 2481 ADRIANUS
2413 2425 2730 2495 episcopus,
2788 2440 2981 2479 servus
3043 2438 3325 2477 servorum
3371 2421 3488 2484 Dei,
3515 2436 3605 2474 re-

1989 2518 2390 2573 verendissimo
2421 2528 2474 2570 et
2495 2516 2845 2572 sanctissimo
2877 2513 3137 2570 confratri
3163 2522 3354 2568 nostro
3384 2513 3605 2566 TILPINO

1989 2610 2246 2665 Ecclesiae
2276 2609 2560 2663 Remensis
2589 2607 3010 2677 archiepiscOpO
3037 2607 3133 2674 (7).

2059 2726 2084 2748 κ
2127 2700 2263 2764 Quia
2283 2701 2348 2754 ad
2391 2698 2713 2769 petitionem
2762 2698 3028 2769 spiritalis
3057 2697 3152 2750 ﬁlii
3192 2696 3362 2751 nostri
3394 2703 3448 2750 et
3475 2695 3604 2765 glo-

1987 2792 2117 2846 riosi
2142 2791 2286 2864 regis
2314 2791 2644 2846 Francorum
2687 2789 2885 2855 Karoli,
2940 2789 3225 2858 praebente
3258 2787 3355 2841 tibi
3391 2786 3600 2841 bonum

1987 2883 2362 2938 testimonium
2392 2883 2461 2937 de
2483 2883 2776 2937 sanctitate
2802 2891 2855 2936 et
2878 2881 3128 2936 doctrina
3153 2879 3425 2934 Fulrando
3455 2894 3607 2931 ama-

1985 2975 2262 3029 bilissimo
2282 2975 2506 3040 abbate,
2530 2975 2771 3029 Franciae
2840 2972 3346 3043 archipresbytero,
3378 2969 3606 3040 pallium

1983 3065 2289 3118 secundum
2321 3063 2781 3119 consuetudinem
2815 3063 2915 3118 tibi
2945 3060 3316 3116 transmisisse
3348 3075 3448 3114 nos
3480 3075 3606 3112 cum

1986 3156 2276 3228 privilegio
2306 3163 2365 3210 ut
2405 3156 2728 3226 metrOpolis
2786 3154 3025 3209 Ecclesia
3089 3152 3375 3208 Remensis
3417 3152 3471 3205 in
3507 3166 3607 3205 suo

1985 3252 2129 3298 statu
2161 3251 2428 3309 maneret,
2488 3252 2541 3298 et
2583 3245 2697 3314 [ms.
2731 3247 2766 3296 ἱ.
2804 3246 2951 3298 omit.
3007 3243 3077 3313 et]
3142 3242 3286 3296 bene
3320 3256 3602 3294 memora-

1986 3353 2141 3390 mus:
2191 3359 2210 3384 ι
2240 3337 2300 3389 Et
2331 3346 2452 3405 post
2478 3337 2779 3407 aliquanta,
2805 3350 2928 3406 quae
2955 3336 3023 3388 de
3055 3343 3246 3388 sancto
3280 3333 3602 3404 Rigoberto,

1985 3434 2041 3480 et
2070 3425 2202 3478 Abel
2231 3425 2490 3494 superius
2515 3425 2626 3491 jam
2681 3424 2972 3494 praemissa
3011 3431 3162 3488 sunt,
3199 3438 3320 3475 cum
3347 3421 3415 3475 de
3441 3421 3608 3474 rebus

1986 3517 2233 3572 ecclesia)
2261 3517 2546 3571 Remensis
2587 3516 2784 3570 ablatis
2816 3516 3136 3586 loqueretur
3169 3533 3180 3568 :
3216 3537 3240 3560 «
3279 3515 3337 3567 Et
3371 3521 3482 3578 tua,
3518 3513 3609 3566 in—

1987 3609 2129 3680 quit,
2156 3609 2465 3663 fraternitas
2489 3609 2601 3677 jam
2631 3625 2696 3661 ex
2729 3624 2927 3680 magna
2959 3614 3113 3678 parte
3171 3606 3316 3675 ipsas
3348 3621 3435 3659 res
3461 3604 3608 3674 apud

1987 3701 2285 3773 gloriosum
2323 3699 2495 3754 filium
2528 3709 2775 3754 nostrum
2829 3699 3107 3760 Karolum,
3142 3710 3198 3752 et
3229 3703 3355 3751 ante
3393 3696 3608 3750 adCar-

1988 3793 2306 3846 lomannum
2340 3791 2560 3845 fratrem
2591 3792 2710 3858 ejus
2749 3791 3067 3860 impetratas
3110 3789 3302 3850 habes,
3345 3795 3400 3840 et
3453 3787 3605 3841 ordi-

1990 3896 2116 3934 nem
2144 3895 2208 3932 ex
2238 3879 2422 3949 aliqua
2455 3887 2630 3948 parte,
2665 3888 2718 3932 et
2751 3878 2803 3930 in
2847 3877 3148 3947 episcopis,
3183 3884 3236 3929 et
3259 3876 3313 3927 in
3367 3874 3491 3928 aliis
3513 3890 3607 3927 se-

1989 3972 2227 4025 cundum
2259 3970 2604 4036 canonicam,
2640 3977 2694 4024 et
2719 3977 2922 4024 sancta:
2957 3969 3108 4022 sedis
3142 3968 3399 4021 Romana:
3418 3973 3607 4021 aucto-

1990 4063 2205 4117 ritatem
2236 4063 2506 4117 directum
2556 4061 2726 4116 habes
2758 4078 2772 4126 ;
2808 4068 3096 4131 propterea
3154 4058 3336 4130 petisti
3359 4074 3388 4111 a
3421 4057 3604 4122 nobis,

1990 4151 2090 4205 tibi
2121 4160 2174 4205 et
2202 4150 2450 4206 ecclesia:
2493 4158 2598 4206 tuae
2630 4149 2748 4204 ﬁeri
2807 4149 3155 4221 privilegium
3183 4163 3246 4202 ex
3278 4146 3608 4202 auctoritate

1987 4243 2134 4298 beati
2191 4243 2328 4297 Petri
2389 4242 2656 4313 principis
2709 4243 3083 4312 apostolorum
3119 4247 3173 4295 et
3226 4247 3428 4294 sanctas
3461 4237 3610 4292 sedis

1990 4335 2268 4398 Romanae,
2327 4350 2391 4388 ac
2445 4342 2649 4395 nostra,
2684 4341 2742 4387 ut
2793 4333 2940 4404 quod
2997 4331 3301 4402 perfectum
3355 4330 3525 4384 habes
3553 4329 3607 4383 in

1985 4434 2110 4481 ante
2135 4427 2316 4481 valeat
2369 4441 2718 4496 permanere,
2776 4432 2829 4480 et
2878 4425 3026 4495 quod
3080 4423 3259 4477 adhuc
3292 4421 3607 4493 perfectum

259 4513 385 4570 fuit.
436 4513 537 4566 sed
595 4513 881 4580 mundum,
929 4523 984 4568 et
1039 4523 1325 4586 acceptum
1379 4517 1486 4570 Deo
1528 4531 1650 4570 esse
1693 4515 1883 4585 possit,
1918 4493 2095 4570 Dnon
2139 4515 2330 4579 habes,
2379 4531 2478 4585 per
2505 4524 2747 4569 nostram
2777 4514 3162 4569 auctoritatem
3215 4511 3414 4582 possis,
3451 4510 3610 4564 auxi-

259 4610 534 4672 quantum
565 4602 800 4655 humana
819 4603 1140 4657 conditione
1167 4604 1244 4675 [or
1264 4621 1390 4668 ms.,
1411 4604 1673 4674 conditio]
1709 4605 1884 4668 valet;

261 4690 336 4743 ita
371 4699 427 4743 ut
459 4690 888 4760 nullusreperiri
925 4692 1522 4761 possitsacrisdeviare
1553 4693 1881 4760 cauonibus,

261 4787 317 4832 et
346 4777 682 4833 sacriﬁcium
741 4781 1006 4834 mundum
1044 4797 1233 4836 eorum
1284 4783 1352 4836 ab
1401 4783 1482 4837 eis
1522 4783 1881 4850 immoletur;

263 4872 342 4924 ita
372 4880 430 4926 ut
462 4872 608 4926 Deus
637 4873 902 4927 ineorum
925 4874 1172 4942 placetur
1204 4874 1552 4942 muneribus,
1585 4883 1640 4930 et
1667 4875 1886 4946 populis

263 4964 362 5018 Dei
386 4961 714 5034 puriﬁcatus
740 4965 1021 5019 mentibus
1052 4982 1117 5020 ex
1146 4967 1298 5020 omni
1319 4966 1577 5038 squalore
1607 4967 1884 5022 sincerum

261 5054 533 5108 exhibere
593 5054 813 5108 valeant
851 5055 1172 5110 Christianae
1221 5056 1506 5130 religionis
1555 5056 1822 5112 ofﬁcium.
1856 5077 1880 5107 υ

263 5141 372 5194 Sed
405 5149 462 5196 et
500 5141 755 5212 quaedam
787 5144 989 5199 chartae
1022 5145 1194 5216 ipsius
1235 5147 1481 5219 episcopi
1512 5148 1883 5218 reperiuntur.

266 5234 497 5288 nomine
519 5235 768 5289 titulatte.

342 5325 416 5379 De
456 5341 570 5396 quo
593 5325 756 5380 etiam
791 5327 1054 5397 pmfatus
1081 5328 1351 5384 Adrianus
1383 5348 1524 5404 papa
1557 5332 1611 5387 in
1643 5349 1882 5404 prame-

263 5424 479 5469 morata
505 5416 742 5485 epistola
784 5418 851 5470 ad
909 5418 1182 5489 Tilpinum
1235 5420 1735 5491 archiepisc0pum,
1764 5431 1886 5494 post

265 5505 385 5568 illa,
413 5521 538 5576 quas
609 5505 867 5576 superius
927 5508 1212 5576 prmmissa
1285 5521 1431 5575 sunt,
1481 5512 1554 5566 ita
1611 5513 1886 5570 subinfert

263 5597 517 5654 (Annus.
544 5597 582 5659 l,
616 5599 712 5652 ubi
737 5613 928 5667 supra,
949 5615 997 5654 c.
1036 5599 1148 5668 t3}:
1185 5619 1209 5650 α
1243 5601 1454 5655 Sanctae
1485 5603 1766 5660 memoriae
1783 5604 1884 5659 Bo-

350 5711 423 5780 (7)
464 5713 582 5768 Non
618 5721 793 5770 exstat
823 5715 966 5771 inter
994 5717 1115 5786 ejus
1143 5717 1422 5788 epistolas.

1992 4607 2158 4661 liante
2183 4607 2313 4672 Deo,
2346 4616 2400 4660 et
2431 4607 2467 4660 Β
2524 4607 2682 4660 Petro
2697 4607 2951 4677 apostolo
2978 4606 3044 4660 ad
3060 4605 3460 4676 perfectionem
3483 4619 3609 4674 per-

1987 4695 2212 4750 ducere.
2247 4696 2347 4750 Pro
2379 4710 2490 4766 quo
2530 4701 2584 4748 et
2605 4710 2705 4750 nos
2731 4695 2947 4748 ardenti
2970 4694 3176 4758 animo,
3209 4701 3262 4747 et
3293 4692 3485 4746 divino
3509 4692 3606 4760 ju-

1987 4784 2202 4837 vamine
2225 4783 2528 4854 apostolica
2545 4783 2666 4837 fulti
2700 4781 3048 4849 auctoritate,
3079 4798 3189 4837 non
3211 4783 3391 4836 solum
3416 4787 3604 4836 vetera

1986 4875 2292 4930 secundum
2323 4891 2509 4930 sacros
2531 4889 2792 4941 canones,
2815 4883 2869 4929 et
2889 4874 3190 4945 apostolica
3220 4874 3382 4942 hujus
3399 4881 3611 4928 sanctae

1987 4965 2135 5019 sedis
2163 4965 2384 5019 decreta
2428 4965 2740 5029 statuimus,
2801 4963 2899 5017 sed
2957 4972 3010 5018 et
3039 4978 3179 5018 nova
3216 4962 3316 5017 tibi
3378 4978 3478 5032 pro
3514 4970 3609 5017 tuo

1989 5057 2134 5111 bono
2164 5056 2348 5111 studio
2377 5056 2760 5119 concedimus,
2788 5062 2969 5126 atque,
2997 5055 3320 5110 auctoritate
3363 5056 3422 5108 Β.
3463 5054 3608 5108 Petri

1987 5145 2256 5215 principis
2287 5144 2787 5214 apostolorum,cui
2809 5145 3034 5198 dataest
3053 5161 3083 5198 a
3115 5145 3224 5199 Deo
3244 5152 3297 5198 et
3326 5146 3609 5200 Salvatone

1987 5245 2174 5290 nostro
2224 5236 2352 5290 Jcsu
2409 5236 2625 5292 Christo
2683 5236 2912 5310 ligandi,
2945 5236 3312 5307 solvendique
3360 5244 3609 5308 potestas

1988 5337 2213 5398 peccata
2264 5328 2552 5383 hominum
2614 5328 2668 5382 iu
2701 5330 2841 5384 coelo
2870 5338 2926 5384 et
2982 5328 3037 5382 in
3071 5336 3214 5383 terra
3243 5331 3438 5395 (Matth
3467 5347 3555 5383 xvi
3589 5345 3603 5392 ;

1984 5423 2140 5475 Joan.
2173 5423 2305 5486 xm),
2338 5417 2735 5476 conﬁrmamus
2789 5429 2953 5492 atque
3013 5420 3336 5477 solidamus.
3370 5420 3606 5474 Remen-

1985 5529 2102 5568 sem
2129 5513 2421 5569 ecclesiam
2474 5515 2619 5571 sicut
2649 5524 2709 5570 et
2755 5515 3068 5587 antiquitus
3099 5515 3221 5578 fuit,
3253 5508 3600 5579 metropolim

1986 5619 2423 5674 permansuram,
2445 5614 2501 5662 et
2518 5607 2749 5678 primam
2771 5623 2886 5663 suae
2909 5607 3238 5673 dioeceseos,
3255 5602 3444 5658 sedem
3457 5615 3600 5668 esse,
