4034 6174
459 319 562 374 123

1553 318 1932 374 FLODOARDI
1973 317 2278 375 CANONlCl
2320 317 2667 374 REMENSIS.

3682 316 3776 370 124

456 458 512 506 et
545 457 599 506 te
629 451 746 522 qui,
770 453 824 506 in
854 450 1047 505 eadem
1070 451 1224 518 sede,
1258 458 1593 522 cooperante
1620 451 1752 516 Deo,
1785 451 2074 508 ordinatus
2095 457 2145 523 Α
2173 449 2546 516 ordinatione,
2575 455 2630 503 et
2649 447 2814 503 fidem
2849 463 2913 502 ac
2934 445 3241 502 doctrinam
3272 443 3438 510 illius,
3468 451 3633 517 atque
3652 462 3781 502 con—

456 558 537 606 os,
566 542 853 612 primatem
887 541 1062 612 ipsius
1092 541 1353 598 diacesis
1383 559 1524 609 esse,
1548 559 1672 598 cum
1705 542 1964 597 omnibus
1981 542 2063 599 ci-

453 634 716 689 vitatibus
743 650 866 706 qua
917 635 986 689 ab
1019 635 1248 707 antiquo
1285 643 1533 706 tempore
1565 636 1820 692 Remensi
1854 645 2063 691 metro-

455 723 565 793 poli
595 723 843 778 ecclesia
873 723 1136 793 subjecta
1161 724 1414 790 fuerunt,
1467 733 1634 798 atque
1665 725 1829 781 etiam
1862 742 2065 797 perpe-

453 810 558 865 tuis
590 811 932 882 temporibus
964 813 1065 866 tibi
1098 823 1156 868 et
1182 813 1600 870 successoribus
1635 815 1744 869 tuis
1761 814 1830 869 sit
1858 814 2065 870 confir-

453 910 680 956 matum.
716 902 778 958 Et
805 903 910 958 hoc
932 903 1350 971 interdicentes,
1389 912 1445 960 ut
1474 906 1658 961 nullus
1699 906 2064 974 audeatjuxta

448 999 767 1046 sanctorum
799 1008 1073 1047 canonum
1125 991 1500 1060 traditionem,
1561 1009 1624 1048 ex
1681 994 1790 1049 alio
1844 994 2066 1065 episco-

448 1091 579 1152 patu
607 1081 812 1138 ibidem
854 1085 1196 1152 translatare,
1230 1095 1323 1140 aut
1368 1085 1708 1140 constituere
1739 1086 2062 1158 episcopum

451 1187 574 1247 post
595 1185 741 1232 tuam
791 1179 862 1235 de
914 1182 1019 1236 hoc
1071 1182 1273 1237 saculo
1305 1181 1708 1237 evocationem.
1742 1182 1930 1254 Neque
1961 1183 2064 1237 ali-

449 1267 576 1337 quis
637 1276 759 1323 tuas
817 1270 1124 1340 parochias,
1174 1279 1270 1326 aut
1331 1271 1617 1337 ecclesias,
1672 1272 1756 1327 vel
1816 1271 2064 1328 civitates

448 1355 796 1423 subtrahere,
818 1375 998 1430 neque
1025 1360 1310 1416 dioecesim
1328 1361 1656 1416 Remensem
1681 1360 1794 1416 ullo
1816 1377 2061 1432 unquam

452 1455 693 1517 tempore
724 1447 996 1519 dividere,
1018 1452 1116 1506 sed
1147 1451 1358 1527 integra
1387 1460 1625 1518 maneat,
1659 1451 2061 1523 sicutantiqui-

449 1541 535 1588 tus
575 1535 695 1600 fuit,
720 1548 774 1592 et
799 1539 940 1593 sacri
961 1555 1203 1595 canones
1251 1553 1306 1596 et
1339 1542 1809 1611 praedecessorum
1843 1551 2060 1598 nostro-

447 1639 568 1677 rum
599 1623 856 1693 firmavit,
885 1635 940 1682 et
971 1639 1158 1684 nostra
1189 1627 1367 1684 firmat
1395 1630 1716 1685 auctoritas.
1766 1631 1829 1686 Et
1858 1641 1932 1698 te,
1967 1643 2060 1686 aut

447 1711 647 1767 futuris
702 1717 1045 1786 temporibus
1103 1718 1426 1773 Remensem
1478 1721 1825 1790 epiSCOpum,
1859 1729 1914 1776 et
1943 1721 2060 1792 pri-

449 1809 649 1856 matem
671 1803 820 1858 illius
850 1805 1126 1873 diacesis,
1169 1822 1280 1861 non
1313 1818 1631 1878 prasumat,
1668 1824 1847 1880 neque
1884 1809 2064 1864 valeat

449 1906 692 1960 unquam
714 1893 916 1964 aliquis
942 1895 1012 1949 de
1035 1896 1359 1966 episc0patu
1381 1896 1621 1966 dejicere
1643 1897 1764 1952 sine
1793 1898 2062 1953 canonico

441 1980 679 2050 judicio,
710 1993 766 2039 et
820 2001 1002 2058 neque
1064 1987 1120 2040 in
1178 1987 1270 2042 illo
1305 1988 1423 2060 [ms.
1457 1991 1494 2054 i,
1538 1989 1668 2059 ullo]
1697 1989 1910 2057 judicio
1941 1990 2063 2044 sine

447 2075 724 2126 consensu
777 2074 1007 2130 Romani
1066 2076 1366 2148 pontificis,
1423 2079 1468 2134 si
1521 2080 1590 2134 ad
1651 2079 1790 2134 hanc
1818 2086 2062 2135 sanctam

445 2164 636 2219 sedem
661 2166 982 2232 Romanam,
1035 2185 1156 2241 qua
1184 2179 1349 2242 caput
1379 2187 1499 2226 esse
1539 2172 1884 2244 dignoscitur
1908 2171 2062 2226 orbis

446 2265 624 2321 terra,
653 2259 1017 2329 appellaverit
1047 2261 1236 2332 inipso
1261 2263 1493 2334 judicio.
1529 2263 1636 2318 Sed
1667 2263 1722 2318 in
1746 2264 1863 2318 sola
1877 2263 2066 2335 subje-

447 2349 630 2404 ctione
682 2351 912 2406 Romani
974 2353 1252 2424 pontiﬁcis
1303 2371 1661 2426 permanens,
1695 2355 1982 2412 diacesim
2011 2365 2065 2412 et

448 2439 763 2508 parochiam
798 2440 1144 2508 Remensem,
1167 2443 1464 2513 adjuvante
1496 2446 1749 2511 Domino,
1785 2454 1840 2500 et
1875 2454 2062 2502 nostra

445 2535 610 2596 atque
636 2528 696 2583 Β.
729 2528 875 2583 Petri
904 2529 1074 2586 fultus
1097 2548 1165 2586 ex
1215 2533 1319 2588 ista
1339 2545 1532 2589 sancta
1554 2537 1688 2589 sede
1715 2535 2062 2602 auctoritate,

447 2618 751 2672 secundum
782 2627 1001 2675 sanctos
1027 2637 1271 2676 canones
1289 2631 1345 2677 et
1365 2623 1526 2692 hujus
1547 2632 1748 2679 sancta
1765 2625 1914 2680 sedis
1947 2642 2067 2696 pre-

447 2710 754 2781 ceptiones,
786 2713 885 2768 tibi
913 2713 1197 2782 subjectos
1229 2715 1303 2769 ita
1341 2725 1519 2770 certes
1549 2719 1844 2774 etstudeas
1863 2719 2070 2794 guber-

449 2818 600 2869 nare,
620 2805 838 2859 utillam
857 2805 1284 2862 desiderabilem
1303 2823 1491 2863 vocem
1510 2808 1722 2863 Domini
1743 2809 1914 2866 nostri
1935 2810 1960 2864 .1
1969 2826 2068 2866 esu

445 2894 643 2949 Christi
667 2897 848 2952 valeas
886 2912 1010 2952 cum
1071 2898 1261 2954 electis
1300 2899 1422 2967 ejus
1440 2899 1633 2954 audire
1667 2917 1679 2952 :
1713 2902 1888 2968 Euge,
1919 2915 2072 2955 serve

452 2987 582 3041 bone
609 2992 657 3042 et
702 2988 896 3057 ﬁdelis,
948 2991 1083 3059 quia
1123 2993 1182 3045 in
1230 3007 1413 3060 pauca
1452 2994 1616 3059 fuisti
1642 2994 1836 3062 ﬁdelis,
1896 3009 2069 3063 supra

449 3079 624 3133 multa
651 3084 701 3133 te
743 3082 1106 3147 constituam;
1133 3084 1284 3136 intra
1340 3085 1399 3138 in
1427 3085 1696 3152 gaudium
1744 3085 1952 3138 domini
1982 3087 2063 3139 tui

452 3169 668 3234 (Matth.
701 3170 844 3240 xxv).
870 3169 934 3225 Et
965 3171 1113 3243 quod
1145 3172 1214 3226 ad
1244 3179 1492 3228 nostram
1524 3173 1774 3228 notitiam
1803 3173 2066 3244 perduxi-
2088 3155 2135 3218 (Σ

450 3257 543 3322 sti,
576 3258 705 3329 quia
735 3260 804 3313 ad
835 3260 972 3316 alios
987 3260 1280 3332 episcopos
1297 3262 1365 3316 de
1397 3261 1518 3332 ipsa
1547 3261 1774 3318 diacesi
1807 3261 2064 3317 Remensi

449 3349 674 3420 quidam
695 3351 1044 3423 accipiebant
1093 3352 1490 3418 ordinationes,
1524 3362 1578 3408 et
1599 3353 1880 3408 habebant
1910 3353 2069 3408 inde-

452 3438 571 3494 btta
601 3439 834 3514 refugia,
863 3449 919 3496 et
933 3442 1038 3497 hoc
1059 3458 1158 3512 per
1177 3442 1364 3497 omnia
1396 3442 1784 3514 prohibemus,
1806 3443 1902 3497 sed
1926 3442 2068 3497 sicut

447 3545 602 3585 sacra
621 3530 783 3587 docet
807 3532 1125 3599 auctoritas,
1157 3543 1212 3588 et
1243 3534 1300 3588 in
1331 3535 1559 3605 synodis
1585 3534 2070 3605 comprovinciali-

451 3619 556 3675 bus
576 3624 951 3678 convocandis
983 3632 1036 3680 et
1095 3624 1384 3692 faciendis,
1408 3634 1463 3680 et
1503 3625 1560 3680 in
1592 3624 2064 3690 ordinationibus,

451 3728 515 3768 ac
537 3713 1054 3782 dijudicationibus,
1105 3718 1391 3773 Remensis
1413 3719 1670 3784 ecclesia,
1707 3726 1764 3774 et
1790 3716 2067 3789 archiepi-

452 3817 673 3874 scopus,
707 3805 802 3877 qui
844 3806 902 3860 in
933 3823 1000 3861 ea
1052 3807 1386 3864 constitutus
1419 3808 1607 3876 fuerit,
1647 3808 1814 3864 talem
1865 3808 2067 3862 habeat

451 3897 855 3966 auctoritatem,
887 3899 1031 3954 sicut
1073 3901 1213 3956 sacri
1264 3917 1530 3968 canones,
1567 3911 1622 3956 et
1649 3901 1812 3971 hujus
1858 3907 2064 3955 sancta

453 3985 709 4042 Ecclesia
747 3989 1174 4045 constitutiones
1220 3989 1440 4046 docent.
1475 3991 1537 4045 Et
1557 3990 1741 4046 nullus
1767 4006 1865 4060 per
1891 3989 2063 4043 ullum

451 4090 695 4146 unquam
725 4084 945 4146 tempus
976 4078 1096 4144 tibi,
1119 4078 1204 4134 vel
1231 4079 1486 4134 Remensi
1511 4079 1788 4145 Ecclesia,
1807 4079 1876 4132 de
1899 4078 2064 4132 rebus

449 4165 518 4220 ad
550 4165 698 4221 illam
728 4167 919 4222 debite
949 4169 1360 4238 pertinentibus
1389 4169 1718 4225 divisionem
1739 4169 1826 4224 vel
1849 4170 2064 4224 violen-

453 4254 606 4318 tiam,
664 4255 807 4310 sicut
857 4265 1017 4311 antea
1066 4257 1270 4312 factum
1325 4257 1448 4324 fuit,
1505 4258 1683 4314 facere
1742 4267 2060 4330 prasumat.

455 4343 586 4396 Nam
617 4343 682 4410 si,
729 4344 878 4416 quod
926 4360 1037 4400 non
1091 4347 1390 4412 credimus,
1422 4347 1549 4419 quis
1598 4348 1690 4402 ille
1747 4348 1934 4415 fuerit,
1968 4347 2062 4420 qui

450 4443 643 4488 contra
674 4433 818 4489 hanc
863 4441 1105 4490 nostram
1138 4435 1563 4507 praceptionem
1597 4436 1893 4492 temerario
1924 4452 2060 4492 ausu

2171 541 2534 596 versationem
2586 547 2641 593 et
2674 552 2876 602 mores,
2927 551 2992 592 ac
3031 536 3196 591 vitam
3242 534 3579 608 investiges;
3633 544 3691 590 ut
3735 538 3778 591 si

2168 638 2330 701 aptus
2360 628 2521 683 fuerit
2581 634 2638 682 et
2691 626 2892 700 dignus
2922 625 2989 680 ad
3029 623 3401 696 episcopalem
3463 624 3774 681 cathedram

2166 717 2584 793 gubernandam
2645 713 2954 786 expositam
2993 720 3049 768 et
3105 712 3497 783 conscriptam,
3531 717 3586 764 et
3613 724 3776 763 manu

2165 828 2266 867 sua
2293 810 2517 882 propria
2566 807 2937 877 subscriptam
2969 804 3294 861 catholicam
3334 810 3390 858 et
3420 801 3778 858 orthodoxam

2167 900 2331 956 fidem
2354 916 2454 971 per
2481 898 2678 953 missos
2705 912 2834 952 suos
2871 912 2997 951 cum
3018 893 3218 950 litteris
3237 909 3301 948 ac
3341 889 3655 947 testimonio
3689 897 3778 945 tuo

2165 1010 2263 1048 seu
2295 991 2529 1047 aliorum
2561 991 2969 1061 episcoporum,
3003 1002 3143 1059 quos
3175 993 3360 1041 tecum
3389 1000 3512 1041 esse
3542 983 3778 1038 manda-
3867 1005 3870 1007 λ

2164 1086 2363 1152 vimus,
2405 1083 2472 1138 ad
2526 1098 2626 1138 nos
2673 1081 2896 1155 dirigat,
2955 1086 3015 1135 ut
3051 1078 3278 1149 pallium
3336 1076 3417 1130 illi
3474 1075 3779 1131 secundum

2164 1174 2626 1230 consuetudinem
2660 1166 3600 1229 transmittamus.etordinationem
3632 1163 3782 1220 illius

2167 1265 2378 1321 firmam
2409 1266 2746 1334 judicemus,
2769 1264 2899 1319 etin
2931 1263 3126 1318 eadem
3157 1267 3348 1315 sancta
3394 1258 3629 1314 ecclesia
3660 1256 3778 1313 Mo-

2163 1360 2396 1432 guntina
2426 1357 2902 1428 archiepiscopum
2946 1353 3316 1411 constitutum
3348 1366 3472 1406 esse
3493 1350 3779 1406 faciamus.

2167 1449 2315 1502 Bene
2342 1447 2460 1502 vale
2520 1469 2542 1498 ι

2231 1541 2330 1605 Qui
2367 1539 2673 1610 prasulres
2705 1537 2957 1594 ecclesia
2989 1536 3208 1592 diversa
3239 1550 3338 1607 per
3365 1536 3485 1591 loca
3510 1535 3780 1606 direptas.

2161 1640 2270 1686 tam
2298 1648 2396 1702 per
2423 1647 2480 1686 se
2509 1631 2656 1702 apud
2691 1629 2895 1704 regiam
2951 1628 3318 1698 majestatem,
3349 1643 3516 1700 quam
3548 1643 3649 1699 per
3674 1643 3777 1682 au-

2158 1729 2338 1776 ctores
2357 1720 2624 1784 ecclesia,
2658 1718 2906 1774 diversos
2950 1717 3100 1788 apud
3125 1716 3344 1787 judices
3366 1715 3586 1791 legibus
3623 1715 3779 1771 obti-

2091 1779 2139 1848 Β
2164 1813 2302 1878 nuit,
2345 1819 2397 1866 et
2419 1809 2790 1866 ecclesiastico
2839 1809 2950 1878 juri
2977 1809 3218 1864 restituit
3258 1826 3273 1874 ;
3303 1808 3653 1880 maximeque
3685 1824 3788 1878 per

2164 1902 2458 1974 quemdam
2512 1899 2852 1965 Achabbum,
2906 1898 3001 1970 qui
3070 1906 3182 1952 tam
3232 1897 3287 1951 in
3326 1896 3576 1963 Francia,
3615 1913 3784 1968 quam

2163 1991 2331 2046 etiam
2371 1998 2522 2045 trans
2553 1987 2790 2060 Ligerim
2835 2003 2932 2058 pro
2981 1987 3150 2042 rebus
3175 1986 3426 2042 ecclesia
3460 1981 3791 2042 revocandis

2163 2095 2396 2150 operose
2454 2077 2744 2142 laboravit,
2801 2085 2856 2130 et
2911 2086 3020 2130 tam
3071 2075 3278 2146 pradia
3309 2090 3474 2146 quam
3508 2073 3790 2145 mancipia

2165 2171 2337 2226 multa
2363 2169 2582 2244 legibus
2615 2168 2926 2223 evindicata
2975 2166 3218 2222 Ecclesia
3267 2165 3606 2222 reformavit.
3646 2165 3788 2221 Pos-

2163 2259 2509 2316 sessionibus
2545 2274 2767 2330 quoque
2797 2257 2885 2310 vel
2917 2255 3208 2326 mancipiis
3233 2271 3266 2308 a
3295 2254 3626 2326 quibusdam
3653 2254 3788 2310 dato

2164 2349 2341 2420 pretio
2381 2347 2671 2417 coemptis,
2706 2362 2794 2400 res
2848 2346 3070 2400 auxisse
3111 2343 3316 2416 prasul
3365 2344 3469 2399 istc
3510 2344 3788 2415 reperitur

2164 2441 2413 2496 ecclesia
2446 2457 2461 2504 ;
2488 2439 2881 2494 nonnullarum
2910 2453 3133 2510 quoque
3157 2438 3282 2506 jura
3312 2436 3564 2492 villarum
3591 2435 3794 2508 dispo-
3815 2493 3842 2530 ἢ

2167 2534 2286 2588 sitis
2311 2532 2598 2588 ordinasse
2648 2532 2898 2587 coloniis.
2955 2529 3060 2585 Sed
3090 2538 3145 2585 et
3194 2546 3474 2585 sacrarum
3499 2529 3793 2586 codicibus
3836 2539 3840 2587 ε

2168 2624 2594 2693 Scripturarum,
2610 2620 2815 2693 quibus
2828 2621 3011 2674 adhuc
3026 2617 3304 2689 aliquibus
3317 2634 3541 2690 quoque
3561 2619 3792 2684 utimur,

2170 2715 2312 2768 hanc
2338 2711 2592 2766 instruxit
2622 2709 2946 2766 Ecclesiam.
2970 2710 3031 2763 In
3055 2708 3313 2764 canobio
3345 2708 3590 2780 denique
3610 2710 3795 2764 sancti

2173 2805 2406 2876 Remigii
2434 2803 2738 2859 monachos
2767 2801 3079 2869 ordinasse,
3110 2817 3175 2856 ac
3207 2799 3513 2856 monastica
3543 2799 3656 2854 vita
3685 2816 3794 2856 eos

2174 2895 2743 2962 traditurinstituisse,
2777 2910 2900 2948 cum
2921 2893 3223 2949 canonicos
3252 2893 3407 2964 prius
3437 2892 3584 2946 idem
3601 2908 3797 2948 cano-

2168 2987 2384 3042 biuma
2416 2995 2666 3056 tempore
2724 2982 3023 3038 Gibehardi
3078 2982 3318 3047 abbatis,
3381 2981 3475 3053 qui
3532 2982 3793 3038 eamdem

2118 3153 2132 3171 η
2165 3079 2674 3153 congregationem,
2703 3075 2775 3132 ob
2831 3091 3076 3131 amorem
3106 3075 3203 3129 Dei
3263 3081 3320 3129 et
3347 3073 3521 3129 sancti
3557 3072 3798 3149 Remigii

2165 3173 2438 3243 reperitur
2462 3186 2811 3246 aggregasse.
2846 3170 2912 3224 ad
2945 3170 3052 3225 hoc
3069 3184 3246 3240 usque
3273 3175 3494 3240 tempus
3527 3167 3798 3224 habuisse

2167 3265 2394 3319 feratur.
2456 3263 2822 3318 lmmunitatis
2880 3261 3126 3332 denique
3173 3267 3510 3332 praceptum
3541 3260 3800 3317 aKarlo-

2168 3371 2370 3410 manno
2404 3371 2532 3430 rege
2562 3354 2676 3408 filio
2709 3353 2950 3424 Pippini,
2983 3353 3163 3424 primo
3196 3368 3321 3408 mox
3354 3352 3511 3427 regni
3542 3353 3800 3420 ejusdem

2168 3461 2334 3508 anno,
2357 3444 2606 3499 ecclesia
2649 3442 2906 3496 Remensi
2969 3441 3231 3508 obtinuit,
3280 3441 3347 3495 ad
3380 3441 3660 3513 exemplar
3690 3442 3804 3498 im-

2168 3536 2503 3591 munitatum
2555 3551 2694 3607 quas
2749 3533 2924 3605 ipsius
2979 3533 3418 3604 pradecessores
3475 3549 3635 3608 reges
3663 3535 3803 3590 huic

2167 3629 2514 3684 contulerant
2567 3627 2862 3683 ecclesia:
2925 3642 3159 3697 quarum
3217 3625 3518 3681 ostendere
3567 3641 3801 3698 quoque

2167 3719 2378 3776 curavit
2410 3721 2462 3774 ei
2507 3719 2846 3775 monimenta
2876 3737 2889 3784 ;
2914 3725 2976 3774 ut
3028 3719 3215 3774 nullus
3239 3718 3454 3774 scilicet
3476 3718 3652 3786 judex
3680 3736 3795 3789 pu-

2169 3810 2344 3864 blicus
2375 3809 2430 3862 in
2460 3811 2624 3879 hujus
2678 3808 2927 3864 ecclesia
2987 3813 3162 3863 t‘erras
3201 3808 3434 3864 auderet
3465 3808 3680 3882 ingredi
3716 3811 3820 3864 ad-

2167 3900 2486 3955 mansiones
2538 3898 2866 3970 parandum,
2908 3897 2994 3952 vel
3048 3897 3312 3968 qualibet
3335 3897 3549 3967 judicia
3579 3897 3790 3964 facere,

2166 4000 2260 4048 aut
2289 3992 2508 4062 penitus
2529 3990 2692 4046 xenia
2725 3989 2801 4044 ibi
2837 3989 3140 4061 requirere.
3165 3989 3273 4044 Sed
3296 4005 3662 4062 quacumque
3693 4007 3794 4045 an-

2167 4092 2473 4140 tecessores
2511 4084 2630 4152 ejus
2673 4082 2856 4138 eidem
2911 4089 3315 4138 concesserant.
3341 4081 3615 4149 ecclesia,
3652 4099 3789 4153 per-

2166 4176 2459 4247 petualiter
2506 4175 2712 4229 habere
2766 4174 2978 4230 valeret
3036 4174 3272 4230 indulta.
3326 4174 3522 4230 Postea
3560 4191 3793 4248 quoque

2164 4268 2326 4322 aliam
2359 4267 2608 4334 ejusdem
2642 4265 2788 4341 regis
2819 4267 2890 4322 de
2923 4267 3170 4322 omnium
3203 4267 3549 4322 teloneorum
3581 4267 3793 4322 remis-

2163 4357 2322 4412 sione
2345 4355 2658 4427 impetravit
2681 4355 3109 4426 praceptionem
3128 4373 3142 4422 ;
3162 4355 3316 4422 item,
3339 4354 3504 4410 aliam
3524 4355 3593 4410 de
3616 4364 3795 4426 ponte
3859 4423 3877 4436 .

2165 4449 2527 4513 Baisonensi;
2592 4449 2722 4504 item
2776 4449 2847 4503 de
2901 4448 3105 4503 chartis
3132 4449 3517 4514 concrematis,
3551 4463 3792 4518 quarum

452 4526 642 4582 venire
674 4527 986 4595 tentaverit,
1012 4527 1117 4584 nisi
1140 4545 1200 4584 se
1229 4529 1360 4596 cito,
1388 4539 1442 4586 et
1483 4531 1721 4586 maxime
1752 4536 1876 4601 post
1906 4545 2058 4584 com-

2167 4547 2298 4594 tunc
2328 4539 2594 4610 temporis
2649 4554 2749 4609 per
2787 4535 3188 4611 negligentiam
3232 4536 3512 4592 acciderat
3541 4537 3791 4604 exustio,

449 4617 816 4674 monitionem
853 4621 1175 4683 correxerit,
1228 4624 1364 4678 sciat
1394 4639 1454 4678 se
1492 4631 1702 4679 aeterno
1736 4621 1831 4676 Dei
1847 4621 2063 4691 judicio

451 4708 818 4764 anathematis
857 4709 1077 4765 vinculo
1117 4727 1238 4766 esse
1286 4711 1611 4767 innodatum
1645 4731 1660 4779 ;
1689 4713 1734 4767 si
1777 4713 1904 4784 quis
1933 4727 2062 4768 vero

448 4798 749 4869 apostolica
785 4799 1084 4854 servaverit
1127 4809 1424 4872 pracepta,
1450 4808 1505 4856 et
1545 4817 1792 4857 normam
1829 4810 1992 4857 recta
2010 4807 2066 4856 et

449 4890 770 4946 orthodoxa
799 4888 929 4945 ﬁdei
959 4891 1445 4958 fueritassecutus,
1490 4894 1900 4950 benedictionis
1934 4910 2062 4967 gra-

455 4979 582 5034 tiam
613 4992 1002 5052 consequatur.
1065 4983 1186 5039 Hac
1215 5002 1248 5039 a
1297 4984 1458 5041 nobis
1488 4985 1725 5042 diflinita
1765 5001 1863 5057 per
1900 4986 2064 5054 hujus

453 5081 650 5131 nostra
679 5073 1112 5132 confirmationis
1141 5077 1420 5152 paginam,
1454 5080 1508 5132 in
1551 5088 1642 5135 tua
1662 5078 1895 5134 ecclesia
1926 5095 2060 5150 per-

451 5169 630 5239 petuis
656 5170 1003 5240 temporibus
1033 5186 1130 5242 pro
1150 5171 1232 5226 sui
1247 5173 1672 5228 confirmatione
1685 5172 2066 5228 conservanda

453 5278 574 5318 esse
605 5265 948 5320 mandamus.
987 5266 1332 5339 lnjungimus
1354 5266 1517 5322 etiam
1546 5265 1829 5321 fraternati
1843 5274 1972 5336 tua,
2003 5275 2064 5322 ut

451 5355 582 5426 quia
625 5355 694 5410 de
719 5356 1070 5412 ordinatione
1121 5358 1390 5430 episcopi.
1425 5357 1652 5414 nomine
1711 5358 1826 5425 Lul,
1860 5367 2064 5416 sancta

451 5443 782 5518 Moguntina
814 5445 1070 5501 Ecclesia
1117 5447 1185 5502 ad
1231 5464 1332 5504 nos
1381 5449 1632 5520 quadam
1671 5457 2062 5517 pervenerunt,

453 5533 750 5604 assumptis
793 5540 975 5590 tecum
1035 5537 1294 5612 Viomago
1320 5547 1375 5593 et
1422 5553 1744 5609 possessore
1765 5539 2063 5610 episcOpis,

451 5633 507 5682 et
545 5627 730 5682 missis
765 5627 990 5703 gloriosi
1049 5645 1113 5686 ac
1162 5630 1428 5702 spiritalis
1495 5630 1593 5687 lilii
1661 5632 1832 5688 nostri
1888 5631 2064 5688 Karoli

453 5711 784 5773 Francorum
817 5717 982 5790 regis,
1015 5717 1310 5795 diligenter
1341 5721 1592 5793 inquiras
1611 5720 1796 5778 omnia
1817 5720 1885 5776 de
1917 5720 2067 5777 illius

2164 4638 2224 4686 ut
2245 4647 2352 4697 res,
2394 4639 2450 4685 et
2480 4629 2768 4685 facultates
2795 4629 3068 4694 ecclesia,
3098 4644 3236 4700 quas
3262 4643 3329 4683 eo
3371 4637 3619 4698 tempore
3651 4645 3790 4698 pos-

2161 4723 2399 4782 sidebat.
2432 4723 2506 4778 ita
2552 4729 2942 4793 permanerent
2987 4720 3200 4792 absque
3243 4720 3618 4776 diminutione
3646 4736 3788 4776 con-

2163 4808 2390 4866 ﬁrmata
2439 4811 2543 4882 ipsi
2607 4809 2859 4866 ecclesia
2919 4825 3020 4880 per
3079 4809 3288 4884 regiam
3327 4809 3449 4878 ejus
3478 4808 3792 4864 auctorita-

2166 4911 2320 4971 tem;
2386 4905 2516 4959 item
2575 4904 2646 4959 de
2711 4901 3003 4968 militibus,
3055 4902 3152 4973 qui
3209 4902 3263 4956 in
3315 4901 3443 4956 villa
3496 4900 3792 4957 Juviniaco

2164 4997 2472 5051 residentes
2526 5003 2684 5051 erant
2731 5009 2902 5065 super
2952 5001 3156 5049 terram
3211 5000 3413 5049 sancta
3481 4991 3680 5054 Maria.
3727 5001 3794 5048 et

2163 5088 2336 5143 sancti
2396 5087 2650 5163 Remigii,
2707 5100 2991 5151 concessa,
3053 5085 3391 5157 remissaque
3451 5083 3586 5155 ipsis
3629 5083 3790 5139 omni

2164 5193 2327 5248 quam
2350 5175 2634 5231 debebant
2671 5175 2958 5231 exactione
2983 5173 3212 5229 militia.
3249 5175 3406 5240 Item,
3439 5173 3590 5228 aliud
3614 5172 3682 5227 de
3701 5173 3793 5228 his

2163 5268 2255 5339 qui
2290 5268 2344 5322 in
2376 5267 2727 5334 Cruciniano,
2789 5265 2975 5322 Curba
3014 5263 3164 5333 villa,
3212 5267 3298 5320 vel
3358 5265 3413 5320 in
3454 5265 3604 5321 omni
3638 5280 3792 5339 pago

2163 5356 2499 5412 Tardonensi
2530 5355 2673 5410 infra
2722 5363 2924 5411 terram
2965 5355 3252 5410 Remensis
3281 5354 3532 5411 ecclesia
3574 5353 3794 5408 reside-

2168 5448 2321 5506 bant.
2355 5448 2513 5503 Dedit
2550 5448 2716 5503 etiam
2755 5449 2904 5503 idem
2954 5448 3355 5504 Karlomannus
3409 5462 3503 5500 rex
3543 5445 3644 5499 sub
3679 5445 3795 5500 hoc

2169 5535 2428 5610 pontifice
2455 5554 2553 5608 per
2573 5539 2883 5593 chartarum
2907 5537 3294 5600 instrumenta,
3332 5553 3429 5606 pro
3457 5537 3578 5591 loco
3601 5535 3794 5605 sepul-

2171 5641 2300 5685 tura
2327 5630 2413 5685 vel
2446 5629 2692 5685 remedio
2731 5629 2929 5684 anima
2956 5646 3090 5695 sua,
3123 5629 3306 5683 villam
3339 5627 3697 5683 Novilliacum
3727 5626 3794 5679 in

2169 5736 2312 5796 pago
2327 5719 2543 5777 Urtinse
2575 5719 2758 5784 sitam,
2773 5733 2898 5775 cum
2921 5719 3184 5774 omnibus
3199 5717 3546 5774 terminisvel
3570 5730 3794 5787 appen-
