4038 6166
278 308 378 364 125

920 305 1248 363 ΗΙδΤΟΒΙᾹΞ
1285 306 1617 364 ECCLESUE
1656 309 1983 366 REMENSIS
2023 310 2200 366 LIBRI
2240 310 2565 376 QUATUOR.
2593 342 2664 351 —
2705 310 2828 365 LIB.
2872 311 2937 366 ll.

3499 312 3601 368 126

268 435 416 491 ditiis
469 435 608 497 suis,
664 435 929 507 omnique
979 435 1317 510 integritate,
1366 437 1434 490 ad
1486 436 1767 493 basilicam
1791 439 1881 494 vel
1905 447 1958 515 Α
1983 441 2150 496 etiam
2177 447 2468 512 postquam
2487 440 2986 510 prasulordinatus
3002 451 3108 507 est,
3143 441 3301 512 plura
3324 441 3603 497 invenitur

268 527 660 583 monasterium
693 527 1142 602 sanctiRemigii,
1175 527 1269 581 ubi
1301 529 1639 598 sepulturam
1657 544 1883 601 quoque

269 619 470 675 habere
503 617 866 693 dignoscitur.
894 617 1063 687 Cujus
1083 634 1379 693 germanus
1394 619 1622 675 Karolus
1652 621 1886 691 impera-

267 718 348 764 tor
375 725 615 781 magnus
643 708 773 764 huic
805 708 1259 779 prasuliTilpino
1291 710 1519 780 pallium
1555 726 1651 781 per
1677 712 1888 786 legatos

268 809 320 855 et
347 801 558 854 litteras
603 816 732 854 suas
783 799 1026 855 obtinuit
1076 800 1145 854 ab
1177 800 1417 855 Adriano
1451 817 1612 872 papa,
1669 803 1886 859 sicutin

267 891 515 960 ejusdem
566 906 723 961 papa
771 890 974 946 litteris
1012 891 1081 945 ad
1143 890 1322 962 ipsum
1366 908 1552 964 regem
1585 909 1754 964 super
1785 894 1887 950 bac

260 982 436 1053 ipsius
495 982 764 1053 petitione
821 982 1068 1050 directis,
1127 983 1461 1038 continetur.
1520 985 1888 1042 lmmunitatis

261 1088 487 1144 quoque
518 1079 859 1143 praceptum
884 1072 952 1127 ab
986 1073 1090 1127 hoc
1117 1073 1282 1127 etiam
1317 1089 1466 1149 rege,
1491 1076 1650 1143 juxta
1678 1092 1887 1146 prace—

259 1160 512 1215 dentium
553 1160 896 1231 exemplaria
928 1176 1142 1234 regum,
1177 1162 1434 1218 Remensi
1462 1163 1714 1219 ecclesia
1737 1163 1883 1220 idem

261 1252 456 1322 prasul
494 1251 808 1321 impetravit
838 1251 1029 1317 ;item,
1091 1252 1239 1307 aliud
1271 1261 1609 1324 praceptum
1645 1255 1714 1310 de
1733 1255 1884 1310 mili-

263 1342 415 1397 tibus
472 1343 598 1412 pagi
653 1342 1040 1406 Tardonensis,
1090 1344 1247 1411 juxta
1291 1344 1604 1399 cessionem
1633 1347 1880 1420 germani

260 1434 345 1488 sui
374 1434 726 1488 Karlomanni
761 1435 907 1506 regis
941 1451 955 1499 ;
990 1434 1142 1500 item,
1167 1436 1236 1490 de
1255 1435 1460 1490 chartis
1480 1438 1880 1503 concrematis;

259 1527 414 1589 item,
448 1526 520 1581 de
567 1525 984 1582 confirmatione
1036 1527 1352 1582 traditionis
1393 1527 1605 1598 prafati
1634 1529 1881 1601 germani

257 1618 340 1672 sui
378 1617 546 1690 regis,
579 1634 688 1688 qua
718 1618 1099 1686 Novilliacum,
1131 1620 1526 1675 etBebriacum
1558 1620 1714 1676 villas
1735 1621 1881 1677 idem

260 1727 355 1764 rex
388 1710 457 1763 ad
489 1709 768 1764 basilicam
790 1711 964 1765 sancti
1001 1711 1234 1786 Remigii
1265 1713 1618 1767 condonavit.
1649 1712 1883 1769 Prater-

255 1815 319 1852 ea
354 1799 517 1854 multi
549 1798 656 1852 sub
688 1800 850 1868 hujus
882 1801 1130 1869 prasulis
1156 1801 1483 1872 episcopatu
1527 1818 1614 1856 res
1652 1819 1780 1857 suas
1812 1803 1879 1858 ad

252 1887 554 1941 ecclesiam
619 1889 968 1950 Remensem,
1033 1898 1140 1942 tam
1201 1897 1408 1943 sancta
1469 1889 1668 1954 Maria,
1720 1906 1884 1960 quam

250 1987 447 2033 sancto
483 1978 752 2053 Remigio,
795 1980 1171 2034 contulerunt.
1223 1981 1322 2045 Qui
1356 1981 1551 2050 prasul
1586 1981 1887 2037 defunctus

252 2081 337 2126 est
371 2086 520 2126 anno
551 2070 636 2124 sui
667 2071 1020 2141 episc0patus
1043 2072 1110 2125 47
1146 2090 1158 2135 ;
1193 2073 1350 2139 cujus
1383 2088 1589 2144 corpus
1620 2075 1687 2128 ad
1713 2075 1888 2145 pedes

251 2163 439 2218 sancti
465 2163 698 2237 Remigii
754 2163 1100 2229 tumulatum,
1164 2165 1756 2232 liujusmodicernitur
1787 2166 1888 2220 ha-

259 2251 398 2307 bere
429 2252 646 2306 titulum

313 2345 426 2392 Hac
455 2342 716 2406 requiescit
736 2343 884 2406 homo
913 2343 1144 2406 Tilpinns
1173 2344 1351 2406 prasul
1386 2345 1602 2403 honoris,

388 2405 567 2455 Vivere
592 2405 678 2468 qui
705 2405 930 2454 Christus
945 2405 1050 2455 vita
1078 2414 1126 2454 et
1145 2405 1282 2455 obire
1304 2407 1414 2455 fuit.

316 2468 473 2532 Hunc
495 2469 632 2517 Remi
663 2469 846 2532 populo
871 2477 1059 2532 martyr
1082 2468 1344 2532 Dionysius
1367 2469 1528 2518 almus

385 2530 639 2579 Pastorem
669 2530 867 2592 vigilem
895 2531 1046 2586 misit,
1072 2538 1118 2578 et
1141 2530 1244 2579 esse
1269 2531 1479 2580 Patrem.

309 2593 481 2652 Quem
519 2606 723 2655 pascens
743 2593 1076 2656 quadragenis
1109 2601 1184 2641 est
1206 2592 1423 2656 amplius
1447 2593 1609 2650 annis,

387 2657 563 2704 Vestes
581 2655 845 2703 senectutis
866 2655 1173 2717 despoliatus
1205 2655 1327 2710 abit,

309 2718 535 2777 Qnartas
557 2732 668 2765 cum
697 2717 862 2764 Nonas
887 2717 1072 2765 mensis
1094 2717 1382 2777 September
1418 2717 1636 2775 haberet,

377 2781 580 2828 Mortua
601 2779 804 2844 quando
833 2779 925 2827 fuit
959 2794 1092 2828 mors
1116 2779 1211 2844 sibi
1236 2780 1340 2844 vita
1364 2788 1551 2844 manet.

311 2842 376 2891 Et
399 2842 646 2906 quoniam
665 2842 801 2890 locus
818 2848 978 2906 atque
1025 2842 1209 2906 gradus
1236 2843 1326 2906 hos
1355 2842 1608 2906 junxerat,
1644 2842 1883 2892 Hincmar

427 2857 801 2905 [uomamiocus
830 2857 978 2906 atque
1025 2857 1209 2904 grauus
1236 2857 1326 2890 nos
1381 2857 1482 2892 unx

427 2905 510 2953 uic
536 2905 650 2954 fecit
671 2903 941 2960 tumulum,
957 2905 1238 2969 composuit
1264 2857 1485 2953 titqum.

875 2983 1083 3038 CAPUT
1099 2984 1257 3038 XVIII

758 3079 831 3129 De
864 3076 1115 3142 anfar-io
1135 3077 1379 3145 episcopo

1985 529 2234 586 ecclesia
2249 527 2617 599 conquisisse,
2650 536 2705 583 et
2733 544 2820 584 res
2845 537 2900 584 et
2927 530 3180 596 colonos,
3207 538 3316 585 tam
3337 531 3485 602 apud
3512 547 3602 586 re-

1986 624 2133 698 giam
2163 623 2506 692 majestatem
2537 638 2702 693 quam
2733 622 2879 691 apud
2918 623 3146 677 colonos
3169 630 3225 677 et
3249 622 3471 691 judices
3489 639 3598 694 pu-

1986 713 2181 778 blicos,
2215 728 2317 767 nec
2346 711 2528 767 solum
2583 725 2683 781 per
2711 716 2965 764 auctores
2994 711 3262 776 ecclesia,
3307 711 3405 766 sed
3433 711 3600 766 etiam

1985 804 2210 877 quando
2247 819 2346 874 per
2398 801 2481 856 sui
2533 799 2904 871 prasentiam.
2952 799 3048 853 Cui
3108 800 3264 854 valde
3291 799 3600 855 credidisse

1985 899 2210 956 Carolus
2251 898 2548 968 imperator
2603 909 2836 966 magnus
2891 908 2956 947 ex
2996 909 3063 948 eo
3122 893 3408 963 probatur,
3449 892 3600 965 quod

1986 989 2228 1044 illustres
2265 988 2542 1042 Saxonum
2587 982 2814 1039 obsides
2845 981 3165 1053 quindecim
3204 996 3344 1052 quos
3373 981 3601 1037 adduxit

1987 1081 2055 1135 de
2085 1079 2341 1141 Saxonia,
2374 1077 2546 1148 ipsius
2567 1075 2698 1130 fidei
2729 1074 3127 1130 custodiendos
3158 1073 3454 1128 commisit.

2059 1169 2156 1224 Hic
2179 1167 2452 1238 synodum
2483 1164 2764 1220 invenitur
2785 1164 3048 1219 habuisse
3078 1178 3224 1218 anno
3254 1162 3325 1216 ab
3351 1163 3604 1218 incarna-

1987 1261 2137 1317 tione
2164 1259 2380 1314 Domini
2412 1260 2586 1315 nostri
2616 1261 2746 1314 Jesu
2773 1257 2974 1313 Christi
3005 1257 3111 1310 8H
3139 1256 3195 1310 in
3229 1254 3465 1311 ecclesia
3493 1255 3606 1310 No-

1985 1352 2278 1418 viomensi,
2304 1359 2572 1424 regnante
2614 1350 2889 1405 Ludovico
2924 1348 3035 1402 filio
3070 1346 3271 1411 Karoli,
3295 1361 3604 1419 congrega-

1985 1441 2057 1496 tis
2094 1456 2283 1496 sccum
2331 1439 2681 1510 coepiscopis
2739 1438 2854 1493 suis
2897 1435 3213 1499 Hildoardo,
3269 1434 3600 1499 Ermenone,

1982 1531 2155 1595 Jesse,
2189 1528 2584 1604 Ragumberto,
2641 1527 2982 1590 Grimboldo,
3027 1523 3326 1590 Rothardo,
3355 1521 3605 1577 Wendil—
3685 1567 3692 1574 ,

1984 1633 2158 1683 maro,
2190 1617 2496 1681 Ostroaldo,
2520 1625 2575 1672 et
2601 1615 3016 1686 chorepiscopis
3047 1613 3334 1678 Waltario,
3367 1612 3598 1681 Sperno,

1985 1725 2202 1767 necnon
2229 1719 2283 1764 et
2313 1709 2608 1764 abbatibus
2659 1707 2993 1772 Adalbardo,
3029 1704 3312 1772 Nantario,
3342 1703 3598 1764 Fulrado.

1913 1769 1963 1837 Β
1983 1800 2201 1866 Ericho,
2246 1798 2541 1864 Hilderico,
2575 1796 2846 1869 Remigio,
2880 1769 3130 1858 Ebbone,
3162 1769 3444 1865 Sigbaldo,
3473 1808 3598 1847 cum

1984 1896 2183 1944 catero
2213 1889 2382 1954 clero,
2417 1885 2758 1957 presbyteris
2788 1892 2844 1939 et
2873 1883 3204 1938 diaconibus
3237 1899 3251 1946 ;
3283 1879 3602 1937 convocatis

1985 1981 2148 2035 etiam
2211 1977 2510 2035 comitibus
2560 1976 2903 2043 Gunthardo,
2967 1973 3237 2037 Rotfrido,
3269 1972 3597 2038 Cisleberto,

1985 2072 2206 2127 Otnero.
2243 2072 2336 2126 His
2383 2069 2642 2127 omnibus
2684 2067 3079 2134 residentibus,
3102 2065 3382 2120 sententia
3413 2063 3598 2120 venti—

1987 2166 2094 2220 lata
2130 2171 2213 2220 est
2240 2165 2385 2220 inter
2406 2162 2841 2218 Wendilmarum
2870 2168 2925 2215 et
2946 2159 3280 2214 Rothardum
3309 2157 3602 2228 episcopos

1986 2254 2054 2308 de
2087 2253 2340 2308 terminis
2396 2251 2783 2322 parochiarum
2823 2265 3066 2313 suarum,
3095 2257 3150 2302 et
3181 2245 3508 2317 requisitum
3539 2261 3604 2300 ac

1987 2345 2276 2400 definitum
2303 2353 2406 2410 est,
2438 2343 2588 2414 quod
2655 2343 2769 2395 hac
2799 2341 2918 2395 loca
2948 2349 3098 2394 trans
3151 2338 3376 2392 fluvium
3402 2339 3602 2391 lsaram

1989 2434 2046 2488 in
2075 2449 2216 2506 pago
2232 2430 2586 2487 Noviomensi
2618 2429 2895 2500 pertinere
2914 2428 3182 2483 deberent
3198 2427 3266 2481 ad
3286 2425 3601 2497 parochiam

1989 2525 2235 2581 ecclesia
2262 2521 2669 2588 Noviomensis,
2712 2521 2768 2575 id
2799 2529 2901 2587 est,
2945 2519 3176 2585 Varina,
3209 2518 3599 2589 Urbscampus,

1988 2617 2306 2687 Trapiacus,
2338 2615 2666 2680 Jerusalem,
2697 2611 3184 2673 Harbaudianisva,
3219 2610 3333 2665 sive
3368 2609 3604 2665 ecclesia

1988 2709 2164 2764 sancti
2195 2705 2540 2780 Leodegarii,
2561 2721 2686 2760 cum
2718 2703 2949 2774 reliquis
2977 2703 3120 2756 villis
3156 2702 3225 2756 ad
3259 2702 3362 2756 has
3411 2702 3598 2757 eccle-

1989 2801 2100 2856 sias
2143 2798 2629 2855 convenientibus.
2665 2797 2874 2852 Catera
2911 2810 3042 2850 vero
3073 2795 3195 2850 loca
3225 2803 3374 2849 trans
3401 2809 3602 2864 supra-

1984 2893 2190 2948 dictum
2219 2890 2468 2955 fluvium,
2501 2890 2556 2943 in
2590 2889 2852 2960 pradicto
2908 2903 3071 2959 pago,
3105 2886 3289 2941 omnia
3320 2886 3602 2956 pertinere

1985 2985 2257 3039 deberent
2285 2985 2352 3038 ad
2403 2982 2723 3053 parochiam
2779 2979 3025 3036 ecclesia
3061 2977 3446 3034 Suessionica.
3481 2978 3602 3032 Hac

1987 3073 2412 3149 diligentissime
2438 3071 2766 3145 investigata
2787 3076 3193 3126 consenserunt
3213 3084 3378 3138 supra
3409 3066 3600 3138 scripti

320 3167 614 3237 Tilpinum
671 3166 924 3237 sequitur
980 3141 1271 3230 Vulfarius,
1306 3141 1509 3237 —quiab
1553 3168 1884 3237 imperatore
1915 3141 2256 3236 Cepischpi,
2290 3170 2346 3217 et
2400 3141 2804 3231 chorepiscOpi,
2870 3158 3121 3223 abbates,
3176 3156 3487 3227 presbyteri
3546 3163 3602 3211 et

252 3255 491 3326 prafato
545 3269 745 3328 magno
805 3253 996 3309 Karolo
1041 3253 1242 3309 missus
1299 3254 1610 3310 dominicus
1635 3255 1701 3308 ad
1736 3263 1882 3310 recta

245 3347 469 3417 judicia
502 3346 926 3401 determinanda
941 3345 1121 3402 fuerat
1139 3353 1268 3401 ante
1283 3347 1661 3417 episcopatum
1675 3347 1883 3401 consti-

249 3449 404 3495 tutus
437 3455 614 3508 snper
646 3445 814 3493 totam
873 3437 1224 3509 Campaniam
1261 3457 1274 3492 :
1307 3440 1360 3493 in
1395 3440 1479 3494 his
1522 3454 1744 3511 quoque
1775 3455 1878 3510 pa-

244 3533 353 3606 gis.
391 3531 731 3586 Dolomense
770 3529 1001 3597 scilicet,
1044 3531 1335 3602 Vangense
1367 3528 1728 3586 Castriccnse.
1755 3531 1879 3585 Sta-

248 3626 534 3691 donense,
569 3624 988 3689 Catalaunense,
1023 3623 1280 3678 Otmense
1316 3624 1710 3696 [alOrmense],
1735 3624 1882 3680 Lau-

249 3712 538 3774 dunense,
571 3711 845 3768 Vadense.
889 3712 1145 3767 Portiano
1193 3713 1581 3776 Tardunense,
1614 3713 1878 3769 Suessio-

1982 3252 2220 3319 diaconi,
2267 3259 2321 3305 et
2363 3265 2490 3320 pars
2542 3248 2790 3304 ecclesia
2834 3245 3238 3309 Noviomensis,
3297 3243 3485 3300 clerici
3545 3251 3602 3300 et

1981 3341 2140 3404 laici;
2185 3348 2240 3394 et
2271 3355 2398 3410 pars
2432 3337 2680 3392 ecclesia
2710 3335 3075 3400 suessonica,
3100 3333 3358 3389 similiter
3388 3333 3598 3402 clerici,

1981 3442 2036 3489 et
2066 3433 2219 3500 laici,
2243 3441 2298 3488 et
2323 3447 2434 3487 uno
2465 3431 2649 3485 animo
2689 3444 2912 3500 unoque
2943 3443 3219 3483 consensu
3270 3425 3601 3482 confirmare

1981 3524 2362 3579 decreverunt.
2389 3521 2500 3576 Nec
2518 3536 2632 3574 sua
2659 3526 2874 3575 tantum
2904 3517 3231 3580 dioeceseos,
3265 3516 3401 3587 quin
3427 3515 3598 3571 etiam

1979 3613 2280 3669 Treverica
2347 3613 2481 3668 urbs
2525 3611 3006 3682 archiepiscopum
3064 3608 3418 3674 Amalarium,
3474 3624 3599 3663 cum

1979 3713 2265 3767 Adalmaro
2295 3711 2472 3781 ipsius
2528 3708 2883 3780 coepiscopo,
2916 3714 2972 3761 et
3004 3705 3320 3772 Herilando,
3349 3706 3600 3774 jussione

253 3815 455 3864 nense,
499 3799 647 3854 sicut
676 3806 730 3854 et
763 3799 856 3853 alii
898 3800 1121 3872 quidam
1165 3801 1468 3871 sapientes,
1519 3808 1573 3855 et
1605 3801 1774 3855 Deum
1807 3802 1879 3856 ti-

255 3903 476 3948 mentes
510 3891 862 3946 hahebantur
914 3892 1145 3947 abbates
1188 3908 1284 3963 per
1313 3908 1534 3948 omnem
1568 3893 1794 3947 Galliam
1826 3902 1882 3948 et

1980 3805 2329 3878 imperatoris
2350 3803 2533 3875 magni
2577 3801 2777 3866 Karoli,
2811 3800 2878 3853 ab
2910 3798 3106 3853 eodem
3139 3797 3348 3851 scilicet
3378 3799 3598 3852 Vultfa-

1983 3899 2065 3953 rio
2092 3895 2516 3967 metr0politano
2546 3899 2904 3948 convocatum
2935 3889 3002 3942 ad
3033 3887 3444 3942 ordinationem
3479 3889 3600 3958 epi-

259 3983 620 4040 Germaniam
645 3999 674 4036 a
703 3983 928 4054 prafato
960 3983 1291 4055 imperatore
1323 3983 1584 4055 delegati,
1613 3999 1723 4055 quo
1753 3984 1883 4039 dili-
1983 3986 2264 4058 scOpalem
2302 3984 2591 4056 cujusdam
2625 3980 2893 4037 Frotharii
2913 4021 2926 4046 ,
2976 3977 3213 4048 praefata
3245 3976 3601 4034 Treverensis

258 4081 466 4149 genter
497 4071 867 4143 inquirerent,
899 4073 1138 4143 qualiter
1167 4073 1417 4144 episcOpi
1442 4072 1887 4138 abbates,comi-
1986 4077 2233 4133 ecclesia
2263 4073 2594 4148 presbyteri,
2629 4073 2811 4128 eidem
2840 4073 3090 4145 paruisse
3119 4069 3445 4141 reperimus.
3488 4068 3600 4124 Hoc

260 4173 344 4216 tes
372 4173 430 4216 et
456 4160 754 4214 abbatissa
785 4177 882 4231 per
923 4161 1172 4234 singulos
1197 4177 1367 4234 pagos
1392 4168 1640 4237 agerent,
1665 4161 1885 4233 qualem
1993 4167 2159 4222 etiam
2197 4165 2440 4222 Vulfario
2480 4166 2713 4237 prasule
2739 4165 3052 4231 ordinante,
3076 4167 3468 4237 congregatum
3503 4177 3596 4215 re-

257 4252 628 4309 concordiam
657 4261 712 4307 et
741 4252 1041 4307 amicitiam
1071 4252 1138 4307 ad
1171 4253 1408 4308 invicem
1439 4261 1713 4317 tenerent,
1747 4260 1803 4309 et
1830 4261 1890 4309 ut
1990 4259 2203 4331 peritur
2234 4259 2418 4315 Remis
2470 4259 2538 4313 ab
2571 4258 2904 4330 imperatore
2935 4256 3131 4311 Karolo
3177 4254 3371 4328 magno
3403 4251 3597 4307 conci-

256 4345 444 4401 bonos
466 4353 526 4398 et
547 4345 780 4399 idoneos
806 4344 1164 4400 vicedomnos
1179 4354 1236 4399 et
1257 4345 1552 4400 advocatos
1592 4345 1883 4409 baberent,
1991 4351 2123 4406 lium
2159 4349 2524 4420 plurimorum
2556 4348 2798 4414 Patrum,
2832 4347 2890 4400 in
2921 4361 3032 4418 quo
3063 4345 3362 4401 constituta
3391 4343 3481 4408 43,
3511 4343 3598 4396 le-

253 4448 308 4494 et
341 4439 727 4509 undecunque
786 4454 1014 4494 necesse
1080 4439 1293 4506 fuisset,
1336 4447 1440 4495 tam
1486 4439 1688 4512 regias,
1719 4457 1883 4513 quam
1912 4511 1951 4515 _
1985 4450 2190 4515 guntur
2214 4441 2554 4513 capitula,in
2585 4439 2791 4511 quibus
2817 4439 2886 4492 de
2924 4437 3051 4492 fidei
3080 4435 3292 4490 ratione
3319 4441 3487 4504 atque
3504 4432 3600 4487 Dei

252 4528 631 4584 ecclesiarum
683 4527 774 4581 Dei
834 4527 1099 4596 justitias,
1180 4528 1469 4583 viduarum
1533 4511 1756 4600 quoque
1833 4511 2242 4590 etDIicclesia
2274 4511 2503 4598 honore,
2526 4539 2912 4602 rectorumque
2934 4529 3108 4601 ipsius
3130 4544 3194 4582 ac
3221 4526 3597 4581 ministrorum

250 4618 665 4687 orphanorum,
694 4616 792 4669 sed
830 4623 884 4670 et
934 4626 1259 4672 caterorum
1305 4617 1592 4672 hominum
1627 4617 1883 4688 inquire-

251 4714 408 4768 rent,
461 4712 520 4759 et
572 4704 922 4775 perficerent,
973 4713 1028 4760 et
1056 4706 1427 4778 quodcunque
1474 4706 1884 4762 emendandum

251 4806 410 4851 esset
438 4796 741 4851 emendare
798 4797 1108 4862 studerent,
1154 4798 1208 4852 in
1239 4805 1505 4870 quantum
1559 4799 1756 4854 melius
1787 4815 1887 4870 po-

249 4888 521 4948 tuissent,
547 4895 604 4940 et
639 4887 789 4957 quod
842 4887 1140 4942 emendare
1171 4903 1271 4959 per
1295 4903 1355 4943 se
1387 4887 1794 4959 nequivissent,
1829 4890 1883 4944 in

248 4978 617 5048 praesentiam
650 4979 998 5049 imperatoris
1045 4979 1242 5034 adduci
1304 4979 1568 5046 facerent,
1610 4988 1665 5035 et
1693 4981 1762 5034 de
1794 4981 1880 5036 his

249 5069 526 5125 omnibus
555 5070 739 5126 eidem
770 5071 1011 5144 principi
1064 5072 1305 5128 fideliter
1333 5072 1651 5128 renuntiare
1679 5073 1876 5127 stude-

249 5169 394 5214 rent.
427 5157 704 5214 Residens
737 5160 905 5230 igitur
949 5160 1206 5231 prafatus
1236 5161 1318 5217 vir
1345 5161 1579 5217 illustris
1601 5160 1878 5216 Vulfarius

246 5248 317 5300 ad
348 5248 605 5316 injuncta
632 5248 740 5303 sibi
771 5248 1090 5304 deﬁnienda
1111 5250 1341 5319 judicia,
1375 5267 1499 5306 cum
1544 5251 1875 5322 quibusdam

243 5339 559 5394 comitibus
587 5340 641 5394 in
692 5341 851 5396 malis
907 5341 1167 5412 publicis,
1220 5342 1334 5411 jam
1391 5359 1618 5416 quoque
1651 5353 1875 5400 vocatus

243 5429 557 5499 episcopus
587 5429 767 5485 adhuc
813 5430 979 5485 etiam
1037 5440 1334 5503 antequam
1391 5431 1757 5497 ordinaretur,
1784 5445 1873 5486 res

241 5517 521 5587 quasdam
551 5517 812 5573 Remensi
842 5519 1112 5587 ecclesia,
1161 5520 1259 5575 sed
1313 5527 1368 5575 et
1422 5521 1696 5592 mancipia
1733 5536 1874 5576 non-

241 5608 425 5675 nulla,
477 5610 564 5664 vel
637 5610 866 5666 colonos
923 5612 1334 5684 reimpetrasse,
1388 5630 1451 5668 ac
1518 5614 1734 5687 legibus
1772 5629 1874 5685 per

238 5700 504 5756 ecclesia
534 5703 832 5760 advocatos
886 5704 1234 5763 evindicasse
1281 5707 1577 5777 reperitur.
1645 5706 1869 5762 Necnon

1987 4622 2374 4693 dispositione,
2409 4620 2664 4693 regisque
2714 4618 3004 4685 fidelitate,
3059 4624 3222 4688 atque
3249 4615 3420 4672 totius
3440 4613 3598 4687 regni

1987 4716 2223 4772 utilitate
2256 4723 2546 4770 tractatum
2579 4720 2681 4768 est.

2058 4807 2328 4872 Quasdam
2385 4814 2649 4877 praterea
2703 4805 2860 4859 villas
2899 4801 3146 4858 ecclesia
3177 4799 3466 4856 Remensis
3496 4798 3598 4853 rite

1986 4896 2293 4951 distributis
2341 4903 2508 4966 atque
2565 4894 2858 4965 descriptis
2895 4891 3172 4948 ordinavit
3201 4888 3454 4945 coloniis.
3489 4885 3595 4942 Sed

1984 4997 2039 5044 et
2070 5005 2156 5044 res
2185 4989 2432 5043 ecclesia
2464 4988 2698 5059 aliquas,
2760 4985 3312 5056 mancipiaque,cum
3344 4977 3597 5052 personis

1981 5080 2312 5152 quibusdam
2345 5095 2444 5151 pro
2484 5081 2719 5150 partium
2767 5076 3126 5133 commutavit
3155 5073 3590 5146 Opportunitate.

1981 5173 2054 5227 De
2075 5171 2348 5227 thesauris
2377 5171 2540 5226 etiam
2573 5178 2784 5226 sancta
2820 5168 3021 5235 Maria,
3055 5183 3118 5221 ac
3157 5165 3331 5220 sancti
3362 5163 3594 5234 Remigii

1979 5265 2247 5319 nonnulla
2298 5279 2422 5318 cum
2482 5261 2797 5318 testimonio
2845 5262 3084 5316 virorum
3126 5257 3448 5321 illustrium,
3481 5262 3591 5309 tam

1977 5352 2300 5408 clericorum
2333 5368 2497 5423 quam
2551 5351 2813 5407 laicorum
2863 5349 3098 5405 mutavit
3132 5349 3248 5420 (aL,
3277 5343 3590 5413 mutuavit],

1976 5449 2031 5497 et
2059 5449 2383 5497 ornamenta
2432 5441 2518 5497 vel
2568 5457 2697 5497 vasa
2757 5438 3130 5495 ecclesiastica
3169 5439 3392 5504 exinde,
3428 5443 3591 5508 prout

1975 5531 2202 5606 dignum
2230 5531 2335 5585 sibi
2365 5531 2540 5586 visum
2563 5529 2685 5596 fuit,
2727 5528 2980 5584 fabricari
3043 5529 3192 5584 tecit.
3219 5527 3397 5581 Eundi
3429 5525 3590 5579 deni-

1974 5635 2084 5691 que
2125 5619 2350 5674 Romam
2408 5635 2575 5674 causa
2626 5617 2890 5674 orationis
2939 5619 3007 5673 ad
3065 5626 3313 5673 sanctum
3366 5617 3584 5671 Petrum

1972 5707 2249 5763 licentiam
2279 5707 2348 5762 ab
2381 5708 2710 5779 imperatore
2735 5724 2794 5763 se
2820 5709 3102 5779 accepisse
3131 5709 3187 5762 in
3218 5704 3455 5777 quadam
3485 5719 3586 5760 sua
