  <div class='ocr_page' id='page_1' title='image "/cluster/home/n/w/nwhite01/storage/ocr_20150623/135/hvd.32044054759956/069.png"; bbox 0 0 4038 6166; ppageno 0'>
   <div class='ocr_carea' id='block_1_1' title="bbox 537 275 640 330">
    <p class='ocr_par' dir='ltr' id='par_1_1' title="bbox 537 275 640 330">
     <span class='ocr_line' id='line_1_1' title="bbox 537 275 640 330; baseline 0 -1"><span class='ocrx_word' id='word_1_1' title='bbox 537 275 640 330; x_wconf 73' lang='grc'><strong>12⁸7</strong></span> 
     </span>
    </p>
   </div>
   <div class='ocr_carea' id='block_1_2' title="bbox 1645 278 3772 363">
    <p class='ocr_par' dir='ltr' id='par_1_2' title="bbox 1645 278 3772 363">
     <span class='ocr_line' id='line_1_2' title="bbox 1645 278 3772 363; baseline 0.007 -29"><span class='ocrx_word' id='word_1_2' title='bbox 1645 278 2011 336; x_wconf 82' lang='lat' dir='ltr'><strong>FLODOARDI</strong></span> <span class='ocrx_word' id='word_1_3' title='bbox 2054 280 2355 339; x_wconf 81' lang='lat' dir='ltr'><strong>CANONICI</strong></span> <span class='ocrx_word' id='word_1_4' title='bbox 2395 284 2729 342; x_wconf 81' lang='lat' dir='ltr'><strong>REMENSIS</strong></span> <span class='ocrx_word' id='word_1_5' title='bbox 3695 307 3772 363; x_wconf 69' lang='lat'><strong>123</strong></span> 
     </span>
    </p>
   </div>
   <div class='ocr_carea' id='block_1_3' title="bbox 533 400 3774 490">
    <p class='ocr_par' dir='ltr' id='par_1_3' title="bbox 533 400 3774 490">
     <span class='ocr_line' id='line_1_3' title="bbox 533 400 3774 490; baseline 0.009 -36"><span class='ocrx_word' id='word_1_6' title='bbox 533 400 787 475; x_wconf 79' lang='lat' dir='ltr'><strong>designat</strong></span> <span class='ocrx_word' id='word_1_7' title='bbox 816 400 1047 471; x_wconf 90' lang='lat' dir='ltr'><strong>epistola</strong></span> <span class='ocrx_word' id='word_1_8' title='bbox 1080 418 1091 453; x_wconf 89' lang='lat'>:</span> <span class='ocrx_word' id='word_1_9' title='bbox 1125 401 1225 455; x_wconf 91' lang='lat' dir='ltr'><strong>sed</strong></span> <span class='ocrx_word' id='word_1_10' title='bbox 1262 408 1445 456; x_wconf 90' lang='lat' dir='ltr'><strong>utrum</strong></span> <span class='ocrx_word' id='word_1_11' title='bbox 1474 402 1617 469; x_wconf 88' lang='lat' dir='ltr'><strong>ierit,</strong></span> <span class='ocrx_word' id='word_1_12' title='bbox 1658 411 1869 459; x_wconf 89' lang='lat' dir='ltr'><strong>certum</strong></span> <span class='ocrx_word' id='word_1_13' title='bbox 1903 420 2013 460; x_wconf 91' lang='lat' dir='ltr'><strong>non</strong></span> <span class='ocrx_word' id='word_1_14' title='bbox 2047 407 2144 461; x_wconf 90' lang='lat' dir='ltr'><strong>ha-</strong></span> <span class='ocrx_word' id='word_1_15' title='bbox 2166 412 2219 479; x_wconf 88' lang='grc' dir='ltr'>Α</span> <span class='ocrx_word' id='word_1_16' title='bbox 2242 406 2348 463; x_wconf 89' lang='lat' dir='ltr'><strong>bus</strong></span> <span class='ocrx_word' id='word_1_17' title='bbox 2378 408 2642 481; x_wconf 84' lang='lat' dir='ltr'><strong>Stephani</strong></span> <span class='ocrx_word' id='word_1_18' title='bbox 2699 427 2877 484; x_wconf 87' lang='lat' dir='ltr'><strong>papa,</strong></span> <span class='ocrx_word' id='word_1_19' title='bbox 2923 429 2989 469; x_wconf 89' lang='lat' dir='ltr'><strong>ac</strong></span> <span class='ocrx_word' id='word_1_20' title='bbox 3031 414 3289 473; x_wconf 80' lang='lat' dir='ltr'><strong>Ludovici</strong></span> <span class='ocrx_word' id='word_1_21' title='bbox 3336 420 3649 490; x_wconf 79' lang='lat' dir='ltr'><strong>Imperatoris</strong></span> <span class='ocrx_word' id='word_1_22' title='bbox 3671 427 3774 484; x_wconf 85' lang='lat' dir='ltr'><strong>insi-</strong></span> 
     </span>
    </p>
   </div>
   <div class='ocr_carea' id='block_1_4' title="bbox 534 492 2141 567">
    <p class='ocr_par' dir='ltr' id='par_1_4' title="bbox 534 492 2141 567">
     <span class='ocr_line' id='line_1_4' title="bbox 534 492 2141 567; baseline 0.003 -20"><span class='ocrx_word' id='word_1_23' title='bbox 534 493 746 548; x_wconf 90' lang='lat' dir='ltr'><strong>bemus.</strong></span> <span class='ocrx_word' id='word_1_24' title='bbox 780 492 1047 547; x_wconf 80' lang='lat' dir='ltr'><strong>Redditus</strong></span> <span class='ocrx_word' id='word_1_25' title='bbox 1069 501 1249 549; x_wconf 89' lang='lat' dir='ltr'><strong>autem</strong></span> <span class='ocrx_word' id='word_1_26' title='bbox 1276 495 1527 550; x_wconf 91' lang='lat' dir='ltr'><strong>villarum</strong></span> <span class='ocrx_word' id='word_1_27' title='bbox 1568 496 1927 567; x_wconf 84' lang='lat' dir='ltr'><strong>quarumdam</strong></span> <span class='ocrx_word' id='word_1_28' title='bbox 1953 497 2141 553; x_wconf 89' lang='lat' dir='ltr'><strong>eccle-</strong></span> 
     </span>
    </p>
   </div>
   <div class='ocr_carea' id='block_1_5' title="bbox 531 585 2144 661">
    <p class='ocr_par' dir='ltr' id='par_1_5' title="bbox 531 585 2144 661">
     <span class='ocr_line' id='line_1_5' title="bbox 531 585 2144 661; baseline 0.003 -21"><span class='ocrx_word' id='word_1_29' title='bbox 531 585 625 640; x_wconf 86' lang='lat' dir='ltr'><strong>sia</strong></span> <span class='ocrx_word' id='word_1_30' title='bbox 643 585 698 639; x_wconf 91' lang='lat' dir='ltr'><strong>in</strong></span> <span class='ocrx_word' id='word_1_31' title='bbox 718 585 1071 657; x_wconf 89' lang='lat' dir='ltr'><strong>eleemosyna</strong></span> <span class='ocrx_word' id='word_1_32' title='bbox 1082 586 1463 657; x_wconf 88' lang='lat' dir='ltr'><strong>probabiliter,</strong></span> <span class='ocrx_word' id='word_1_33' title='bbox 1481 604 1578 659; x_wconf 92' lang='lat' dir='ltr'><strong>pro</strong></span> <span class='ocrx_word' id='word_1_34' title='bbox 1597 589 1938 661; x_wconf 90' lang='lat' dir='ltr'><strong>suicorporis</strong></span> <span class='ocrx_word' id='word_1_35' title='bbox 1957 591 2144 645; x_wconf 92' lang='lat' dir='ltr'><strong>etani-</strong></span> 
     </span>
    </p>
   </div>
   <div class='ocr_carea' id='block_1_6' title="bbox 531 672 2145 749">
    <p class='ocr_par' dir='ltr' id='par_1_6' title="bbox 531 672 2145 749">
     <span class='ocr_line' id='line_1_6' title="bbox 531 672 2145 749; baseline 0.005 -24"><span class='ocrx_word' id='word_1_36' title='bbox 531 687 634 734; x_wconf 81' lang='lat' dir='ltr'><strong>ma</strong></span> <span class='ocrx_word' id='word_1_37' title='bbox 652 672 830 727; x_wconf 86' lang='lat' dir='ltr'><strong>salute</strong></span> <span class='ocrx_word' id='word_1_38' title='bbox 850 673 1147 734; x_wconf 89' lang='lat' dir='ltr'><strong>distributi.</strong></span> <span class='ocrx_word' id='word_1_39' title='bbox 1183 675 1516 747; x_wconf 91' lang='lat' dir='ltr'><strong>quibusdam</strong></span> <span class='ocrx_word' id='word_1_40' title='bbox 1547 677 1731 733; x_wconf 91' lang='lat' dir='ltr'><strong>adhuc</strong></span> <span class='ocrx_word' id='word_1_41' title='bbox 1758 678 2145 749; x_wconf 85' lang='lat' dir='ltr'><strong>descriptioni-</strong></span> 
     </span>
    </p>
   </div>
   <div class='ocr_carea' id='block_1_7' title="bbox 529 758 2145 837">
    <p class='ocr_par' dir='ltr' id='par_1_7' title="bbox 529 758 2145 837">
     <span class='ocr_line' id='line_1_7' title="bbox 529 758 2145 837; baseline 0.006 -25"><span class='ocrx_word' id='word_1_42' title='bbox 529 758 635 814; x_wconf 88' lang='lat' dir='ltr'><strong>bus</strong></span> <span class='ocrx_word' id='word_1_43' title='bbox 655 767 787 816; x_wconf 89' lang='lat' dir='ltr'><strong>tunc</strong></span> <span class='ocrx_word' id='word_1_44' title='bbox 816 761 974 817; x_wconf 88' lang='lat' dir='ltr'><strong>factis</strong></span> <span class='ocrx_word' id='word_1_45' title='bbox 1010 762 1296 836; x_wconf 87' lang='lat' dir='ltr'><strong>leguntur;</strong></span> <span class='ocrx_word' id='word_1_46' title='bbox 1329 764 1385 819; x_wconf 91' lang='lat' dir='ltr'><strong>in</strong></span> <span class='ocrx_word' id='word_1_47' title='bbox 1416 765 1620 837; x_wconf 87' lang='lat' dir='ltr'><strong>quibus</strong></span> <span class='ocrx_word' id='word_1_48' title='bbox 1641 765 2145 824; x_wconf 88' lang='lat' dir='ltr'><strong>inveniunturinter</strong></span> 
     </span>
    </p>
   </div>
   <div class='ocr_carea' id='block_1_8' title="bbox 526 852 2141 927">
    <p class='ocr_par' dir='ltr' id='par_1_8' title="bbox 526 852 2141 927">
     <span class='ocr_line' id='line_1_8' title="bbox 526 852 2141 927; baseline 0.004 -20"><span class='ocrx_word' id='word_1_49' title='bbox 526 853 865 919; x_wconf 87' lang='lat' dir='ltr'><strong>Termidum,</strong></span> <span class='ocrx_word' id='word_1_50' title='bbox 903 852 1174 910; x_wconf 82' lang='lat' dir='ltr'><strong>Grandem</strong></span> <span class='ocrx_word' id='word_1_51' title='bbox 1234 864 1471 927; x_wconf 92' lang='lat' dir='ltr'><strong>pratum,</strong></span> <span class='ocrx_word' id='word_1_52' title='bbox 1510 858 1819 924; x_wconf 89' lang='lat' dir='ltr'><strong>Vindicum,</strong></span> <span class='ocrx_word' id='word_1_53' title='bbox 1854 859 2141 915; x_wconf 85' lang='lat' dir='ltr'><strong>Furvillam</strong></span> 
     </span>
    </p>
   </div>
   <div class='ocr_carea' id='block_1_9' title="bbox 530 941 2142 1019">
    <p class='ocr_par' dir='ltr' id='par_1_9' title="bbox 530 941 2142 1019">
     <span class='ocr_line' id='line_1_9' title="bbox 530 941 2142 1019; baseline 0.003 -23"><span class='ocrx_word' id='word_1_54' title='bbox 530 941 674 1012; x_wconf 81' lang='lat' dir='ltr'><strong>[ms.,</strong></span> <span class='ocrx_word' id='word_1_55' title='bbox 729 942 1068 1014; x_wconf 86' lang='lat' dir='ltr'><strong>Furnillam],</strong></span> <span class='ocrx_word' id='word_1_56' title='bbox 1114 943 1441 1000; x_wconf 89' lang='lat' dir='ltr'><strong>Gramadum</strong></span> <span class='ocrx_word' id='word_1_57' title='bbox 1502 945 1891 1019; x_wconf 82' lang='lat' dir='ltr'><strong>[Graviagum],</strong></span> <span class='ocrx_word' id='word_1_58' title='bbox 1926 946 2142 1013; x_wconf 90' lang='lat' dir='ltr'><strong>Pidum,</strong></span> 
     </span>
    </p>
   </div>
   <div class='ocr_carea' id='block_1_10' title="bbox 525 1032 2143 1112">
    <p class='ocr_par' dir='ltr' id='par_1_10' title="bbox 525 1032 2143 1112">
     <span class='ocr_line' id='line_1_10' title="bbox 525 1032 2143 1112; baseline 0.004 -26"><span class='ocrx_word' id='word_1_59' title='bbox 525 1032 900 1099; x_wconf 86' lang='lat' dir='ltr'><strong>Cadevellum,</strong></span> <span class='ocrx_word' id='word_1_60' title='bbox 949 1044 1003 1090; x_wconf 92' lang='lat' dir='ltr'><strong>et</strong></span> <span class='ocrx_word' id='word_1_61' title='bbox 1056 1035 1270 1091; x_wconf 87' lang='lat' dir='ltr'><strong>Cortem</strong></span> <span class='ocrx_word' id='word_1_62' title='bbox 1328 1038 1621 1112; x_wconf 83' lang='lat' dir='ltr'><strong>Magnaldi,</strong></span> <span class='ocrx_word' id='word_1_63' title='bbox 1655 1038 1712 1092; x_wconf 90' lang='lat' dir='ltr'><strong>in</strong></span> <span class='ocrx_word' id='word_1_64' title='bbox 1743 1036 2143 1093; x_wconf 75' lang='lat' dir='ltr'><strong>distributione</strong></span> 
     </span>
    </p>
   </div>
   <div class='ocr_carea' id='block_1_11' title="bbox 524 1123 2143 1198">
    <p class='ocr_par' dir='ltr' id='par_1_11' title="bbox 524 1123 2143 1198">
     <span class='ocr_line' id='line_1_11' title="bbox 524 1123 2143 1198; baseline 0.002 -21"><span class='ocrx_word' id='word_1_65' title='bbox 524 1123 894 1195; x_wconf 88' lang='lat' dir='ltr'><strong>eleemosyna</strong></span> <span class='ocrx_word' id='word_1_66' title='bbox 910 1125 980 1180; x_wconf 92' lang='lat' dir='ltr'><strong>de</strong></span> <span class='ocrx_word' id='word_1_67' title='bbox 998 1141 1222 1181; x_wconf 91' lang='lat' dir='ltr'><strong>annona</strong></span> <span class='ocrx_word' id='word_1_68' title='bbox 1247 1127 1570 1184; x_wconf 72' lang='lat' dir='ltr'><strong>modi11975</strong></span> <span class='ocrx_word' id='word_1_69' title='bbox 1600 1128 1659 1198; x_wconf 67' lang='lat'><strong>[5,</strong></span> <span class='ocrx_word' id='word_1_70' title='bbox 1681 1127 1819 1198; x_wconf 83' lang='lat'><strong>167].</strong></span> <span class='ocrx_word' id='word_1_71' title='bbox 1842 1128 1916 1181; x_wconf 90' lang='lat' dir='ltr'><strong>De</strong></span> <span class='ocrx_word' id='word_1_72' title='bbox 1932 1126 2143 1181; x_wconf 87' lang='lat' dir='ltr'><strong>anima-</strong></span> 
     </span>
    </p>
   </div>
   <div class='ocr_carea' id='block_1_12' title="bbox 527 1211 2146 1288">
    <p class='ocr_par' dir='ltr' id='par_1_12' title="bbox 527 1211 2146 1288">
     <span class='ocr_line' id='line_1_12' title="bbox 527 1211 2146 1288; baseline 0.002 -22"><span class='ocrx_word' id='word_1_73' title='bbox 527 1211 676 1268; x_wconf 88' lang='lat' dir='ltr'><strong>libus</strong></span> <span class='ocrx_word' id='word_1_74' title='bbox 713 1214 857 1269; x_wconf 90' lang='lat' dir='ltr'><strong>inter</strong></span> <span class='ocrx_word' id='word_1_75' title='bbox 884 1216 1091 1284; x_wconf 87' lang='lat' dir='ltr'><strong>majora</strong></span> <span class='ocrx_word' id='word_1_76' title='bbox 1120 1224 1176 1271; x_wconf 89' lang='lat' dir='ltr'><strong>et</strong></span> <span class='ocrx_word' id='word_1_77' title='bbox 1216 1217 1429 1272; x_wconf 90' lang='lat' dir='ltr'><strong>minora</strong></span> <span class='ocrx_word' id='word_1_78' title='bbox 1479 1217 1660 1288; x_wconf 87' lang='lat' dir='ltr'><strong>capita</strong></span> <span class='ocrx_word' id='word_1_79' title='bbox 1693 1216 1811 1272; x_wconf 87' lang='lat'><strong>168.</strong></span> <span class='ocrx_word' id='word_1_80' title='bbox 1839 1217 1973 1271; x_wconf 89' lang='lat' dir='ltr'><strong>[tem</strong></span> <span class='ocrx_word' id='word_1_81' title='bbox 2003 1216 2146 1270; x_wconf 88' lang='lat' dir='ltr'><strong>inter</strong></span> 
     </span>
    </p>
   </div>
   <div class='ocr_carea' id='block_1_13' title="bbox 529 1301 2142 1377">
    <p class='ocr_par' dir='ltr' id='par_1_13' title="bbox 529 1301 2142 1377">
     <span class='ocr_line' id='line_1_13' title="bbox 529 1301 2142 1377; baseline 0.002 -23"><span class='ocrx_word' id='word_1_82' title='bbox 529 1301 688 1356; x_wconf 91' lang='lat' dir='ltr'><strong>villas</strong></span> <span class='ocrx_word' id='word_1_83' title='bbox 730 1303 956 1377; x_wconf 86' lang='lat' dir='ltr'><strong>Fagum,</strong></span> <span class='ocrx_word' id='word_1_84' title='bbox 1005 1305 1121 1359; x_wconf 89' lang='lat' dir='ltr'><strong>sive</strong></span> <span class='ocrx_word' id='word_1_85' title='bbox 1207 1304 1529 1370; x_wconf 89' lang='lat' dir='ltr'><strong>Boleticum,</strong></span> <span class='ocrx_word' id='word_1_86' title='bbox 1581 1315 1636 1360; x_wconf 90' lang='lat' dir='ltr'><strong>et</strong></span> <span class='ocrx_word' id='word_1_87' title='bbox 1682 1305 1820 1360; x_wconf 86' lang='lat' dir='ltr'><strong>alias</strong></span> <span class='ocrx_word' id='word_1_88' title='bbox 1875 1305 2142 1376; x_wconf 90' lang='lat' dir='ltr'><strong>quasdam</strong></span> 
     </span>
    </p>
   </div>
   <div class='ocr_carea' id='block_1_14' title="bbox 528 1393 2137 1460">
    <p class='ocr_par' dir='ltr' id='par_1_14' title="bbox 528 1393 2137 1460">
     <span class='ocr_line' id='line_1_14' title="bbox 528 1393 2137 1460; baseline 0.003 -16"><span class='ocrx_word' id='word_1_89' title='bbox 528 1406 762 1446; x_wconf 87' lang='lat' dir='ltr'><strong>annona</strong></span> <span class='ocrx_word' id='word_1_90' title='bbox 816 1393 987 1448; x_wconf 90' lang='lat' dir='ltr'><strong>modii</strong></span> <span class='ocrx_word' id='word_1_91' title='bbox 1029 1393 1197 1460; x_wconf 72' lang='lat'><strong>1052,</strong></span> <span class='ocrx_word' id='word_1_92' title='bbox 1242 1395 1355 1450; x_wconf 91' lang='lat' dir='ltr'><strong>vini</strong></span> <span class='ocrx_word' id='word_1_93' title='bbox 1400 1395 1548 1451; x_wconf 90' lang='lat' dir='ltr'><strong>mod.</strong></span> <span class='ocrx_word' id='word_1_94' title='bbox 1597 1395 1688 1460; x_wconf 73' lang='grc'><strong>64,</strong></span> <span class='ocrx_word' id='word_1_95' title='bbox 1730 1393 1861 1448; x_wconf 89' lang='lat' dir='ltr'><strong>salis</strong></span> <span class='ocrx_word' id='word_1_96' title='bbox 1889 1393 2061 1449; x_wconf 92' lang='lat' dir='ltr'><strong>modii</strong></span> <span class='ocrx_word' id='word_1_97' title='bbox 2084 1393 2137 1458; x_wconf 86' lang='lat'><strong>5,</strong></span> 
     </span>
    </p>
   </div>
   <div class='ocr_carea' id='block_1_15' title="bbox 527 1480 2143 1547">
    <p class='ocr_par' dir='ltr' id='par_1_15' title="bbox 527 1480 2143 1547">
     <span class='ocr_line' id='line_1_15' title="bbox 527 1480 2143 1547; baseline 0.002 -14"><span class='ocrx_word' id='word_1_98' title='bbox 527 1495 651 1533; x_wconf 90' lang='lat' dir='ltr'><strong>cum</strong></span> <span class='ocrx_word' id='word_1_99' title='bbox 679 1480 909 1537; x_wconf 85' lang='lat' dir='ltr'><strong>diversis</strong></span> <span class='ocrx_word' id='word_1_100' title='bbox 959 1483 1307 1547; x_wconf 85' lang='lat' dir='ltr'><strong>animalibus,</strong></span> <span class='ocrx_word' id='word_1_101' title='bbox 1363 1493 1419 1538; x_wconf 90' lang='lat' dir='ltr'><strong>et</strong></span> <span class='ocrx_word' id='word_1_102' title='bbox 1466 1484 1589 1538; x_wconf 90' lang='lat' dir='ltr'><strong>aliis</strong></span> <span class='ocrx_word' id='word_1_103' title='bbox 1632 1483 1796 1539; x_wconf 89' lang='lat' dir='ltr'><strong>variis</strong></span> <span class='ocrx_word' id='word_1_104' title='bbox 1856 1482 2019 1538; x_wconf 85' lang='lat' dir='ltr'><strong>rebus</strong></span> <span class='ocrx_word' id='word_1_105' title='bbox 2047 1498 2143 1537; x_wconf 88' lang='lat' dir='ltr'><strong>ex-</strong></span> 
     </span>
    </p>
   </div>
   <div class='ocr_carea' id='block_1_16' title="bbox 526 1573 2139 1647">
    <p class='ocr_par' dir='ltr' id='par_1_16' title="bbox 526 1573 2139 1647">
     <span class='ocr_line' id='line_1_16' title="bbox 526 1573 2139 1647; baseline 0.002 -22"><span class='ocrx_word' id='word_1_106' title='bbox 526 1586 717 1640; x_wconf 89' lang='lat' dir='ltr'><strong>pensa.</strong></span> <span class='ocrx_word' id='word_1_107' title='bbox 753 1573 831 1627; x_wconf 84' lang='lat' dir='ltr'><strong>Ad</strong></span> <span class='ocrx_word' id='word_1_108' title='bbox 869 1590 1010 1645; x_wconf 83' lang='lat' dir='ltr'><strong>Opus</strong></span> <span class='ocrx_word' id='word_1_109' title='bbox 1035 1591 1259 1647; x_wconf 93' lang='lat' dir='ltr'><strong>quoque</strong></span> <span class='ocrx_word' id='word_1_110' title='bbox 1290 1576 1517 1631; x_wconf 86' lang='lat' dir='ltr'><strong>fratrum</strong></span> <span class='ocrx_word' id='word_1_111' title='bbox 1550 1576 1877 1632; x_wconf 88' lang='lat' dir='ltr'><strong>Orbacensis</strong></span> <span class='ocrx_word' id='word_1_112' title='bbox 1898 1575 2139 1631; x_wconf 86' lang='lat' dir='ltr'><strong>coenobii</strong></span> 
     </span>
    </p>
   </div>
   <div class='ocr_carea' id='block_1_17' title="bbox 527 1663 2137 1738">
    <p class='ocr_par' dir='ltr' id='par_1_17' title="bbox 527 1663 2137 1738">
     <span class='ocr_line' id='line_1_17' title="bbox 527 1663 2137 1738; baseline 0.002 -24"><span class='ocrx_word' id='word_1_113' title='bbox 527 1670 791 1729; x_wconf 89' lang='lat' dir='ltr'><strong>quantum</strong></span> <span class='ocrx_word' id='word_1_114' title='bbox 842 1663 1119 1719; x_wconf 89' lang='lat' dir='ltr'><strong>sufﬁceret</strong></span> <span class='ocrx_word' id='word_1_115' title='bbox 1165 1665 1265 1720; x_wconf 90' lang='lat' dir='ltr'><strong>eis.</strong></span> <span class='ocrx_word' id='word_1_116' title='bbox 1314 1666 1471 1720; x_wconf 88' lang='lat' dir='ltr'><strong>Unde</strong></span> <span class='ocrx_word' id='word_1_117' title='bbox 1548 1666 1709 1721; x_wconf 90' lang='lat' dir='ltr'><strong>datur</strong></span> <span class='ocrx_word' id='word_1_118' title='bbox 1764 1665 2020 1738; x_wconf 81' lang='lat' dir='ltr'><strong>intelligi,</strong></span> <span class='ocrx_word' id='word_1_119' title='bbox 2083 1664 2137 1717; x_wconf 92' lang='lat' dir='ltr'><strong>in</strong></span> 
     </span>
    </p>
   </div>
   <div class='ocr_carea' id='block_1_18' title="bbox 528 1737 2212 1829">
    <p class='ocr_par' dir='ltr' id='par_1_18' title="bbox 528 1737 2212 1829">
     <span class='ocr_line' id='line_1_18' title="bbox 528 1737 2212 1829; baseline 0 -24"><span class='ocrx_word' id='word_1_120' title='bbox 528 1752 831 1821; x_wconf 89' lang='lat' dir='ltr'><strong>majoribus</strong></span> <span class='ocrx_word' id='word_1_121' title='bbox 849 1771 1074 1827; x_wconf 90' lang='lat' dir='ltr'><strong>quoque</strong></span> <span class='ocrx_word' id='word_1_122' title='bbox 1102 1758 1238 1812; x_wconf 89' lang='lat' dir='ltr'><strong>locis</strong></span> <span class='ocrx_word' id='word_1_123' title='bbox 1267 1760 1437 1813; x_wconf 89' lang='lat' dir='ltr'><strong>multa</strong></span> <span class='ocrx_word' id='word_1_124' title='bbox 1480 1766 1613 1813; x_wconf 91' lang='lat' dir='ltr'><strong>tunc</strong></span> <span class='ocrx_word' id='word_1_125' title='bbox 1641 1759 1798 1829; x_wconf 88' lang='lat' dir='ltr'><strong>plura</strong></span> <span class='ocrx_word' id='word_1_126' title='bbox 1824 1737 1995 1811; x_wconf 85' lang='lat' dir='ltr'><strong>fuisse</strong></span> <span class='ocrx_word' id='word_1_127' title='bbox 2024 1756 2139 1810; x_wconf 89' lang='lat' dir='ltr'><strong>dis-</strong></span> <span class='ocrx_word' id='word_1_128' title='bbox 2165 1737 2212 1805; x_wconf 88' lang='grc' dir='ltr'>Β</span> 
     </span>
    </p>
   </div>
   <div class='ocr_carea' id='block_1_19' title="bbox 525 1844 2144 1922">
    <p class='ocr_par' dir='ltr' id='par_1_19' title="bbox 525 1844 2144 1922">
     <span class='ocr_line' id='line_1_19' title="bbox 525 1844 2144 1922; baseline 0.004 -25"><span class='ocrx_word' id='word_1_129' title='bbox 525 1844 721 1914; x_wconf 91' lang='lat' dir='ltr'><strong>sipata.</strong></span> <span class='ocrx_word' id='word_1_130' title='bbox 749 1848 1114 1904; x_wconf 90' lang='lat' dir='ltr'><strong>lmmunitatis</strong></span> <span class='ocrx_word' id='word_1_131' title='bbox 1136 1865 1358 1922; x_wconf 92' lang='lat' dir='ltr'><strong>quoque</strong></span> <span class='ocrx_word' id='word_1_132' title='bbox 1390 1859 1727 1922; x_wconf 82' lang='lat' dir='ltr'><strong>praceptum</strong></span> <span class='ocrx_word' id='word_1_133' title='bbox 1789 1849 1858 1904; x_wconf 91' lang='lat' dir='ltr'><strong>ab</strong></span> <span class='ocrx_word' id='word_1_134' title='bbox 1905 1849 2144 1919; x_wconf 87' lang='lat' dir='ltr'><strong>impera—</strong></span> 
     </span>
    </p>
   </div>
   <div class='ocr_carea' id='block_1_20' title="bbox 530 1935 2141 2010">
    <p class='ocr_par' dir='ltr' id='par_1_20' title="bbox 530 1935 2141 2010">
     <span class='ocr_line' id='line_1_20' title="bbox 530 1935 2141 2010; baseline 0.002 -24"><span class='ocrx_word' id='word_1_135' title='bbox 530 1935 974 2000; x_wconf 89' lang='lat' dir='ltr'><strong>tore&#39;Ludovico,</strong></span> <span class='ocrx_word' id='word_1_136' title='bbox 1030 1939 1335 1994; x_wconf 90' lang='lat' dir='ltr'><strong>secundum</strong></span> <span class='ocrx_word' id='word_1_137' title='bbox 1366 1940 1801 2010; x_wconf 87' lang='lat' dir='ltr'><strong>praceptioncm</strong></span> <span class='ocrx_word' id='word_1_138' title='bbox 1826 1937 2006 1992; x_wconf 84' lang='lat' dir='ltr'><strong>Karoli</strong></span> <span class='ocrx_word' id='word_1_139' title='bbox 2033 1936 2141 1991; x_wconf 85' lang='lat' dir='ltr'><strong>Au-</strong></span> 
     </span>
    </p>
   </div>
   <div class='ocr_carea' id='block_1_21' title="bbox 526 2025 2141 2099">
    <p class='ocr_par' dir='ltr' id='par_1_21' title="bbox 526 2025 2141 2099">
     <span class='ocr_line' id='line_1_21' title="bbox 526 2025 2141 2099; baseline 0.003 -22"><span class='ocrx_word' id='word_1_140' title='bbox 526 2025 671 2097; x_wconf 83' lang='lat' dir='ltr'><strong>gusti</strong></span> <span class='ocrx_word' id='word_1_141' title='bbox 700 2026 869 2095; x_wconf 84' lang='lat' dir='ltr'><strong>patris</strong></span> <span class='ocrx_word' id='word_1_142' title='bbox 898 2028 1091 2099; x_wconf 91' lang='lat' dir='ltr'><strong>ipsius,</strong></span> <span class='ocrx_word' id='word_1_143' title='bbox 1125 2032 1372 2086; x_wconf 90' lang='lat' dir='ltr'><strong>ecclesia</strong></span> <span class='ocrx_word' id='word_1_144' title='bbox 1395 2032 1672 2097; x_wconf 82' lang='lat' dir='ltr'><strong>Remensi,</strong></span> <span class='ocrx_word' id='word_1_145' title='bbox 1696 2029 2141 2099; x_wconf 89' lang='lat' dir='ltr'><strong>monasterioque</strong></span> 
     </span>
    </p>
   </div>
   <div class='ocr_carea' id='block_1_22' title="bbox 525 2117 1252 2192">
    <p class='ocr_par' dir='ltr' id='par_1_22' title="bbox 525 2117 1252 2192">
     <span class='ocr_line' id='line_1_22' title="bbox 525 2117 1252 2192; baseline 0.012 -23"><span class='ocrx_word' id='word_1_146' title='bbox 525 2117 701 2171; x_wconf 74' lang='lat' dir='ltr'><strong>Sancti</strong></span> <span class='ocrx_word' id='word_1_147' title='bbox 739 2118 973 2192; x_wconf 82' lang='lat' dir='ltr'><strong>Remigii</strong></span> <span class='ocrx_word' id='word_1_148' title='bbox 993 2120 1252 2178; x_wconf 85' lang='lat' dir='ltr'><strong>obtinuit.</strong></span> 
     </span>
    </p>
   </div>
   <div class='ocr_carea' id='block_1_23' title="bbox 1131 2213 1531 2271">
    <p class='ocr_par' dir='ltr' id='par_1_23' title="bbox 1131 2213 1531 2271">
     <span class='ocr_line' id='line_1_23' title="bbox 1131 2213 1531 2271; baseline 0.005 -2"><span class='ocrx_word' id='word_1_149' title='bbox 1131 2213 1348 2270; x_wconf 83' lang='lat' dir='ltr'><strong>CAPUT</strong></span> <span class='ocrx_word' id='word_1_150' title='bbox 1399 2216 1531 2271; x_wconf 81' lang='lat' dir='ltr'><strong>XIX.</strong></span> 
     </span>
    </p>
   </div>
   <div class='ocr_carea' id='block_1_24' title="bbox 1051 2305 1625 2375">
    <p class='ocr_par' dir='ltr' id='par_1_24' title="bbox 1051 2305 1625 2375">
     <span class='ocr_line' id='line_1_24' title="bbox 1051 2305 1625 2375; baseline 0.003 -18"><span class='ocrx_word' id='word_1_151' title='bbox 1051 2305 1128 2357; x_wconf 89' lang='lat' dir='ltr'><strong>De</strong></span> <span class='ocrx_word' id='word_1_152' title='bbox 1167 2305 1350 2360; x_wconf 85' lang='lat' dir='ltr'><strong>Ebone</strong></span> <span class='ocrx_word' id='word_1_153' title='bbox 1375 2306 1625 2375; x_wconf 76' lang='lat' dir='ltr'><strong>prasule.</strong></span> 
     </span>
    </p>
   </div>
   <div class='ocr_carea' id='block_1_25' title="bbox 597 2385 2144 2459">
    <p class='ocr_par' dir='ltr' id='par_1_25' title="bbox 597 2385 2144 2459">
     <span class='ocr_line' id='line_1_25' title="bbox 597 2385 2144 2459; baseline 0.008 -19"><span class='ocrx_word' id='word_1_154' title='bbox 597 2385 733 2442; x_wconf 86' lang='lat' dir='ltr'><strong>Huic</strong></span> <span class='ocrx_word' id='word_1_155' title='bbox 752 2390 1018 2445; x_wconf 82' lang='lat' dir='ltr'><strong>successit</strong></span> <span class='ocrx_word' id='word_1_156' title='bbox 1049 2390 1186 2459; x_wconf 87' lang='lat' dir='ltr'><strong>Eho,</strong></span> <span class='ocrx_word' id='word_1_157' title='bbox 1209 2391 1291 2447; x_wconf 91' lang='lat' dir='ltr'><strong>vir</strong></span> <span class='ocrx_word' id='word_1_158' title='bbox 1311 2392 1614 2449; x_wconf 90' lang='lat' dir='ltr'><strong>industrius</strong></span> <span class='ocrx_word' id='word_1_159' title='bbox 1644 2402 1698 2448; x_wconf 91' lang='lat' dir='ltr'><strong>et</strong></span> <span class='ocrx_word' id='word_1_160' title='bbox 1719 2395 2044 2454; x_wconf 87' lang='lat' dir='ltr'><strong>liberalibus</strong></span> <span class='ocrx_word' id='word_1_161' title='bbox 2059 2399 2144 2453; x_wconf 90' lang='lat' dir='ltr'><strong>di-</strong></span> 
     </span>
    </p>
   </div>
   <div class='ocr_carea' id='block_1_26' title="bbox 526 2474 2141 2553">
    <p class='ocr_par' dir='ltr' id='par_1_26' title="bbox 526 2474 2141 2553">
     <span class='ocr_line' id='line_1_26' title="bbox 526 2474 2141 2553; baseline 0.011 -26"><span class='ocrx_word' id='word_1_162' title='bbox 526 2474 776 2545; x_wconf 89' lang='lat' dir='ltr'><strong>sciplinis</strong></span> <span class='ocrx_word' id='word_1_163' title='bbox 804 2480 1075 2551; x_wconf 86' lang='lat' dir='ltr'><strong>eruditus,</strong></span> <span class='ocrx_word' id='word_1_164' title='bbox 1104 2484 1281 2553; x_wconf 88' lang='lat' dir='ltr'><strong>patria</strong></span> <span class='ocrx_word' id='word_1_165' title='bbox 1327 2485 1793 2543; x_wconf 89' lang='lat' dir='ltr'><strong>Transrhenensis</strong></span> <span class='ocrx_word' id='word_1_166' title='bbox 1822 2505 1886 2543; x_wconf 89' lang='lat' dir='ltr'><strong>ac</strong></span> <span class='ocrx_word' id='word_1_167' title='bbox 1915 2490 2141 2544; x_wconf 87' lang='lat' dir='ltr'><strong>Germa-</strong></span> 
     </span>
    </p>
   </div>
   <div class='ocr_carea' id='block_1_27' title="bbox 530 2564 2139 2644">
    <p class='ocr_par' dir='ltr' id='par_1_27' title="bbox 530 2564 2139 2644">
     <span class='ocr_line' id='line_1_27' title="bbox 530 2564 2139 2644; baseline 0.009 -26"><span class='ocrx_word' id='word_1_168' title='bbox 530 2564 707 2632; x_wconf 86' lang='lat' dir='ltr'><strong>nicus,</strong></span> <span class='ocrx_word' id='word_1_169' title='bbox 732 2566 1097 2639; x_wconf 89' lang='lat' dir='ltr'><strong>imperatoris,</strong></span> <span class='ocrx_word' id='word_1_170' title='bbox 1129 2579 1189 2626; x_wconf 94' lang='lat' dir='ltr'><strong>ut</strong></span> <span class='ocrx_word' id='word_1_171' title='bbox 1226 2572 1419 2641; x_wconf 88' lang='lat' dir='ltr'><strong>fertur,</strong></span> <span class='ocrx_word' id='word_1_172' title='bbox 1451 2575 1712 2631; x_wconf 88' lang='lat' dir='ltr'><strong>Ludovici</strong></span> <span class='ocrx_word' id='word_1_173' title='bbox 1742 2577 2139 2644; x_wconf 86' lang='lat' dir='ltr'><strong>collactaneus,</strong></span> 
     </span>
    </p>
   </div>
   <div class='ocr_carea' id='block_1_28' title="bbox 529 2656 2144 2731">
    <p class='ocr_par' dir='ltr' id='par_1_28' title="bbox 529 2656 2144 2731">
     <span class='ocr_line' id='line_1_28' title="bbox 529 2656 2144 2731; baseline 0.008 -23"><span class='ocrx_word' id='word_1_174' title='bbox 529 2656 1088 2726; x_wconf 90' lang='lat' dir='ltr'><strong>etconscholasticus,</strong></span> <span class='ocrx_word' id='word_1_175' title='bbox 1146 2661 1241 2731; x_wconf 91' lang='lat' dir='ltr'><strong>qui</strong></span> <span class='ocrx_word' id='word_1_176' title='bbox 1277 2662 1465 2717; x_wconf 90' lang='lat' dir='ltr'><strong>multis</strong></span> <span class='ocrx_word' id='word_1_177' title='bbox 1495 2664 1787 2719; x_wconf 89' lang='lat' dir='ltr'><strong>ecclesiam</strong></span> <span class='ocrx_word' id='word_1_178' title='bbox 1816 2667 2028 2721; x_wconf 90' lang='lat' dir='ltr'><strong>curavit</strong></span> <span class='ocrx_word' id='word_1_179' title='bbox 2057 2667 2144 2721; x_wconf 90' lang='lat' dir='ltr'><strong>in-</strong></span> 
     </span>
    </p>
   </div>
   <div class='ocr_carea' id='block_1_29' title="bbox 529 2747 2145 2826">
    <p class='ocr_par' dir='ltr' id='par_1_29' title="bbox 529 2747 2145 2826">
     <span class='ocr_line' id='line_1_29' title="bbox 529 2747 2145 2826; baseline 0.007 -29"><span class='ocrx_word' id='word_1_180' title='bbox 529 2751 743 2799; x_wconf 88' lang='lat' dir='ltr'><strong>struere</strong></span> <span class='ocrx_word' id='word_1_181' title='bbox 780 2747 1104 2814; x_wconf 89' lang='lat' dir='ltr'><strong>commodis,</strong></span> <span class='ocrx_word' id='word_1_182' title='bbox 1152 2758 1208 2803; x_wconf 90' lang='lat' dir='ltr'><strong>et</strong></span> <span class='ocrx_word' id='word_1_183' title='bbox 1264 2751 1538 2823; x_wconf 77' lang='lat' dir='ltr'><strong>praecipue</strong></span> <span class='ocrx_word' id='word_1_184' title='bbox 1591 2751 1895 2809; x_wconf 86' lang='lat' dir='ltr'><strong>artiﬁcibus</strong></span> <span class='ocrx_word' id='word_1_185' title='bbox 1942 2755 2145 2826; x_wconf 89' lang='lat' dir='ltr'><strong>quibus</strong></span> 
     </span>
    </p>
   </div>
   <div class='ocr_carea' id='block_1_30' title="bbox 530 2833 2144 2907">
    <p class='ocr_par' dir='ltr' id='par_1_30' title="bbox 530 2833 2144 2907">
     <span class='ocr_line' id='line_1_30' title="bbox 530 2833 2144 2907; baseline 0.011 -21"><span class='ocrx_word' id='word_1_186' title='bbox 530 2833 905 2907; x_wconf 83' lang='lat' dir='ltr'><strong>undecunque</strong></span> <span class='ocrx_word' id='word_1_187' title='bbox 920 2836 1172 2893; x_wconf 89' lang='lat' dir='ltr'><strong>collectis</strong></span> <span class='ocrx_word' id='word_1_188' title='bbox 1193 2840 1356 2895; x_wconf 90' lang='lat' dir='ltr'><strong>sedes</strong></span> <span class='ocrx_word' id='word_1_189' title='bbox 1372 2842 1543 2907; x_wconf 89' lang='lat' dir='ltr'><strong>dedit,</strong></span> <span class='ocrx_word' id='word_1_190' title='bbox 1562 2849 1617 2897; x_wconf 89' lang='lat' dir='ltr'><strong>et</strong></span> <span class='ocrx_word' id='word_1_191' title='bbox 1637 2843 1926 2901; x_wconf 87' lang='lat' dir='ltr'><strong>beneﬁciis</strong></span> <span class='ocrx_word' id='word_1_192' title='bbox 1944 2862 2144 2903; x_wconf 90' lang='lat' dir='ltr'><strong>mune—</strong></span> 
     </span>
    </p>
   </div>
   <div class='ocr_carea' id='block_1_31' title="bbox 531 2921 2147 3002">
    <p class='ocr_par' dir='ltr' id='par_1_31' title="bbox 531 2921 2147 3002">
     <span class='ocr_line' id='line_1_31' title="bbox 531 2921 2147 3002; baseline 0.008 -27"><span class='ocrx_word' id='word_1_193' title='bbox 531 2921 687 2977; x_wconf 90' lang='lat' dir='ltr'><strong>ravit.</strong></span> <span class='ocrx_word' id='word_1_194' title='bbox 719 2923 988 2996; x_wconf 85' lang='lat' dir='ltr'><strong>Mancipia</strong></span> <span class='ocrx_word' id='word_1_195' title='bbox 1013 2926 1103 2980; x_wconf 91' lang='lat' dir='ltr'><strong>vel</strong></span> <span class='ocrx_word' id='word_1_196' title='bbox 1125 2929 1354 2985; x_wconf 89' lang='lat' dir='ltr'><strong>colonos</strong></span> <span class='ocrx_word' id='word_1_197' title='bbox 1383 2932 1650 3002; x_wconf 88' lang='lat' dir='ltr'><strong>quosdam</strong></span> <span class='ocrx_word' id='word_1_198' title='bbox 1683 2933 1932 2989; x_wconf 82' lang='lat' dir='ltr'><strong>ecclesia</strong></span> <span class='ocrx_word' id='word_1_199' title='bbox 1954 2935 2147 2990; x_wconf 90' lang='lat' dir='ltr'><strong>deser-</strong></span> 
     </span>
    </p>
   </div>
   <div class='ocr_carea' id='block_1_32' title="bbox 532 3019 2144 3097">
    <p class='ocr_par' dir='ltr' id='par_1_32' title="bbox 532 3019 2144 3097">
     <span class='ocr_line' id='line_1_32' title="bbox 532 3019 2144 3097; baseline 0.008 -27"><span class='ocrx_word' id='word_1_200' title='bbox 532 3023 680 3070; x_wconf 88' lang='lat' dir='ltr'><strong>tores</strong></span> <span class='ocrx_word' id='word_1_201' title='bbox 706 3022 813 3071; x_wconf 90' lang='lat' dir='ltr'><strong>tam</strong></span> <span class='ocrx_word' id='word_1_202' title='bbox 837 3033 938 3089; x_wconf 90' lang='lat' dir='ltr'><strong>per</strong></span> <span class='ocrx_word' id='word_1_203' title='bbox 966 3019 1232 3091; x_wconf 91' lang='lat' dir='ltr'><strong>seipsum,</strong></span> <span class='ocrx_word' id='word_1_204' title='bbox 1265 3039 1429 3094; x_wconf 91' lang='lat' dir='ltr'><strong>quam</strong></span> <span class='ocrx_word' id='word_1_205' title='bbox 1481 3040 1582 3095; x_wconf 91' lang='lat' dir='ltr'><strong>per</strong></span> <span class='ocrx_word' id='word_1_206' title='bbox 1608 3025 1955 3097; x_wconf 83' lang='lat' dir='ltr'><strong>Radulphum</strong></span> <span class='ocrx_word' id='word_1_207' title='bbox 1995 3028 2144 3083; x_wconf 84' lang='lat' dir='ltr'><strong>vice—</strong></span> 
     </span>
    </p>
   </div>
   <div class='ocr_carea' id='block_1_33' title="bbox 2243 497 2478 570">
    <p class='ocr_par' dir='ltr' id='par_1_33' title="bbox 2243 497 2478 570">
     <span class='ocr_line' id='line_1_33' title="bbox 2243 497 2478 570; baseline 0.004 -19"><span class='ocrx_word' id='word_1_208' title='bbox 2243 497 2478 570; x_wconf 89' lang='lat' dir='ltr'><strong>gnitum.</strong></span> 
     </span>
    </p>
   </div>
   <div class='ocr_carea' id='block_1_34' title="bbox 2306 588 3508 660">
    <p class='ocr_par' dir='ltr' id='par_1_34' title="bbox 2306 588 3508 660">
     <span class='ocr_line' id='line_1_34' title="bbox 2306 588 3508 660; baseline 0.009 -24"><span class='ocrx_word' id='word_1_209' title='bbox 2306 588 2589 660; x_wconf 58' lang='lat' dir='ltr'><strong>Ludovicus</strong></span> <span class='ocrx_word' id='word_1_210' title='bbox 2607 589 2774 640; x_wconf 85' lang='lat' dir='ltr'><strong>Casar</strong></span> <span class='ocrx_word' id='word_1_211' title='bbox 2793 592 2952 641; x_wconf 86' lang='lat' dir='ltr'><strong>factus</strong></span> <span class='ocrx_word' id='word_1_212' title='bbox 2974 603 3239 645; x_wconf 86' lang='lat' dir='ltr'><strong>coronante</strong></span> <span class='ocrx_word' id='word_1_213' title='bbox 3253 595 3508 660; x_wconf 73' lang='lat' dir='ltr'><strong>Stephano.</strong></span> 
     </span>
    </p>
   </div>
   <div class='ocr_carea' id='block_1_35' title="bbox 2306 649 3588 724">
    <p class='ocr_par' dir='ltr' id='par_1_35' title="bbox 2306 649 3588 724">
     <span class='ocr_line' id='line_1_35' title="bbox 2306 649 3588 724; baseline 0.01 -26"><span class='ocrx_word' id='word_1_214' title='bbox 2306 649 2406 724; x_wconf 55' lang='lat' dir='ltr'><strong>Hac</strong></span> <span class='ocrx_word' id='word_1_215' title='bbox 2430 650 2484 724; x_wconf 70' lang='lat' dir='ltr'><strong>in</strong></span> <span class='ocrx_word' id='word_1_216' title='bbox 2505 652 2636 711; x_wconf 89' lang='lat' dir='ltr'><strong>sede,</strong></span> <span class='ocrx_word' id='word_1_217' title='bbox 2660 669 2793 717; x_wconf 89' lang='lat' dir='ltr'><strong>papa</strong></span> <span class='ocrx_word' id='word_1_218' title='bbox 2819 669 3016 724; x_wconf 75' lang='lat' dir='ltr'><strong>magno,</strong></span> <span class='ocrx_word' id='word_1_219' title='bbox 3044 665 3162 724; x_wconf 81' lang='lat' dir='ltr'><strong>tunc</strong></span> <span class='ocrx_word' id='word_1_220' title='bbox 3178 649 3356 724; x_wconf 68' lang='lat' dir='ltr'><strong>etEbo</strong></span> <span class='ocrx_word' id='word_1_221' title='bbox 3385 660 3588 724; x_wconf 77' lang='lat' dir='ltr'><strong>pontifex</strong></span> 
     </span>
    </p>
   </div>
   <div class='ocr_carea' id='block_1_36' title="bbox 2306 712 3420 781">
    <p class='ocr_par' dir='ltr' id='par_1_36' title="bbox 2306 712 3420 781">
     <span class='ocr_line' id='line_1_36' title="bbox 2306 712 3420 781; baseline 0.011 -22"><span class='ocrx_word' id='word_1_222' title='bbox 2306 712 2927 781; x_wconf 15' lang='lat' dir='ltr'><strong>Eundamentagrenovavit</strong></span> <span class='ocrx_word' id='word_1_223' title='bbox 2949 712 3126 768; x_wconf 84' lang='lat' dir='ltr'><strong>cuncta</strong></span> <span class='ocrx_word' id='word_1_224' title='bbox 3151 720 3243 770; x_wconf 91' lang='lat' dir='ltr'><strong>loci</strong></span> <span class='ocrx_word' id='word_1_225' title='bbox 3264 712 3420 781; x_wconf 71' lang='lat' dir='ltr'><strong>istius,</strong></span> 
     </span>
    </p>
   </div>
   <div class='ocr_carea' id='block_1_37' title="bbox 2309 773 3519 844">
    <p class='ocr_par' dir='ltr' id='par_1_37' title="bbox 2309 773 3519 844">
     <span class='ocr_line' id='line_1_37' title="bbox 2309 773 3519 844; baseline 0.01 -22"><span class='ocrx_word' id='word_1_226' title='bbox 2309 773 2451 823; x_wconf 91' lang='lat' dir='ltr'><strong>Urbis</strong></span> <span class='ocrx_word' id='word_1_227' title='bbox 2469 776 2585 839; x_wconf 88' lang='lat' dir='ltr'><strong>jura</strong></span> <span class='ocrx_word' id='word_1_228' title='bbox 2607 778 2703 827; x_wconf 90' lang='lat' dir='ltr'><strong>sibi</strong></span> <span class='ocrx_word' id='word_1_229' title='bbox 2722 779 2956 838; x_wconf 86' lang='lat' dir='ltr'><strong>subdens,</strong></span> <span class='ocrx_word' id='word_1_230' title='bbox 2985 783 3165 844; x_wconf 84' lang='lat' dir='ltr'><strong>prasul</strong></span> <span class='ocrx_word' id='word_1_231' title='bbox 3191 773 3519 834; x_wconf 80' lang='lat' dir='ltr'><strong>auxitomnia.</strong></span> 
     </span>
    </p>
   </div>
   <div class='ocr_carea' id='block_1_38' title="bbox 2316 856 3783 940">
    <p class='ocr_par' dir='ltr' id='par_1_38' title="bbox 2316 856 3783 940">
     <span class='ocr_line' id='line_1_38' title="bbox 2316 856 3783 940; baseline 0.011 -31"><span class='ocrx_word' id='word_1_232' title='bbox 2316 856 2496 911; x_wconf 89' lang='lat' dir='ltr'><strong>Matris</strong></span> <span class='ocrx_word' id='word_1_233' title='bbox 2524 857 2771 926; x_wconf 85' lang='lat' dir='ltr'><strong>ejusdem</strong></span> <span class='ocrx_word' id='word_1_234' title='bbox 2827 860 3032 916; x_wconf 86' lang='lat' dir='ltr'><strong>Ebonis</strong></span> <span class='ocrx_word' id='word_1_235' title='bbox 3060 863 3374 931; x_wconf 91' lang='lat' dir='ltr'><strong>hujusmodi</strong></span> <span class='ocrx_word' id='word_1_236' title='bbox 3395 866 3609 923; x_wconf 90' lang='lat' dir='ltr'><strong>habetur</strong></span> <span class='ocrx_word' id='word_1_237' title='bbox 3644 871 3783 940; x_wconf 87' lang='lat' dir='ltr'><strong>epita-</strong></span> 
     </span>
    </p>
   </div>
   <div class='ocr_carea' id='block_1_39' title="bbox 2243 944 2450 1015">
    <p class='ocr_par' dir='ltr' id='par_1_39' title="bbox 2243 944 2450 1015">
     <span class='ocr_line' id='line_1_39' title="bbox 2243 944 2450 1015; baseline -0.01 -16"><span class='ocrx_word' id='word_1_238' title='bbox 2243 944 2450 1015; x_wconf 90' lang='lat' dir='ltr'><strong>phium.</strong></span> 
     </span>
    </p>
   </div>
   <div class='ocr_carea' id='block_1_40' title="bbox 2305 1035 3306 1108">
    <p class='ocr_par' dir='ltr' id='par_1_40' title="bbox 2305 1035 3306 1108">
     <span class='ocr_line' id='line_1_40' title="bbox 2305 1035 3306 1108; baseline 0.007 -26"><span class='ocrx_word' id='word_1_239' title='bbox 2305 1036 2413 1108; x_wconf 61' lang='lat' dir='ltr'><strong>idea</strong></span> <span class='ocrx_word' id='word_1_240' title='bbox 2434 1035 2557 1108; x_wconf 61' lang='lat' dir='ltr'><strong>forte</strong></span> <span class='ocrx_word' id='word_1_241' title='bbox 2647 1036 2859 1108; x_wconf 70' lang='lat' dir='ltr'><strong>requiris</strong></span> <span class='ocrx_word' id='word_1_242' title='bbox 2885 1039 3121 1108; x_wconf 72' lang='lat' dir='ltr'><strong>temporis</strong></span> <span class='ocrx_word' id='word_1_243' title='bbox 3144 1039 3306 1108; x_wconf 81' lang='lat' dir='ltr'><strong>initia,</strong></span> 
     </span>
    </p>
   </div>
   <div class='ocr_carea' id='block_1_41' title="bbox 2306 1096 3447 1165">
    <p class='ocr_par' dir='ltr' id='par_1_41' title="bbox 2306 1096 3447 1165">
     <span class='ocr_line' id='line_1_41' title="bbox 2306 1096 3447 1165; baseline 0.007 -20"><span class='ocrx_word' id='word_1_244' title='bbox 2306 1097 2435 1165; x_wconf 60' lang='lat' dir='ltr'><strong>Scito</strong></span> <span class='ocrx_word' id='word_1_245' title='bbox 2459 1096 2809 1165; x_wconf 82' lang='lat' dir='ltr'><strong>K_aroli_fuiss_e</strong></span> <span class='ocrx_word' id='word_1_246' title='bbox 2852 1096 3106 1165; x_wconf 49' lang='lat' dir='ltr'><strong>regni—sub</strong></span> <span class='ocrx_word' id='word_1_247' title='bbox 3131 1096 3405 1165; x_wconf 85' lang='lat' dir='ltr'><strong>primordia</strong></span> <span class='ocrx_word' id='word_1_248' title='bbox 3434 1120 3447 1164; x_wconf 90' lang='lat'><strong>;</strong></span> 
     </span>
    </p>
   </div>
   <div class='ocr_carea' id='block_1_42' title="bbox 2308 1159 3446 1215">
    <p class='ocr_par' dir='ltr' id='par_1_42' title="bbox 2308 1159 3446 1215">
     <span class='ocr_line' id='line_1_42' title="bbox 2308 1159 3446 1215; baseline 0.007 -8"><span class='ocrx_word' id='word_1_249' title='bbox 2308 1159 2563 1209; x_wconf 84' lang='lat' dir='ltr'><strong>Ludovico</strong></span> <span class='ocrx_word' id='word_1_250' title='bbox 2588 1159 2929 1215; x_wconf 78' lang='lat' dir='ltr'><strong>triumphante</strong></span> <span class='ocrx_word' id='word_1_251' title='bbox 2950 1163 3056 1211; x_wconf 90' lang='lat' dir='ltr'><strong>dies</strong></span> <span class='ocrx_word' id='word_1_252' title='bbox 3083 1159 3229 1213; x_wconf 74' lang='lat' dir='ltr'><strong>ﬂuxit</strong></span> <span class='ocrx_word' id='word_1_253' title='bbox 3257 1159 3446 1215; x_wconf 71' lang='lat' dir='ltr'><strong>ultima.</strong></span> 
     </span>
    </p>
   </div>
   <div class='ocr_carea' id='block_1_43' title="bbox 2306 1221 3624 1286">
    <p class='ocr_par' dir='ltr' id='par_1_43' title="bbox 2306 1221 3624 1286">
     <span class='ocr_line' id='line_1_43' title="bbox 2306 1221 3624 1286; baseline 0.008 -16"><span class='ocrx_word' id='word_1_254' title='bbox 2306 1221 2509 1286; x_wconf 57' lang='lat' dir='ltr'><strong>Rhenus</strong></span> <span class='ocrx_word' id='word_1_255' title='bbox 2534 1223 2723 1286; x_wconf 89' lang='lat' dir='ltr'><strong>primos</strong></span> <span class='ocrx_word' id='word_1_256' title='bbox 2742 1221 2871 1273; x_wconf 84' lang='lat' dir='ltr'><strong>lavit</strong></span> <span class='ocrx_word' id='word_1_257' title='bbox 2905 1239 3080 1284; x_wconf 87' lang='lat' dir='ltr'><strong>mores,</strong></span> <span class='ocrx_word' id='word_1_258' title='bbox 3112 1228 3283 1276; x_wconf 83' lang='lat' dir='ltr'><strong>alveus</strong></span> <span class='ocrx_word' id='word_1_259' title='bbox 3310 1228 3624 1280; x_wconf 87' lang='lat' dir='ltr'><strong>Germanicus.</strong></span> 
     </span>
    </p>
   </div>
   <div class='ocr_carea' id='block_1_44' title="bbox 2307 1284 3598 1341">
    <p class='ocr_par' dir='ltr' id='par_1_44' title="bbox 2307 1284 3598 1341">
     <span class='ocr_line' id='line_1_44' title="bbox 2307 1284 3598 1341; baseline 0.007 -9"><span class='ocrx_word' id='word_1_260' title='bbox 2307 1284 2432 1333; x_wconf 86' lang='lat' dir='ltr'><strong>Hinc</strong></span> <span class='ocrx_word' id='word_1_261' title='bbox 2456 1284 2668 1334; x_wconf 76' lang='lat' dir='ltr'><strong>nutrivit</strong></span> <span class='ocrx_word' id='word_1_262' title='bbox 2688 1294 2737 1335; x_wconf 88' lang='lat' dir='ltr'><strong>et</strong></span> <span class='ocrx_word' id='word_1_263' title='bbox 2759 1287 3000 1337; x_wconf 87' lang='lat' dir='ltr'><strong>secundos</strong></span> <span class='ocrx_word' id='word_1_264' title='bbox 3033 1289 3175 1341; x_wconf 62' lang='lat' dir='ltr'><strong>Liger</strong></span> <span class='ocrx_word' id='word_1_265' title='bbox 3198 1290 3362 1339; x_wconf 83' lang='lat' dir='ltr'><strong>amnis</strong></span> <span class='ocrx_word' id='word_1_266' title='bbox 3382 1292 3598 1341; x_wconf 84' lang='lat' dir='ltr'><strong>Gallicus.</strong></span> 
     </span>
    </p>
   </div>
   <div class='ocr_carea' id='block_1_45' title="bbox 2305 1345 3602 1409">
    <p class='ocr_par' dir='ltr' id='par_1_45' title="bbox 2305 1345 3602 1409">
     <span class='ocr_line' id='line_1_45' title="bbox 2305 1345 3602 1409; baseline 0.006 -15"><span class='ocrx_word' id='word_1_267' title='bbox 2305 1345 2535 1409; x_wconf 76' lang='lat' dir='ltr'><strong>Sequana</strong></span> <span class='ocrx_word' id='word_1_268' title='bbox 2558 1347 2682 1396; x_wconf 85' lang='lat' dir='ltr'><strong>fovit</strong></span> <span class='ocrx_word' id='word_1_269' title='bbox 2701 1348 2978 1409; x_wconf 85' lang='lat' dir='ltr'><strong>juventam,</strong></span> <span class='ocrx_word' id='word_1_270' title='bbox 3006 1345 3172 1400; x_wconf 80' lang='lat' dir='ltr'><strong>sordes</strong></span> <span class='ocrx_word' id='word_1_271' title='bbox 3195 1353 3398 1401; x_wconf 87' lang='lat' dir='ltr'><strong>sordens</strong></span> <span class='ocrx_word' id='word_1_272' title='bbox 3418 1354 3602 1404; x_wconf 88' lang='lat' dir='ltr'><strong>Vidula.</strong></span> 
     </span>
    </p>
   </div>
   <div class='ocr_carea' id='block_1_46' title="bbox 2302 1406 3482 1475">
    <p class='ocr_par' dir='ltr' id='par_1_46' title="bbox 2302 1406 3482 1475">
     <span class='ocr_line' id='line_1_46' title="bbox 2302 1406 3482 1475; baseline 0.008 -19"><span class='ocrx_word' id='word_1_273' title='bbox 2302 1406 2490 1475; x_wconf 61' lang='grc' dir='ltr'><strong>ξ)ςώεαί</strong></span> <span class='ocrx_word' id='word_1_274' title='bbox 2512 1417 2618 1459; x_wconf 88' lang='lat' dir='ltr'><strong>erat</strong></span> <span class='ocrx_word' id='word_1_275' title='bbox 2643 1406 2780 1475; x_wconf 75' lang='lat' dir='ltr'><strong>urbis</strong></span> <span class='ocrx_word' id='word_1_276' title='bbox 2801 1411 2952 1475; x_wconf 86' lang='lat' dir='ltr'><strong>hujus</strong></span> <span class='ocrx_word' id='word_1_277' title='bbox 2967 1406 3106 1462; x_wconf 86' lang='lat' dir='ltr'><strong>mihi</strong></span> <span class='ocrx_word' id='word_1_278' title='bbox 3128 1421 3275 1465; x_wconf 83' lang='lat' dir='ltr'><strong>natus</strong></span> <span class='ocrx_word' id='word_1_279' title='bbox 3296 1416 3482 1475; x_wconf 88' lang='lat' dir='ltr'><strong>unicus,</strong></span> 
     </span>
    </p>
   </div>
   <div class='ocr_carea' id='block_1_47' title="bbox 2303 1468 3417 1536">
    <p class='ocr_par' dir='ltr' id='par_1_47' title="bbox 2303 1468 3417 1536">
     <span class='ocr_line' id='line_1_47' title="bbox 2303 1468 3417 1536; baseline 0.006 -17"><span class='ocrx_word' id='word_1_280' title='bbox 2303 1468 2448 1536; x_wconf 55' lang='lat' dir='ltr'><strong>idem</strong></span> <span class='ocrx_word' id='word_1_281' title='bbox 2462 1486 2541 1520; x_wconf 90' lang='lat' dir='ltr'><strong>me</strong></span> <span class='ocrx_word' id='word_1_282' title='bbox 2566 1468 2920 1536; x_wconf 82' lang='lat' dir='ltr'><strong>conduxitsibi</strong></span> <span class='ocrx_word' id='word_1_283' title='bbox 2944 1477 3127 1524; x_wconf 85' lang='lat' dir='ltr'><strong>sociam</strong></span> <span class='ocrx_word' id='word_1_284' title='bbox 3150 1475 3417 1536; x_wconf 84' lang='lat' dir='ltr'><strong>laboribus,</strong></span> 
     </span>
    </p>
   </div>
   <div class='ocr_carea' id='block_1_48' title="bbox 2304 1532 3513 1603">
    <p class='ocr_par' dir='ltr' id='par_1_48' title="bbox 2304 1532 3513 1603">
     <span class='ocr_line' id='line_1_48' title="bbox 2304 1532 3513 1603; baseline 0.007 -23"><span class='ocrx_word' id='word_1_285' title='bbox 2304 1532 2593 1603; x_wconf 57' lang='lat' dir='ltr'><strong>Eroximum</strong></span> <span class='ocrx_word' id='word_1_286' title='bbox 2626 1534 2783 1585; x_wconf 84' lang='lat' dir='ltr'><strong>ruina</strong></span> <span class='ocrx_word' id='word_1_287' title='bbox 2808 1535 2969 1585; x_wconf 90' lang='lat' dir='ltr'><strong>locum</strong></span> <span class='ocrx_word' id='word_1_288' title='bbox 2995 1538 3280 1603; x_wconf 75' lang='lat' dir='ltr'><strong>renovandi</strong></span> <span class='ocrx_word' id='word_1_289' title='bbox 3294 1532 3513 1603; x_wconf 80' lang='lat' dir='ltr'><strong>cupidus,</strong></span> 
     </span>
    </p>
   </div>
   <div class='ocr_carea' id='block_1_49' title="bbox 2303 1594 3605 1666">
    <p class='ocr_par' dir='ltr' id='par_1_49' title="bbox 2303 1594 3605 1666">
     <span class='ocr_line' id='line_1_49' title="bbox 2303 1594 3605 1666; baseline 0.005 -23"><span class='ocrx_word' id='word_1_290' title='bbox 2303 1594 2480 1666; x_wconf 62' lang='lat' dir='ltr'><strong>Qecem</strong></span> <span class='ocrx_word' id='word_1_291' title='bbox 2506 1597 2658 1646; x_wconf 83' lang='lat' dir='ltr'><strong>ferme</strong></span> <span class='ocrx_word' id='word_1_292' title='bbox 2680 1612 2840 1661; x_wconf 88' lang='lat' dir='ltr'><strong>nuper</strong></span> <span class='ocrx_word' id='word_1_293' title='bbox 2874 1613 3031 1666; x_wconf 65' lang='lat' dir='ltr'><strong>annos</strong></span> <span class='ocrx_word' id='word_1_294' title='bbox 3053 1600 3312 1666; x_wconf 11' lang='lat' dir='ltr'><strong>simulghic</strong></span> <span class='ocrx_word' id='word_1_295' title='bbox 3332 1594 3605 1666; x_wconf 69' lang='lat' dir='ltr'><strong>peregimus.</strong></span> 
     </span>
    </p>
   </div>
   <div class='ocr_carea' id='block_1_50' title="bbox 2302 1657 3497 1724">
    <p class='ocr_par' dir='ltr' id='par_1_50' title="bbox 2302 1657 3497 1724">
     <span class='ocr_line' id='line_1_50' title="bbox 2302 1657 3497 1724; baseline 0.008 -18"><span class='ocrx_word' id='word_1_296' title='bbox 2302 1657 2408 1724; x_wconf 43' lang='lat' dir='ltr'><strong>libo</strong></span> <span class='ocrx_word' id='word_1_297' title='bbox 2433 1667 2607 1724; x_wconf 72' lang='lat' dir='ltr'><strong>rector,</strong></span> <span class='ocrx_word' id='word_1_298' title='bbox 2633 1674 2721 1723; x_wconf 82' lang='lat' dir='ltr'><strong>ego</strong></span> <span class='ocrx_word' id='word_1_299' title='bbox 2750 1657 2910 1724; x_wconf 63' lang='lat' dir='ltr'><strong>mater</strong></span> <span class='ocrx_word' id='word_1_300' title='bbox 2930 1661 3252 1712; x_wconf 87' lang='lat' dir='ltr'><strong>Himiltrudis</strong></span> <span class='ocrx_word' id='word_1_301' title='bbox 3275 1657 3497 1724; x_wconf 67' lang='lat' dir='ltr'><strong>humilis,</strong></span> 
     </span>
    </p>
   </div>
   <div class='ocr_carea' id='block_1_51' title="bbox 2307 1719 3516 1789">
    <p class='ocr_par' dir='ltr' id='par_1_51' title="bbox 2307 1719 3516 1789">
     <span class='ocr_line' id='line_1_51' title="bbox 2307 1719 3516 1789; baseline 0.007 -21"><span class='ocrx_word' id='word_1_302' title='bbox 2307 1719 2816 1789; x_wconf 39' lang='lat' dir='ltr'><strong>fundamentatsedis</strong></span> <span class='ocrx_word' id='word_1_303' title='bbox 2845 1731 3025 1789; x_wconf 74' lang='lat' dir='ltr'><strong>sancta</strong></span> <span class='ocrx_word' id='word_1_304' title='bbox 3050 1725 3238 1789; x_wconf 88' lang='lat' dir='ltr'><strong>pariter</strong></span> <span class='ocrx_word' id='word_1_305' title='bbox 3258 1719 3516 1785; x_wconf 76' lang='lat' dir='ltr'><strong>ereximus,</strong></span> 
     </span>
    </p>
   </div>
   <div class='ocr_carea' id='block_1_52' title="bbox 2306 1783 3509 1849">
    <p class='ocr_par' dir='ltr' id='par_1_52' title="bbox 2306 1783 3509 1849">
     <span class='ocr_line' id='line_1_52' title="bbox 2306 1783 3509 1849; baseline 0.008 -20"><span class='ocrx_word' id='word_1_306' title='bbox 2306 1783 2402 1849; x_wconf 84' lang='lat' dir='ltr'><strong>l_)eo</strong></span> <span class='ocrx_word' id='word_1_307' title='bbox 2424 1783 2649 1849; x_wconf 82' lang='lat' dir='ltr'><strong>debitum</strong></span> <span class='ocrx_word' id='word_1_308' title='bbox 2672 1784 2891 1833; x_wconf 88' lang='lat' dir='ltr'><strong>laborem</strong></span> <span class='ocrx_word' id='word_1_309' title='bbox 2913 1786 3033 1836; x_wconf 89' lang='lat' dir='ltr'><strong>dum</strong></span> <span class='ocrx_word' id='word_1_310' title='bbox 3050 1783 3254 1849; x_wconf 62' lang='lat' dir='ltr'><strong>gerebat</strong></span> <span class='ocrx_word' id='word_1_311' title='bbox 3278 1783 3509 1849; x_wconf 73' lang='lat' dir='ltr'><strong>pontifex,</strong></span> 
     </span>
    </p>
   </div>
   <div class='ocr_carea' id='block_1_53' title="bbox 2304 1845 3635 1921">
    <p class='ocr_par' dir='ltr' id='par_1_53' title="bbox 2304 1845 3635 1921">
     <span class='ocr_line' id='line_1_53' title="bbox 2304 1845 3635 1921; baseline 0.007 -29"><span class='ocrx_word' id='word_1_312' title='bbox 2304 1845 2456 1921; x_wconf 50' lang='lat' dir='ltr'><strong>fessa</strong></span> <span class='ocrx_word' id='word_1_313' title='bbox 2484 1846 2701 1921; x_wconf 61' lang='lat' dir='ltr'><strong>quietem</strong></span> <span class='ocrx_word' id='word_1_314' title='bbox 2726 1848 3009 1921; x_wconf 63' lang='lat' dir='ltr'><strong>quaerebam</strong></span> <span class='ocrx_word' id='word_1_315' title='bbox 3038 1845 3193 1921; x_wconf 55' lang='lat' dir='ltr'><strong>{ecce</strong></span> <span class='ocrx_word' id='word_1_316' title='bbox 3213 1845 3307 1921; x_wconf 74' lang='lat' dir='ltr'><strong>sub</strong></span> <span class='ocrx_word' id='word_1_317' title='bbox 3330 1852 3423 1921; x_wconf 77' lang='lat' dir='ltr'><strong>hoc</strong></span> <span class='ocrx_word' id='word_1_318' title='bbox 3447 1845 3635 1921; x_wconf 34' lang='lat' dir='ltr'><strong>tumulo.</strong></span> 
     </span>
    </p>
   </div>
   <div class='ocr_carea' id='block_1_54' title="bbox 2303 1907 3671 1978">
    <p class='ocr_par' dir='ltr' id='par_1_54' title="bbox 2303 1907 3671 1978">
     <span class='ocr_line' id='line_1_54' title="bbox 2303 1907 3671 1978; baseline 0.004 -23"><span class='ocrx_word' id='word_1_319' title='bbox 2303 1907 2592 1978; x_wconf 39' lang='lat' dir='ltr'><strong>Quintame</strong></span> <span class='ocrx_word' id='word_1_320' title='bbox 2627 1907 2915 1972; x_wconf 80' lang='lat' dir='ltr'><strong>September</strong></span> <span class='ocrx_word' id='word_1_321' title='bbox 2942 1912 3127 1961; x_wconf 87' lang='lat' dir='ltr'><strong>mensis</strong></span> <span class='ocrx_word' id='word_1_322' title='bbox 3152 1913 3490 1978; x_wconf 63' lang='lat' dir='ltr'><strong>Kalendarum</strong></span> <span class='ocrx_word' id='word_1_323' title='bbox 3511 1913 3671 1978; x_wconf 81' lang='lat' dir='ltr'><strong>rapuit.</strong></span> 
     </span>
    </p>
   </div>
   <div class='ocr_carea' id='block_1_55' title="bbox 2304 1968 3510 2029">
    <p class='ocr_par' dir='ltr' id='par_1_55' title="bbox 2304 1968 3510 2029">
     <span class='ocr_line' id='line_1_55' title="bbox 2304 1968 3510 2029; baseline 0.007 -12"><span class='ocrx_word' id='word_1_324' title='bbox 2304 1972 2343 2018; x_wconf 84' lang='grc' dir='ltr'>υ</span> <span class='ocrx_word' id='word_1_325' title='bbox 2377 1968 2555 2029; x_wconf 85' lang='lat' dir='ltr'><strong>viator,</strong></span> <span class='ocrx_word' id='word_1_326' title='bbox 2582 1968 2877 2021; x_wconf 48' lang='lat' dir='ltr'><strong>esto—cautus</strong></span> <span class='ocrx_word' id='word_1_327' title='bbox 2906 1988 3100 2029; x_wconf 82' lang='lat' dir='ltr'><strong>semper</strong></span> <span class='ocrx_word' id='word_1_328' title='bbox 3128 1975 3192 2023; x_wconf 90' lang='lat' dir='ltr'><strong>ab</strong></span> <span class='ocrx_word' id='word_1_329' title='bbox 3220 1976 3510 2026; x_wconf 86' lang='lat' dir='ltr'><strong>excessibus.</strong></span> 
     </span>
    </p>
   </div>
   <div class='ocr_carea' id='block_1_56' title="bbox 2305 2030 3498 2103">
    <p class='ocr_par' dir='ltr' id='par_1_56' title="bbox 2305 2030 3498 2103">
     <span class='ocr_line' id='line_1_56' title="bbox 2305 2030 3498 2103; baseline 0.007 -24"><span class='ocrx_word' id='word_1_330' title='bbox 2305 2030 2481 2103; x_wconf 55' lang='lat' dir='ltr'><strong>Eateor</strong></span> <span class='ocrx_word' id='word_1_331' title='bbox 2504 2046 2604 2103; x_wconf 75' lang='lat' dir='ltr'><strong>non</strong></span> <span class='ocrx_word' id='word_1_332' title='bbox 2624 2034 2975 2103; x_wconf 83' lang='lat' dir='ltr'><strong>profuisse,__ut</strong></span> <span class='ocrx_word' id='word_1_333' title='bbox 2993 2030 3161 2103; x_wconf 82' lang='lat' dir='ltr'><strong>debui,</strong></span> <span class='ocrx_word' id='word_1_334' title='bbox 3179 2038 3303 2087; x_wconf 83' lang='lat' dir='ltr'><strong>dum</strong></span> <span class='ocrx_word' id='word_1_335' title='bbox 3327 2039 3461 2103; x_wconf 89' lang='lat' dir='ltr'><strong>potui</strong></span> <span class='ocrx_word' id='word_1_336' title='bbox 3487 2054 3498 2087; x_wconf 92' lang='lat'><strong>:</strong></span> 
     </span>
    </p>
   </div>
   <div class='ocr_carea' id='block_1_57' title="bbox 2305 2093 3622 2166">
    <p class='ocr_par' dir='ltr' id='par_1_57' title="bbox 2305 2093 3622 2166">
     <span class='ocr_line' id='line_1_57' title="bbox 2305 2093 3622 2166; baseline 0.005 -22"><span class='ocrx_word' id='word_1_337' title='bbox 2305 2093 2532 2154; x_wconf 88' lang='lat' dir='ltr'><strong>Veniam,</strong></span> <span class='ocrx_word' id='word_1_338' title='bbox 2556 2093 2641 2144; x_wconf 68' lang='lat' dir='ltr'><strong>die</strong></span> <span class='ocrx_word' id='word_1_339' title='bbox 2658 2110 2747 2159; x_wconf 88' lang='lat' dir='ltr'><strong>pro</strong></span> <span class='ocrx_word' id='word_1_340' title='bbox 2776 2097 3013 2157; x_wconf 88' lang='lat' dir='ltr'><strong>vindicta,</strong></span> <span class='ocrx_word' id='word_1_341' title='bbox 3050 2100 3115 2148; x_wconf 89' lang='lat' dir='ltr'><strong>da</strong></span> <span class='ocrx_word' id='word_1_342' title='bbox 3137 2093 3283 2158; x_wconf 86' lang='lat' dir='ltr'><strong>Deus,</strong></span> <span class='ocrx_word' id='word_1_343' title='bbox 3306 2093 3622 2166; x_wconf 72' lang='lat' dir='ltr'><strong>peccantibus.</strong></span> 
     </span>
    </p>
   </div>
   <div class='ocr_carea' id='block_1_58' title="bbox 2316 2195 3797 2276">
    <p class='ocr_par' dir='ltr' id='par_1_58' title="bbox 2316 2195 3797 2276">
     <span class='ocr_line' id='line_1_58' title="bbox 2316 2195 3797 2276; baseline 0.005 -28"><span class='ocrx_word' id='word_1_344' title='bbox 2316 2195 2486 2263; x_wconf 85' lang='lat' dir='ltr'><strong>Hujus</strong></span> <span class='ocrx_word' id='word_1_345' title='bbox 2515 2196 2764 2266; x_wconf 84' lang='lat' dir='ltr'><strong>prasulis</strong></span> <span class='ocrx_word' id='word_1_346' title='bbox 2818 2198 3035 2255; x_wconf 88' lang='lat' dir='ltr'><strong>hortatu</strong></span> <span class='ocrx_word' id='word_1_347' title='bbox 3092 2201 3420 2276; x_wconf 81' lang='lat' dir='ltr'><strong>Halitgarius</strong></span> <span class='ocrx_word' id='word_1_348' title='bbox 3448 2202 3797 2259; x_wconf 79' lang='lat' dir='ltr'><strong>Cameracensis</strong></span> 
     </span>
    </p>
   </div>
   <div class='ocr_carea' id='block_1_59' title="bbox 2243 2287 3796 2365">
    <p class='ocr_par' dir='ltr' id='par_1_59' title="bbox 2243 2287 3796 2365">
     <span class='ocr_line' id='line_1_59' title="bbox 2243 2287 3796 2365; baseline 0.004 -24"><span class='ocrx_word' id='word_1_349' title='bbox 2243 2287 2539 2359; x_wconf 87' lang='lat' dir='ltr'><strong>episcOpus</strong></span> <span class='ocrx_word' id='word_1_350' title='bbox 2565 2304 2659 2344; x_wconf 85' lang='lat' dir='ltr'><strong>sex</strong></span> <span class='ocrx_word' id='word_1_351' title='bbox 2677 2289 2897 2346; x_wconf 91' lang='lat' dir='ltr'><strong>libellos</strong></span> <span class='ocrx_word' id='word_1_352' title='bbox 2915 2292 2988 2346; x_wconf 91' lang='lat' dir='ltr'><strong>De</strong></span> <span class='ocrx_word' id='word_1_353' title='bbox 3020 2294 3281 2349; x_wconf 88' lang='lat' dir='ltr'><strong>remediis</strong></span> <span class='ocrx_word' id='word_1_354' title='bbox 3304 2302 3652 2365; x_wconf 86' lang='lat' dir='ltr'><strong>peccatorum,</strong></span> <span class='ocrx_word' id='word_1_355' title='bbox 3679 2300 3796 2348; x_wconf 89' lang='lat' dir='ltr'><strong>etor-</strong></span> 
     </span>
    </p>
   </div>
   <div class='ocr_carea' id='block_1_60' title="bbox 2244 2376 3795 2454">
    <p class='ocr_par' dir='ltr' id='par_1_60' title="bbox 2244 2376 3795 2454">
     <span class='ocr_line' id='line_1_60' title="bbox 2244 2376 3795 2454; baseline 0.001 -24"><span class='ocrx_word' id='word_1_356' title='bbox 2244 2376 2373 2431; x_wconf 89' lang='lat' dir='ltr'><strong>dine</strong></span> <span class='ocrx_word' id='word_1_357' title='bbox 2406 2377 2735 2445; x_wconf 86' lang='lat' dir='ltr'><strong>veljudiciis</strong></span> <span class='ocrx_word' id='word_1_358' title='bbox 2762 2379 3100 2449; x_wconf 65' lang='lat' dir='ltr'><strong>paenitentia</strong></span> <span class='ocrx_word' id='word_1_359' title='bbox 3152 2382 3495 2454; x_wconf 89' lang='lat' dir='ltr'><strong>conscripsit.</strong></span> <span class='ocrx_word' id='word_1_360' title='bbox 3548 2381 3618 2436; x_wconf 85' lang='lat' dir='ltr'><strong>Ad</strong></span> <span class='ocrx_word' id='word_1_361' title='bbox 3665 2394 3795 2453; x_wconf 89' lang='lat' dir='ltr'><strong>quem</strong></span> 
     </span>
    </p>
   </div>
   <div class='ocr_carea' id='block_1_61' title="bbox 2246 2468 3015 2541">
    <p class='ocr_par' dir='ltr' id='par_1_61' title="bbox 2246 2468 3015 2541">
     <span class='ocr_line' id='line_1_61' title="bbox 2246 2468 3015 2541; baseline 0.003 -20"><span class='ocrx_word' id='word_1_362' title='bbox 2246 2468 2368 2523; x_wconf 88' lang='lat' dir='ltr'><strong>talis</strong></span> <span class='ocrx_word' id='word_1_363' title='bbox 2406 2470 2527 2538; x_wconf 87' lang='lat' dir='ltr'><strong>ejus</strong></span> <span class='ocrx_word' id='word_1_364' title='bbox 2556 2478 2738 2527; x_wconf 80' lang='lat' dir='ltr'><strong>exstat</strong></span> <span class='ocrx_word' id='word_1_365' title='bbox 2763 2472 3015 2541; x_wconf 90' lang='lat' dir='ltr'><strong>epistola.</strong></span> 
     </span>
    </p>
   </div>
   <div class='ocr_carea' id='block_1_62' title="bbox 2318 2561 3795 2622">
    <p class='ocr_par' dir='ltr' id='par_1_62' title="bbox 2318 2561 3795 2622">
     <span class='ocr_line' id='line_1_62' title="bbox 2318 2561 3795 2622; baseline 0.001 -7"><span class='ocrx_word' id='word_1_366' title='bbox 2318 2580 2344 2609; x_wconf 73' lang='grc' dir='ltr'><strong>α</strong></span> <span class='ocrx_word' id='word_1_367' title='bbox 2386 2561 2861 2619; x_wconf 84' lang='lat' dir='ltr'><strong>Reverendissimo</strong></span> <span class='ocrx_word' id='word_1_368' title='bbox 2916 2565 2973 2618; x_wconf 92' lang='lat' dir='ltr'><strong>in</strong></span> <span class='ocrx_word' id='word_1_369' title='bbox 3014 2564 3226 2621; x_wconf 88' lang='lat' dir='ltr'><strong>Christo</strong></span> <span class='ocrx_word' id='word_1_370' title='bbox 3288 2566 3434 2622; x_wconf 86' lang='lat' dir='ltr'><strong>fratri</strong></span> <span class='ocrx_word' id='word_1_371' title='bbox 3474 2582 3538 2622; x_wconf 90' lang='lat' dir='ltr'><strong>ac</strong></span> <span class='ocrx_word' id='word_1_372' title='bbox 3576 2564 3676 2621; x_wconf 89' lang='lat' dir='ltr'><strong>ﬁlio</strong></span> <span class='ocrx_word' id='word_1_373' title='bbox 3712 2564 3795 2618; x_wconf 74' lang='lat' dir='ltr'><strong>lli-</strong></span> 
     </span>
    </p>
   </div>
   <div class='ocr_carea' id='block_1_63' title="bbox 2246 2652 3802 2730">
    <p class='ocr_par' dir='ltr' id='par_1_63' title="bbox 2246 2652 3802 2730">
     <span class='ocr_line' id='line_1_63' title="bbox 2246 2652 3802 2730; baseline 0.003 -26"><span class='ocrx_word' id='word_1_374' title='bbox 2246 2666 2484 2709; x_wconf 78' lang='lat' dir='ltr'><strong>LITGAHIO</strong></span> <span class='ocrx_word' id='word_1_375' title='bbox 2534 2654 2817 2726; x_wconf 90' lang='lat' dir='ltr'><strong>episcopo,</strong></span> <span class='ocrx_word' id='word_1_376' title='bbox 2879 2656 2987 2712; x_wconf 83' lang='lat' dir='ltr'><strong>Eno</strong></span> <span class='ocrx_word' id='word_1_377' title='bbox 3049 2656 3312 2730; x_wconf 85' lang='lat' dir='ltr'><strong>indignus</strong></span> <span class='ocrx_word' id='word_1_378' title='bbox 3367 2652 3643 2730; x_wconf 87' lang='lat' dir='ltr'><strong>episcopus</strong></span> <span class='ocrx_word' id='word_1_379' title='bbox 3686 2653 3802 2710; x_wconf 84' lang='lat' dir='ltr'><strong>salu-</strong></span> 
     </span>
    </p>
   </div>
   <div class='ocr_carea' id='block_1_64' title="bbox 2247 2748 2378 2796">
    <p class='ocr_par' dir='ltr' id='par_1_64' title="bbox 2247 2748 2378 2796">
     <span class='ocr_line' id='line_1_64' title="bbox 2247 2748 2378 2796; baseline 0.008 -1"><span class='ocrx_word' id='word_1_380' title='bbox 2247 2748 2378 2796; x_wconf 89' lang='lat' dir='ltr'><strong>tem.</strong></span> 
     </span>
    </p>
   </div>
   <div class='ocr_carea' id='block_1_65' title="bbox 2328 2834 3803 2910">
    <p class='ocr_par' dir='ltr' id='par_1_65' title="bbox 2328 2834 3803 2910">
     <span class='ocr_line' id='line_1_65' title="bbox 2328 2834 3803 2910; baseline 0.005 -27"><span class='ocrx_word' id='word_1_381' title='bbox 2328 2853 2352 2884; x_wconf 83' lang='lat'>«</span> <span class='ocrx_word' id='word_1_382' title='bbox 2372 2834 2484 2890; x_wconf 85' lang='lat' dir='ltr'><strong>Non</strong></span> <span class='ocrx_word' id='word_1_383' title='bbox 2518 2835 2711 2892; x_wconf 91' lang='lat' dir='ltr'><strong>dubito</strong></span> <span class='ocrx_word' id='word_1_384' title='bbox 2742 2846 2848 2893; x_wconf 85' lang='lat' dir='ltr'><strong>tua</strong></span> <span class='ocrx_word' id='word_1_385' title='bbox 2878 2838 2933 2893; x_wconf 92' lang='lat' dir='ltr'><strong>id</strong></span> <span class='ocrx_word' id='word_1_386' title='bbox 2966 2848 3158 2895; x_wconf 91' lang='lat' dir='ltr'><strong>notum</strong></span> <span class='ocrx_word' id='word_1_387' title='bbox 3199 2856 3326 2895; x_wconf 89' lang='lat' dir='ltr'><strong>esse</strong></span> <span class='ocrx_word' id='word_1_388' title='bbox 3356 2839 3610 2907; x_wconf 88' lang='lat' dir='ltr'><strong>charitati,</strong></span> <span class='ocrx_word' id='word_1_389' title='bbox 3640 2845 3803 2910; x_wconf 83' lang='lat' dir='ltr'><strong>quanta</strong></span> 
     </span>
    </p>
   </div>
   <div class='ocr_carea' id='block_1_66' title="bbox 2250 2921 3802 3002">
    <p class='ocr_par' dir='ltr' id='par_1_66' title="bbox 2250 2921 3802 3002">
     <span class='ocr_line' id='line_1_66' title="bbox 2250 2921 3802 3002; baseline 0.001 -26"><span class='ocrx_word' id='word_1_390' title='bbox 2250 2921 2409 2978; x_wconf 91' lang='lat' dir='ltr'><strong>nobis</strong></span> <span class='ocrx_word' id='word_1_391' title='bbox 2433 2924 2817 2981; x_wconf 86' lang='lat' dir='ltr'><strong>ecclesiastica</strong></span> <span class='ocrx_word' id='word_1_392' title='bbox 2840 2928 3167 3000; x_wconf 84' lang='lat' dir='ltr'><strong>disciplina,</strong></span> <span class='ocrx_word' id='word_1_393' title='bbox 3192 2931 3524 3002; x_wconf 87' lang='lat' dir='ltr'><strong>quantisque</strong></span> <span class='ocrx_word' id='word_1_394' title='bbox 3544 2933 3802 2984; x_wconf 87' lang='lat' dir='ltr'><strong>nostrorum</strong></span> 
     </span>
    </p>
   </div>
   <div class='ocr_carea' id='block_1_67' title="bbox 2249 3014 3807 3097">
    <p class='ocr_par' dir='ltr' id='par_1_67' title="bbox 2249 3014 3807 3097">
     <span class='ocr_line' id='line_1_67' title="bbox 2249 3014 3807 3097; baseline 0.002 -29"><span class='ocrx_word' id='word_1_395' title='bbox 2249 3014 2694 3083; x_wconf 88' lang='lat' dir='ltr'><strong>necessitatibus,</strong></span> <span class='ocrx_word' id='word_1_396' title='bbox 2729 3018 2930 3089; x_wconf 92' lang='lat' dir='ltr'><strong>quibus</strong></span> <span class='ocrx_word' id='word_1_397' title='bbox 2960 3020 3209 3091; x_wconf 90' lang='lat' dir='ltr'><strong>quotidie</strong></span> <span class='ocrx_word' id='word_1_398' title='bbox 3245 3023 3533 3097; x_wconf 83' lang='lat' dir='ltr'><strong>agitamur,</strong></span> <span class='ocrx_word' id='word_1_399' title='bbox 3564 3034 3679 3075; x_wconf 87' lang='lat' dir='ltr'><strong>cura</strong></span> <span class='ocrx_word' id='word_1_400' title='bbox 3701 3031 3807 3071; x_wconf 87' lang='lat' dir='ltr'><strong>con-</strong></span> 
     </span>
    </p>
   </div>
   <div class='ocr_carea' id='block_1_68' title="bbox 530 3103 2142 3191">
    <p class='ocr_par' dir='ltr' id='par_1_68' title="bbox 530 3108 2141 3191">
     <span class='ocr_line' id='line_1_68' title="bbox 530 3108 2141 3191; baseline 0.008 -28"><span class='ocrx_word' id='word_1_401' title='bbox 530 3108 818 3164; x_wconf 92' lang='lat' dir='ltr'><strong>dominum</strong></span> <span class='ocrx_word' id='word_1_402' title='bbox 852 3119 907 3166; x_wconf 89' lang='lat' dir='ltr'><strong>et</strong></span> <span class='ocrx_word' id='word_1_403' title='bbox 929 3113 1178 3169; x_wconf 84' lang='lat' dir='ltr'><strong>ecclesia</strong></span> <span class='ocrx_word' id='word_1_404' title='bbox 1233 3115 1582 3185; x_wconf 90' lang='lat' dir='ltr'><strong>advocatum,</strong></span> <span class='ocrx_word' id='word_1_405' title='bbox 1614 3119 1762 3188; x_wconf 89' lang='lat' dir='ltr'><strong>apud</strong></span> <span class='ocrx_word' id='word_1_406' title='bbox 1786 3119 2006 3188; x_wconf 91' lang='lat' dir='ltr'><strong>judices</strong></span> <span class='ocrx_word' id='word_1_407' title='bbox 2036 3137 2141 3191; x_wconf 86' lang='lat' dir='ltr'><strong>pu-</strong></span> 
     </span>
    </p>
   </div>
   <div class='ocr_carea' id='block_1_69' title="bbox 2245 3103 3803 3191">
    <p class='ocr_par' dir='ltr' id='par_1_69' title="bbox 2245 3103 3803 3180">
     <span class='ocr_line' id='line_1_69' title="bbox 2245 3103 3803 3180; baseline 0.002 -23"><span class='ocrx_word' id='word_1_408' title='bbox 2245 3103 2492 3178; x_wconf 84' lang='lat' dir='ltr'><strong>stringat.</strong></span> <span class='ocrx_word' id='word_1_409' title='bbox 2550 3104 2782 3175; x_wconf 84' lang='lat' dir='ltr'><strong>idcirco,</strong></span> <span class='ocrx_word' id='word_1_410' title='bbox 2841 3116 2902 3162; x_wconf 94' lang='lat' dir='ltr'><strong>ut</strong></span> <span class='ocrx_word' id='word_1_411' title='bbox 2964 3115 3143 3163; x_wconf 90' lang='lat' dir='ltr'><strong>tecum</strong></span> <span class='ocrx_word' id='word_1_412' title='bbox 3227 3111 3460 3180; x_wconf 87' lang='lat' dir='ltr'><strong>contuli,</strong></span> <span class='ocrx_word' id='word_1_413' title='bbox 3516 3126 3577 3165; x_wconf 78' lang='lat' dir='ltr'><strong>ex</strong></span> <span class='ocrx_word' id='word_1_414' title='bbox 3626 3108 3803 3163; x_wconf 88' lang='lat' dir='ltr'><strong>Patrum</strong></span> 
     </span>
    </p>
   </div>
   <div class='ocr_carea' id='block_1_70' title="bbox 532 3199 2147 3275">
    <p class='ocr_par' dir='ltr' id='par_1_70' title="bbox 532 3199 2147 3275">
     <span class='ocr_line' id='line_1_70' title="bbox 532 3199 2147 3275; baseline 0.01 -22"><span class='ocrx_word' id='word_1_415' title='bbox 532 3199 708 3256; x_wconf 82' lang='lat' dir='ltr'><strong>blicos</strong></span> <span class='ocrx_word' id='word_1_416' title='bbox 739 3202 956 3275; x_wconf 77' lang='lat' dir='ltr'><strong>legibus</strong></span> <span class='ocrx_word' id='word_1_417' title='bbox 1001 3206 1343 3263; x_wconf 90' lang='lat' dir='ltr'><strong>evindicatos</strong></span> <span class='ocrx_word' id='word_1_418' title='bbox 1369 3215 1426 3263; x_wconf 91' lang='lat' dir='ltr'><strong>et</strong></span> <span class='ocrx_word' id='word_1_419' title='bbox 1457 3209 1739 3275; x_wconf 91' lang='lat' dir='ltr'><strong>obtentos,</strong></span> <span class='ocrx_word' id='word_1_420' title='bbox 1774 3211 2147 3269; x_wconf 88' lang='lat' dir='ltr'><strong>ecclesiastico</strong></span> 
     </span>
    </p>
   </div>
   <div class='ocr_carea' id='block_1_71' title="bbox 524 3291 2147 3374">
    <p class='ocr_par' dir='ltr' id='par_1_71' title="bbox 524 3291 2147 3374">
     <span class='ocr_line' id='line_1_71' title="bbox 524 3291 2147 3374; baseline 0.007 -29"><span class='ocrx_word' id='word_1_421' title='bbox 524 3291 637 3360; x_wconf 90' lang='lat' dir='ltr'><strong>juri</strong></span> <span class='ocrx_word' id='word_1_422' title='bbox 683 3294 938 3350; x_wconf 89' lang='lat' dir='ltr'><strong>restituit.</strong></span> <span class='ocrx_word' id='word_1_423' title='bbox 974 3298 1246 3362; x_wconf 82' lang='lat' dir='ltr'><strong>Quasdam</strong></span> <span class='ocrx_word' id='word_1_424' title='bbox 1290 3313 1514 3370; x_wconf 91' lang='lat' dir='ltr'><strong>quoque</strong></span> <span class='ocrx_word' id='word_1_425' title='bbox 1564 3314 1651 3353; x_wconf 91' lang='lat' dir='ltr'><strong>res</strong></span> <span class='ocrx_word' id='word_1_426' title='bbox 1675 3299 1946 3367; x_wconf 88' lang='lat' dir='ltr'><strong>ecclesia,</strong></span> <span class='ocrx_word' id='word_1_427' title='bbox 1980 3309 2147 3374; x_wconf 90' lang='lat' dir='ltr'><strong>atque</strong></span> 
     </span>
    </p>
   </div>
   <div class='ocr_carea' id='block_1_72' title="bbox 531 3387 2142 3465">
    <p class='ocr_par' dir='ltr' id='par_1_72' title="bbox 531 3387 2142 3465">
     <span class='ocr_line' id='line_1_72' title="bbox 531 3387 2142 3465; baseline 0.009 -27"><span class='ocrx_word' id='word_1_428' title='bbox 531 3387 830 3459; x_wconf 85' lang='lat' dir='ltr'><strong>mancipia,</strong></span> <span class='ocrx_word' id='word_1_429' title='bbox 852 3406 976 3446; x_wconf 91' lang='lat' dir='ltr'><strong>cum</strong></span> <span class='ocrx_word' id='word_1_430' title='bbox 999 3393 1278 3465; x_wconf 91' lang='lat' dir='ltr'><strong>aliquibus</strong></span> <span class='ocrx_word' id='word_1_431' title='bbox 1307 3396 1559 3465; x_wconf 90' lang='lat' dir='ltr'><strong>personis</strong></span> <span class='ocrx_word' id='word_1_432' title='bbox 1596 3410 1696 3465; x_wconf 89' lang='lat' dir='ltr'><strong>pro</strong></span> <span class='ocrx_word' id='word_1_433' title='bbox 1723 3396 1959 3465; x_wconf 89' lang='lat' dir='ltr'><strong>partium</strong></span> <span class='ocrx_word' id='word_1_434' title='bbox 1988 3411 2142 3452; x_wconf 87' lang='lat' dir='ltr'><strong>com-</strong></span> 
     </span>
    </p>
   </div>
   <div class='ocr_carea' id='block_1_73' title="bbox 531 3474 2143 3555">
    <p class='ocr_par' dir='ltr' id='par_1_73' title="bbox 531 3474 2143 3555">
     <span class='ocr_line' id='line_1_73' title="bbox 531 3474 2143 3555; baseline 0.009 -28"><span class='ocrx_word' id='word_1_435' title='bbox 531 3474 797 3530; x_wconf 88' lang='lat' dir='ltr'><strong>moditate</strong></span> <span class='ocrx_word' id='word_1_436' title='bbox 812 3482 1187 3536; x_wconf 89' lang='lat' dir='ltr'><strong>commutavit.</strong></span> <span class='ocrx_word' id='word_1_437' title='bbox 1221 3482 1327 3537; x_wconf 92' lang='lat' dir='ltr'><strong>Sed</strong></span> <span class='ocrx_word' id='word_1_438' title='bbox 1358 3482 1682 3554; x_wconf 88' lang='lat' dir='ltr'><strong>temporalia</strong></span> <span class='ocrx_word' id='word_1_439' title='bbox 1697 3499 1867 3555; x_wconf 88' lang='lat' dir='ltr'><strong>super</strong></span> <span class='ocrx_word' id='word_1_440' title='bbox 1895 3486 2143 3553; x_wconf 90' lang='lat' dir='ltr'><strong>ejusdem</strong></span> 
     </span>
    </p>
   </div>
   <div class='ocr_carea' id='block_1_74' title="bbox 531 3567 2143 3647">
    <p class='ocr_par' dir='ltr' id='par_1_74' title="bbox 531 3567 2143 3647">
     <span class='ocr_line' id='line_1_74' title="bbox 531 3567 2143 3647; baseline 0.01 -32"><span class='ocrx_word' id='word_1_441' title='bbox 531 3567 1058 3624; x_wconf 85' lang='lat' dir='ltr'><strong>commutationibus</strong></span> <span class='ocrx_word' id='word_1_442' title='bbox 1104 3580 1379 3643; x_wconf 77' lang='lat' dir='ltr'><strong>praecepta</strong></span> <span class='ocrx_word' id='word_1_443' title='bbox 1419 3573 1661 3629; x_wconf 90' lang='lat' dir='ltr'><strong>obtinuit</strong></span> <span class='ocrx_word' id='word_1_444' title='bbox 1705 3574 1783 3629; x_wconf 87' lang='lat' dir='ltr'><strong>Ab</strong></span> <span class='ocrx_word' id='word_1_445' title='bbox 1813 3576 2143 3647; x_wconf 85' lang='lat' dir='ltr'><strong>imperatore</strong></span> 
     </span>
    </p>
   </div>
   <div class='ocr_carea' id='block_1_75' title="bbox 530 3656 2145 3743">
    <p class='ocr_par' dir='ltr' id='par_1_75' title="bbox 530 3656 2145 3743">
     <span class='ocr_line' id='line_1_75' title="bbox 530 3656 2145 3743; baseline 0.01 -37"><span class='ocrx_word' id='word_1_446' title='bbox 530 3666 755 3725; x_wconf 90' lang='lat' dir='ltr'><strong>quoque</strong></span> <span class='ocrx_word' id='word_1_447' title='bbox 786 3656 1061 3715; x_wconf 85' lang='lat' dir='ltr'><strong>Ludovico</strong></span> <span class='ocrx_word' id='word_1_448' title='bbox 1090 3659 1299 3717; x_wconf 89' lang='lat' dir='ltr'><strong>litteras</strong></span> <span class='ocrx_word' id='word_1_449' title='bbox 1326 3662 1397 3717; x_wconf 89' lang='lat' dir='ltr'><strong>ad</strong></span> <span class='ocrx_word' id='word_1_450' title='bbox 1428 3663 1725 3719; x_wconf 80' lang='lat' dir='ltr'><strong>Hobertum</strong></span> <span class='ocrx_word' id='word_1_451' title='bbox 1757 3665 2014 3743; x_wconf 88' lang='lat' dir='ltr'><strong>comitem</strong></span> <span class='ocrx_word' id='word_1_452' title='bbox 2048 3681 2145 3738; x_wconf 90' lang='lat' dir='ltr'><strong>pro</strong></span> 
     </span>
    </p>
   </div>
   <div class='ocr_carea' id='block_1_76' title="bbox 531 3746 2140 3833">
    <p class='ocr_par' dir='ltr' id='par_1_76' title="bbox 531 3746 2140 3833">
     <span class='ocr_line' id='line_1_76' title="bbox 531 3746 2140 3833; baseline 0.011 -34"><span class='ocrx_word' id='word_1_453' title='bbox 531 3746 1026 3808; x_wconf 87' lang='lat' dir='ltr'><strong>ecclesiasticarum</strong></span> <span class='ocrx_word' id='word_1_454' title='bbox 1080 3771 1261 3811; x_wconf 90' lang='lat' dir='ltr'><strong>rerum</strong></span> <span class='ocrx_word' id='word_1_455' title='bbox 1317 3757 1642 3814; x_wconf 88' lang='lat' dir='ltr'><strong>defensione</strong></span> <span class='ocrx_word' id='word_1_456' title='bbox 1700 3764 1863 3832; x_wconf 90' lang='lat' dir='ltr'><strong>(quas</strong></span> <span class='ocrx_word' id='word_1_457' title='bbox 1917 3761 2140 3833; x_wconf 89' lang='lat' dir='ltr'><strong>quidam</strong></span> 
     </span>
    </p>
   </div>
   <div class='ocr_carea' id='block_1_77' title="bbox 533 3835 2143 3917">
    <p class='ocr_par' dir='ltr' id='par_1_77' title="bbox 533 3835 2143 3917">
     <span class='ocr_line' id='line_1_77' title="bbox 533 3835 2143 3917; baseline 0.011 -30"><span class='ocrx_word' id='word_1_458' title='bbox 533 3835 835 3903; x_wconf 89' lang='lat' dir='ltr'><strong>pervadere</strong></span> <span class='ocrx_word' id='word_1_459' title='bbox 882 3840 1273 3911; x_wconf 87' lang='lat' dir='ltr'><strong>moliebantur)</strong></span> <span class='ocrx_word' id='word_1_460' title='bbox 1337 3845 1665 3917; x_wconf 89' lang='lat' dir='ltr'><strong>impetravit.</strong></span> <span class='ocrx_word' id='word_1_461' title='bbox 1712 3846 1969 3905; x_wconf 88' lang='lat' dir='ltr'><strong>Colonias</strong></span> <span class='ocrx_word' id='word_1_462' title='bbox 2015 3866 2143 3905; x_wconf 88' lang='lat' dir='ltr'><strong>vero</strong></span> 
     </span>
    </p>
   </div>
   <div class='ocr_carea' id='block_1_78' title="bbox 536 3928 2144 4010">
    <p class='ocr_par' dir='ltr' id='par_1_78' title="bbox 536 3928 2144 4010">
     <span class='ocr_line' id='line_1_78' title="bbox 536 3928 2144 4010; baseline 0.011 -31"><span class='ocrx_word' id='word_1_463' title='bbox 536 3928 830 3985; x_wconf 90' lang='lat' dir='ltr'><strong>nonnullas</strong></span> <span class='ocrx_word' id='word_1_464' title='bbox 860 3932 1127 4002; x_wconf 83' lang='lat' dir='ltr'><strong>ecclesia,</strong></span> <span class='ocrx_word' id='word_1_465' title='bbox 1160 3937 1450 4009; x_wconf 89' lang='lat' dir='ltr'><strong>descriptis</strong></span> <span class='ocrx_word' id='word_1_466' title='bbox 1466 3955 1565 4010; x_wconf 89' lang='lat' dir='ltr'><strong>per</strong></span> <span class='ocrx_word' id='word_1_467' title='bbox 1590 3946 1846 3997; x_wconf 88' lang='lat' dir='ltr'><strong>strenuos</strong></span> <span class='ocrx_word' id='word_1_468' title='bbox 1874 3941 2020 3997; x_wconf 91' lang='lat' dir='ltr'><strong>viros</strong></span> <span class='ocrx_word' id='word_1_469' title='bbox 2049 3956 2144 3997; x_wconf 85' lang='lat' dir='ltr'><strong>co—</strong></span> 
     </span>
    </p>
   </div>
   <div class='ocr_carea' id='block_1_79' title="bbox 533 4020 1641 4099">
    <p class='ocr_par' dir='ltr' id='par_1_79' title="bbox 533 4020 1641 4099">
     <span class='ocr_line' id='line_1_79' title="bbox 533 4020 1641 4099; baseline 0.008 -25"><span class='ocrx_word' id='word_1_470' title='bbox 533 4020 695 4088; x_wconf 90' lang='lat' dir='ltr'><strong>lonis,</strong></span> <span class='ocrx_word' id='word_1_471' title='bbox 718 4038 1024 4099; x_wconf 89' lang='lat' dir='ltr'><strong>eorumque</strong></span> <span class='ocrx_word' id='word_1_472' title='bbox 1061 4031 1318 4097; x_wconf 87' lang='lat' dir='ltr'><strong>servitiis,</strong></span> <span class='ocrx_word' id='word_1_473' title='bbox 1349 4032 1641 4087; x_wconf 89' lang='lat' dir='ltr'><strong>ordinavit.</strong></span> 
     </span>
    </p>
   </div>
   <div class='ocr_carea' id='block_1_80' title="bbox 599 4108 2145 4193">
    <p class='ocr_par' dir='ltr' id='par_1_80' title="bbox 599 4108 2145 4193">
     <span class='ocr_line' id='line_1_80' title="bbox 599 4108 2145 4193; baseline 0.009 -31"><span class='ocrx_word' id='word_1_474' title='bbox 599 4108 892 4166; x_wconf 84' lang='lat' dir='ltr'><strong>Archivum</strong></span> <span class='ocrx_word' id='word_1_475' title='bbox 924 4114 1172 4172; x_wconf 82' lang='lat' dir='ltr'><strong>ecclesia</strong></span> <span class='ocrx_word' id='word_1_476' title='bbox 1195 4118 1483 4173; x_wconf 90' lang='lat' dir='ltr'><strong>tutissimis</strong></span> <span class='ocrx_word' id='word_1_477' title='bbox 1510 4118 1780 4182; x_wconf 85' lang='lat' dir='ltr'><strong>adiﬁciis,</strong></span> <span class='ocrx_word' id='word_1_478' title='bbox 1807 4132 1933 4175; x_wconf 91' lang='lat' dir='ltr'><strong>cum</strong></span> <span class='ocrx_word' id='word_1_479' title='bbox 1954 4131 2145 4193; x_wconf 86' lang='lat' dir='ltr'><strong>crypta</strong></span> 
     </span>
    </p>
   </div>
   <div class='ocr_carea' id='block_1_81' title="bbox 533 4198 2141 4286">
    <p class='ocr_par' dir='ltr' id='par_1_81' title="bbox 533 4198 2141 4286">
     <span class='ocr_line' id='line_1_81' title="bbox 533 4198 2141 4286; baseline 0.012 -34"><span class='ocrx_word' id='word_1_480' title='bbox 533 4198 589 4253; x_wconf 92' lang='lat' dir='ltr'><strong>in</strong></span> <span class='ocrx_word' id='word_1_481' title='bbox 617 4200 824 4257; x_wconf 86' lang='lat' dir='ltr'><strong>honore</strong></span> <span class='ocrx_word' id='word_1_482' title='bbox 872 4209 1047 4263; x_wconf 87' lang='lat' dir='ltr'><strong>sancti</strong></span> <span class='ocrx_word' id='word_1_483' title='bbox 1106 4209 1268 4280; x_wconf 86' lang='lat' dir='ltr'><strong>Petri,</strong></span> <span class='ocrx_word' id='word_1_484' title='bbox 1326 4213 1688 4284; x_wconf 91' lang='lat' dir='ltr'><strong>omniumque</strong></span> <span class='ocrx_word' id='word_1_485' title='bbox 1739 4217 2141 4286; x_wconf 87' lang='lat' dir='ltr'><strong>apostolorum,</strong></span> 
     </span>
    </p>
   </div>
   <div class='ocr_carea' id='block_1_82' title="bbox 484 4297 2140 4376">
    <p class='ocr_par' dir='ltr' id='par_1_82' title="bbox 484 4297 2140 4376">
     <span class='ocr_line' id='line_1_82' title="bbox 484 4297 2140 4376; baseline 0.009 -34"><span class='ocrx_word' id='word_1_486' title='bbox 484 4314 489 4317; x_wconf 87' lang='grc'><strong>-</strong></span> <span class='ocrx_word' id='word_1_487' title='bbox 533 4300 850 4362; x_wconf 83' lang='lat' dir='ltr'><strong>martyrum,</strong></span> <span class='ocrx_word' id='word_1_488' title='bbox 878 4297 1279 4368; x_wconf 87' lang='lat' dir='ltr'><strong>confessorum,</strong></span> <span class='ocrx_word' id='word_1_489' title='bbox 1337 4317 1402 4356; x_wconf 90' lang='lat' dir='ltr'><strong>ac</strong></span> <span class='ocrx_word' id='word_1_490' title='bbox 1443 4302 1715 4376; x_wconf 79' lang='lat' dir='ltr'><strong>virginum</strong></span> <span class='ocrx_word' id='word_1_491' title='bbox 1748 4303 2022 4370; x_wconf 88' lang='lat' dir='ltr'><strong>dedicata,</strong></span> <span class='ocrx_word' id='word_1_492' title='bbox 2046 4303 2140 4358; x_wconf 91' lang='lat' dir='ltr'><strong>ubi</strong></span> 
     </span>
    </p>
   </div>
   <div class='ocr_carea' id='block_1_83' title="bbox 532 4379 2147 4460">
    <p class='ocr_par' dir='ltr' id='par_1_83' title="bbox 532 4379 2147 4460">
     <span class='ocr_line' id='line_1_83' title="bbox 532 4379 2147 4460; baseline 0.007 -26"><span class='ocrx_word' id='word_1_493' title='bbox 532 4379 644 4436; x_wconf 88' lang='lat' dir='ltr'><strong>Deo</strong></span> <span class='ocrx_word' id='word_1_494' title='bbox 673 4382 914 4454; x_wconf 90' lang='lat' dir='ltr'><strong>propitio</strong></span> <span class='ocrx_word' id='word_1_495' title='bbox 940 4386 1217 4443; x_wconf 88' lang='lat' dir='ltr'><strong>deservire</strong></span> <span class='ocrx_word' id='word_1_496' title='bbox 1261 4389 1531 4457; x_wconf 88' lang='lat' dir='ltr'><strong>videmur,</strong></span> <span class='ocrx_word' id='word_1_497' title='bbox 1560 4406 1731 4460; x_wconf 88' lang='lat' dir='ltr'><strong>opere</strong></span> <span class='ocrx_word' id='word_1_498' title='bbox 1759 4391 1979 4447; x_wconf 89' lang='lat' dir='ltr'><strong>decenti</strong></span> <span class='ocrx_word' id='word_1_499' title='bbox 2009 4408 2147 4449; x_wconf 89' lang='lat' dir='ltr'><strong>con-</strong></span> 
     </span>
    </p>
   </div>
   <div class='ocr_carea' id='block_1_84' title="bbox 2249 3194 3807 3274">
    <p class='ocr_par' dir='ltr' id='par_1_84' title="bbox 2249 3194 3807 3274">
     <span class='ocr_line' id='line_1_84' title="bbox 2249 3194 3807 3274; baseline 0.002 -25"><span class='ocrx_word' id='word_1_500' title='bbox 2249 3194 2432 3262; x_wconf 91' lang='lat' dir='ltr'><strong>dictis,</strong></span> <span class='ocrx_word' id='word_1_501' title='bbox 2452 3212 2839 3270; x_wconf 90' lang='lat' dir='ltr'><strong>canonumque</strong></span> <span class='ocrx_word' id='word_1_502' title='bbox 2895 3201 3185 3256; x_wconf 90' lang='lat' dir='ltr'><strong>sententiis</strong></span> <span class='ocrx_word' id='word_1_503' title='bbox 3208 3202 3277 3257; x_wconf 89' lang='lat' dir='ltr'><strong>ad</strong></span> <span class='ocrx_word' id='word_1_504' title='bbox 3331 3219 3470 3274; x_wconf 90' lang='lat' dir='ltr'><strong>opus</strong></span> <span class='ocrx_word' id='word_1_505' title='bbox 3496 3199 3807 3259; x_wconf 86' lang='lat' dir='ltr'><strong>consacerdo-</strong></span> 
     </span>
    </p>
   </div>
   <div class='ocr_carea' id='block_1_85' title="bbox 2250 3290 3806 3362">
    <p class='ocr_par' dir='ltr' id='par_1_85' title="bbox 2250 3290 3806 3362">
     <span class='ocr_line' id='line_1_85' title="bbox 2250 3290 3806 3362; baseline 0.001 -21"><span class='ocrx_word' id='word_1_506' title='bbox 2250 3292 2362 3341; x_wconf 90' lang='lat' dir='ltr'><strong>tum</strong></span> <span class='ocrx_word' id='word_1_507' title='bbox 2421 3297 2732 3344; x_wconf 91' lang='lat' dir='ltr'><strong>nostrorum</strong></span> <span class='ocrx_word' id='word_1_508' title='bbox 2783 3306 3078 3362; x_wconf 88' lang='lat' dir='ltr'><strong>excerpere</strong></span> <span class='ocrx_word' id='word_1_509' title='bbox 3145 3292 3574 3350; x_wconf 87' lang='lat' dir='ltr'><strong>Panitentialem</strong></span> <span class='ocrx_word' id='word_1_510' title='bbox 3622 3290 3806 3347; x_wconf 88' lang='lat' dir='ltr'><strong>minime</strong></span> 
     </span>
    </p>
   </div>
   <div class='ocr_carea' id='block_1_86' title="bbox 2248 3378 3808 3458">
    <p class='ocr_par' dir='ltr' id='par_1_86' title="bbox 2248 3378 3808 3458">
     <span class='ocr_line' id='line_1_86' title="bbox 2248 3378 3808 3458; baseline 0.003 -26"><span class='ocrx_word' id='word_1_511' title='bbox 2248 3378 2414 3445; x_wconf 89' lang='lat' dir='ltr'><strong>valui,</strong></span> <span class='ocrx_word' id='word_1_512' title='bbox 2448 3380 2579 3451; x_wconf 89' lang='lat' dir='ltr'><strong>quia</strong></span> <span class='ocrx_word' id='word_1_513' title='bbox 2596 3382 2813 3437; x_wconf 89' lang='lat' dir='ltr'><strong>animus</strong></span> <span class='ocrx_word' id='word_1_514' title='bbox 2833 3399 2958 3438; x_wconf 91' lang='lat' dir='ltr'><strong>cum</strong></span> <span class='ocrx_word' id='word_1_515' title='bbox 2977 3384 3241 3440; x_wconf 90' lang='lat' dir='ltr'><strong>dividitur</strong></span> <span class='ocrx_word' id='word_1_516' title='bbox 3260 3403 3364 3458; x_wconf 89' lang='lat' dir='ltr'><strong>per</strong></span> <span class='ocrx_word' id='word_1_517' title='bbox 3382 3388 3563 3453; x_wconf 88' lang='lat' dir='ltr'><strong>multa,</strong></span> <span class='ocrx_word' id='word_1_518' title='bbox 3589 3386 3641 3440; x_wconf 85' lang='lat' dir='ltr'><strong>lit</strong></span> <span class='ocrx_word' id='word_1_519' title='bbox 3662 3384 3808 3439; x_wconf 87' lang='lat' dir='ltr'><strong>minor</strong></span> 
     </span>
    </p>
   </div>
   <div class='ocr_carea' id='block_1_87' title="bbox 2249 3469 3808 3545">
    <p class='ocr_par' dir='ltr' id='par_1_87' title="bbox 2249 3469 3808 3545">
     <span class='ocr_line' id='line_1_87' title="bbox 2249 3469 3808 3545; baseline 0.003 -24"><span class='ocrx_word' id='word_1_520' title='bbox 2249 3469 2317 3521; x_wconf 91' lang='lat' dir='ltr'><strong>ad</strong></span> <span class='ocrx_word' id='word_1_521' title='bbox 2347 3469 2581 3545; x_wconf 84' lang='lat' dir='ltr'><strong>singula.</strong></span> <span class='ocrx_word' id='word_1_522' title='bbox 2619 3471 2682 3525; x_wconf 89' lang='lat' dir='ltr'><strong>Et</strong></span> <span class='ocrx_word' id='word_1_523' title='bbox 2712 3472 2818 3527; x_wconf 93' lang='lat' dir='ltr'><strong>hoc</strong></span> <span class='ocrx_word' id='word_1_524' title='bbox 2846 3480 2930 3528; x_wconf 88' lang='lat' dir='ltr'><strong>est</strong></span> <span class='ocrx_word' id='word_1_525' title='bbox 2958 3472 3107 3544; x_wconf 92' lang='lat' dir='ltr'><strong>quod</strong></span> <span class='ocrx_word' id='word_1_526' title='bbox 3138 3474 3195 3529; x_wconf 91' lang='lat' dir='ltr'><strong>in</strong></span> <span class='ocrx_word' id='word_1_527' title='bbox 3227 3476 3333 3532; x_wconf 91' lang='lat' dir='ltr'><strong>hac</strong></span> <span class='ocrx_word' id='word_1_528' title='bbox 3363 3493 3420 3531; x_wconf 89' lang='lat' dir='ltr'><strong>re</strong></span> <span class='ocrx_word' id='word_1_529' title='bbox 3450 3492 3536 3535; x_wconf 87' lang='lat' dir='ltr'><strong>me</strong></span> <span class='ocrx_word' id='word_1_530' title='bbox 3561 3474 3700 3531; x_wconf 83' lang='lat' dir='ltr'><strong>valde</strong></span> <span class='ocrx_word' id='word_1_531' title='bbox 3724 3470 3808 3526; x_wconf 85' lang='lat' dir='ltr'><strong>sol-</strong></span> 
     </span>
    </p>
   </div>
   <div class='ocr_carea' id='block_1_88' title="bbox 2248 3561 3809 3641">
    <p class='ocr_par' dir='ltr' id='par_1_88' title="bbox 2248 3561 3809 3641">
     <span class='ocr_line' id='line_1_88' title="bbox 2248 3561 3809 3641; baseline 0.002 -27"><span class='ocrx_word' id='word_1_532' title='bbox 2248 3561 2439 3627; x_wconf 89' lang='lat' dir='ltr'><strong>licitat,</strong></span> <span class='ocrx_word' id='word_1_533' title='bbox 2471 3562 2732 3633; x_wconf 89' lang='lat' dir='ltr'><strong>quoniam</strong></span> <span class='ocrx_word' id='word_1_534' title='bbox 2783 3564 2855 3619; x_wconf 91' lang='lat' dir='ltr'><strong>ita</strong></span> <span class='ocrx_word' id='word_1_535' title='bbox 2909 3566 3140 3623; x_wconf 83' lang='lat' dir='ltr'><strong>confusa</strong></span> <span class='ocrx_word' id='word_1_536' title='bbox 3190 3574 3323 3622; x_wconf 91' lang='lat' dir='ltr'><strong>sunt</strong></span> <span class='ocrx_word' id='word_1_537' title='bbox 3348 3568 3551 3641; x_wconf 89' lang='lat' dir='ltr'><strong>judicia</strong></span> <span class='ocrx_word' id='word_1_538' title='bbox 3577 3564 3809 3639; x_wconf 76' lang='lat' dir='ltr'><strong>pauitan-</strong></span> 
     </span>
    </p>
   </div>
   <div class='ocr_carea' id='block_1_89' title="bbox 2248 3654 3812 3732">
    <p class='ocr_par' dir='ltr' id='par_1_89' title="bbox 2248 3654 3812 3732">
     <span class='ocr_line' id='line_1_89' title="bbox 2248 3654 3812 3732; baseline 0.004 -25"><span class='ocrx_word' id='word_1_539' title='bbox 2248 3654 2382 3708; x_wconf 88' lang='lat' dir='ltr'><strong>tium</strong></span> <span class='ocrx_word' id='word_1_540' title='bbox 2411 3654 2465 3707; x_wconf 91' lang='lat' dir='ltr'><strong>in</strong></span> <span class='ocrx_word' id='word_1_541' title='bbox 2524 3655 2970 3726; x_wconf 81' lang='lat' dir='ltr'><strong>presbyterorum</strong></span> <span class='ocrx_word' id='word_1_542' title='bbox 3020 3668 3338 3715; x_wconf 88' lang='lat' dir='ltr'><strong>nostrorum</strong></span> <span class='ocrx_word' id='word_1_543' title='bbox 3369 3659 3655 3732; x_wconf 87' lang='lat' dir='ltr'><strong>opusculis,</strong></span> <span class='ocrx_word' id='word_1_544' title='bbox 3681 3664 3812 3727; x_wconf 83' lang='lat' dir='ltr'><strong>atque</strong></span> 
     </span>
    </p>
   </div>
   <div class='ocr_carea' id='block_1_90' title="bbox 2247 3745 3814 3821">
    <p class='ocr_par' dir='ltr' id='par_1_90' title="bbox 2247 3745 3814 3821">
     <span class='ocr_line' id='line_1_90' title="bbox 2247 3745 3814 3821; baseline 0.002 -23"><span class='ocrx_word' id='word_1_545' title='bbox 2247 3745 2481 3811; x_wconf 90' lang='lat' dir='ltr'><strong>diversa,</strong></span> <span class='ocrx_word' id='word_1_546' title='bbox 2516 3753 2571 3801; x_wconf 91' lang='lat' dir='ltr'><strong>et</strong></span> <span class='ocrx_word' id='word_1_547' title='bbox 2596 3747 2740 3802; x_wconf 86' lang='lat' dir='ltr'><strong>inter</strong></span> <span class='ocrx_word' id='word_1_548' title='bbox 2791 3765 2851 3804; x_wconf 89' lang='lat' dir='ltr'><strong>se</strong></span> <span class='ocrx_word' id='word_1_549' title='bbox 2896 3749 3289 3821; x_wconf 89' lang='lat' dir='ltr'><strong>discrepantia,</strong></span> <span class='ocrx_word' id='word_1_550' title='bbox 3325 3762 3381 3808; x_wconf 91' lang='lat' dir='ltr'><strong>et</strong></span> <span class='ocrx_word' id='word_1_551' title='bbox 3412 3752 3609 3807; x_wconf 90' lang='lat' dir='ltr'><strong>nullius</strong></span> <span class='ocrx_word' id='word_1_552' title='bbox 3659 3755 3814 3804; x_wconf 86' lang='lat' dir='ltr'><strong>aucto-</strong></span> 
     </span>
    </p>
   </div>
   <div class='ocr_carea' id='block_1_91' title="bbox 2247 3836 3816 3914">
    <p class='ocr_par' dir='ltr' id='par_1_91' title="bbox 2247 3836 3816 3914">
     <span class='ocr_line' id='line_1_91' title="bbox 2247 3836 3816 3914; baseline 0.002 -23"><span class='ocrx_word' id='word_1_553' title='bbox 2247 3836 2403 3892; x_wconf 89' lang='lat' dir='ltr'><strong>ritate</strong></span> <span class='ocrx_word' id='word_1_554' title='bbox 2432 3836 2673 3906; x_wconf 79' lang='lat' dir='ltr'><strong>suﬂulta,</strong></span> <span class='ocrx_word' id='word_1_555' title='bbox 2707 3848 2767 3896; x_wconf 91' lang='lat' dir='ltr'><strong>ut</strong></span> <span class='ocrx_word' id='word_1_556' title='bbox 2821 3842 2906 3896; x_wconf 90' lang='lat' dir='ltr'><strong>vix</strong></span> <span class='ocrx_word' id='word_1_557' title='bbox 2969 3852 3194 3914; x_wconf 89' lang='lat' dir='ltr'><strong>prepter</strong></span> <span class='ocrx_word' id='word_1_558' title='bbox 3221 3844 3611 3901; x_wconf 90' lang='lat' dir='ltr'><strong>dissonantiam</strong></span> <span class='ocrx_word' id='word_1_559' title='bbox 3639 3838 3816 3911; x_wconf 83' lang='lat' dir='ltr'><strong>possint</strong></span> 
     </span>
    </p>
   </div>
   <div class='ocr_carea' id='block_1_92' title="bbox 2246 3929 3812 3992">
    <p class='ocr_par' dir='ltr' id='par_1_92' title="bbox 2246 3929 3812 3992">
     <span class='ocr_line' id='line_1_92' title="bbox 2246 3929 3812 3992; baseline -0.001 -8"><span class='ocrx_word' id='word_1_560' title='bbox 2246 3929 2501 3985; x_wconf 90' lang='lat' dir='ltr'><strong>discerni.</strong></span> <span class='ocrx_word' id='word_1_561' title='bbox 2540 3931 2692 3987; x_wconf 90' lang='lat' dir='ltr'><strong>Unde</strong></span> <span class='ocrx_word' id='word_1_562' title='bbox 2742 3930 2802 3986; x_wconf 91' lang='lat' dir='ltr'><strong>ﬁt</strong></span> <span class='ocrx_word' id='word_1_563' title='bbox 2855 3939 2915 3987; x_wconf 91' lang='lat' dir='ltr'><strong>ut</strong></span> <span class='ocrx_word' id='word_1_564' title='bbox 2971 3934 3432 3992; x_wconf 89' lang='lat' dir='ltr'><strong>concurrentibus</strong></span> <span class='ocrx_word' id='word_1_565' title='bbox 3458 3935 3526 3990; x_wconf 90' lang='lat' dir='ltr'><strong>ad</strong></span> <span class='ocrx_word' id='word_1_566' title='bbox 3554 3932 3812 3989; x_wconf 85' lang='lat' dir='ltr'><strong>remedium</strong></span> 
     </span>
    </p>
   </div>
   <div class='ocr_carea' id='block_1_93' title="bbox 2246 4019 3812 4095">
    <p class='ocr_par' dir='ltr' id='par_1_93' title="bbox 2246 4019 3812 4095">
     <span class='ocr_line' id='line_1_93' title="bbox 2246 4019 3812 4095; baseline -0.002 -19"><span class='ocrx_word' id='word_1_567' title='bbox 2246 4019 2606 4089; x_wconf 83' lang='lat' dir='ltr'><strong>poenitentia,</strong></span> <span class='ocrx_word' id='word_1_568' title='bbox 2621 4028 2729 4075; x_wconf 91' lang='lat' dir='ltr'><strong>tam</strong></span> <span class='ocrx_word' id='word_1_569' title='bbox 2745 4020 3116 4091; x_wconf 90' lang='lat' dir='ltr'><strong>prolibrorum</strong></span> <span class='ocrx_word' id='word_1_570' title='bbox 3129 4022 3479 4087; x_wconf 88' lang='lat' dir='ltr'><strong>confusione,</strong></span> <span class='ocrx_word' id='word_1_571' title='bbox 3507 4038 3659 4095; x_wconf 89' lang='lat' dir='ltr'><strong>quam</strong></span> <span class='ocrx_word' id='word_1_572' title='bbox 3679 4019 3812 4075; x_wconf 84' lang='lat' dir='ltr'><strong>etiam</strong></span> 
     </span>
    </p>
   </div>
   <div class='ocr_carea' id='block_1_94' title="bbox 2247 4108 3809 4181">
    <p class='ocr_par' dir='ltr' id='par_1_94' title="bbox 2247 4108 3809 4181">
     <span class='ocr_line' id='line_1_94' title="bbox 2247 4108 3809 4181; baseline 0 -20"><span class='ocrx_word' id='word_1_573' title='bbox 2247 4122 2344 4176; x_wconf 88' lang='lat' dir='ltr'><strong>pro</strong></span> <span class='ocrx_word' id='word_1_574' title='bbox 2383 4108 2592 4181; x_wconf 77' lang='lat' dir='ltr'><strong>ingenii</strong></span> <span class='ocrx_word' id='word_1_575' title='bbox 2630 4111 2905 4177; x_wconf 89' lang='lat' dir='ltr'><strong>tarditate,</strong></span> <span class='ocrx_word' id='word_1_576' title='bbox 2949 4112 3263 4168; x_wconf 88' lang='lat' dir='ltr'><strong>nullatenus</strong></span> <span class='ocrx_word' id='word_1_577' title='bbox 3289 4113 3511 4170; x_wconf 87' lang='lat' dir='ltr'><strong>valeant</strong></span> <span class='ocrx_word' id='word_1_578' title='bbox 3535 4109 3809 4168; x_wconf 87' lang='lat' dir='ltr'><strong>subvenire.</strong></span> 
     </span>
    </p>
   </div>
   <div class='ocr_carea' id='block_1_95' title="bbox 2246 4198 3816 4277">
    <p class='ocr_par' dir='ltr' id='par_1_95' title="bbox 2246 4198 3816 4277">
     <span class='ocr_line' id='line_1_95' title="bbox 2246 4198 3816 4277; baseline 0.002 -25"><span class='ocrx_word' id='word_1_579' title='bbox 2246 4198 2605 4270; x_wconf 82' lang='lat' dir='ltr'><strong>Quapmpter,</strong></span> <span class='ocrx_word' id='word_1_580' title='bbox 2660 4203 2979 4260; x_wconf 79' lang='lat' dir='ltr'><strong>charissima</strong></span> <span class='ocrx_word' id='word_1_581' title='bbox 3030 4204 3214 4272; x_wconf 86' lang='lat' dir='ltr'><strong>frater,</strong></span> <span class='ocrx_word' id='word_1_582' title='bbox 3276 4207 3390 4263; x_wconf 89' lang='lat' dir='ltr'><strong>noli</strong></span> <span class='ocrx_word' id='word_1_583' title='bbox 3433 4207 3658 4277; x_wconf 89' lang='lat' dir='ltr'><strong>teipsum</strong></span> <span class='ocrx_word' id='word_1_584' title='bbox 3684 4202 3816 4259; x_wconf 90' lang='lat' dir='ltr'><strong>nobis</strong></span> 
     </span>
    </p>
   </div>
   <div class='ocr_carea' id='block_1_96' title="bbox 2249 4292 3813 4366">
    <p class='ocr_par' dir='ltr' id='par_1_96' title="bbox 2249 4292 3813 4366">
     <span class='ocr_line' id='line_1_96' title="bbox 2249 4292 3813 4366; baseline 0.005 -22"><span class='ocrx_word' id='word_1_585' title='bbox 2249 4305 2470 4363; x_wconf 88' lang='lat' dir='ltr'><strong>negare,</strong></span> <span class='ocrx_word' id='word_1_586' title='bbox 2503 4294 2598 4365; x_wconf 92' lang='lat' dir='ltr'><strong>qui</strong></span> <span class='ocrx_word' id='word_1_587' title='bbox 2620 4310 2841 4366; x_wconf 88' lang='lat' dir='ltr'><strong>semper</strong></span> <span class='ocrx_word' id='word_1_588' title='bbox 2893 4298 2949 4351; x_wconf 92' lang='lat' dir='ltr'><strong>in</strong></span> <span class='ocrx_word' id='word_1_589' title='bbox 2995 4298 3198 4354; x_wconf 91' lang='lat' dir='ltr'><strong>divinis</strong></span> <span class='ocrx_word' id='word_1_590' title='bbox 3227 4301 3442 4359; x_wconf 87' lang='lat' dir='ltr'><strong>ardenti</strong></span> <span class='ocrx_word' id='word_1_591' title='bbox 3473 4292 3813 4360; x_wconf 30' lang='lat' dir='ltr'><strong>animo‘disci—</strong></span> 
     </span>
    </p>
   </div>
   <div class='ocr_carea' id='block_1_97' title="bbox 2250 4379 3816 4458">
    <p class='ocr_par' dir='ltr' id='par_1_97' title="bbox 2250 4379 3816 4458">
     <span class='ocr_line' id='line_1_97' title="bbox 2250 4379 3816 4458; baseline 0.004 -25"><span class='ocrx_word' id='word_1_592' title='bbox 2250 4379 2433 4450; x_wconf 88' lang='lat' dir='ltr'><strong>plinis,</strong></span> <span class='ocrx_word' id='word_1_593' title='bbox 2476 4398 2539 4437; x_wconf 88' lang='lat' dir='ltr'><strong>ac</strong></span> <span class='ocrx_word' id='word_1_594' title='bbox 2567 4385 2754 4440; x_wconf 91' lang='lat' dir='ltr'><strong>solerti</strong></span> <span class='ocrx_word' id='word_1_595' title='bbox 2801 4401 2932 4441; x_wconf 88' lang='lat' dir='ltr'><strong>cura</strong></span> <span class='ocrx_word' id='word_1_596' title='bbox 2951 4386 3353 4458; x_wconf 84' lang='lat' dir='ltr'><strong>Scripturarum</strong></span> <span class='ocrx_word' id='word_1_597' title='bbox 3409 4386 3816 4448; x_wconf 87' lang='lat' dir='ltr'><strong>meditationibus</strong></span> 
     </span>
    </p>
   </div>
   <div class='ocr_carea' id='block_1_98' title="bbox 522 4467 2142 4555">
    <p class='ocr_par' dir='ltr' id='par_1_98' title="bbox 522 4474 2142 4555">
     <span class='ocr_line' id='line_1_98' title="bbox 522 4474 2142 4555; baseline 0.007 -28"><span class='ocrx_word' id='word_1_598' title='bbox 522 4474 727 4530; x_wconf 70' lang='lat' dir='ltr'><strong>struxi:</strong></span> <span class='ocrx_word' id='word_1_599' title='bbox 768 4494 780 4530; x_wconf 92' lang='lat'>:</span> <span class='ocrx_word' id='word_1_600' title='bbox 819 4476 915 4532; x_wconf 93' lang='lat' dir='ltr'><strong>ubi</strong></span> <span class='ocrx_word' id='word_1_601' title='bbox 971 4481 1268 4539; x_wconf 88' lang='lat' dir='ltr'><strong>multorum</strong></span> <span class='ocrx_word' id='word_1_602' title='bbox 1328 4490 1436 4539; x_wconf 85' lang='lat' dir='ltr'><strong>tam</strong></span> <span class='ocrx_word' id='word_1_603' title='bbox 1468 4483 1919 4554; x_wconf 88' lang='lat' dir='ltr'><strong>apostolicorum.</strong></span> <span class='ocrx_word' id='word_1_604' title='bbox 1979 4500 2142 4555; x_wconf 88' lang='lat' dir='ltr'><strong>quam</strong></span> 
     </span>
    </p>
   </div>
   <div class='ocr_carea' id='block_1_99' title="bbox 2245 4467 3817 4555">
    <p class='ocr_par' dir='ltr' id='par_1_99' title="bbox 2245 4467 3817 4550">
     <span class='ocr_line' id='line_1_99' title="bbox 2245 4467 3817 4550; baseline 0.004 -27"><span class='ocrx_word' id='word_1_605' title='bbox 2245 4467 2646 4539; x_wconf 87' lang='lat' dir='ltr'><strong>perfectissimo</strong></span> <span class='ocrx_word' id='word_1_606' title='bbox 2673 4472 2788 4529; x_wconf 91' lang='lat' dir='ltr'><strong>otio</strong></span> <span class='ocrx_word' id='word_1_607' title='bbox 2814 4472 3068 4530; x_wconf 88' lang='lat' dir='ltr'><strong>ﬂoruisti.</strong></span> <span class='ocrx_word' id='word_1_608' title='bbox 3120 4477 3335 4550; x_wconf 80' lang='lat' dir='ltr'><strong>Arripe,</strong></span> <span class='ocrx_word' id='word_1_609' title='bbox 3369 4496 3574 4550; x_wconf 83' lang='lat' dir='ltr'><strong>quaso,</strong></span> <span class='ocrx_word' id='word_1_610' title='bbox 3605 4480 3714 4535; x_wconf 89' lang='lat' dir='ltr'><strong>sine</strong></span> <span class='ocrx_word' id='word_1_611' title='bbox 3737 4493 3817 4531; x_wconf 89' lang='lat' dir='ltr'><strong>ex-</strong></span> 
     </span>
    </p>
   </div>
   <div class='ocr_carea' id='block_1_100' title="bbox 530 4575 2138 4652">
    <p class='ocr_par' dir='ltr' id='par_1_100' title="bbox 530 4575 2138 4652">
     <span class='ocr_line' id='line_1_100' title="bbox 530 4575 2138 4652; baseline 0.004 -31"><span class='ocrx_word' id='word_1_612' title='bbox 530 4575 854 4625; x_wconf 83' lang='lat' dir='ltr'><strong>caterorum</strong></span> <span class='ocrx_word' id='word_1_613' title='bbox 884 4581 1200 4630; x_wconf 89' lang='lat' dir='ltr'><strong>sanctorum</strong></span> <span class='ocrx_word' id='word_1_614' title='bbox 1254 4576 1477 4631; x_wconf 91' lang='lat' dir='ltr'><strong>condita</strong></span> <span class='ocrx_word' id='word_1_615' title='bbox 1510 4576 1741 4652; x_wconf 89' lang='lat' dir='ltr'><strong>pignora</strong></span> <span class='ocrx_word' id='word_1_616' title='bbox 1771 4582 2138 4631; x_wconf 89' lang='lat' dir='ltr'><strong>reservantur.</strong></span> 
     </span>
    </p>
   </div>
   <div class='ocr_carea' id='block_1_101' title="bbox 536 4655 2138 4729">
    <p class='ocr_par' dir='ltr' id='par_1_101' title="bbox 536 4655 2138 4729">
     <span class='ocr_line' id='line_1_101' title="bbox 536 4655 2138 4729; baseline 0.007 -21"><span class='ocrx_word' id='word_1_617' title='bbox 536 4655 595 4709; x_wconf 92' lang='lat' dir='ltr'><strong>ln</strong></span> <span class='ocrx_word' id='word_1_618' title='bbox 615 4673 726 4729; x_wconf 93' lang='lat' dir='ltr'><strong>qua</strong></span> <span class='ocrx_word' id='word_1_619' title='bbox 766 4663 1043 4718; x_wconf 87' lang='lat' dir='ltr'><strong>nonnulla</strong></span> <span class='ocrx_word' id='word_1_620' title='bbox 1089 4664 1481 4721; x_wconf 89' lang='lat' dir='ltr'><strong>illustrationes</strong></span> <span class='ocrx_word' id='word_1_621' title='bbox 1526 4673 1763 4722; x_wconf 82' lang='lat' dir='ltr'><strong>ostensa</strong></span> <span class='ocrx_word' id='word_1_622' title='bbox 1818 4673 2138 4721; x_wconf 89' lang='lat' dir='ltr'><strong>noscuntur.</strong></span> 
     </span>
    </p>
   </div>
   <div class='ocr_carea' id='block_1_102' title="bbox 532 4751 2141 4829">
    <p class='ocr_par' dir='ltr' id='par_1_102' title="bbox 532 4751 2141 4829">
     <span class='ocr_line' id='line_1_102' title="bbox 532 4751 2141 4829; baseline 0.006 -25"><span class='ocrx_word' id='word_1_623' title='bbox 532 4751 652 4807; x_wconf 91' lang='lat' dir='ltr'><strong>Vidi</strong></span> <span class='ocrx_word' id='word_1_624' title='bbox 682 4754 956 4826; x_wconf 89' lang='lat' dir='ltr'><strong>siquidem</strong></span> <span class='ocrx_word' id='word_1_625' title='bbox 991 4758 1274 4814; x_wconf 88' lang='lat' dir='ltr'><strong>nutritoris</strong></span> <span class='ocrx_word' id='word_1_626' title='bbox 1290 4759 1399 4814; x_wconf 90' lang='lat' dir='ltr'><strong>mei</strong></span> <span class='ocrx_word' id='word_1_627' title='bbox 1428 4758 1722 4825; x_wconf 88' lang='lat' dir='ltr'><strong>Gundacri,</strong></span> <span class='ocrx_word' id='word_1_628' title='bbox 1755 4758 1811 4813; x_wconf 91' lang='lat' dir='ltr'><strong>in</strong></span> <span class='ocrx_word' id='word_1_629' title='bbox 1844 4765 2141 4829; x_wconf 91' lang='lat' dir='ltr'><strong>prospectu</strong></span> 
     </span>
    </p>
   </div>
   <div class='ocr_carea' id='block_1_103' title="bbox 532 4843 2142 4916">
    <p class='ocr_par' dir='ltr' id='par_1_103' title="bbox 532 4843 2142 4916">
     <span class='ocr_line' id='line_1_103' title="bbox 532 4843 2142 4916; baseline 0.006 -19"><span class='ocrx_word' id='word_1_630' title='bbox 532 4843 707 4913; x_wconf 91' lang='lat' dir='ltr'><strong>ipsius</strong></span> <span class='ocrx_word' id='word_1_631' title='bbox 734 4847 981 4905; x_wconf 87' lang='lat' dir='ltr'><strong>ecclesia</strong></span> <span class='ocrx_word' id='word_1_632' title='bbox 1032 4851 1454 4916; x_wconf 90' lang='lat' dir='ltr'><strong>commanentis,</strong></span> <span class='ocrx_word' id='word_1_633' title='bbox 1504 4866 1746 4916; x_wconf 85' lang='lat' dir='ltr'><strong>servum,</strong></span> <span class='ocrx_word' id='word_1_634' title='bbox 1772 4850 1905 4905; x_wconf 91' lang='lat' dir='ltr'><strong>dum</strong></span> <span class='ocrx_word' id='word_1_635' title='bbox 1936 4857 2142 4907; x_wconf 87' lang='lat' dir='ltr'><strong>temere</strong></span> 
     </span>
    </p>
   </div>
   <div class='ocr_carea' id='block_1_104' title="bbox 531 4934 2140 5013">
    <p class='ocr_par' dir='ltr' id='par_1_104' title="bbox 531 4934 2140 5013">
     <span class='ocr_line' id='line_1_104' title="bbox 531 4934 2140 5013; baseline 0.004 -26"><span class='ocrx_word' id='word_1_636' title='bbox 531 4947 703 5004; x_wconf 70' lang='lat' dir='ltr'><strong>prope</strong></span> <span class='ocrx_word' id='word_1_637' title='bbox 728 4934 1021 4993; x_wconf 87' lang='lat' dir='ltr'><strong>fenestram</strong></span> <span class='ocrx_word' id='word_1_638' title='bbox 1052 4937 1215 5008; x_wconf 88' lang='lat' dir='ltr'><strong>hujus</strong></span> <span class='ocrx_word' id='word_1_639' title='bbox 1256 4948 1460 5010; x_wconf 86' lang='lat' dir='ltr'><strong>crypta</strong></span> <span class='ocrx_word' id='word_1_640' title='bbox 1516 4937 1838 4995; x_wconf 89' lang='lat' dir='ltr'><strong>accessisset</strong></span> <span class='ocrx_word' id='word_1_641' title='bbox 1866 4937 2140 5013; x_wconf 87' lang='lat' dir='ltr'><strong>mingere,</strong></span> 
     </span>
    </p>
   </div>
   <div class='ocr_carea' id='block_1_105' title="bbox 531 5022 2141 5099">
    <p class='ocr_par' dir='ltr' id='par_1_105' title="bbox 531 5022 2141 5099">
     <span class='ocr_line' id='line_1_105' title="bbox 531 5022 2141 5099; baseline 0.007 -24"><span class='ocrx_word' id='word_1_642' title='bbox 531 5022 763 5078; x_wconf 87' lang='lat' dir='ltr'><strong>terribili</strong></span> <span class='ocrx_word' id='word_1_643' title='bbox 791 5025 1027 5096; x_wconf 88' lang='lat' dir='ltr'><strong>quadam</strong></span> <span class='ocrx_word' id='word_1_644' title='bbox 1080 5028 1239 5099; x_wconf 91' lang='lat' dir='ltr'><strong>quasi</strong></span> <span class='ocrx_word' id='word_1_645' title='bbox 1265 5029 1460 5084; x_wconf 88' lang='lat' dir='ltr'><strong>armati</strong></span> <span class='ocrx_word' id='word_1_646' title='bbox 1489 5029 1775 5099; x_wconf 91' lang='lat' dir='ltr'><strong>cujusdam</strong></span> <span class='ocrx_word' id='word_1_647' title='bbox 1805 5031 1905 5087; x_wconf 88' lang='lat' dir='ltr'><strong>viri</strong></span> <span class='ocrx_word' id='word_1_648' title='bbox 1933 5033 2141 5089; x_wconf 91' lang='lat' dir='ltr'><strong>visione</strong></span> 
     </span>
    </p>
   </div>
   <div class='ocr_carea' id='block_1_106' title="bbox 531 5114 2142 5192">
    <p class='ocr_par' dir='ltr' id='par_1_106' title="bbox 531 5114 2142 5192">
     <span class='ocr_line' id='line_1_106' title="bbox 531 5114 2142 5192; baseline 0.007 -24"><span class='ocrx_word' id='word_1_649' title='bbox 531 5114 605 5169; x_wconf 89' lang='lat' dir='ltr'><strong>ita</strong></span> <span class='ocrx_word' id='word_1_650' title='bbox 629 5114 972 5185; x_wconf 89' lang='lat' dir='ltr'><strong>deterritum,</strong></span> <span class='ocrx_word' id='word_1_651' title='bbox 1000 5126 1065 5174; x_wconf 86' lang='lat' dir='ltr'><strong>&#39;ut</strong></span> <span class='ocrx_word' id='word_1_652' title='bbox 1122 5127 1410 5192; x_wconf 87' lang='lat' dir='ltr'><strong>putaretur</strong></span> <span class='ocrx_word' id='word_1_653' title='bbox 1438 5122 1693 5179; x_wconf 90' lang='lat' dir='ltr'><strong>amittere</strong></span> <span class='ocrx_word' id='word_1_654' title='bbox 1756 5139 1981 5180; x_wconf 90' lang='lat' dir='ltr'><strong>sensum</strong></span> <span class='ocrx_word' id='word_1_655' title='bbox 2036 5124 2142 5180; x_wconf 91' lang='lat' dir='ltr'><strong>Sed</strong></span> 
     </span>
    </p>
   </div>
   <div class='ocr_carea' id='block_1_107' title="bbox 532 5210 2143 5286">
    <p class='ocr_par' dir='ltr' id='par_1_107' title="bbox 532 5210 2143 5286">
     <span class='ocr_line' id='line_1_107' title="bbox 532 5210 2143 5286; baseline 0.007 -23"><span class='ocrx_word' id='word_1_656' title='bbox 532 5217 590 5265; x_wconf 93' lang='lat' dir='ltr'><strong>et</strong></span> <span class='ocrx_word' id='word_1_657' title='bbox 616 5210 925 5285; x_wconf 84' lang='lat' dir='ltr'><strong>Rohingum</strong></span> <span class='ocrx_word' id='word_1_658' title='bbox 947 5215 1265 5285; x_wconf 89' lang='lat' dir='ltr'><strong>quemdam,</strong></span> <span class='ocrx_word' id='word_1_659' title='bbox 1294 5217 1456 5286; x_wconf 88' lang='lat' dir='ltr'><strong>hujus</strong></span> <span class='ocrx_word' id='word_1_660' title='bbox 1472 5218 1578 5273; x_wconf 91' lang='lat' dir='ltr'><strong>loci</strong></span> <span class='ocrx_word' id='word_1_661' title='bbox 1599 5217 1892 5274; x_wconf 91' lang='lat' dir='ltr'><strong>diaconum</strong></span> <span class='ocrx_word' id='word_1_662' title='bbox 1927 5234 1959 5273; x_wconf 90' lang='lat' dir='ltr'><strong>a</strong></span> <span class='ocrx_word' id='word_1_663' title='bbox 1978 5219 2143 5275; x_wconf 90' lang='lat' dir='ltr'><strong>simili</strong></span> 
     </span>
    </p>
   </div>
   <div class='ocr_carea' id='block_1_108' title="bbox 498 5305 2145 5380">
    <p class='ocr_par' dir='ltr' id='par_1_108' title="bbox 498 5305 2145 5380">
     <span class='ocr_line' id='line_1_108' title="bbox 498 5305 2145 5380; baseline 0.004 -21"><span class='ocrx_word' id='word_1_664' title='bbox 498 5305 962 5376; x_wconf 81' lang='lat' dir='ltr'><strong>-prasumptione</strong></span> <span class='ocrx_word' id='word_1_665' title='bbox 994 5310 1109 5380; x_wconf 90' lang='lat' dir='ltr'><strong>pari</strong></span> <span class='ocrx_word' id='word_1_666' title='bbox 1163 5309 1345 5366; x_wconf 88' lang='lat' dir='ltr'><strong>ferunt</strong></span> <span class='ocrx_word' id='word_1_667' title='bbox 1369 5310 1581 5368; x_wconf 90' lang='lat' dir='ltr'><strong>visione</strong></span> <span class='ocrx_word' id='word_1_668' title='bbox 1619 5311 1944 5368; x_wconf 89' lang='lat' dir='ltr'><strong>cohibitum.</strong></span> <span class='ocrx_word' id='word_1_669' title='bbox 1990 5311 2145 5367; x_wconf 91' lang='lat' dir='ltr'><strong>Unde</strong></span> 
     </span>
    </p>
   </div>
   <div class='ocr_carea' id='block_1_109' title="bbox 533 5395 2142 5473">
    <p class='ocr_par' dir='ltr' id='par_1_109' title="bbox 533 5395 2142 5473">
     <span class='ocr_line' id='line_1_109' title="bbox 533 5395 2142 5473; baseline 0.003 -21"><span class='ocrx_word' id='word_1_670' title='bbox 533 5400 755 5452; x_wconf 86' lang='lat' dir='ltr'><strong>cautum</strong></span> <span class='ocrx_word' id='word_1_671' title='bbox 779 5395 1046 5469; x_wconf 89' lang='lat' dir='ltr'><strong>deinceps</strong></span> <span class='ocrx_word' id='word_1_672' title='bbox 1072 5414 1136 5454; x_wconf 91' lang='lat' dir='ltr'><strong>ac</strong></span> <span class='ocrx_word' id='word_1_673' title='bbox 1165 5398 1528 5469; x_wconf 89' lang='lat' dir='ltr'><strong>prohibitum,</strong></span> <span class='ocrx_word' id='word_1_674' title='bbox 1552 5415 1620 5456; x_wconf 91' lang='lat' dir='ltr'><strong>ne</strong></span> <span class='ocrx_word' id='word_1_675' title='bbox 1647 5401 1773 5473; x_wconf 90' lang='lat' dir='ltr'><strong>quis</strong></span> <span class='ocrx_word' id='word_1_676' title='bbox 1802 5401 1966 5457; x_wconf 86' lang='lat' dir='ltr'><strong>talem</strong></span> <span class='ocrx_word' id='word_1_677' title='bbox 2000 5416 2142 5472; x_wconf 80' lang='lat' dir='ltr'><strong>pra-</strong></span> 
     </span>
    </p>
   </div>
   <div class='ocr_carea' id='block_1_110' title="bbox 536 5487 1213 5561">
    <p class='ocr_par' dir='ltr' id='par_1_110' title="bbox 536 5487 1213 5561">
     <span class='ocr_line' id='line_1_110' title="bbox 536 5487 1213 5561; baseline 0 -20"><span class='ocrx_word' id='word_1_678' title='bbox 536 5499 755 5541; x_wconf 88' lang='lat' dir='ltr'><strong>sumere</strong></span> <span class='ocrx_word' id='word_1_679' title='bbox 771 5487 973 5561; x_wconf 87' lang='lat' dir='ltr'><strong>gestiat</strong></span> <span class='ocrx_word' id='word_1_680' title='bbox 998 5504 1213 5543; x_wconf 91' lang='lat' dir='ltr'><strong>ausum.</strong></span> 
     </span>
    </p>
   </div>
   <div class='ocr_carea' id='block_1_111' title="bbox 612 5576 2149 5651">
    <p class='ocr_par' dir='ltr' id='par_1_111' title="bbox 612 5576 2149 5651">
     <span class='ocr_line' id='line_1_111' title="bbox 612 5576 2149 5651; baseline 0.003 -20"><span class='ocrx_word' id='word_1_681' title='bbox 612 5576 782 5646; x_wconf 84' lang='lat' dir='ltr'><strong>Hujus</strong></span> <span class='ocrx_word' id='word_1_682' title='bbox 809 5576 1057 5633; x_wconf 86' lang='lat' dir='ltr'><strong>ecclesia</strong></span> <span class='ocrx_word' id='word_1_683' title='bbox 1106 5576 1462 5650; x_wconf 89' lang='lat' dir='ltr'><strong>pinuaculum</strong></span> <span class='ocrx_word' id='word_1_684' title='bbox 1506 5577 1672 5634; x_wconf 87' lang='lat' dir='ltr'><strong>talem</strong></span> <span class='ocrx_word' id='word_1_685' title='bbox 1729 5578 1946 5635; x_wconf 90' lang='lat' dir='ltr'><strong>videtur</strong></span> <span class='ocrx_word' id='word_1_686' title='bbox 2008 5594 2149 5651; x_wconf 85' lang='lat' dir='ltr'><strong>pra-</strong></span> 
     </span>
    </p>
   </div>
   <div class='ocr_carea' id='block_1_112' title="bbox 2243 4562 3817 4641">
    <p class='ocr_par' dir='ltr' id='par_1_112' title="bbox 2243 4562 3817 4641">
     <span class='ocr_line' id='line_1_112' title="bbox 2243 4562 3817 4641; baseline 0.006 -26"><span class='ocrx_word' id='word_1_687' title='bbox 2243 4562 2545 4617; x_wconf 89' lang='lat' dir='ltr'><strong>cusationis</strong></span> <span class='ocrx_word' id='word_1_688' title='bbox 2573 4563 2763 4632; x_wconf 90' lang='lat' dir='ltr'><strong>verbo,</strong></span> <span class='ocrx_word' id='word_1_689' title='bbox 2820 4566 2985 4638; x_wconf 89' lang='lat' dir='ltr'><strong>hujus</strong></span> <span class='ocrx_word' id='word_1_690' title='bbox 3013 4569 3242 4625; x_wconf 77' lang='lat' dir='ltr'><strong>semina</strong></span> <span class='ocrx_word' id='word_1_691' title='bbox 3291 4573 3510 4641; x_wconf 90' lang='lat' dir='ltr'><strong>pondus</strong></span> <span class='ocrx_word' id='word_1_692' title='bbox 3553 4588 3584 4627; x_wconf 90' lang='lat' dir='ltr'><strong>a</strong></span> <span class='ocrx_word' id='word_1_693' title='bbox 3610 4586 3691 4626; x_wconf 88' lang='lat' dir='ltr'><strong>me</strong></span> <span class='ocrx_word' id='word_1_694' title='bbox 3717 4567 3817 4641; x_wconf 89' lang='lat' dir='ltr'><strong>qui—</strong></span> 
     </span>
    </p>
   </div>
   <div class='ocr_carea' id='block_1_113' title="bbox 2243 4649 3818 4733">
    <p class='ocr_par' dir='ltr' id='par_1_113' title="bbox 2243 4649 3818 4733">
     <span class='ocr_line' id='line_1_113' title="bbox 2243 4649 3818 4733; baseline 0.006 -30"><span class='ocrx_word' id='word_1_695' title='bbox 2243 4649 2369 4705; x_wconf 89' lang='lat' dir='ltr'><strong>dem</strong></span> <span class='ocrx_word' id='word_1_696' title='bbox 2396 4651 2497 4708; x_wconf 92' lang='lat' dir='ltr'><strong>tibi</strong></span> <span class='ocrx_word' id='word_1_697' title='bbox 2542 4653 2883 4725; x_wconf 91' lang='lat' dir='ltr'><strong>impositum,</strong></span> <span class='ocrx_word' id='word_1_698' title='bbox 2928 4657 3027 4712; x_wconf 90' lang='lat' dir='ltr'><strong>sed</strong></span> <span class='ocrx_word' id='word_1_699' title='bbox 3058 4673 3091 4712; x_wconf 88' lang='lat' dir='ltr'><strong>a</strong></span> <span class='ocrx_word' id='word_1_700' title='bbox 3121 4659 3350 4717; x_wconf 91' lang='lat' dir='ltr'><strong>Domino</strong></span> <span class='ocrx_word' id='word_1_701' title='bbox 3380 4664 3541 4733; x_wconf 90' lang='lat' dir='ltr'><strong>cujus</strong></span> <span class='ocrx_word' id='word_1_702' title='bbox 3567 4678 3696 4719; x_wconf 93' lang='lat' dir='ltr'><strong>onus</strong></span> <span class='ocrx_word' id='word_1_703' title='bbox 3721 4662 3818 4716; x_wconf 88' lang='lat' dir='ltr'><strong>leve</strong></span> 
     </span>
    </p>
   </div>
   <div class='ocr_carea' id='block_1_114' title="bbox 2243 4743 3819 4823">
    <p class='ocr_par' dir='ltr' id='par_1_114' title="bbox 2243 4743 3819 4823">
     <span class='ocr_line' id='line_1_114' title="bbox 2243 4743 3819 4823; baseline 0.006 -30"><span class='ocrx_word' id='word_1_704' title='bbox 2243 4749 2347 4807; x_wconf 88' lang='lat' dir='ltr'><strong>est,</strong></span> <span class='ocrx_word' id='word_1_705' title='bbox 2378 4743 2591 4805; x_wconf 84' lang='lat' dir='ltr'><strong>(Matth.</strong></span> <span class='ocrx_word' id='word_1_706' title='bbox 2616 4748 2714 4813; x_wconf 83' lang='grc' dir='ltr'><strong>χι),</strong></span> <span class='ocrx_word' id='word_1_707' title='bbox 2745 4745 3118 4820; x_wconf 84' lang='lat' dir='ltr'><strong>levigandum.</strong></span> <span class='ocrx_word' id='word_1_708' title='bbox 3148 4749 3267 4807; x_wconf 88' lang='lat' dir='ltr'><strong>Noli</strong></span> <span class='ocrx_word' id='word_1_709' title='bbox 3298 4752 3510 4816; x_wconf 88' lang='lat' dir='ltr'><strong>timere,</strong></span> <span class='ocrx_word' id='word_1_710' title='bbox 3540 4766 3706 4823; x_wconf 90' lang='lat' dir='ltr'><strong>neque</strong></span> <span class='ocrx_word' id='word_1_711' title='bbox 3729 4748 3819 4804; x_wconf 87' lang='lat' dir='ltr'><strong>for-</strong></span> 
     </span>
    </p>
   </div>
   <div class='ocr_carea' id='block_1_115' title="bbox 2234 4824 3816 4918">
    <p class='ocr_par' dir='ltr' id='par_1_115' title="bbox 2234 4824 3816 4918">
     <span class='ocr_line' id='line_1_115' title="bbox 2234 4824 3816 4918; baseline 0.006 -33"><span class='ocrx_word' id='word_1_712' title='bbox 2234 4824 2421 4889; x_wconf 71' lang='lat' dir='ltr'><strong>&#39;mides</strong></span> <span class='ocrx_word' id='word_1_713' title='bbox 2440 4835 2604 4906; x_wconf 88' lang='lat' dir='ltr'><strong>hujus</strong></span> <span class='ocrx_word' id='word_1_714' title='bbox 2632 4841 2818 4910; x_wconf 91' lang='lat' dir='ltr'><strong>operis</strong></span> <span class='ocrx_word' id='word_1_715' title='bbox 2856 4844 3293 4918; x_wconf 84' lang='lat' dir='ltr'><strong>magnitudinem</strong></span> <span class='ocrx_word' id='word_1_716' title='bbox 3329 4862 3343 4899; x_wconf 90' lang='lat'>:</span> <span class='ocrx_word' id='word_1_717' title='bbox 3370 4845 3471 4901; x_wconf 90' lang='lat' dir='ltr'><strong>sed</strong></span> <span class='ocrx_word' id='word_1_718' title='bbox 3492 4843 3713 4900; x_wconf 80' lang='lat' dir='ltr'><strong>fidenter</strong></span> <span class='ocrx_word' id='word_1_719' title='bbox 3734 4854 3816 4895; x_wconf 84' lang='lat' dir='ltr'><strong>ac-</strong></span> 
     </span>
    </p>
   </div>
   <div class='ocr_carea' id='block_1_116' title="bbox 2242 4927 3820 5008">
    <p class='ocr_par' dir='ltr' id='par_1_116' title="bbox 2242 4927 3820 5008">
     <span class='ocr_line' id='line_1_116' title="bbox 2242 4927 3820 5008; baseline 0.006 -28"><span class='ocrx_word' id='word_1_720' title='bbox 2242 4927 2398 4991; x_wconf 90' lang='lat' dir='ltr'><strong>cede,</strong></span> <span class='ocrx_word' id='word_1_721' title='bbox 2419 4929 2549 4999; x_wconf 90' lang='lat' dir='ltr'><strong>quia</strong></span> <span class='ocrx_word' id='word_1_722' title='bbox 2578 4930 2753 4987; x_wconf 88' lang='lat' dir='ltr'><strong>aderit</strong></span> <span class='ocrx_word' id='word_1_723' title='bbox 2808 4934 2908 4989; x_wconf 90' lang='lat' dir='ltr'><strong>tibi</strong></span> <span class='ocrx_word' id='word_1_724' title='bbox 2957 4938 3051 5007; x_wconf 88' lang='lat' dir='ltr'><strong>qui</strong></span> <span class='ocrx_word' id='word_1_725' title='bbox 3109 4938 3246 4992; x_wconf 83' lang='lat' dir='ltr'><strong>dixit</strong></span> <span class='ocrx_word' id='word_1_726' title='bbox 3279 4954 3291 4990; x_wconf 94' lang='lat'>:</span> <span class='ocrx_word' id='word_1_727' title='bbox 3326 4937 3489 5008; x_wconf 82' lang='lat' dir='ltr'><strong>Aperi</strong></span> <span class='ocrx_word' id='word_1_728' title='bbox 3519 4952 3580 4992; x_wconf 88' lang='lat' dir='ltr'><strong>os</strong></span> <span class='ocrx_word' id='word_1_729' title='bbox 3600 4936 3820 4999; x_wconf 83' lang='lat' dir='ltr'><strong>tuum,ct</strong></span> 
     </span>
    </p>
   </div>
   <div class='ocr_carea' id='block_1_117' title="bbox 2241 5013 3820 5094">
    <p class='ocr_par' dir='ltr' id='par_1_117' title="bbox 2241 5013 3820 5094">
     <span class='ocr_line' id='line_1_117' title="bbox 2241 5013 3820 5094; baseline 0.007 -29"><span class='ocrx_word' id='word_1_730' title='bbox 2241 5025 2346 5086; x_wconf 85' lang='lat' dir='ltr'><strong>ego</strong></span> <span class='ocrx_word' id='word_1_731' title='bbox 2376 5013 2693 5086; x_wconf 91' lang='lat' dir='ltr'><strong>adimplebo</strong></span> <span class='ocrx_word' id='word_1_732' title='bbox 2720 5018 2856 5075; x_wconf 91' lang='lat' dir='ltr'><strong>illud</strong></span> <span class='ocrx_word' id='word_1_733' title='bbox 2886 5025 3052 5091; x_wconf 78' lang='lat' dir='ltr'><strong>(Psal.</strong></span> <span class='ocrx_word' id='word_1_734' title='bbox 3091 5041 3250 5086; x_wconf 76' lang='lat' dir='ltr'><strong>Lxxx,</strong></span> <span class='ocrx_word' id='word_1_735' title='bbox 3285 5024 3370 5094; x_wconf 78' lang='lat' dir='ltr'><strong>ii)</strong></span> <span class='ocrx_word' id='word_1_736' title='bbox 3426 5024 3543 5080; x_wconf 91' lang='lat' dir='ltr'><strong>Scis</strong></span> <span class='ocrx_word' id='word_1_737' title='bbox 3572 5023 3707 5079; x_wconf 89' lang='lat' dir='ltr'><strong>enim</strong></span> <span class='ocrx_word' id='word_1_738' title='bbox 3734 5034 3820 5089; x_wconf 84' lang='lat' dir='ltr'><strong>op-</strong></span> 
     </span>
    </p>
   </div>
   <div class='ocr_carea' id='block_1_118' title="bbox 2245 5113 3819 5189">
    <p class='ocr_par' dir='ltr' id='par_1_118' title="bbox 2245 5113 3819 5189">
     <span class='ocr_line' id='line_1_118' title="bbox 2245 5113 3819 5189; baseline 0.003 -21"><span class='ocrx_word' id='word_1_739' title='bbox 2245 5113 2377 5169; x_wconf 89' lang='lat' dir='ltr'><strong>time</strong></span> <span class='ocrx_word' id='word_1_740' title='bbox 2394 5113 2576 5183; x_wconf 89' lang='lat' dir='ltr'><strong>parvis</strong></span> <span class='ocrx_word' id='word_1_741' title='bbox 2606 5130 2772 5184; x_wconf 86' lang='lat' dir='ltr'><strong>parva</strong></span> <span class='ocrx_word' id='word_1_742' title='bbox 2798 5119 3074 5187; x_wconf 88' lang='lat' dir='ltr'><strong>sufﬁcere,</strong></span> <span class='ocrx_word' id='word_1_743' title='bbox 3103 5137 3205 5176; x_wconf 91' lang='lat' dir='ltr'><strong>nec</strong></span> <span class='ocrx_word' id='word_1_744' title='bbox 3233 5120 3302 5175; x_wconf 90' lang='lat' dir='ltr'><strong>ad</strong></span> <span class='ocrx_word' id='word_1_745' title='bbox 3339 5135 3583 5176; x_wconf 90' lang='lat' dir='ltr'><strong>mensam</strong></span> <span class='ocrx_word' id='word_1_746' title='bbox 3612 5126 3819 5189; x_wconf 80' lang='lat' dir='ltr'><strong>magna-</strong></span> 
     </span>
    </p>
   </div>
   <div class='ocr_carea' id='block_1_119' title="bbox 2243 5204 3821 5280">
    <p class='ocr_par' dir='ltr' id='par_1_119' title="bbox 2243 5204 3821 5280">
     <span class='ocr_line' id='line_1_119' title="bbox 2243 5204 3821 5280; baseline 0.001 -27"><span class='ocrx_word' id='word_1_747' title='bbox 2243 5206 2423 5255; x_wconf 88' lang='lat' dir='ltr'><strong>torum</strong></span> <span class='ocrx_word' id='word_1_748' title='bbox 2467 5217 2770 5274; x_wconf 89' lang='lat' dir='ltr'><strong>pauperum</strong></span> <span class='ocrx_word' id='word_1_749' title='bbox 2802 5208 3016 5264; x_wconf 86' lang='lat' dir='ltr'><strong>turbam</strong></span> <span class='ocrx_word' id='word_1_750' title='bbox 3073 5224 3233 5280; x_wconf 90' lang='lat' dir='ltr'><strong>posse</strong></span> <span class='ocrx_word' id='word_1_751' title='bbox 3263 5209 3546 5264; x_wconf 87' lang='lat' dir='ltr'><strong>accedere.</strong></span> <span class='ocrx_word' id='word_1_752' title='bbox 3593 5204 3704 5261; x_wconf 89' lang='lat' dir='ltr'><strong>Noli</strong></span> <span class='ocrx_word' id='word_1_753' title='bbox 3733 5210 3821 5255; x_wconf 77' lang='lat' dir='ltr'><strong>tua</strong></span> 
     </span>
    </p>
   </div>
   <div class='ocr_carea' id='block_1_120' title="bbox 2242 5290 3825 5365">
    <p class='ocr_par' dir='ltr' id='par_1_120' title="bbox 2242 5290 3825 5365">
     <span class='ocr_line' id='line_1_120' title="bbox 2242 5290 3825 5365; baseline 0.003 -21"><span class='ocrx_word' id='word_1_754' title='bbox 2242 5290 2552 5347; x_wconf 90' lang='lat' dir='ltr'><strong>devotionis</strong></span> <span class='ocrx_word' id='word_1_755' title='bbox 2578 5294 2742 5350; x_wconf 91' lang='lat' dir='ltr'><strong>nobis</strong></span> <span class='ocrx_word' id='word_1_756' title='bbox 2770 5298 3095 5356; x_wconf 89' lang='lat' dir='ltr'><strong>subtrahere</strong></span> <span class='ocrx_word' id='word_1_757' title='bbox 3147 5299 3435 5355; x_wconf 86' lang='lat' dir='ltr'><strong>scientiam</strong></span> <span class='ocrx_word' id='word_1_758' title='bbox 3469 5317 3485 5365; x_wconf 88' lang='lat'><strong>;</strong></span> <span class='ocrx_word' id='word_1_759' title='bbox 3517 5298 3626 5354; x_wconf 93' lang='lat' dir='ltr'><strong>noli</strong></span> <span class='ocrx_word' id='word_1_760' title='bbox 3653 5308 3825 5351; x_wconf 81' lang='lat' dir='ltr'><strong>accen-</strong></span> 
     </span>
    </p>
   </div>
   <div class='ocr_carea' id='block_1_121' title="bbox 2242 5382 3825 5480">
    <p class='ocr_par' dir='ltr' id='par_1_121' title="bbox 2242 5382 3825 5480">
     <span class='ocr_line' id='line_1_121' title="bbox 2242 5382 3825 5480; baseline -0.004 -36"><span class='ocrx_word' id='word_1_761' title='bbox 2242 5405 2358 5445; x_wconf 84' lang='lat' dir='ltr'><strong>sam</strong></span> <span class='ocrx_word' id='word_1_762' title='bbox 2386 5390 2442 5443; x_wconf 93' lang='lat' dir='ltr'><strong>in</strong></span> <span class='ocrx_word' id='word_1_763' title='bbox 2471 5398 2526 5445; x_wconf 86' lang='lat' dir='ltr'><strong>te</strong></span> <span class='ocrx_word' id='word_1_764' title='bbox 2553 5389 2657 5445; x_wconf 91' lang='lat' dir='ltr'><strong>sub</strong></span> <span class='ocrx_word' id='word_1_765' title='bbox 2687 5394 2874 5450; x_wconf 92' lang='lat' dir='ltr'><strong>modio</strong></span> <span class='ocrx_word' id='word_1_766' title='bbox 2905 5410 3113 5466; x_wconf 89' lang='lat' dir='ltr'><strong>ponere</strong></span> <span class='ocrx_word' id='word_1_767' title='bbox 3139 5395 3441 5457; x_wconf 89' lang='lat' dir='ltr'><strong>lucernam,</strong></span> <span class='ocrx_word' id='word_1_768' title='bbox 3471 5391 3564 5446; x_wconf 89' lang='lat' dir='ltr'><strong>sed</strong></span> <span class='ocrx_word' id='word_1_769' title='bbox 3594 5382 3825 5480; x_wconf 59' lang='lat' dir='ltr'><strong>praecelsa</strong></span> 
     </span>
    </p>
   </div>
   <div class='ocr_carea' id='block_1_122' title="bbox 2250 5480 3824 5555">
    <p class='ocr_par' dir='ltr' id='par_1_122' title="bbox 2250 5480 3824 5555">
     <span class='ocr_line' id='line_1_122' title="bbox 2250 5480 3824 5555; baseline -0.003 -18"><span class='ocrx_word' id='word_1_770' title='bbox 2250 5496 2370 5537; x_wconf 87' lang='lat' dir='ltr'><strong>eam</strong></span> <span class='ocrx_word' id='word_1_771' title='bbox 2401 5497 2716 5553; x_wconf 89' lang='lat' dir='ltr'><strong>superpone</strong></span> <span class='ocrx_word' id='word_1_772' title='bbox 2745 5488 3099 5555; x_wconf 88' lang='lat' dir='ltr'><strong>candelabro,</strong></span> <span class='ocrx_word' id='word_1_773' title='bbox 3142 5495 3201 5541; x_wconf 92' lang='lat' dir='ltr'><strong>ut</strong></span> <span class='ocrx_word' id='word_1_774' title='bbox 3244 5487 3426 5543; x_wconf 89' lang='lat' dir='ltr'><strong>luceat</strong></span> <span class='ocrx_word' id='word_1_775' title='bbox 3453 5480 3721 5542; x_wconf 90' lang='lat' dir='ltr'><strong>omnibus,</strong></span> <span class='ocrx_word' id='word_1_776' title='bbox 3745 5488 3824 5545; x_wconf 79' lang='lat' dir='ltr'><strong>qm</strong></span> 
     </span>
    </p>
   </div>
   <div class='ocr_carea' id='block_1_123' title="bbox 2251 5569 3827 5640">
    <p class='ocr_par' dir='ltr' id='par_1_123' title="bbox 2251 5569 3827 5640">
     <span class='ocr_line' id='line_1_123' title="bbox 2251 5569 3827 5640; baseline 0 -12"><span class='ocrx_word' id='word_1_777' title='bbox 2251 5575 2309 5629; x_wconf 91' lang='lat' dir='ltr'><strong>in</strong></span> <span class='ocrx_word' id='word_1_778' title='bbox 2335 5573 2500 5630; x_wconf 91' lang='lat' dir='ltr'><strong>domo</strong></span> <span class='ocrx_word' id='word_1_779' title='bbox 2530 5575 2626 5630; x_wconf 91' lang='lat' dir='ltr'><strong>Dei</strong></span> <span class='ocrx_word' id='word_1_780' title='bbox 2647 5585 2776 5631; x_wconf 90' lang='lat' dir='ltr'><strong>sunt</strong></span> <span class='ocrx_word' id='word_1_781' title='bbox 2800 5575 3056 5632; x_wconf 88' lang='lat' dir='ltr'><strong>fratribus</strong></span> <span class='ocrx_word' id='word_1_782' title='bbox 3095 5576 3201 5632; x_wconf 89' lang='lat' dir='ltr'><strong>tuis</strong></span> <span class='ocrx_word' id='word_1_783' title='bbox 3222 5576 3435 5640; x_wconf 77' lang='lat' dir='ltr'><strong>(Matth.</strong></span> <span class='ocrx_word' id='word_1_784' title='bbox 3466 5589 3519 5640; x_wconf 92' lang='lat' dir='ltr'><strong>v,</strong></span> <span class='ocrx_word' id='word_1_785' title='bbox 3549 5569 3620 5639; x_wconf 89' lang='lat'><strong>3),</strong></span> <span class='ocrx_word' id='word_1_786' title='bbox 3641 5574 3693 5622; x_wconf 80' lang='lat' dir='ltr'><strong>et</strong></span> <span class='ocrx_word' id='word_1_787' title='bbox 3716 5576 3827 5635; x_wconf 71' lang='grc' dir='ltr'><strong>ΡΝ·</strong></span> 
     </span>
    </p>
   </div>
   <div class='ocr_carea' id='block_1_124' title="bbox 538 5651 3826 5749">
    <p class='ocr_par' dir='ltr' id='par_1_124' title="bbox 538 5651 3826 5749">
     <span class='ocr_line' id='line_1_124' title="bbox 538 5651 3826 5749; baseline -0.002 -26"><span class='ocrx_word' id='word_1_788' title='bbox 538 5679 845 5729; x_wconf 85' lang='lat' dir='ltr'><strong>monstrare</strong></span> <span class='ocrx_word' id='word_1_789' title='bbox 888 5671 1122 5739; x_wconf 89' lang='lat' dir='ltr'><strong>titulum,</strong></span> <span class='ocrx_word' id='word_1_790' title='bbox 1186 5672 1438 5743; x_wconf 89' lang='lat' dir='ltr'><strong>personis</strong></span> <span class='ocrx_word' id='word_1_791' title='bbox 1475 5673 1638 5728; x_wconf 87' lang='lat' dir='ltr'><strong>etiam</strong></span> <span class='ocrx_word' id='word_1_792' title='bbox 1719 5672 1805 5728; x_wconf 92' lang='lat' dir='ltr'><strong>vel</strong></span> <span class='ocrx_word' id='word_1_793' title='bbox 1895 5673 2152 5749; x_wconf 85' lang='lat' dir='ltr'><strong>imagini—</strong></span> <span class='ocrx_word' id='word_1_794' title='bbox 2252 5671 2337 5728; x_wconf 87' lang='lat' dir='ltr'><strong>fer</strong></span> <span class='ocrx_word' id='word_1_795' title='bbox 2353 5670 2516 5728; x_wconf 90' lang='lat' dir='ltr'><strong>nobis</strong></span> <span class='ocrx_word' id='word_1_796' title='bbox 2553 5668 2721 5726; x_wconf 91' lang='lat' dir='ltr'><strong>veluti</strong></span> <span class='ocrx_word' id='word_1_797' title='bbox 2764 5668 2946 5725; x_wconf 87' lang='lat' dir='ltr'><strong>scriba</strong></span> <span class='ocrx_word' id='word_1_798' title='bbox 2973 5669 3170 5727; x_wconf 91' lang='lat' dir='ltr'><strong>doctus</strong></span> <span class='ocrx_word' id='word_1_799' title='bbox 3211 5668 3426 5737; x_wconf 70' lang='lat' dir='ltr'><strong>(Matth.</strong></span> <span class='ocrx_word' id='word_1_800' title='bbox 3461 5681 3573 5731; x_wconf 80' lang='lat' dir='ltr'><strong>xm,</strong></span> <span class='ocrx_word' id='word_1_801' title='bbox 3593 5660 3680 5727; x_wconf 81' lang='lat'><strong>52)</strong></span> <span class='ocrx_word' id='word_1_802' title='bbox 3699 5651 3826 5728; x_wconf 77' lang='lat' dir='ltr'><strong>quod</strong></span> 
     </span>
    </p>
   </div>
  </div>
