4038 6166
264 189 368 244 129

828 157 833 160 Ι
909 191 1231 247 HISTORIA}
1271 191 1602 246 Βαριωιῶ
1640 192 1972 249 REMENSIS
2013 193 2188 248 LIBRI
2229 193 2553 258 QUATUOR.
2589 225 2658 234 -—-
2701 194 2823 248 LIB.
2868 195 2933 248 ll.

3487 193 3590 254 130

258 315 526 386 accepisti
556 316 856 373 aDomino.
885 319 1071 374 Aderit
1096 319 1195 374 tibi
1249 319 1414 390 hujus
1452 319 1874 378 laborisitinere
1901 331 1950 394 A
1977 339 2100 377 eum
2123 323 2394 390 [maximis
2438 323 2744 376 muneravit
2787 323 2968 389 donis,
3013 322 3373 392 amplioribus
3417 326 3589 382 multo

261 405 414 460 illius
463 409 656 482 gratia,
716 410 808 481 qui
853 410 1070 465 duobus
1135 412 1423 482 discipulis
1474 413 1738 468 euntibus
1767 422 1879 468 ter-

263 499 398 552 tium
421 516 481 554 se
511 502 720 555 socium
780 503 992 556 addidit
1039 505 1096 557 in
1140 505 1244 568 via,
1278 514 1334 559 et
1371 506 1587 574 aperuit
1620 505 1726 560 illis
1751 522 1881 560 sen—

259 607 401 654 sum,
437 601 497 645 ut
539 601 758 646 sanctas
797 593 1169 666 intelligerent
1218 595 1524 666 Scripturas
1557 597 1702 665 (Luc,
1732 614 1875 664 xxw,

257 678 370 745 32,1.
401 680 638 750 Spiritus
675 681 984 752 paracletus
1037 683 1187 737 omni
1243 685 1486 738 veritatis
1531 686 1780 741 doctrina
1825 700 1880 744 et

257 768 505 839 perfecta
529 773 813 826 charitatis
841 772 1077 828 scientia
1128 783 1220 830 tua
1251 777 1601 847 resplendeat
1634 789 1877 852 pectora,

256 863 587 919 charissime
611 864 792 919 frater.
829 865 979 920 Vale.
1016 887 1040 916 »

329 953 412 1007 Ad
435 970 560 1024 quae
593 955 737 1010 idem
781 955 908 1010 talia
939 956 1191 1012 rescribit
1223 959 1572 1034 Halitgarius.

336 1065 358 1093 ι
395 1045 611 1102 Domno
636 1057 691 1103 et
719 1050 1018 1105 venerabili
1069 1051 1212 1106 Patri
1261 1052 1316 1105 in
1359 1051 1570 1108 Christo
1601 1053 1768 1108 Esom
1791 1071 1881 1110 ar-

255 1134 645 1208 chiepiscopo,
679 1139 1052 1207 Haurcxaws,
1085 1142 1350 1197 minimus
1391 1143 1584 1198 Christi
1618 1144 1879 1215 famulus,

256 1223 518 1278 salutem.

337 1337 362 1365 α
392 1316 711 1388 Postquam,
769 1321 1084 1376 venerande
1129 1323 1308 1391 Pater,
1356 1324 1594 1379 directas
1642 1324 1883 1382 beatitu-

259 1407 411 1461 dinis
441 1417 633 1463 vestrae
672 1413 861 1482 accepi
913 1412 1143 1478 litteras,
1190 1415 1393 1486 quibus
1447 1431 1532 1470 me
1566 1416 1770 1470 hortari
1800 1416 1886 1470 di-

260 1501 415 1572 gnati
450 1500 603 1565 estis,
665 1516 732 1555 ne
790 1503 991 1556 mentis
1018 1519 1250 1557 acumen
1310 1503 1494 1568 inerti,
1532 1505 1886 1576 torpentique

258 1590 376 1645 otio
403 1590 806 1655 submitterem,
829 1593 928 1646 sed
958 1593 1262 1664 cognitioni
1285 1610 1350 1649 ac
1374 1595 1718 1650 meditationi
1750 1611 1884 1667 quo-

261 1681 400 1736 tidie
428 1698 597 1737 sacrae
620 1683 911 1753 Scripturae
938 1700 1026 1740 me
1053 1685 1346 1758 vigilanter
1376 1687 1648 1742 traderem
1671 1705 1682 1740 :
1711 1697 1766 1742 et
1796 1689 1884 1742 in-

257 1791 434 1845 super
453 1791 520 1830 ex
535 1783 850 1832 sanctorum
900 1777 1140 1844 Patrum,
1171 1795 1559 1852 canonumque
1591 1783 1883 1837 sententiis

260 1863 708 1919 Pmnitentialem
740 1865 797 1918 in
829 1880 939 1920 uno
957 1868 1237 1924 volumine
1268 1885 1648 1944 aggregarem,
1685 1872 1882 1927 durum

268 1953 500 2023 quidem
531 1955 688 2021 mihi,
710 1963 766 2009 et
811 1955 971 2010 valde
1000 1955 1246 2024 difficile,
1278 1961 1740 2032 tremendumque
1781 1962 1887 2017 hoc

269 2043 377 2098 fuit
405 2045 721 2116 imperium,
755 2047 984 2114 utjhanc
1029 2051 1366 2120 susciperem
1396 2054 1687 2119 sarcinam,
1721 2070 1886 2125 quam

269 2148 301 2186 a
319 2133 694 2203 prudentibus
713 2151 988 2208 cognosco
1010 2140 1274 2194 relictam.
1296 2141 1636 2213 Multumque
1677 2143 1892 2198 renisus

270 2239 392 2277 sum
439 2224 708 2280 voluntati
753 2235 966 2295 vestris,
1020 2245 1131 2284 non
1173 2231 1323 2286 velut
1374 2235 1678 2303 procaciter
1700 2234 1887 2300 durus,

273 2316 369 2370 sed
388 2318 629 2388 pr0priae
661 2319 994 2376 infirmitatis
1019 2323 1354 2380 admonitus.
1389 2325 1498 2380 liae
1537 2327 1742 2382 etenim
1765 2343 1895 2384 cura

271 2409 547 2464 sollicitus
577 2411 949 2466 necessarium
981 2412 1132 2479 duxi,
1161 2421 1221 2468 ut
1242 2413 1564 2485 aliquandiu
1592 2433 1681 2472 me
1703 2433 1733 2470 a
1759 2419 1896 2473 scri-

272 2495 448 2552 bendi
478 2499 787 2553 temeritate
844 2501 1270 2570 suspenderem,
1311 2503 1442 2573 quia
1464 2503 1605 2558 sicut
1624 2504 1892 2574 perpendi

274 2584 514 2652 injuncti
572 2588 756 2658 aperis
807 2587 1244 2644 difficultatem:
1309 2591 1383 2646 ita
1441 2601 1496 2647 et
1555 2591 1893 2665 injungentis

274 2677 596 2733 auctoritati
627 2694 732 2733 nec
759 2677 931 2745 volui,
966 2695 1068 2735 nec
1095 2681 1260 2736 debui
1318 2698 1718 2754 usquequaque
1749 2685 1891 2738 resi-

273 2773 448 2834 stere,
480 2776 664 2822 certus
686 2768 815 2840 quia
867 2768 1305 2824 imbecillitatem
1357 2788 1533 2825 meam
1577 2772 1748 2827 multo
1775 2789 1896 2826 am-

277 2860 426 2930 plius
457 2870 638 2916 vestra
691 2862 975 2930 adjuvaret
1035 2864 1407 2934 praecipientis
1439 2864 1697 2938 dignitas,
1732 2883 1894 2937 quam

275 2959 685 3023 gravaretmea:
707 2953 1030 3024 ignorantiae
1062 2952 1379 3010 difficultas.
1412 2957 1616 3012 Valete.
1655 2980 1678 3007 »

1978 434 2141 490 quam
2173 416 2510 486 suscepisset
2525 413 2593 469 ab
2616 430 2703 480 eo,
2737 415 2945 470 dimisit
2965 431 3090 470 eum
3107 432 3230 470 cum
3263 416 3458 490 legatis
3475 418 3590 472 suis

1981 506 2203 562 Romam
2238 506 2454 570 reverti,
2493 505 2694 575 quibus
2759 507 3006 576 praecipit
3056 506 3264 579 ubique
3305 507 3359 562 in
3391 508 3589 563 itinere

1980 597 2272 652 honestum
2305 595 2356 649 ei
2383 594 2662 650 servitium
2686 595 2965 650 exhibere.

2054 683 2292 753 Cupiens
2324 697 2456 754 ergo
2503 682 2759 752 praefatus
2819 683 3060 752 pontifex
3094 684 3210 740 Eho
3233 684 3456 740 domum
3489 701 3587 741 ec-

1982 776 2165 831 clesiae
2209 781 2411 829 sanctae
2442 773 2538 826 Dei
2604 771 2887 846 genitricis
2937 772 3114 827 Mariae
3162 774 3418 829 diuturna
3447 790 3590 845 pene

1983 869 2383 942 lapsabundam
2423 873 2688 921 vetustate
2733 881 3006 936 reparare,
3049 867 3102 920 in
3165 882 3271 937 qua
3299 868 3462 921 etiam
3494 883 3589 921 se-

1980 963 2195 1018 cundus
2225 962 2537 1031 Stephanus
2566 975 2708 1031 papa
2736 959 2968 1030 Pippino
3000 958 3115 1031 regi
3146 958 3372 1020 dudum,
3404 965 3457 1012 et
3489 958 3594 1013 Leo

1982 1055 2172 1109 tertius
2195 1053 2388 1108 Karolo
2409 1067 2611 1127 magno
2639 1048 2954 1120 imperatori
2975 1045 3280 1118 apostolica
3317 1047 3596 1116 reperiun-

1983 1153 2068 1201 tur
2097 1146 2284 1200 munia
2317 1145 2640 1208 contulisse,
2675 1151 2733 1198 ut
2763 1144 2817 1197 in
2874 1141 3107 1214 epistola
3137 1147 3597 1197 commemoratur

1983 1235 2328 1306 imperatoris
2358 1233 2593 1289 Lotharii
2647 1232 2812 1287 Leoni
2861 1238 3078 1302 quarto,
3122 1245 3220 1300 pro
3251 1245 3417 1283 causa
3446 1244 3596 1284 com-

1982 1323 2354 1378 mendationis
2414 1321 2686 1376 Hincmari
2743 1319 3148 1391 archiepiscopi
3189 1319 3394 1374 directa
3427 1321 3600 1389 (infra

1986 1412 2080 1466 lib.
2105 1428 2182 1476 Ill,
2204 1427 2229 1464 c
2302 1411 2412 1476 10),
2467 1409 2624 1480 petiit
2654 1425 2684 1462 a
2718 1408 3002 1478 praemisso
3061 1407 3390 1478 imperatore
3422 1405 3601 1459 Ludo—

1985 1503 2106 1558 vico
2135 1503 2204 1557 ad
2222 1502 2596 1558 renovandam
2615 1509 2668 1555 et
2697 1498 3146 1571 amplificandam
3181 1498 3432 1552 eamdem
3449 1496 3598 1550 basi-

1987 1595 2148 1650 licam
2167 1611 2382 1650 murum
2406 1593 2639 1650 civitatis
2669 1593 2776 1647 sibi
2806 1590 3062 1647 concedi.
3095 1589 3248 1654 Quod
3271 1589 3414 1643 idem
3449 1588 3602 1659 prin-

1990 1699 2122 1754 ceps
2164 1685 2508 1756 quietissima
2540 1699 2673 1754 pace
2715 1683 2922 1748 fruens,
2956 1688 3008 1735 et
3035 1680 3250 1750 imperii
3297 1679 3601 1750 praeclaris-

1984 1776 2124 1830 sima
2145 1783 2414 1848 potestate
2445 1776 2740 1842 subnixus,
2770 1775 2949 1828 nullas
2966 1773 3322 1828 barbarorum
3351 1778 3604 1826 metuens

1987 1863 2357 1930 incursiones,
2391 1879 2738 1936 nequaquam
2772 1861 3044 1927 refutavit,
3079 1860 3177 1915 sed
3202 1859 3602 1934 benignissime

1987 1957 2059 2012 ob
2090 1972 2332 2012 amorem
2364 1957 2484 2024 Dei,
2524 1963 2578 2011 et
2608 1956 2783 2027 ipsius
2834 1954 2991 2008 almae
3021 1953 3304 2026 genitricis
3333 1953 3602 2008 honorem

1989 2045 2283 2111 concessit,
2314 2052 2478 2116 atque
2502 2043 2773 2114 jussionis
2791 2058 2904 2097 sum
2931 2042 3274 2098 monimento
3307 2040 3424 2095 fieri
3451 2039 3605 2095 dele-

1990 2139 2154 2212 gavit,
2188 2138 2503 2207 hujusmodi
2534 2154 2704 2208 super
2747 2140 2851 2195 hoc
2900 2154 3013 2194 suae
3045 2139 3185 2194 dans
3216 2136 3606 2210 praeceptionis

1993 2227 2237 2282 decreta.

2070 2343 2094 2365 «ι
2130 2319 2190 2372 ln
2218 2317 2442 2373 nomine
2473 2318 2690 2374 Domini
2713 2319 2807 2373 Dei
2866 2324 2920 2374 et
2952 2317 3248 2374 Salvatoris
3281 2318 3453 2373 nostri
3475 2317 3608 2372 Jesu

1995 2405 2213 2470 Christi,
2247 2405 2552 2460 Ludovicus
2583 2406 2768 2461 divina
2807 2405 3099 2461 ordinante
3139 2405 3486 2476 providentia
3512 2406 3609 2459 im-

1995 2511 2213 2574 perator
2265 2504 2559 2576 Augustus.
2611 2501 2664 2554 Si
2724 2499 2859 2554 locis
2905 2495 3316 2552 venerabilibus
3365 2513 3430 2551 ea
3485 2511 3608 2567 quin

1995 2592 2194 2647 exinde
2223 2608 2254 2646 a
2289 2588 2792 2662 praedecessoribus
2822 2587 3047 2652 nostris,
3065 2584 3288 2659 regibus
3315 2586 3400 2640 vel
3435 2586 3609 2656 impe-

1997 2679 2286 2743 ratoribus,
2307 2679 2375 2732 ad
2427 2676 2744 2748 reipublicae
2773 2690 2908 2729 usus
2949 2673 3328 2746 exigebantur,
3352 2671 3610 2747 religiosa

1995 2767 2326 2822 liberalitate
2349 2767 2403 2820 in
2435 2764 2762 2819 utilitatibus
2781 2771 2832 2817 et
2855 2761 3279 2818 necessitatibus
3291 2761 3612 2815 eorumdem

1997 2865 2311 2913 sanctorum
2344 2858 2586 2912 locorum
2619 2855 3002 2926 expendendis
3034 2853 3455 2923 remittimus,et
3480 2852 3615 2909 fide-

1999 2947 2131 3000 lium
2167 2955 2477 3002 nostrorum
2519 2944 2898 2998 saluberrimis
2931 2958 3028 3013 pro
3059 2942 3160 2996 hac
3175 2941 3370 2996 eadem
3403 2958 3461 2996 re
3487 2956 3616 3012 sug-

349 3042 449 3095 Hic
481 3041 594 3096 Eho
621 3023 820 3112 pnesul
843 3059 1006 3112 supra
1045 3051 1404 3100 memoratum
1439 3063 1635 3117 papam
1663 3047 1898 3118 διρρὶηι-
1921 3023 1969 3089 C
1996 3039 2342 3111 gestionibus
2368 3055 2432 3092 ac
2463 3036 2822 3109 petitionibus
2855 3035 3158 3109 benignum
3203 3033 3618 3089 commodamus

279 3146 410 3183 num
445 3146 569 3184 cum
605 3130 877 3186 Ludovico
920 3147 1048 3205 rege
1101 3131 1284 3186 Remis
1309 3135 1895 3207 suscepit.!postquam

279 3237 373 3274 rex
409 3222 558 3276 idem
591 3223 812 3277 Sclavos
863 3223 918 3275 in
950 3223 1166 3277 Oriente
1200 3224 1405 3293 positos
1435 3226 1643 3282 directo
1674 3229 1896 3295 devicit,

279 3314 628 3385 etOppressit
653 3316 896 3370 exercitu
932 3317 1186 3387 :quando
1218 3318 1475 3386 praefatus
1502 3336 1643 3391 papa
1673 3321 1898 3392 Stepha-

282 3420 404 3466 nus,
443 3403 542 3474 qui
576 3402 741 3457 Leoni
773 3413 1133 3470 successerat,
1165 3406 1376 3479 legatos
1405 3424 1532 3462 suos
1547 3409 1616 3463 ad
1639 3411 1897 3464 eumdem

283 3491 593 3563 principem
628 3491 934 3556 destinans,
955 3494 1230 3548 intimavit
1251 3496 1488 3567 ei,quod
1519 3497 1756 3553 libenter
1775 3516 1898 3554 eum

282 3581 472 3636 videre
530 3577 697 3635 vellet
750 3581 804 3634 in
862 3581 982 3636 loco
1035 3583 1357 3655 ubicunque
1417 3586 1522 3656 ipsi
1581 3587 1901 3656 placuisset.

283 3671 438 3735 Quod
481 3671 721 3724 audiens
771 3685 885 3735 rex,
945 3687 1145 3745 magno
1205 3672 1444 3743 repletus
1485 3675 1710 3747 gaudio,
1741 3674 1908 3743 jussit

283 3762 504 3817 obviam
527 3762 725 3817 missos
745 3777 875 3816 suos
931 3763 1010 3816 ire
1048 3779 1265 3818 summo
1299 3763 1566 3834 pontifici,
1602 3774 1657 3821 et
1685 3767 1907 3821 servitia

286 3872 600 3927 praeparare
673 3857 797 3910 Post
824 3871 963 3926 quos
991 3865 1044 3909 et
1077 3872 1169 3909 rex
1218 3860 1337 3926 ipse
1382 3861 1621 3928 perrexit
1656 3875 1670 3922 ;
1704 3859 1904 3914 obvia-

286 3957 596 4019 veruntque
618 3947 722 4000 sibi
764 3947 818 4001 in
847 3961 1043 4015 campo
1075 3961 1276 4016 magno
1312 3947 1690 4018 Remensium,
1721 3958 1777 4004 et
1807 3951 1906 4004 de-

288 4041 506 4095 scendit
533 4047 765 4111 uterque
797 4040 865 4093 ab
888 4055 1032 4111 equo
1077 4054 1197 4093 suo.
1230 4039 1292 4095 Et
1325 4042 1585 4112 princeps
1616 4044 1907 4112 prostravit

289 4145 346 4184 se
374 4131 431 4184 in
465 4138 667 4183 terram
694 4129 853 4183 tertio
887 4136 1013 4182 ante
1043 4127 1214 4197 pedes
1243 4128 1379 4184 tanti
1406 4129 1682 4199 pontificis
1715 4148 1729 4195 ;
1754 4131 1905 4186 salu-

291 4228 659 4289 taveruntque
689 4233 748 4270 se
777 4217 1011 4270 invicem
1041 4215 1353 4290 magniﬁce,
1379 4226 1434 4271 et
1455 4217 1832 4288 amplexantes
1846 4234 1907 4273 se

292 4309 598 4363 deosculati
640 4313 769 4362 sunt
817 4305 1064 4378 pacifice,
1117 4314 1590 4378 perrexeruntque
1635 4307 1702 4360 ad
1725 4306 1907 4361 eccle-

2000 3143 2291 3182 assensum
2349 3127 2643 3182 maximum
2676 3135 2728 3180 et
2774 3125 2970 3179 animae
3028 3130 3245 3186 nostrae,
3307 3130 3359 3176 et
3412 3123 3526 3193 regi
3555 3137 3619 3176 ac

2002 3235 2173 3293 regno
2217 3219 2570 3289 providemus
2617 3219 2952 3280 consultum,
3015 3216 3142 3287 quia
3185 3216 3320 3269 nihil
3381 3215 3622 3270 cernitur

2002 3309 2318 3380 reipublicae
2337 3309 2708 3372 imminutum,
2735 3306 3005 3378 quidquid
3027 3321 3092 3360 ex
3113 3305 3305 3359 eadem
3337 3304 3622 3374 republica

2002 3400 2108 3469 piis
2133 3398 2366 3465 actibus,
2397 3405 2450 3453 et
2489 3397 2624 3452 locis
2671 3394 2970 3466 religiosis,
3025 3410 3088 3447 ac
3135 3393 3493 3447 ecclesiarum
3529 3393 3621 3447 Dei
3688 3408 3698 3414 ·

2003 3491 2349 3552 utilitatibus,
2411 3506 2510 3545 seu
2568 3504 2852 3543 servorum
2894 3486 2987 3540 Dei
3037 3485 3198 3539 fuerit
3247 3484 3622 3539 commoditati

2008 3580 2300 3633 indultum.
2335 3579 2677 3650 Quapropter
2703 3584 2890 3631 notum
2925 3591 3049 3629 esse
3089 3573 3340 3628 volumus
3365 3571 3625 3628 omnibus

2009 3669 2104 3724 Dei
2135 3668 2414 3734 fidelibus,
2443 3666 2810 3739 praesentibus
2866 3665 3078 3719 scilicet
3113 3671 3165 3717 et
3196 3663 3411 3728 futuris,
3434 3662 3625 3732 praeci-

2009 3778 2115 3831 pue
2133 3775 2356 3831 quoque
2383 3759 2801 3814 successoribus
2860 3757 3063 3811 nostris
3114 3755 3169 3808 in
3201 3754 3486 3824 potestatis
3509 3752 3626 3806 cul-

2007 3853 2156 3906 mine
2239 3852 2293 3904 in
2349 3866 2457 3921 quo
2489 3865 2701 3914 sumus,
2733 3854 2956 3902 auctore
3009 3845 3264 3905 Domino.
3319 3843 3624 3908 constituti,

2007 3940 2076 3995 ab
2103 3940 2300 3996 eodem
2335 3939 2686 3994 dominorum
2722 3935 2951 3990 Domino
2974 3933 3240 4002 deinceps
3287 3932 3628 3986 constituen-

2009 4032 2132 4086 dis:
2165 4031 2293 4101 quia
2332 4028 2446 4082 Ebo
2493 4025 2825 4083 venerabilis
2857 4023 3308 4092 archiepiscOpus
3340 4021 3630 4075 Remensis

2009 4119 2289 4185 Ecclesiae,
2323 4125 2376 4172 et
2433 4114 2911 4171 reverendissimae
2973 4111 3124 4166 sedis
3167 4111 3342 4165 sancti
3377 4109 3628 4180 Remigii,

2007 4213 2393 4285 gloriosissimi
2452 4207 2752 4283 pontiﬁcis,
2787 4214 2840 4261 et
2896 4204 3154 4276 specialis
3210 4201 3424 4272 patroni
3458 4201 3629 4255 nostri

2009 4305 2231 4377 praesul,
2259 4303 2567 4360 clementiae
2609 4306 2808 4354 nostrae
2870 4296 3128 4360 innotuit,
3191 4295 3318 4366 quia
3351 4293 3632 4347 vetustatis

290 4401 446 4465 siam,
483 4400 580 4453 ubi
615 4416 738 4454 cum
795 4399 889 4453 diu
947 4406 1217 4460 orassent,
1269 4399 1441 4452 erexit
1466 4415 1525 4453 se
1553 4397 1818 4469 pontifex,
1853 4406 1907 4452 et
1936 4391 2170 4457 Dsenio
2215 4394 2448 4450 contrita
2476 4392 2589 4461 jam
2643 4390 2800 4444 dictae
2857 4384 3177 4456 metrOpolis
3236 4383 3386 4436 urbis
3442 4388 3630 4436 sancta

289 4493 509 4547 excelsa
536 4507 671 4546 voce
721 4507 846 4546 cum
894 4492 1062 4547 choro
1115 4506 1214 4546 suo
1248 4489 1376 4545 fecit
1438 4491 1553 4565 regi
1586 4489 1782 4543 laudes
1813 4505 1906 4543 re-

290 4582 460 4655 gales.
530 4581 722 4636 Postea
766 4579 1009 4650 pontifex
1069 4579 1355 4635 honoravit
1411 4595 1536 4633 eum
1606 4577 1822 4647 magnis
1852 4585 1912 4631 et

293 4674 483 4728 multis
514 4671 838 4732 honoribus,
869 4687 932 4725 ac
958 4670 1204 4744 reginam
1235 4669 1439 4739 pariter
1463 4665 1908 4738 Hirmingardim,

293 4767 421 4822 dein
442 4773 502 4820 et
534 4765 828 4835 Optimates
870 4772 1036 4836 atque
1064 4762 1341 4817 ministros
1370 4777 1582 4815 eorum.
1621 4758 1908 4813 Proxima-

295 4872 400 4930 que
423 4855 519 4910 die
546 4853 854 4921 Dominica,
885 4855 939 4908 in
972 4852 1208 4908 ecclesia
1228 4860 1355 4905 ante
1384 4850 1674 4904 missarum
1709 4848 1912 4903 solem-

296 4956 402 5020 nia,
447 4967 636 5008 coram
687 4949 834 5004 clero
880 4955 934 5000 et
979 4943 1131 4999 omni
1189 4941 1418 5011 pepulo,
1468 4938 1813 4994 consecravit
1861 4947 1914 4992 et

295 5042 450 5096 unxit
476 5055 608 5094 eum
663 5037 719 5091 in
751 5035 1160 5104 imperatorem,
1193 5043 1451 5083 coronam
1492 5027 1642 5081 mirae
1670 5026 1915 5096 pulchri-

299 5132 508 5186 tudinis
560 5143 804 5194 auream,
865 5119 1310 5195 prestiosissimis
1359 5118 1591 5194 gemmis
1646 5127 1915 5184 ornatam,

301 5240 465 5296 quam
492 5237 683 5277 secum
711 5217 1006 5282 detulerat,
1061 5215 1353 5284 imponens
1395 5228 1562 5282 super
1592 5218 1757 5280 caput
1777 5210 1913 5278 ejus.

305 5313 571 5385 Reginam
594 5307 892 5380 appellavit
947 5306 1268 5377 Augustam,
1323 5313 1380 5357 et
1406 5316 1665 5357 coronam
1697 5315 1917 5354 auream

305 5401 491 5472 posuit
529 5414 700 5468 super
762 5402 926 5467 caput
977 5394 1116 5463 ejus.
1168 5393 1231 5446 Et
1290 5391 1534 5462 quandiu
1591 5387 1791 5443 mansit
1841 5386 1917 5440 ibi

306 5489 645 5561 apostolicus
676 5503 836 5560 papa,
877 5484 1126 5558 quotidie
1183 5481 1522 5553 colloquium
1573 5478 1818 5534 habuere
1849 5477 1918 5531 de

306 5577 544 5634 utilitate
566 5581 772 5631 sanctae
802 5572 896 5630 Dei
923 5571 1202 5628 Ecclesiae.
1221 5571 1286 5626 At
1306 5577 1596 5641 postquam
1622 5567 1921 5638 imperator

2011 4490 2183 4538 mater
2237 4489 2423 4536 nostra
2467 4478 2724 4544 ecclesia,
2759 4476 2813 4529 in
2863 4475 3071 4529 honore
3125 4479 3350 4536 sanctae,
3381 4487 3627 4540 semper-

2011 4588 2117 4642 que
2149 4570 2376 4644 virginis
2399 4585 2460 4622 ac
2485 4565 2769 4637 genitricis
2798 4562 2973 4617 Mariae
3033 4567 3370 4626 consecrata,
3429 4560 3628 4614 existe-

2013 4671 2110 4719 ret.
2147 4665 2205 4717 ln
2228 4678 2336 4734 qua
2367 4667 2584 4715 auctore
2608 4659 2741 4722 Deo,
2773 4663 2827 4710 et
2867 4659 3227 4725 cooperatore
3261 4652 3405 4722 [ms.,
3432 4666 3631 4721 coope-

2015 4751 2188 4822 rante]
2231 4750 2284 4804 S.
2350 4747 2599 4822 Remigio
2662 4761 2801 4818 gens
2863 4748 3048 4797 nostra
3103 4739 3456 4805 Francorum,
3505 4754 3629 4793 cum

2015 4844 2298 4915 aequivoco
2349 4849 2533 4897 nostro
2590 4856 2716 4912 rege
2773 4836 3023 4906 ejusdem
3055 4834 3256 4907 gentis,
3290 4831 3431 4886 sacri
3463 4831 3632 4885 fontis

2018 4932 2346 5002 baptismate
2403 4929 2573 4995 ablui,
2630 4943 2694 4981 ac
2751 4924 3086 4996 septiformis
3152 4921 3386 4992 Spiritus
3453 4919 3630 4974 sancti

2017 5022 2188 5098 gratia
2217 5020 2476 5075 illustrari
2524 5017 2847 5090 promeruit.
2889 5013 2994 5068 Sed
3027 5019 3080 5067 et
3131 5011 3253 5082 ipse
3276 5025 3368 5063 rex
3398 5009 3629 5063 nobilis-

2019 5112 2190 5166 simus
2217 5109 2285 5164 ad
2316 5109 2520 5184 regiam
2545 5112 2868 5179 potestatem
2901 5101 3135 5176 perungi
3185 5099 3279 5154 Dei
3334 5098 3630 5153 clementia

2020 5199 2220 5272 dignus
2250 5197 2507 5253 inventus
2539 5195 2658 5250 fuit.
2694 5193 2794 5249 Ubi
2841 5192 3004 5247 etiam
3038 5196 3091 5244 et
3113 5203 3216 5243 nos
3235 5187 3420 5242 divina
3437 5187 3630 5258 digna-

2021 5289 2169 5344 tione
2220 5303 2317 5358 per
2367 5301 2563 5339 manus
2613 5282 2802 5339 domni
2851 5278 3114 5352 Stephani
3186 5276 3414 5332 Romani
3481 5289 3632 5328 sum-

2021 5381 2094 5435 mi
2149 5376 2448 5452 pontiﬁcis,
2509 5377 2577 5432 ad
2636 5391 2839 5432 nomen
2897 5379 2953 5428 et
2995 5377 3318 5442 potestatem
3376 5366 3632 5437 imperia-

2020 5471 2128 5526 lem
2186 5469 2439 5525 coronari
2496 5468 2814 5523 meruimus.
2878 5464 3046 5530 Quam
3107 5477 3205 5533 pro
3268 5459 3432 5513 tantis
3460 5456 3631 5508 bene-

2021 5557 2160 5615 ﬁciis
2214 5557 2376 5616 nobis
2421 5556 2628 5613 ibidem
2705 5573 2735 5609 a
2795 5555 2907 5610 Deo
2960 5550 3173 5609 collatis
3227 5556 3491 5602 renovare
3535 5552 3630 5592 cu-
