4040 6176
430 225 529 281 131

423 460 589 509 tatem
645 459 956 519 cernentes,
1004 455 1364 511 concedimus
1419 457 1488 512 ad
1540 459 1645 514 hoc
1695 477 1857 532 opus,
1886 469 1941 517 et
1965 464 2035 519 ad

423 551 618 599 eatera
641 558 874 614 quaque
932 559 1032 614 pro
1089 560 1370 600 servorum
1414 546 1506 601 Dei
1563 548 1767 604 ibidem
1823 552 2034 626 degen-

422 635 554 688 tium
575 635 999 690 necessitatibus
1023 637 1370 706 adificanda,
1397 656 1614 696 murum
1645 657 1864 699 omnem
1906 659 2031 698 cum

422 723 592 792 portis
630 723 806 794 ipsius
853 725 1106 794 civitatis,
1130 734 1184 781 et
1213 743 1434 784 omnem
1465 744 1689 800 Operam
1734 748 1858 787 cum
1895 748 2030 787 cun-

417 811 518 865 ctis
544 811 864 882 impendiis,
891 829 1014 885 qua
1071 831 1139 869 ex
1197 816 1363 871 rebus
1391 824 1445 873 et
1491 817 1837 876 facultatibus
1858 821 2032 893 ipsius

416 904 667 960 ecclesia
697 913 751 960 et
779 907 1130 978 epiSCOpatus
1184 909 1472 966 Remensis
1503 913 1670 985 Aquis
1698 913 1898 985 palatio
1928 931 2028 972 no-

415 1004 527 1054 stro
560 998 711 1070 regio
756 1000 943 1070 peragi
992 1007 1044 1055 et
1069 1003 1275 1059 exsolvi
1332 1005 1549 1061 solitum
1574 1007 1768 1076 fuerat,
1801 1010 1858 1064 in
1879 1008 2028 1064 elee-

416 1104 647 1160 mosyna
674 1089 932 1144 videlicet
962 1098 1171 1158 nostra,
1213 1100 1266 1148 et
1288 1111 1389 1165 pro
1429 1097 1678 1154 remedio
1707 1098 1906 1153 anima
1927 1098 2028 1155 do-

417 1178 531 1232 mni
568 1195 633 1234 ac
660 1181 926 1250 genitoris
983 1184 1178 1248 nostri,
1230 1193 1392 1258 atque
1458 1196 1780 1245 caterorum
1815 1190 2026 1260 praede-

415 1282 694 1322 cessorum
757 1276 1092 1338 nostrorum,
1158 1275 1251 1346 qui
1330 1277 1585 1333 eumdem
1645 1279 2023 1350 episcopatum

413 1368 603 1417 contra
659 1363 891 1418 salutem
938 1379 1092 1418 suam
1144 1366 1467 1438 aliquandiu
1516 1375 1827 1435 tenuerant,
1885 1375 1939 1423 et
1970 1369 2023 1424 in

416 1465 548 1505 suos
601 1466 735 1505 usus
786 1458 976 1507 contra
1032 1454 1436 1511 ecclesiasticas
1453 1458 1693 1529 regulas,
1726 1466 1781 1512 et
1833 1475 1921 1514 res
1962 1473 2026 1513 ac

413 1536 697 1594 facultates
718 1541 968 1595 ecclesia
997 1541 1172 1612 ipsius
1190 1545 1566 1613 expenderent
1593 1564 1607 1610 ;
1625 1553 1678 1601 et
1696 1547 1768 1601 ob
1800 1549 1906 1603 hoc
1920 1547 2024 1602 mi-

413 1643 517 1682 nus
549 1644 711 1699 quam
745 1629 1011 1686 debuerat
1068 1633 1316 1690 utilitatis
1365 1637 1534 1692 sacris
1572 1637 1706 1692 locis
1738 1638 1791 1691 in
1825 1639 2023 1693 eodem

411 1722 732 1793 episcOpatu
785 1723 1095 1780 constitutis
1132 1726 1330 1780 exinde
1387 1735 1734 1797 provenerat.
1764 1728 2025 1784 Volumus

411 1810 596 1878 etiam,
635 1819 695 1866 ut
751 1814 991 1878 vassalli,
1039 1821 1092 1868 et
1145 1816 1464 1887 quicunque
1511 1815 1704 1871 ﬁdeles
1739 1818 1910 1872 nostri
1960 1834 2026 1873 ex

412 1901 577 1958 rebus
624 1904 874 1973 ejusdem
920 1907 1270 1978 episcOpatus
1323 1909 1531 1980 aliquid
1582 1908 1808 1976 habent,
1843 1910 2024 1966 eidem

410 1995 567 2064 operi
607 1997 926 2066 inserviant,
981 2001 1121 2055 sicut
1168 2002 1520 2058 constitutum
1548 2009 1632 2057 est
1662 2019 1692 2056 a
1721 2001 1881 2057 bona
1910 2020 2026 2058 me-

411 2082 599 2137 moria
628 2084 834 2141 domno
876 2094 929 2141 et
984 2089 1233 2160 genitore
1267 2097 1477 2157 nostro,
1509 2097 1562 2144 et
1581 2090 1722 2145 sicut
1741 2090 2020 2145 decretum

408 2175 543 2224 esta
583 2173 686 2242 pia
741 2175 1141 2232 recordationis
1179 2179 1385 2235 domno
1410 2186 1465 2234 et
1483 2195 1584 2235 avo
1624 2186 1812 2235 nostro
1834 2180 2021 2252 Pippi-

406 2276 500 2328 no,
530 2263 775 2319 decimas
796 2274 850 2320 et
881 2283 992 2322 non
1019 2269 1200 2323 eidem
1228 2271 1478 2325 ecclesia
1517 2279 1718 2326 sancta
1741 2287 1805 2326 ex
1831 2272 2017 2342 rebus,

403 2365 540 2420 quas
565 2353 768 2408 exinde
825 2355 1052 2424 habent,
1091 2358 1429 2428 persolvant.
1460 2359 1585 2414 Vias
1645 2359 1808 2414 etiam
1835 2359 2018 2430 publi-

398 2456 491 2496 cas
520 2455 737 2511 omnes,
771 2461 894 2517 qua
931 2448 1076 2504 circa
1101 2449 1354 2504 eamdem
1387 2449 1675 2505 ecclesiam
1705 2452 1934 2520 vadunt,
1963 2457 2019 2508 et

403 2533 799 2605 impedimento
829 2555 952 2595 esse
1001 2549 1235 2612 possunt
1260 2541 1329 2596 ad
1357 2541 1611 2610 claustra,
1653 2550 1707 2597 et
1731 2559 2015 2599 servorum

404 2628 495 2682 Dei
551 2631 864 2688 habitacula
919 2635 1317 2700 construenda,
1383 2641 1442 2690 ut
1499 2634 1783 2689 transferri
1851 2643 2015 2706 atque

403 2715 676 2774 immutari
729 2722 961 2791 possint,
1023 2723 1400 2778 concedimus.
1464 2724 1525 2778 Et
1591 2725 1638 2777 si
1689 2724 1896 2795 aliquid
1937 2723 2014 2777 ibi

402 2802 535 2860 ﬁsco
590 2816 776 2864 nostro
833 2811 1086 2879 habetur,
1133 2829 1230 2883 per
1287 2811 1391 2866 hoc
1445 2819 1646 2867 nostra
1677 2812 2014 2867 auctoritatis

403 2903 735 2966 praceptum
769 2907 1036 2969 perpetuo
1091 2915 1249 2972 aque
1298 2899 1677 2967 concedimus,
1724 2908 1783 2955 ut
1831 2901 2016 2955 nullus

395 2986 586 3054 judex,
608 3003 818 3054 comes,
847 2995 939 3042 aut
988 2989 1208 3057 missus,
1256 2989 1372 3045 sive
1404 2989 1604 3060 aliquis
1633 3005 1698 3044 ex
1724 2989 2015 3059 judiciaria

1556 227 1921 286 FLODOARDI
1961 229 2264 288 CANONICI
2307 233 2640 292 REMENSIS

425 365 663 434 pientes,
711 369 763 418 et
811 362 877 417 ad
929 363 983 416 id
1039 363 1453 435 exsequendum
1505 364 1611 421 loci
1671 366 2039 424 incommodi-
2061 373 2114 440 Α

3651 252 3767 308 132

2212 391 2241 422 α
2287 373 2346 428 ln
2407 375 2632 431 nomine
2687 377 2903 434 Domini
2971 380 3064 436 Dei
3121 389 3174 437 et
3221 382 3517 442 Salvatoris
3581 391 3766 445 nostri

2135 465 2264 522 Jesu
2297 465 2493 523 Christi
2559 469 2868 528 Ludovicus
2923 481 2975 529 et
3032 475 3340 543 Lotharius,
3373 477 3562 533 divina
3605 481 3768 536 ordi-

2137 564 2305 614 nante
2324 561 2670 630 providentia
2734 565 3094 637 imperatores
3150 569 3393 644 Augusti.
3459 570 3515 625 Si
3550 571 3767 628 libera-

2134 645 2303 700 litatis
2325 655 2526 704 nostra
2555 667 2781 709 munere
2802 653 2937 711 locis
2967 656 3078 712 Deo
3109 657 3302 713 dicatis
3332 658 3596 730 quiddam
3620 676 3766 716 con-

2135 736 2365 794 ferimus
2393 740 2672 812 beneﬁcii,
2703 752 2756 801 et
2803 750 3160 806 necessitates
3219 751 3623 809 ecclesiasticas
3653 768 3765 808 no-

2133 832 2246 881 stro
2277 827 2585 886 relevamus
2638 833 2942 904 juvamine,
2975 837 3029 892 id
3072 837 3236 894 nobis
3270 845 3324 894 et
3359 841 3428 896 ad
3457 841 3760 898 mortalem

2131 916 2298 972 vitam
2352 921 2729 991 temporaliter
2778 927 3217 999 transigendam,
3276 936 3330 984 et
3381 930 3449 985 ad
3483 938 3758 987 aternam

2130 1009 2363 1066 feliciter
2391 1011 2751 1067 obtinendam
2792 1015 3138 1084 profuturum
3181 1018 3388 1092 liquido
3445 1020 3756 1075 credimus.

2131 1099 2342 1156 Idcirco
2383 1109 2570 1158 notum
2606 1103 2725 1159 ﬁeri
2780 1106 3034 1162 volumus
3069 1108 3331 1164 omnibus
3365 1107 3633 1164 ﬁdelibus
3650 1124 3761 1164 no-

2129 1191 2277 1256 stris,
2313 1196 2678 1264 prasentibus
2735 1199 2948 1255 scilicet
2988 1208 3042 1256 et
3073 1201 3284 1265 futuris,
3313 1199 3458 1273 quod
3497 1206 3758 1254 sanctam

2130 1279 2456 1340 Remensem
2501 1288 2816 1351 ecclesiam,
2858 1291 2912 1343 in
2954 1307 3064 1362 qua
3113 1292 3546 1362 pradecessores
3573 1295 3759 1351 nostri

2131 1389 2293 1446 reges
2321 1375 2576 1432 videlicet
2606 1378 2935 1436 Francorum
2981 1381 3147 1437 ﬁdem
3192 1391 3246 1440 et
3283 1386 3422 1441 sacri
3441 1385 3757 1458 baptisma-

2129 1463 2199 1516 tis
2227 1465 2454 1536 gratiam
2497 1477 2883 1540 perceperunt,
2939 1472 2994 1526 in
3026 1489 3134 1545 qua
3175 1480 3230 1529 et
3260 1490 3359 1531 nos
3394 1491 3492 1546 per
3521 1476 3758 1549 imposi-

2126 1556 2333 1612 tionem
2364 1573 2561 1613 manus
2591 1559 2777 1616 domni
2801 1562 3064 1633 Stephani
3095 1583 3252 1640 papa
3269 1570 3577 1641 imperialia
3592 1589 3757 1628 sum-

2127 1646 2337 1716 psimus
2385 1649 2630 1724 insignia
2686 1652 2758 1708 ob
2807 1657 3166 1713 reverentiam
3212 1657 3342 1715 ﬁdei
3395 1661 3750 1730 Christiana,

2125 1740 2179 1788 et
2209 1735 2281 1790 ob
2308 1737 2506 1792 anima
2550 1748 2750 1797 nostra
2783 1741 3037 1814 salutem,
3098 1745 3167 1800 ab
3201 1747 3311 1804 imo
3337 1751 3582 1805 construi
3612 1750 3756 1807 feei-

2126 1839 2268 1878 mus.
2301 1840 2536 1899 eamque
2569 1829 2624 1884 in
2643 1831 2909 1888 honorem
2932 1837 3150 1892 Domini
3182 1839 3348 1893 nostri
3380 1840 3511 1896 Jesu
3540 1841 3751 1896 Christi

2127 1911 2421 1970 Salvatoris
2474 1918 2688 1986 mundi,
2745 1922 2908 1978 simul
2962 1931 3017 1980 et
3083 1926 3137 1982 in
3191 1927 3458 1984 honorem
3489 1930 3751 2003 ejusdem

2128 2009 2332 2058 sancta
2370 2012 2425 2060 et
2481 2007 2820 2066 intemerata
2868 2016 3165 2088 genetricis
3206 2018 3383 2075 Maria
3430 2022 3752 2076 consecrari

2123 2089 2486 2151 decrevimus.
2549 2098 2758 2171 Itaque,
2790 2101 2974 2158 divina
3005 2103 3363 2176 inapiratione
3392 2110 3747 2180 compuncti,

2122 2187 2176 2236 et
2205 2183 2445 2241 calestis
2493 2190 2683 2258 patria
2739 2210 2926 2251 amore
2983 2199 3259 2264 succensi,
3311 2200 3564 2271 quadam
3597 2217 3750 2272 pra-

2121 2272 2233 2341 dia,
2267 2293 2390 2348 qua
2409 2279 2589 2336 eidem
2623 2293 2825 2341 sancta
2855 2288 2974 2342 sedi
3004 2290 3282 2361 quondam
3313 2291 3494 2348 ablata
3524 2291 3753 2350 fuerant

2119 2367 2316 2425 devota
2344 2382 2529 2430 mente
2560 2379 2771 2434 restitui
2791 2381 3081 2449 jussimus,
3101 2383 3157 2438 id
3188 2390 3292 2452 est,
3327 2384 3382 2439 in
3400 2384 3748 2441 suburbanis

2119 2462 2293 2534 ipsrus
2319 2475 2522 2523 sancta
2539 2467 2791 2523 ecclesia
2805 2469 3020 2525 titulum
3054 2472 3276 2541 S.Sixti,
3309 2490 3526 2530 necnon
3546 2481 3600 2531 et
3614 2475 3750 2531 titu-

2120 2555 2230 2611 lum
2250 2558 2303 2614 S.
2321 2559 2558 2625 Martini,
2575 2575 2699 2615 cum
2713 2563 3066 2632 appendiciis
3084 2581 3293 2621 eorum.
3311 2567 3556 2622 Exterius
3570 2569 3747 2625 etiam

2118 2647 2175 2702 in
2202 2651 2395 2705 eadem
2424 2653 2706 2722 parochia,
2726 2653 2784 2708 in
2815 2661 2995 2711 castro
3017 2656 3286 2712 Vonzensi
3309 2659 3525 2713 titulum
3559 2659 3751 2732 bapti-

2115 2737 2364 2806 smalem,
2385 2747 2440 2795 et
2468 2741 2684 2796 titulum
2715 2742 2772 2796 in
2789 2743 2984 2798 eadem
2999 2746 3259 2815 parochia
3277 2746 3574 2803 S.Joannis
3587 2750 3692 2804 sim
3702 2750 3748 2806 i-

2118 2823 2243 2880 liter
2271 2826 2646 2898 baptimalem.
2685 2832 2800 2886 suis
2829 2849 2953 2887 cum
2986 2834 3351 2906 appendiciis,
3380 2843 3434 2891 et
3465 2838 3747 2896 Bretinia—

2117 2927 2282 2969 cum:
2314 2915 2499 2972 villam
2541 2934 2762 2991 quoque
2806 2921 3141 2993 Sparnacum
3200 2941 3323 2981 cum
3383 2931 3746 3000 appendiciis

2117 3002 2252 3070 suis,
2280 3011 2334 3058 et
2364 3005 2421 3060 in
2437 3007 2564 3062 villa
2595 3025 2716 3080 qua
2767 3018 2994 3066 vocatur
3033 3013 3236 3069 Lucida
3269 3015 3479 3088 [Lude],
3511 3035 3741 3077 necnon

401 3083 687 3147 ΡοῑθειδῑεΞ,
721 3079 887 3134 “nam
947 3080 1079 3135 inde
1138 3081 1318 3136 eidem
1363 3087 1566 3136 sancta?
1619 3081 1716 3136 Dei
1738 3082 2016 3181 ρι’ἱθάίθῐω
2043 3063 2092 3132 C
2117 3099 2170 3147 et
2197 3063 2253 3148 in
2285 3094 2586 3156 Proviliaco
2613 3063 3002 3174 ⁸[Ρνοιιέιέρῆἶλι
3037 3063 3246 3161 eodem
3269 3063 3740 3181 Lpagojllemeh‘s’i:

402 3167 661 3222 Remensi
719 3168 967 3224 ecclesia
1023 3170 1482 3241 inquietudinem.
1542 3177 1634 3226 aut
1698 3171 1869 3226 ullum
1924 3187 2015 3225 ca-

399 3257 621 3312 lumnia
671 3258 1126 3328 impedimentum
1178 3259 1378 3314 inferre
1428 3276 1669 3332 unquam
1697 3267 2013 3331 prasumat,

399 3347 758 3403 obsecrantes
779 3363 1128 3404 successores
1165 3355 1404 3415 nostros,
1437 3355 1497 3403 ut
1533 3364 1807 3404 memores
1826 3348 2018 3403 salutis

398 3454 534 3504 sua,
567 3439 856 3509 prasentis
907 3439 1117 3494 scilicet
1169 3445 1224 3494 et
1260 3447 1495 3503 aterna,
1540 3455 1812 3496 memores
1842 3441 2008 3494 etiam

398 3529 816 3592 beneﬁciorum.
849 3546 971 3602 qua
998 3531 1160 3586 nobis
1182 3538 1237 3586 et
1265 3532 1416 3604 genti
1445 3539 1644 3588 nostra
1692 3548 1756 3587 ac
1795 3533 2010 3603 prade-

396 3621 710 3677 cessoribus
739 3623 938 3678 nostris
967 3623 1022 3677 in
1055 3624 1253 3678 eodem
1303 3631 1493 3680 sancto
1516 3626 1659 3693 loco,
1688 3640 1785 3694 per
1814 3625 1873 3679 B.
1904 3625 2009 3679 Re-

395 3713 644 3788 migium,
676 3715 887 3770 meritis
933 3714 987 3770 S.
1048 3715 1226 3770 Maria
1290 3715 1488 3771 collata
1536 3724 1682 3783 sunt,
1713 3717 1853 3771 sicut
1908 3730 2008 3769 sua

394 3800 538 3858 bene
593 3812 744 3878 gesta
790 3822 823 3860 a
873 3806 988 3860 suis
1015 3806 1428 3863 successoribus
1473 3808 1785 3864 conservari
1815 3807 2006 3862 volue-

391 3896 520 3964 rint,
567 3898 639 3953 ita
684 3915 807 3971 qua
859 3915 958 3970 pro
1003 3915 1190 3956 amore
1227 3901 1344 3965 Dei,
1381 3908 1436 3956 et
1464 3909 1668 3957 sancta
1699 3901 1819 3971 ejus
1847 3901 2006 3976 geni-

390 3985 539 4040 tricis
574 4003 639 4042 ac
675 3987 820 4043 beati
881 3989 1206 4058 protectoris
1236 3990 1406 4045 nostri
1462 3991 1695 4065 Remigii
1717 4006 1865 4063 sape
1895 3989 2005 4045 fato

389 4083 579 4132 sancto
612 4079 732 4133 loco
763 4079 1115 4146 contulimus,
1148 4085 1414 4149 perpetuo
1453 4080 1845 4136 inviolabiliter
1869 4097 2004 4137 con-

390 4185 610 4224 servare
655 4178 970 4241 procurent.
1017 4171 1078 4224 Et
1133 4177 1196 4223 ut
1253 4171 1370 4224 hac
1408 4177 1593 4224 nostra
1623 4170 2005 4226 concessionis

387 4258 678 4312 auctoritas
740 4274 839 4328 per
903 4257 1081 4311 futura
1145 4263 1392 4326 tempora
1441 4257 1745 4327 pleniorem
1807 4258 1860 4312 in
1905 4258 2003 4313 Dei

386 4347 608 4403 nomine
666 4349 915 4405 obtineat
973 4347 1244 4402 ﬁrmitatis
1276 4348 1543 4421 vigorem,
1577 4351 1769 4406 annuli
1828 4352 2001 4406 nostri

386 4441 749 4513 impressione
776 4441 1174 4516 subtersignari
1204 4442 1570 4498 decrevimus.
1594 4461 1625 4494 ιο

454 4535 562 4590 Sed
593 4541 646 4588 et
672 4535 967 4605 quemdam
1035 4534 1249 4590 fabrum
1301 4551 1519 4592 servum
1559 4552 1738 4600 suum,
1773 4537 1998 4593 nomine

386 4625 708 4681 Rumaldum
763 4626 831 4679 ad
860 4624 1180 4696 petitionem
1231 4627 1501 4695 ejusdem,
1533 4629 1787 4698 prasulis
1819 4629 1997 4684 eccle-

382 4719 478 4774 sia
505 4717 764 4772 Remensi
823 4717 1116 4787 concessit,
1148 4724 1206 4773 ut
1247 4719 1338 4774 hic
1367 4719 1436 4774 de
1468 4719 1673 4776 talento
1704 4737 1734 4775 a
1765 4721 1996 4777 Domino

381 4807 488 4861 sibi
519 4806 740 4872 collato,
774 4805 927 4874 juxta
981 4806 1128 4862 vires
1183 4805 1383 4861 diebus
1444 4807 1568 4862 vita
1613 4823 1726 4862 sua
1758 4808 1993 4880 proﬁce-

381 4888 460 4953 ret
491 4915 506 4964 ;
548 4897 719 4962 Quam
744 4897 908 4952 etiam
967 4898 1275 4953 cessionem
1305 4899 1524 4970 apicum
1556 4900 1914 4956 adnotatione
1940 4911 1994 4959 et

376 4990 567 5045 annuli
597 4990 680 5044 sui
719 4988 1053 5062 sigillatione
1082 4989 1374 5046 roboravit.
1417 4991 1575 5046 Aliud
1607 5007 1829 5066 quoque
1850 5011 1990 5066 pra-

377 5090 596 5154 ceptum
625 5083 695 5137 de
723 5083 869 5137 vitiis
891 5083 1129 5154 publicis
1156 5085 1587 5140 transmutandis
1618 5084 1689 5141 ob
1721 5087 1987 5157 quasdam

377 5177 657 5232 clausurus
701 5178 757 5232 in
812 5177 946 5233 locis
974 5178 1171 5234 vicinis
1225 5178 1395 5249 ipsius
1423 5178 1577 5234 urbis
1606 5178 1906 5249 faciendas,
1935 5189 1989 5237 et

377 5267 698 5324 multimoda
781 5269 1031 5325 ecclesia
1083 5271 1436 5340 compendia,
1497 5271 1678 5326 eidem
1739 5273 1986 5344 pontiﬁci

375 5358 548 5426 dedit,
577 5359 725 5430 quod
758 5366 810 5415 et
876 5361 1080 5416 annulo
1125 5375 1226 5418 suo
1279 5362 1582 5437 insignivit.
1632 5363 1901 5420 Praterea
1918 5365 1988 5421 de

374 5451 724 5506 restituendis
779 5451 959 5506 eidem
1008 5459 1210 5509 sancta
1266 5453 1385 5509 sedi
1444 5454 1684 5524 pradiis,
1735 5471 1858 5528 qua
1905 5457 1984 5512 illi

371 5540 650 5611 quondam
696 5539 913 5596 fuerant
955 5541 1157 5608 ablata,
1215 5558 1326 5598 una
1378 5558 1504 5598 cum
1551 5542 1665 5600 ﬁlio
1733 5544 1983 5603 Lothario

371 5626 583 5688 Casare
613 5631 779 5689 talem
809 5633 1071 5704 praecepti
1101 5632 1256 5690 dedit
1273 5631 1676 5690 auctoritatem.

2119 3187 2177 3240 In
2209 3203 2352 3261 pago
2378 3207 2509 3248 vero
2530 3193 2880 3250 Dulcomensi
2901 3195 3107 3259 villam,
3132 3214 3254 3270 qua
3276 3208 3499 3257 vocatur
3527 3202 3742 3261 Cavera

2122 3275 2180 3346 [i,
2204 3277 2452 3350 Canera],
2487 3298 2703 3339 necnon
2735 3291 2788 3339 et
2819 3285 2875 3339 in
2911 3286 3044 3341 villa
3073 3303 3195 3359 qua
3239 3289 3440 3347 dicitur
3467 3293 3644 3349 Verna
3674 3295 3739 3350 in

2119 3379 2262 3438 pago
2288 3366 2642 3427 Vertudense.
2691 3372 2783 3427 Vel
2835 3373 2879 3427 si
2932 3373 3070 3430 forte
3117 3375 3383 3449 deinceps
3432 3381 3500 3435 de
3561 3381 3744 3438 rebus

2113 3454 2385 3524 pradicta
2405 3465 2605 3514 sancta
2663 3460 2911 3516 ecclesia
2957 3464 3302 3534 temporibus
3324 3469 3522 3524 nostris
3550 3471 3743 3527 adhuc

2111 3544 2594 3615 superaddendum
2651 3548 3020 3618 decrevimus,
3093 3555 3402 3621 statuimus.
3473 3575 3573 3630 per
3626 3561 3743 3616 hoc

2113 3642 2311 3692 nostra
2353 3640 2692 3696 auctoritatis
2735 3652 3093 3716 praceptum,
3142 3655 3200 3702 ut
3251 3665 3361 3706 non
3415 3658 3627 3709 tantum
3661 3656 3741 3712 de

2111 3723 2232 3780 istis
2278 3727 2558 3795 restitutis,
2600 3730 2701 3785 sed
2735 3733 2897 3788 etiam
2929 3736 3312 3804 restituendis,
3358 3741 3632 3814 quidquid
3660 3745 3740 3801 de

2109 3815 2245 3888 ipsis
2272 3819 2360 3873 vel
2405 3819 2460 3874 in
2492 3820 2629 3891 ipsis
2658 3829 2898 3880 rectores
2923 3833 2978 3880 et
3017 3828 3252 3885 ministri
3295 3843 3737 3902 pramemorata

2108 3909 2358 3964 ecclesia
2407 3912 2696 3988 elegerint,
2735 3915 2807 3971 ita
2836 3916 3076 3974 debeant
3106 3923 3505 3993 perpetualiter
3542 3928 3735 3997 possi-

2107 3995 2260 4065 dere,
2283 4005 2449 4071 atque
2471 4001 2748 4072 ordinare,
2779 4006 2864 4060 vel
2917 4007 3083 4062 etiam
3115 4008 3318 4078 facere,
3338 3995 3732 4090 proutcunque

2107 4086 2212 4141 sibi
2241 4091 2574 4161 pr0pensius
2610 4093 2906 4163 voluerint,
2947 4104 3008 4152 ut
3053 4098 3262 4173 absque
3319 4103 3487 4159 ullius
3517 4086 3731 4175 injusta

2105 4177 2539 4236 contradictione
2569 4182 2827 4238 ordinent
2872 4191 3036 4257 atque
3065 4187 3381 4260 disponant,
3436 4200 3489 4247 et
3514 4193 3732 4254 faciant

2105 4265 2375 4338 quidquid
2426 4269 2643 4325 utilitati
2688 4271 2963 4342 pradicta
3019 4276 3270 4333 ecclesia
3316 4293 3622 4354 congruere
3669 4292 3731 4338 et

2106 4359 2402 4415 convenire
2432 4365 2834 4434 prospexerint.
2869 4365 2930 4420 Et
2958 4373 3018 4422 ut
3057 4368 3176 4424 hac
3202 4378 3400 4427 nostra
3420 4375 3728 4431 auctorita-

2021 4435 2168 4505 Dtis
2206 4447 2551 4508 confirmatio
2601 4455 2966 4524 prasentibus
3015 4456 3319 4533 futurisque
3371 4463 3730 4535 temporibus

2100 4537 2400 4594 ﬁrmiorem
2448 4541 2506 4595 in
2557 4542 2816 4599 omnibus
2853 4559 3077 4617 semper
3135 4547 3384 4606 obtineat
3437 4553 3724 4628 vigorem,

2099 4631 2355 4687 manibus
2383 4633 2623 4705 prapriis
2650 4634 3199 4710 subterfirmavimus,
3235 4649 3288 4698 et
3317 4645 3504 4700 annuli
3535 4651 3723 4705 nostri

2098 4722 2462 4794 impressione
2492 4725 2698 4799 signari
2714 4726 3002 4795 jussimus.
3041 4751 3066 4782 ι)

2167 4814 2412 4871 Obtinuit
2439 4817 2602 4872 etiam
2634 4817 2781 4873 idem
2817 4822 3018 4891 prasul
3049 4822 3117 4878 ab
3148 4825 3345 4881 eodem
3376 4827 3721 4900 imperatore

2094 4901 2370 4960 Ludovico
2435 4905 2696 4961 Remensi
2751 4908 2998 4967 ecclesia
3033 4954 3048 4980 ,
3115 4915 3418 4971 secundum
3482 4919 3722 4992 antiqua

2092 4998 2428 5068 exemplaria
2483 5001 2788 5072 priscorum
2842 5019 3031 5079 regum
3088 5004 3447 5062 immunitatis
3500 5025 3719 5079 prace-

2091 5091 2265 5156 ptum.
2290 5089 2446 5144 Aliud
2475 5106 2695 5164 quoque
2717 5099 3050 5164 praceptum
3083 5095 3152 5150 de
3187 5102 3351 5157 ponte
3375 5097 3722 5156 Bansionen-

2089 5174 2155 5241 si,
2186 5183 2241 5231 et
2258 5176 2511 5247 teloneis,
2532 5181 2619 5236 vel
2640 5180 3022 5237 exactionibus
3048 5180 3289 5252 publicis
3317 5201 3332 5249 ;
3367 5183 3517 5250 item,
3551 5187 3718 5244 aliud

2090 5267 2162 5322 de
2207 5267 2414 5322 chartis
2443 5270 2818 5325 concrematis
2849 5270 3158 5326 secundum
3189 5273 3568 5328 auctoritatem
3605 5275 3717 5330 im-

2090 5357 2359 5428 peratoris
2422 5357 2600 5414 Karoli
2652 5376 2666 5425 ;
2719 5359 2870 5426 item,
2943 5377 2976 5416 a
3016 5360 3254 5433 Pippino
3308 5363 3716 5434 Aquitanorum

2088 5465 2221 5524 rege
2285 5456 2618 5521 praceptum
2675 5451 3037 5508 immunitatis
3100 5453 3170 5509 de
3192 5452 3359 5509 rebus
3417 5454 3720 5512 Remensis

2084 5541 2334 5597 ecclesia
2361 5541 2417 5596 in
2452 5557 2596 5615 pago
2642 5543 2923 5600 Avernico
2945 5544 3088 5601 sitis.
3110 5545 3186 5601 De
3217 5544 3346 5602 villa
3377 5561 3507 5601 vero
3537 5545 3716 5616 Spar-

2084 5635 2222 5692 tiaco
2252 5635 2506 5693 semotim
2563 5650 2787 5708 quoque
2839 5645 3172 5711 praceptum
3221 5638 3506 5708 Ludovici,
3538 5646 3716 5710 atque
