4034 6174
266 208 359 264 133

898 208 1235 305 HlSTORl/E'
1263 208 1594 264 ECCLESl/E
1633 205 1963 264 REMENSIS
2006 206 2181 263 LIBRI
2222 209 2553 274 QUATUOR.
2583 242 2653 252 —
2693 212 2816 268 LIB.
2860 212 2926 267 ll.

3485 219 3587 276 134

259 341 547 412 separatim
570 347 761 412 postea
785 350 1120 414 praeceptum
1153 342 1393 398 Lotharii
1436 341 1535 396 ﬁlii
1565 342 1685 411 ejus
1709 355 1868 411 repe-
1895 343 1945 409 Α
1969 340 2192 411 quando
2217 339 2452 396 ﬁliorum
2485 357 2708 398 suorum
2740 343 3089 399 contumeliis
3109 344 3374 418 agebatur
3421 349 3592 420 impe-

263 433 394 489 ritur
459 433 762 504 accepisse.
832 432 928 487 Hic
1006 434 1206 504 praesul
1271 433 1386 489 Ebo
1443 449 1566 488 cum
1634 431 1870 488 consilio

262 522 519 578 Ludovici
569 522 934 592 imperatoris,
991 529 1046 577 et
1083 522 1405 578 auctoritate
1461 521 1739 577 Paschalis
1767 522 1872 577 Ro-

263 615 404 668 mani
425 614 705 687 pontiﬁcis
725 614 1063 687 praedicandi
1107 615 1285 688 gratia
1312 614 1381 670 ad
1399 615 1668 670 terminos
1697 627 1872 683 usque

261 704 529 760 Danorum
576 704 828 770 accessit,
878 719 943 759 ac
968 703 1170 758 multos
1226 719 1292 758 ex
1335 702 1417 758 eis
1471 703 1539 758 ad
1581 703 1745 758 ﬁdem
1776 714 1870 755 ve-

259 800 470 854 nientes
489 797 802 869 baptizavit.

323 891 450 946 Orta
496 891 739 962 denique
780 890 1056 945 simultate
1117 889 1260 943 inter
1305 896 1514 959 patrem
1576 895 1630 943 et
1697 887 1870 942 ﬁlium

261 985 612 1049 Ludovicum,
692 983 902 1039 scilicet
976 984 1384 1053 imperatorem,
1436 986 1489 1034 et
1558 977 1870 1033 Lotharium

260 1075 507 1148 partibus
538 1073 635 1129 ﬁlii
688 1073 837 1140 favit,
891 1080 944 1128 et
997 1089 1120 1128 cum
1153 1071 1366 1127 caeteris
1393 1070 1672 1142 episcopis
1700 1070 1871 1126 corri-

257 1167 370 1236 puit
396 1166 786 1235 imperatorem
819 1163 1151 1218 Ludovicum
1174 1177 1275 1232 pro
1297 1159 1628 1232 quibusdam
1652 1159 1869 1224 erratis,

251 1277 374 1332 qua:
395 1261 446 1315 ei
479 1259 905 1329 objiciebantur,
934 1257 1157 1330 quando
1187 1255 1283 1311 filii
1314 1256 1398 1310 sui
1429 1254 1871 1325 comprehende-

254 1358 376 1404 runt
416 1366 566 1416 eum,
611 1356 665 1404 et
706 1348 998 1404 Lotharius
1033 1346 1260 1401 adduxit
1315 1360 1510 1399 senum
1563 1349 1774 1413 patrem
1803 1342 1869 1396 ad

255 1437 654 1509 Compendium
691 1437 1048 1507 (Compie'gne)
1073 1435 1356 1506 palatium,
1399 1433 1494 1489 ubi
1527 1449 1652 1487 eum
1681 1430 1874 1486 afﬂixit

258 1543 381 1582 cum
413 1528 694 1598 episcOpis
725 1534 778 1582 et
801 1526 1014 1582 caeteris
1045 1525 1330 1581 nonnullis
1360 1521 1719 1594 optimatibus
1755 1521 1870 1591 [ms.

254 1623 287 1684 ἰ,
344 1619 716 1690 primatibus],
763 1620 856 1690 qui
908 1620 1198 1688 jusserunt
1251 1624 1309 1672 ut
1366 1617 1420 1672 in
1472 1613 1869 1670 monasterium

1974 437 2120 484 rator
2150 428 2804 504 Ludovicus.En,inquit,
2845 435 2974 490 huic
2999 435 3333 512 (astringens
3365 456 3588 496 manum

1973 523 2147 579 sancti
2201 525 2449 598 Remigii)
2509 529 2802 583 auctoritas
2861 536 2964 595 est,
3017 546 3047 584 a
3101 529 3313 587 Christo
3367 533 3586 599 tradita,

1975 611 2307 668 Francorum
2357 623 2778 684 perseveranter
2830 617 3064 689 imperii.
3127 619 3394 691 Equidem
3445 622 3588 678 sicut

1976 699 2118 754 hanc
2171 708 2393 775 gentem
2444 718 2544 756 sua
2574 703 2824 758 doctrina
2863 708 3109 778 percepit
3141 707 3210 764 ab
3261 707 3587 766 inﬁdelitate

1972 793 2200 864 gratiam
2219 795 2596 862 convertendi,
2615 797 2695 851 sic
2711 797 2875 852 etiam
2897 799 3103 854 donum
3118 815 3339 871 semper
3356 802 3587 858 inviola-

1974 881 2084 937 bile
2115 883 2362 953 possidet
2387 885 2468 939 eis
2498 901 2683 958 regem
2714 887 2799 941 vel
2821 887 3206 957 imperatorem
3245 891 3588 946 constituen-

1973 972 2050 1027 di.
2109 975 2236 1040 Quae
2290 974 2609 1030 beatissima
2655 976 2750 1031 Dei
2811 977 3083 1034 Genitrice
3137 977 3376 1046 dicente,
3422 977 3590 1034 frater

1975 1077 2426 1138 praememoratus
2457 1071 2734 1145 evigilavit
2763 1079 3014 1144 repente.

2602 1160 2814 1219 CAPUT
2857 1164 2964 1218 XX.

2436 1253 2510 1305 De
2533 1252 2734 1307 Ebom's
2771 1254 3125 1324 depositione.

2047 1338 2236 1408 Itaque
2268 1345 2558 1410 postquam
2603 1341 2911 1398 Ludovicus
2941 1343 3010 1398 ab
3038 1344 3320 1415 aequivoeo
3347 1342 3460 1398 ﬁlio
3491 1359 3593 1398 suo

1976 1433 2260 1487 restitutus
2298 1439 2386 1486 est
2439 1432 2493 1487 in
2546 1450 2776 1505 regnum
2840 1443 2894 1490 et
2943 1437 3208 1492 honorem
3263 1453 3444 1502 suum,
3481 1437 3593 1492 Ebo

1980 1534 2210 1598 pr0pter
2239 1529 2621 1596 hujuscemodi
2638 1529 2836 1586 factum
2857 1531 3146 1602 depositus
3173 1537 3257 1585 est
3285 1531 3356 1585 ab
3383 1530 3596 1601 episco-

1981 1623 2130 1686 patu,
2161 1633 2260 1686 pro
2317 1617 2640 1675 inﬁdelitate
2698 1621 3064 1692 imperatoris.
3124 1621 3226 1675 Pro
3257 1637 3365 1692 qua
3395 1621 3593 1692 reipse

252 1713 376 1778 iret,
410 1720 466 1766 et
493 1719 642 1767 esset
670 1711 746 1765 ibi
773 1712 986 1766 cunctis
1035 1711 1234 1765 diebus
1282 1710 1405 1765 vitae
1433 1726 1566 1764 suae.
1599 1706 1752 1772 Quod
1781 1703 1873 1759 ille
1903 1703 1948 1728 υ
1971 1712 2084 1780 jam
2137 1712 2294 1767 Jesse
2348 1713 2798 1769 Ambianensium
2821 1715 3140 1785 ipmsulem
3191 1712 3397 1768 dudum
3429 1714 3596 1784 depo-

254 1819 519 1869 renuens,
559 1820 666 1858 non
722 1804 1006 1859 consensit
1036 1802 1300 1857 voluntati
1331 1817 1544 1857 eorum.
1577 1799 1726 1852 Tunc
1756 1812 1875 1851 om-

254 1909 356 1947 nes
383 1893 635 1964 episcOpi
665 1895 758 1964 qui
775 1896 1025 1956 aderant,
1049 1892 1267 1948 molesti
1294 1892 1345 1947 ei
1365 1892 1538 1945 fuisse
1561 1893 1876 1949 narrantur,

251 1989 299 2035 et
331 1982 778 2053 improperantes
805 1981 884 2034 illi
909 1987 1131 2052 peccata
1153 1997 1273 2046 sua,
1307 1979 1655 2035 abstulerunt
1686 1977 1738 2030 ei
1759 1975 1876 2049 gla-

256 2069 408 2126 dium
444 2088 476 2125 a
504 2071 711 2125 femore
742 2086 862 2136 suo,
891 2071 1188 2124 induentes
1221 2085 1345 2123 eum
1375 2068 1573 2124 cilicio.

324 2165 470 2218 Dum
503 2163 824 2235 frequenter
853 2162 1016 2236 igitur
1045 2161 1158 2216 Ebo
1204 2162 1404 2233 praesul
1447 2161 1500 2214 in
1523 2159 1724 2230 palatio
1751 2167 1880 2214 tunc

259 2260 591 2319 moraretur,
622 2251 938 2321 hujusmodi
993 2251 1062 2304 de
1103 2266 1169 2306 eo
1215 2252 1270 2305 in
1333 2250 1670 2306 monasterio
1701 2251 1878 2304 sancti

259 2342 495 2414 Remigii
527 2342 666 2396 visio
715 2339 952 2394 revelata
1005 2346 1109 2392 est.
1141 2339 1265 2394 Erat
1314 2339 1390 2393 ibi
1422 2338 1729 2392 monachus
1757 2339 1879 2409 qui-

258 2433 409 2497 dam,
446 2431 671 2486 nomine
723 2429 1026 2494 Raduinus,
1079 2443 1286 2500 genere
1341 2427 1757 2500 Longobardus,
1787 2428 1880 2498 qui

257 2519 438 2574 abbas
495 2521 775 2590 quondam
858 2517 1139 2571 exstiterat
1217 2515 1538 2571 monasterii
1618 2515 1768 2586 quod
1823 2514 1880 2568 in

259 2621 451 2670 monte
485 2611 752 2666 Bardonis
773 2610 830 2664 in
889 2608 1040 2662 italia
1075 2608 1382 2663 beatissimi
1413 2607 1644 2679 Remigii
1675 2607 1883 2662 celebri

260 2711 436 2781 pollet
496 2706 782 2762 memoria.
855 2704 1192 2760 Moderamni
1244 2702 1588 2758 Redonensis
1635 2701 1883 2771 episcopi

257 2798 448 2852 studio
477 2795 751 2851 dedicata.
806 2795 866 2848 In
918 2810 1028 2866 quo
1086 2792 1444 2859 monasterio,
1474 2791 1604 2844 dum
1626 2789 1885 2860 praefatus

260 2889 552 2944 Raduinus
610 2887 913 2942 monachiae
989 2885 1356 2956 professionis
1413 2889 1632 2958 gereret
1682 2880 1884 2947 ofﬁcia,

1979 1802 2157 1856 suisse
2189 1802 2438 1869 traditur,
2487 1803 2586 1858 sed
2639 1819 2787 1859 nunc
2833 1819 2958 1858 eum
3017 1819 3308 1859 revocasse
3343 1802 3517 1858 fertur
3539 1804 3592 1858 in

1977 1893 2206 1965 gradum
2239 1892 2479 1963 priorem

2051 1981 2127 2036 De
2158 1981 2360 2037 Ebonis
2377 1988 2557 2036 autem
2589 1981 2961 2052 depositione,
2981 1982 3298 2054 requirente
3356 1989 3597 2053 postmo-

1981 2072 2110 2127 dum
2142 2091 2284 2146 papa
2310 2075 2531 2131 Nicolao
2582 2075 2652 2130 ab
2702 2077 2981 2148 episcopis
3007 2077 3213 2142 Galliae,
3245 2077 3594 2149 maximeque

1983 2160 2214 2232 Belgicae
2280 2163 2597 2232 provincias,
2668 2165 2787 2220 haec
2845 2166 2988 2220 inter
3044 2166 3150 2220 alia
3204 2167 3257 2220 in
3309 2167 3595 2237 responsis

1981 2251 2193 2321 accepit
2272 2252 2426 2315 Quod
2485 2253 2599 2310 Ebo
2658 2255 2951 2311 Remorum
2984 2257 3282 2328 episcopus
3313 2265 3537 2328 accepta
3565 2274 3596 2311 a

1984 2345 2236 2402 Lothario
2291 2335 2389 2417 pro
2452 2349 2623 2418 patris
2678 2350 2991 2420 proditione
3035 2350 3255 2405 abbatia
3281 2351 3455 2405 sancti
3493 2351 3598 2406 Ve-

1983 2439 2143 2505 dasti,
2189 2440 2450 2494 falsarum
2507 2440 2881 2510 objectionum
2935 2441 3184 2496 incentor
3227 2441 3517 2508 exstiterit,
3544 2450 3599 2497 et

1984 2528 2181 2584 daliter
2221 2529 2566 2584 criminatum
2599 2531 2856 2586 eumdem
2889 2531 3275 2600 imperatorem
3307 2530 3452 2584 idem
3486 2530 3598 2587 Ebo

1986 2636 2016 2674 a
2042 2621 2158 2674 suis
2183 2620 2547 2691 complicibus
2602 2639 2633 2676 a
2663 2621 2949 2676 liminibus
2988 2621 3236 2676 ecclesiae
3267 2620 3592 2691 projectum,

1986 2724 2050 2762 ac
2080 2708 2313 2778 publicae
2343 2708 2680 2780 paenitentiae
2736 2711 3128 2782 mancipatum.
3161 2709 3422 2765 custodiri
3453 2711 3598 2766 fece-

1989 2799 2056 2852 rit
2114 2799 2276 2868 [αηηο
2331 2799 2477 2863 834),
2535 2815 2714 2872 usque
2744 2801 2873 2855 dum
2930 2801 2984 2854 in
3015 2815 3163 2854 anno
3204 2799 3599 2854 incarnationis

1989 2887 2284 2943 Dominicze
2331 2887 2790 2961 octingentesimo
2845 2887 3123 2942 tricesimo
3161 2892 3377 2958 quarto,
3413 2887 3604 2942 Lotha-

257 2982 464 3037 ductus
524 2995 710 3035 amore
767 2979 1087 3034 meritorum
1140 2977 1288 3032 beati
1347 2975 1602 3050 Remigii,
1653 2972 2105 3045 sepulcriCrius
2131 2980 2354 3036 territus
2382 2988 2657 3036 conventu
2687 2979 2910 3034 fratrum
2961 2994 3207 3044 suorum,
3242 2994 3305 3033 ac
3333 2978 3601 3048 plurimo-

258 3075 520 3144 ejusdem
547 3073 740 3128 limina
783 3073 959 3143 petiit.
1023 3071 1123 3135 Qui
1161 3087 1286 3126 cum
1342 3068 1604 3124 fratribus
1634 3066 1883 3135 ejusdem

258 3163 360 3219 loci
401 3163 568 3215 vitam
599 3148 810 3215 ducens
867 3159 1201 3232 religiosam,
1243 3158 1410 3229 digne
1449 3173 1573 3212 sese
1623 3155 1691 3209 ad
1721 3155 1888 3209 coele-

260 3260 405 3307 stem
459 3250 748 3324 satagebat
804 3265 1115 3320 praeparare
1162 3247 1433 3303 militiam.
1485 3247 1726 3312 Quadam
1757 3260 1888 3301 vero

261 3345 375 3410 die,
406 3359 579 3399 sacra
612 3342 824 3398 scilicet
873 3339 1269 3410 assumptionis
1325 3346 1527 3395 sancta:
1583 3340 1677 3394 Dei
1727 3337 1890 3393 Geni-

262 3440 441 3502 tricis,
475 3444 601 3509 post
627 3443 878 3490 exactum
909 3433 1192 3488 matutin
1224 3433 1593 3488 solemnitatis
1622 3432 1889 3494 ofﬁcium,

266 3530 503 3603 reliquis
561 3528 820 3598 fratribus
873 3526 1114 3596 quietem
1183 3525 1524 3594 petentibus,
1583 3525 1670 3580 ille
1712 3525 1892 3596 precis

264 3623 444 3696 gratia
470 3621 626 3677 solus
658 3619 922 3674 remansit
977 3618 1030 3671 in
1061 3617 1251 3683 choro,
1291 3617 1616 3673 custodibus
1644 3618 1892 3672 ecclesia:

265 3713 713 3787 quiescentibus.
747 3713 810 3765 At
828 3711 924 3766 ubi
955 3710 1293 3781 psalmorum
1323 3709 1740 3765 continuatione
1772 3709 1892 3765 fati-

265 3814 454 3878 gatus,
489 3805 722 3859 irruenti
775 3804 942 3875 cmpit
997 3802 1243 3875 soporari
1303 3817 1520 3868 somno,
1569 3801 1706 3856 vidit
1761 3818 1792 3855 a
1822 3802 1896 3857 lo—

266 3915 329 3954 co
353 3895 612 3968 sepulcri
669 3897 844 3952 sancti
903 3895 1179 3966 pontiﬁcis
1213 3895 1284 3966 [sc
1317 3893 1565 3968 Remigii]
1594 3893 1896 3964 procedere

267 3988 654 4043 beatissimam
678 3985 773 4039 Dei
800 3983 1131 4039 Genitricem
1165 3981 1337 4038 nimio
1368 3982 1576 4037 lumine
1608 3999 1899 4039 coruscan-

268 4088 404 4146 tem,
434 4080 596 4148 cujus
627 4076 912 4132 hzerebant
971 4073 1237 4129 lateribus
1264 4074 1603 4148 evangelista
1630 4074 1895 4138 Joannes,

269 4176 323 4224 et
351 4171 479 4241 ipse
501 4185 658 4224 sacer
675 4167 958 4241 Remigius
978 4184 992 4232 ;
1011 4167 1202 4237 sicque
1231 4180 1291 4219 se
1307 4163 1412 4219 visi
1437 4163 1901 4234 suntcompositis

270 4259 428 4314 adire
487 4256 771 4332 gradibus.
806 4256 1164 4328 Superposita
1194 4269 1325 4310 vero
1382 4269 1550 4308 manu
1589 4253 1750 4325 Virgo
1779 4253 1898 4326 glo-

1988 3088 2108 3126 rum
2138 3070 2382 3127 ﬁdelium
2416 3073 2588 3144 patris
2635 3070 3002 3143 imperatoris,
3033 3067 3162 3142 fuga
3183 3068 3371 3138 lapsus
3392 3075 3602 3139 patrem

1991 3177 2148 3214 suum
2203 3162 2382 3217 adhuc
2429 3161 2498 3216 ab
2557 3163 2810 3237 ingressu
2894 3159 3141 3215 ecclesias
3198 3163 3602 3230 sequestratum

1992 3252 2214 3307 dimisit.
2245 3252 2376 3308 Cum
2407 3269 2516 3326 quo
2544 3253 2688 3308 inter
2707 3252 2844 3306 alios
2883 3251 3047 3305 etiam
3079 3247 3302 3320 quidam
3333 3249 3602 3320 episcopi,

1991 3340 2232 3397 fautores
2254 3341 2429 3412 ipsius
2461 3343 2515 3396 in
2545 3341 2871 3396 adversitate
2902 3338 3072 3410 patris
3101 3337 3209 3405 sui,
3239 3336 3442 3392 relictis
3472 3351 3606 3392 con-

1992 3447 2076 3495 tra
2127 3454 2282 3493 sacra
2330 3438 2549 3511 regulas
2592 3437 2821 3492 sedibus
2873 3435 2990 3489 suis
3046 3430 3606 3504 perrexerunt,.|esse

1990 3528 2246 3585 videlicet
2273 3527 2681 3591 Ambianensis,
2715 3532 2769 3580 et
2800 3522 3146 3580 Hereboldus
3193 3518 3608 3575 Antisiodoren-

1994 3624 2094 3690 sis,
2127 3620 2451 3691 Agobardus
2500 3616 2911 3689 Lugdunensis,
2938 3621 2992 3668 et
3017 3610 3446 3666 Bartholomaeus
3475 3605 3610 3660 Nar-

1995 3711 2264 3769 bonensis
2285 3709 2604 3780 episcopus,
2636 3715 2690 3760 et
2719 3699 3295 3770 abscedenteillo,qui
3316 3695 3610 3752 adfuerunt

1996 3801 2245 3874 episcopi
2304 3801 2689 3871 imperatorem
2749 3797 2803 3850 in
2861 3793 3096 3849 ecclesia
3150 3793 3324 3846 sancti
3364 3788 3608 3859 Dionysii

1999 3893 2510 3955 reconciliaverunt,
2537 3896 2591 3943 et
2619 3885 3006 3944 ecclesiastica:
3045 3880 3420 3937 communioni
3452 3877 3612 3932 resti-

2000 3991 2240 4042 tuerunt.
2276 3981 2428 4048 Quod
2459 3979 2572 4034 Ebo
2603 3976 2857 4040 audiens,
2891 3971 3216 4044 quibusdam
3249 3965 3614 4024 familiaribus

2001 4077 2118 4132 suis
2160 4071 2562 4145 plenitudinem
2613 4083 2837 4122 suorum
2893 4062 3167 4137 delegavit
3219 4060 3526 4125 hominum,
3559 4065 3615 4114 et

2001 4171 2209 4222 certum
2242 4163 2322 4218 eis
2353 4161 2609 4232 placitum
2641 4156 2815 4223 dedit,
2846 4154 2941 4210 ubi
2981 4161 3035 4208 et
3063 4151 3284 4226 quando
3313 4150 3512 4204 iterum
3543 4147 3612 4202 ad

2005 4273 2130 4312 eum
2160 4253 2428 4310 venirent.
2487 4248 2756 4318 Adjicitur
2810 4245 2972 4300 etiam
3022 4243 3171 4316 quod
3211 4242 3323 4297 Ebo
3356 4240 3615 4312 plurima,

270 4349 421 4404 riosa
481 4329 683 4401 leniter
734 4347 854 4415 ejus
915 4344 1110 4417 capiti:
1171 4343 1311 4408 Quid
1366 4344 1476 4411 hic,
1526 4344 1722 4416 inquit,
1753 4344 1892 4418 agis,
1921 4349 2116 4419 [)quae
2172 4345 2242 4400 de
2308 4340 2658 4398 facultatibus
2716 4335 3106 4393 ecclesiasticis
3173 4333 3316 4388 ferre
3367 4339 3502 4386 tunc
3558 4329 3613 4419 in

269 4440 476 4495 fratrer
509 4439 758 4494 Raduine
791 4437 821 4490 i'
847 4453 957 4510 quo
976 4451 1102 4492 mox
1135 4435 1310 4506 pedes
1337 4435 1482 4490 illius
1507 4436 1743 4492 osculari
1775 4451 1897 4506 pro-

268 4533 598 4599 cumbente,
629 4530 829 4601 adjecit
863 4529 1003 4584 :Ubi
1051 4527 1217 4582 modo
1262 4527 1414 4601 degit
1463 4528 1574 4584 Ebo
1605 4529 1897 4584 Remensis

270 4626 731 4696 archiepiscOpus
783 4623 812 4676 ?
854 4623 968 4689 Quo
1000 4619 1371 4691 respondente
1427 4637 1440 4673 :
1476 4620 1714 4691 palatina
1738 4621 1898 4692 jussu

273 4715 425 4787 regis
453 4712 778 4784 exsequitur
808 4711 1048 4785 negotia.
1084 4709 1146 4763 Et
1201 4723 1319 4776 cur,
1339 4708 1536 4779 inquit,
1564 4715 1672 4763 tam
1703 4709 1899 4764 sedulo

275 4805 469 4876 palatii
501 4805 629 4858 terit
657 4801 883 4858 limina?
908 4817 1136 4874 prorsus
1154 4801 1284 4856 hinc
1313 4816 1661 4872 nequaquam
1693 4803 1900 4870 majore

276 4895 550 4951 ditabitur
601 4895 906 4950 sanctitatis
962 4893 1230 4951 efﬁcacia.
1288 4893 1482 4948 Veniet
1511 4892 1681 4957 enim,
1718 4892 1903 4946 veniet

278 4987 576 5042 celerrime
631 4993 872 5058 tempus,
926 4987 1147 5060 quando
1210 5001 1321 5042 non
1379 4983 1793 5057 prosperabitur
1845 4984 1900 5038 in

279 5077 510 5132 talibus.
531 5075 703 5141 Quem
735 5077 874 5131 nihil
930 5077 1000 5132 ad
1038 5077 1158 5132 haec
1211 5075 1509 5130 audentem
1537 5072 1901 5143 respondere,

282 5169 379 5224 tali
399 5185 752 5242 prosequens
803 5167 997 5224 affatur
1025 5169 1355 5225 allocutione
1397 5167 1563 5232 :Quse
1595 5171 1901 5220 vestrorum

280 5265 541 5314 versatur
569 5258 717 5330 apud
744 5258 999 5325 homines
1029 5273 1222 5332 regum
1253 5255 1580 5326 disceptatio
1607 5254 1635 5307 ?
1655 5254 1806 5309 Tunc
1836 5269 1903 5310 eo

286 5352 715 5423 respondente:
768 5351 997 5407 Domina
1052 5349 1295 5406 Genitrix
1342 5347 1639 5404 Salvatoris
1690 5347 1905 5415 mundi,

285 5450 396 5496 tua:
426 5443 630 5498 melius
682 5443 833 5499 novit
884 5444 992 5498 hoc
1039 5441 1344 5498 sanctitatis
1400 5439 1760 5510 incorruptio,
1811 5440 1905 5508 ait,

284 5531 425 5602 quid
447 5537 613 5587 tanta:
640 5530 783 5586 malo
839 5530 1154 5602 cupiditatis
1193 5527 1362 5584 illecti
1409 5541 1549 5583 vana
1579 5540 1728 5580 nunc
1751 5541 1906 5600 gras-

281 5629 483 5678 santur
538 5621 789 5678 audacia.
845 5620 984 5676 Illud
1041 5619 1188 5676 enim
1242 5627 1374 5675 tunc
1423 5616 1612 5674 aderat
1663 5621 1904 5688 tempus,

1996 4416 2226 4510 argento
2252 4440 2306 4488 et
2325 4447 2459 4487 auro
2493 4430 2690 4502 potuit,
2722 4443 2909 4484 secum
2963 4438 3273 4488 assumens,
3333 4435 3457 4475 cum
3489 4416 3615 4489 qui-

1997 4533 2233 4589 busdam
2290 4528 2642 4592 Normannis,
2689 4523 2783 4594 qui
2841 4521 2945 4577 iter
2999 4527 3052 4574 et
3109 4523 3299 4588 portus
3339 4511 3508 4568 maris
3554 4524 3620 4564 ac

2000 4621 2288 4676 ﬂuminum
2341 4631 2494 4672 mare
2544 4613 2890 4668 influentium
2925 4616 3086 4664 notos
3138 4604 3438 4660 habebant.
3487 4615 3611 4656 cum

1999 4709 2190 4782 paucis
2216 4721 2439 4779 quoque
2465 4704 2588 4759 aliis
2615 4701 2933 4758 domesticis
2963 4697 3100 4763 suis,
3132 4693 3286 4749 nullo
3312 4692 3618 4782 impetente

2000 4777 2088 4853 vel
2114 4777 2508 4868 persequente,
2539 4798 2702 4847 noctu
2728 4791 2913 4845 Remis
2947 4784 3177 4858 aufugit,
3211 4789 3265 4837 et
3295 4795 3405 4836 non
3437 4777 3615 4833 solum

2003 4885 2319 4957 parochiam
2369 4897 2548 4947 suam,
2597 4895 2785 4934 verum
2817 4885 2870 4932 et
2898 4876 3169 4948 Belgicam
3197 4870 3484 4944 regionem
3518 4868 3615 4922 de-

2001 4956 2194 5047 seruit,
2247 4984 2304 5033 et
2352 4977 2456 5031 iter
2507 4971 2575 5026 ad
2623 4970 2987 5032 Normannos,
3045 4963 3250 5037 quibus
3308 4977 3340 5015 a
3370 4956 3618 5047 Paschali

2004 5083 2148 5139 papa
2185 5043 2473 5138 ⁷[Ραεοιιίιι.
2529 5059 2602 5130 Ι],
2649 5072 2864 5113 necnon
2923 5055 2992 5111 ab
3045 5052 3292 5127 Eugenio
3353 5050 3512 5121 [Eug.
3543 5043 3616 5115 Π]

2005 5171 2328 5212 successore
2353 5153 2549 5220 ipsius,
2585 5150 2724 5204 sicut
2753 5145 3004 5218 epistolis
3053 5141 3376 5199 eorumdem
3409 5152 3618 5210 praesu-

2005 5247 2117 5301 lum
2145 5246 2212 5300 ad
2267 5245 2446 5314 ipsum
2500 5253 2600 5310 pro
2657 5239 2760 5293 hac
2810 5251 2870 5291 re
2924 5233 3066 5288 datis
3096 5232 3415 5296 edocemur,
3443 5228 3620 5282 fuerat

2010 5333 2333 5406 praedicator
2362 5330 2693 5393 destinatus,
2741 5327 2988 5398 arripuit.
3032 5325 3186 5391 Quod
3213 5315 3621 5378 manifestanti-

2009 5428 2114 5484 bus
2135 5429 2236 5495 eis,
2260 5442 2383 5482 cum
2415 5422 2617 5496 quibus
2654 5422 2760 5478 hoc
2811 5418 3102 5476 consilium
3157 5416 3298 5480 iniit,
3333 5413 3622 5481 imperato-

2008 5536 2123 5576 rem
2171 5518 2341 5573 latere
2371 5529 2481 5572 non
2514 5511 2707 5585 potuit.
2751 5511 3094 5582 Quapropter
3149 5505 3448 5574 imperator
3492 5508 3617 5548 eum

2009 5626 2106 5684 per
2152 5608 2469 5682 episcopos,
2522 5600 2831 5662 Rothadum
2889 5597 3100 5656 scilicet
3125 5587 3536 5650 Suessonicam,
3566 5589 3620 5636 et
