4040 6176
475 205 576 262 135

1593 200 1958 256 FLODOARDI
2001 199 2302 256 CANONICI
2345 202 2670 259 REMENSIS
3685 220 3774 275 136

466 355 874 411 Erch'enradum
919 353 1037 423 [al.,
1087 350 1312 421 Arkeur]
1367 351 1698 406 Parisiorum
1728 350 2075 421 episcopum,
2103 354 2151 419 A
2177 351 2462 408 confessus
2491 362 2584 408 aut
2608 355 2893 412 convictus
2941 357 3104 424 foret,
3158 359 3402 415 libellum
3431 378 3544 417 suae
3570 366 3778 436 deposi-

463 444 705 499 revocari
735 443 880 508 fecit,
905 450 958 498 et
1006 443 1059 496 in
1114 441 1452 496 monasterio
1473 441 1646 496 sancti
1679 439 1965 501 Bonifacii,
1998 439 2070 503 ei,

455 543 517 590 et
546 535 759 589 clericis
782 549 846 587 ac
899 533 1052 587 laicis
1101 533 1194 603 qui
1245 549 1367 587 cum
1425 548 1492 587 eo
1549 537 1726 585 erant.
1759 531 2073 584 necessaria

463 625 780 686 ministrari,
805 632 858 679 et
910 624 1182 694 synodum
1211 629 1532 695 exspectare
1574 621 1853 693 praecepit.
1882 620 1990 673 Sed
2021 627 2075 674 et

465 721 857 775 Hildemannus
923 719 1272 774 Belvacensis
1349 717 1647 787 episcopus
1699 712 2069 777 insimulatus,

459 813 607 885 quod
664 813 803 867 sicut
860 812 1070 883 praefati
1135 812 1427 882 episcopi,
1495 809 1678 882 fugam
1737 811 1805 865 ad
1873 811 2072 866 Lothaâ€”

461 904 598 957 rium
631 904 936 969 moliretur,
969 905 1024 957 in
1055 903 1392 958 monasterio
1422 901 1597 956 sancti
1627 901 1846 955 Vedasti
1877 901 2070 956 deten-

458 1000 567 1061 tus,
587 995 858 1064 synodum
909 994 1262 1064 exspectavit.
1321 992 1400 1047 Ad
1447 1010 1610 1066 quam
1637 1008 1785 1049 anno
1815 993 2068 1048 lncarna-

454 1085 622 1138 tionis
662 1086 958 1139 Dominicae
984 1084 1089 1139 835
1117 1085 1427 1151 venientes,
1457 1100 1653 1140 omnes
1700 1084 1948 1155 episcopi
1975 1083 2068 1154 qui

457 1184 834 1231 convenerant
864 1176 1180 1249 singillatim
1236 1175 1454 1231 libellos
1482 1177 1551 1230 de
1583 1176 1930 1231 restitutione
1958 1175 2067 1227 im-

457 1268 728 1336 peratoris
772 1266 1049 1321 communi
1107 1265 1339 1320 consilio
1369 1274 1534 1338 atque
1564 1283 1842 1323 consensu
1873 1265 2067 1320 edide-

459 1365 606 1426 runt,
629 1365 683 1412 et
717 1357 955 1429 propriis
997 1356 1253 1411 manibus
1281 1357 1750 1428 subscripserunt.
1786 1355 1915 1410 Cum
1947 1357 2070 1427 qui-

458 1448 562 1503 bus
594 1455 647 1502 et
678 1448 790 1503 Ebo
833 1451 908 1514 (ut
953 1464 1141 1503 revera
1196 1448 1250 1500 in
1305 1453 1446 1501 statu
1479 1463 1580 1501 suo
1602 1445 1783 1500 adhuc
1811 1445 2066 1511 manens)

458 1536 703 1591 libellum
735 1553 900 1591 manu
942 1552 1040 1590 sua
1097 1552 1218 1590 cum
1252 1535 1630 1591 additamento
1666 1535 2066 1606 archiepiscopi

456 1629 716 1699 scriptum
748 1629 938 1684 edidit.
967 1631 1024 1682 In
1057 1627 1366 1698 quolibello
1386 1628 1670 1698 professus
1683 1615 2067 1699 est,quidquid

456 1719 706 1789 inipsius
747 1717 1092 1788 imperatoris
1138 1717 1577 1772 dehonoratione
1606 1725 1822 1788 gestum
1871 1716 2066 1783 fuerat,

455 1807 654 1876 injuste
686 1806 886 1861 factum
909 1807 1097 1861 fuisse.
1131 1808 1263 1860 ltem
1295 1814 1418 1877 post
1446 1823 1618 1877 pauca
1649 1823 1661 1859 :
1695 1812 1890 1876 etpost
1910 1805 2066 1861 datos

455 1899 696 1968 libellos,
749 1900 1038 1953 venientes
1095 1900 1340 1969 episcopi
1405 1916 1525 1954 cum
1603 1901 1955 1970 imperatore,
2013 1907 2066 1954 et

453 1989 876 2060 quamplurimis
927 1990 1046 2058 ejus
1101 1988 1380 2055 fidelibus,
1415 2005 1477 2044 ac
1516 1991 1675 2064 regni
1706 1990 2060 2060 primoribus,

454 2079 509 2132 in
539 2079 732 2134 urbem
791 2080 1135 2145 Metensium,
1195 2080 1248 2133 in
1299 2079 1522 2135 basilica
1581 2081 1726 2135 beati
1779 2081 2062 2151 Stephani,

454 2169 680 2240 publice
704 2188 736 2225 a
766 2172 1018 2243 Drogone
1040 2172 1302 2242 episcopo
1331 2173 1532 2227 retecta
1560 2181 1708 2239 sunt,
1741 2189 1863 2244 quae
1881 2173 1950 2227 de
1977 2189 2065 2227 re-

452 2263 729 2318 stitutione
778 2265 1128 2335 imperatoris
1181 2266 1426 2320 omnium
1464 2266 1823 2320 unanimitate
1841 2265 2065 2320 inventa

453 2352 624 2408 fuere.
680 2353 808 2408 Post
853 2354 998 2408 hanc
1049 2356 1548 2421 annuntiationem,
1602 2354 1713 2409 Ebo
1769 2354 2062 2410 Remorum

448 2443 763 2514 episcOpus,
793 2444 886 2514 qui
906 2445 1155 2512 ejusdem
1177 2445 1587 2500 factionisvelut
1607 2441 1836 2517 signifer
1865 2443 2059 2509 fuerat,

449 2533 834 2590 conscendens
888 2535 1145 2590 eumdem
1195 2536 1374 2591 locum
1424 2538 1520 2594 ubi
1583 2540 1761 2616 Drogo
1817 2548 2060 2608 steterat,

449 2640 630 2682 coram
680 2624 942 2679 omnibus
991 2623 1274 2694 professus
1325 2634 1408 2682 est
1449 2631 1703 2684 eumdem
1761 2632 2061 2704 Augustum

451 2714 652 2782 injuste
684 2714 1018 2783 depositum,
1052 2722 1105 2768 et
1135 2716 1321 2770 omnia
1347 2733 1468 2788 quae
1514 2718 1779 2773 adversus
1809 2736 1933 2774 eum
1972 2736 2064 2790 pa-

449 2811 587 2860 trata
637 2803 872 2863 fuerant,
909 2803 1117 2874 inique,
1171 2811 1225 2858 et
1268 2812 1458 2861 contra
1495 2807 1664 2862 totius
1721 2807 2062 2863 auctoritatis

448 2897 721 2951 tramitem
777 2896 946 2951 fuisse
1001 2899 1334 2965 machinata,
1390 2902 1586 2957 merito
1637 2902 1893 2974 justeque
1935 2917 2062 2972 pro-

448 2987 568 3057 prio
597 2986 815 3056 imperii
854 2985 994 3041 solio
1049 2988 1424 3044 reformatum.
1459 2991 1522 3045 Et
1547 2992 1627 3047 sic
1654 2992 1913 3047 omnibus
1940 2993 2056 3048 lau-

2178 443 2342 500 tionis
2372 446 2616 512 dictavit,
2659 454 2715 500 et
2742 445 2903 500 scribi
2958 462 3140 502 coram
3201 466 3258 504 se
3306 450 3457 517 fecit,
3487 462 3543 508 et
3569 461 3773 527 prOpria

2176 555 2341 593 manu
2367 542 2712 612 subscripsit,
2743 544 3050 598 secundum
3083 545 3434 602 traditionem
3456 549 3778 605 ecclesiasti-

2173 645 2313 695 cam,
2372 632 2741 703 eumdemque
2796 633 3041 687 libellum
3076 637 3310 706 pr0prize
3336 654 3398 692 ac
3453 640 3586 694 vivae
3641 644 3780 697 vocis

2173 715 2522 773 confessione
2578 727 2891 774 attestatum
2953 721 3005 775 in
3066 723 3470 780 abdicationem
3497 729 3604 794 sui,
3639 731 3780 786 nullo

2174 803 2242 858 ab
2269 820 2334 860 eo
2357 818 2638 875 quaerente
2666 810 2750 863 vel
2783 810 3060 884 exigente,
3083 813 3297 882 synodo
3353 815 3496 870 ultro
3527 819 3779 886 porrexit.

2177 894 2238 949 Et
2309 896 2449 952 sicut
2528 899 2700 952 videri
2759 907 2889 954 tunc
2961 901 3030 954 ab
3089 903 3174 957 his
3229 906 3320 976 qui
3394 907 3778 975 interfuerunt,

2175 984 2372 1052 potuit,
2449 988 2760 1042 sacerdotio
2815 1002 2875 1040 se
2924 997 3123 1058 sponte
3181 992 3475 1059 submovit,
3532 1013 3782 1066 quaerens

2175 1078 2478 1132 remedium
2556 1083 2887 1152 paenitendi,
2964 1086 3106 1141 sicut
3187 1088 3240 1141 in
3321 1089 3517 1145 eodem
3573 1091 3781 1161 profes-

2171 1165 2344 1220 sionis
2370 1184 2433 1222 ac
2484 1171 2904 1244 subscriptionis
2933 1191 3047 1230 suae
3102 1177 3290 1232 libello
3341 1179 3662 1235 continetur
3692 1183 3784 1238 hoc

2175 1259 2358 1314 modo.

2247 1375 2268 1400 Î±
2306 1355 2416 1430 Ego
2449 1357 2561 1411 Ebo
2589 1358 2850 1432 indignus
2897 1361 3212 1432 episcopus,
3245 1379 3652 1439 recognoscens
3685 1366 3787 1421 fra-

2172 1445 2437 1517 gilitatem
2469 1463 2670 1515 meam,
2731 1458 2783 1503 et
2834 1451 3079 1519 pondera
3137 1463 3483 1523 peccatorum
3512 1473 3782 1520 meorum,

2172 1541 2339 1590 testes
2369 1538 2716 1596 confessores
2771 1558 2945 1608 meos,
3000 1543 3239 1598 Aiulfum
3297 1545 3553 1602 videlicet
3609 1549 3786 1603 archi-

2171 1626 2514 1696 episcopum,
2573 1637 2627 1684 et
2669 1631 3008 1687 Badaradum
3067 1634 3408 1704 episcOpum,
3466 1649 3691 1689 necnon
3739 1645 3788 1690 et

2171 1714 2486 1770 Modoinum
2512 1718 2856 1790 episcopum,
2888 1721 3148 1776 constitui
3176 1721 3310 1774 mihi
3328 1721 3545 1789 judices
3563 1722 3789 1777 delicto-

2169 1821 2287 1858 rum
2321 1822 2568 1862 meorum
2623 1818 2678 1864 et
2733 1826 2922 1879 puram
2974 1810 3108 1880 ipsis
3157 1810 3568 1866 confessionem
3630 1813 3785 1878 dedi,

2167 1913 2421 1967 quaerens
2474 1900 2774 1954 remedium
2831 1902 3162 1971 paenitendi,
3196 1912 3250 1958 et
3300 1903 3530 1958 salutem
3588 1905 3788 1958 anima:

2166 2002 2324 2052 meae,
2357 1995 2416 2042 ut
2445 1988 2759 2043 recederem
2818 1992 2886 2045 ab
2916 1988 3102 2046 officio
3132 2002 3186 2047 et
3223 1992 3529 2048 ministerio
3562 1991 3788 2062 pontifi-

2167 2076 2290 2142 cali,
2323 2092 2432 2147 quo
2454 2094 2542 2132 me
2569 2068 2905 2152 recognosco
2935 2097 3055 2135 esse
3110 2082 3416 2156 indignum,
3447 2094 3504 2139 et
3542 2085 3788 2139 alienum

2167 2180 2256 2218 me
2287 2165 2526 2220 reddens
2556 2183 2655 2236 pro
2688 2169 2930 2223 reatibus
2982 2170 3140 2236 meis,
3203 2170 3257 2224 in
3300 2171 3500 2241 quibus
3557 2188 3789 2242 pecasse

2165 2263 2380 2310 secreto
2433 2256 2564 2327 ipsis
2613 2259 2901 2315 confessus
2954 2277 3096 2315 sum.
3133 2260 3206 2316 Eo
3267 2261 3472 2328 scilicet
3502 2263 3699 2328 modo,
3732 2271 3788 2316 ut

2169 2346 2273 2417 ipsi
2302 2348 2411 2403 sint
2440 2356 2608 2406 testes
2659 2353 2750 2407 alii
2811 2354 2929 2424 [Î³Î·Ï‚.
2986 2354 3113 2424 alio]
3169 2355 3503 2410 succedendi
3563 2365 3619 2410 et
3654 2373 3785 2412 con-

2166 2439 2421 2493 secrandi
2469 2440 2522 2494 in
2575 2440 2696 2497 loco
2741 2460 2888 2509 meo,
2943 2445 3038 2515 qui
3097 2444 3265 2517 digne
3313 2461 3552 2515 praeesse
3581 2456 3640 2499 et
3672 2462 3793 2516 proâ€”

2167 2532 2327 2586 desse
2376 2535 2546 2604 possit
2601 2537 2868 2603 ecclesiae,
2936 2538 3024 2592 cui
3058 2539 3321 2592 hactenus
3347 2539 3610 2612 indignus
3646 2557 3791 2610 pra:-

2168 2620 2266 2675 fui.
2309 2623 2392 2689 Et,
2451 2630 2511 2678 ut
2567 2625 2695 2679 inde
2735 2626 2877 2679 ultra
2958 2626 3165 2680 nullam
3219 2627 3634 2696 repetitionem,
3699 2636 3794 2681 aut

2167 2715 2668 2787 interpellationem
2696 2718 3022 2772 auctoritate
3052 2719 3315 2775 canonica
3342 2717 3523 2774 facere
3544 2720 3790 2784 valeam,

2165 2823 2332 2861 manu
2358 2810 2576 2880 propria
2615 2826 2736 2865 mea
2788 2811 3141 2864 subscribens
3187 2811 3415 2866 firmavi.
3459 2811 3574 2866 Ebo
3598 2827 3793 2881 quon-

2167 2902 2290 2956 dam
2320 2903 2612 2973 episc0pus
2643 2903 2962 2973 subscripsi.
2991 2906 3029 2971 -Î¹-
3056 2928 3078 2949 Î¹Î¿

2237 2993 2299 3048 Et
2329 3001 2388 3047 ut
2417 2993 2602 3048 omnia
2668 2992 2971 3047 secundum
3030 2993 3182 3065 leges
3229 2991 3429 3062 quibus
3457 2992 3794 3046 moderatur

447 3079 547 3135 des
572 3079 686 3134 Deo
700 3080 1052 3147 canentibus,
1089 3090 1144 3135 et
1187 3097 1309 3152 qua:
1355 3091 1486 3139 tunc
1525 3085 1730 3139 ibidem
1763 3083 1983 3141 fuerant
2009 3101 2062 3139 a-
2087 3087 2136 3156 á½·]
2167 3084 2429 3151 Ecclesia,
2463 3085 2518 3138 in
2545 3086 2760 3156 synodo
2787 3084 3037 3159 legaliter
3066 3084 3415 3153 adimpleret,
3456 3084 3621 3138 simul
3659 3101 3792 3140 cum

448 3171 631 3247 genda
685 3172 941 3241 peractis,
987 3173 1055 3227 ad
1129 3174 1443 3230 Theodonis
1521 3177 1662 3232 villae.
1721 3173 2059 3236 (Thio-nville)

446 3265 706 3336 palatium
730 3267 962 3336 regressi
994 3273 1140 3332 sunt,
1177 3267 1363 3340 ibique
1396 3268 1794 3323 Hildemannus
1812 3269 1865 3322 in
1889 3281 2060 3339 syno-

2165 3172 2265 3236 eis,
2298 3187 2436 3243 quos
2461 3173 2764 3227 secundum
2793 3172 2984 3228 Africae
3015 3172 3311 3243 provincia:
3342 3173 3588 3226 canones
3621 3174 3634 3237 Î¾
3667 3189 3792 3227 con.

2161 3264 2250 3335 63)
2279 3265 2488 3340 legerat
2532 3267 2635 3320 sibi
2661 3267 2898 3335 judices,
2927 3267 3146 3320 dicente
3170 3265 3428 3335 Apostolo
3458 3282 3470 3316 :
3494 3267 3796 3322 Adversus

447 3359 518 3413 do
542 3372 788 3428 praesens
825 3373 885 3411 se
910 3373 940 3410 a
979 3359 1252 3412 calumnia
1308 3358 1416 3412 sibi
1469 3358 1705 3429 impacta
1732 3359 2063 3433 regulariter
2155 3356 2528 3424 presbyterum
2557 3359 2945 3411 accusationem
2965 3358 3079 3411 noli
3104 3358 3352 3424 recipere,
3376 3356 3488 3407 nisi
3510 3356 3613 3408 sub
3644 3357 3794 3409 duo-

443 3465 675 3514 exuens,
735 3447 999 3504 satisfecit
1048 3450 1282 3520 synodo,
1311 3457 1367 3503 et
1417 3465 1520 3519 per
1558 3465 1679 3504 eam
1711 3450 2056 3520 imperatori.

442 3540 557 3597 Ebo
581 3556 712 3596 vero
739 3542 793 3595 in
827 3541 1017 3595 eadem
1075 3539 1285 3611 synodo
1325 3555 1571 3608 praesens
1627 3540 1695 3593 ab
1724 3540 2057 3613 imperatore

441 3640 711 3700 praesente
761 3640 1045 3689 accusatus
1107 3642 1211 3702 est,
1271 3635 1417 3706 quod
1487 3652 1612 3690 eum
1686 3637 1823 3692 falso
1881 3635 2057 3693 fuerat

439 3721 784 3788 criminatus,
836 3732 890 3777 et
930 3721 1140 3778 eisdem
1190 3723 1342 3778 falsis
1390 3724 1719 3779 criminibus
1751 3729 2053 3796 appetitum

439 3825 470 3862 a
515 3826 686 3883 regno
745 3813 1046 3882 dejecerat,
1103 3815 1384 3887 armisque
1432 3815 1500 3870 ab
1559 3831 1626 3871 eo
1681 3815 1900 3882 ablatis,
1952 3834 2056 3872 nec

437 3904 770 3975 confessum,
814 3923 918 3962 nec
947 3909 1281 3974 convictum,
1313 3912 1502 3961 contra
1533 3907 1753 3979 regulas
1780 3907 2051 3962 ecclesia-

436 3993 602 4048 sticas
632 3995 702 4048 ab
748 3998 996 4052 ecclesia:
1026 3999 1176 4054 aditu
1219 4015 1284 4053 ac
1313 3998 1746 4054 Christianorum
1787 4000 2053 4054 societate

441 4084 843 4154 eliminaverat,
885 4089 1025 4143 sicut
1081 4096 1135 4142 et
1189 4090 1334 4143 idem
1391 4089 1596 4158 scripto
1645 4089 2050 4159 subscriptione

439 4193 538 4232 sua
583 4179 860 4246 roborato,
900 4187 956 4234 et
1005 4181 1190 4236 verbis
1234 4197 1414 4236 coram
1472 4183 1732 4236 omnibus
1767 4181 2048 4251 professus

436 4269 630 4329 fuerat.
649 4275 842 4329 Etcum
861 4282 1049 4328 essent
1060 4274 1168 4328 alia
1184 4275 1348 4328 etiam
1360 4274 1611 4337 crimina,
1627 4275 1696 4327 de
1709 4273 1913 4344 quibus
1927 4285 2048 4344 post

435 4355 578 4414 hanc
617 4362 1044 4423 accusationem,
1085 4362 1429 4416 accusandus
1458 4370 1593 4428 erat,
1627 4369 1684 4416 et
1728 4361 1798 4416 de
1845 4365 2046 4434 quibus

2163 3445 2258 3499 bus
2293 3446 2568 3499 veltribus
2597 3447 2820 3500 testibus
2875 3447 2923 3507 (1
2960 3447 3096 3500 Tim.
3130 3461 3182 3508 v,
3210 3442 3295 3511 19)
3321 3449 3382 3496 ut
3421 3441 3474 3494 in
3507 3457 3607 3496 ore
3644 3445 3798 3499 duo-

2161 3551 2281 3590 rum
2307 3537 2393 3590 vel
2423 3537 2584 3590 trium
2637 3537 2852 3592 testium
2893 3544 3168 3590 constaret
3215 3534 3378 3588 etiam
3405 3549 3518 3588 sua:
3549 3550 3795 3590 accusa-

2160 3627 2345 3695 tionis,
2372 3639 2430 3685 et
2457 3630 2668 3685 utalius
2696 3647 2755 3686 se
2821 3627 3402 3686 sacerdotiodefuncto
3435 3628 3483 3681 ei
3515 3630 3800 3683 succede-

2160 3729 2260 3787 ret,
2295 3722 2696 3779 testificationis
2725 3724 2950 3778 verbum
3005 3722 3215 3786 (Matth.
3245 3737 3399 3786 xvm,
3432 3720 3549 3790 16),
3584 3723 3800 3776 ascivit

2158 3826 2212 3869 et
2242 3816 2380 3871 alios
2409 3826 2519 3871 tres
2549 3817 2859 3887 episcopos,
2893 3815 3141 3870 veritatis
3167 3813 3235 3867 de
3257 3829 3355 3867 sua
3393 3814 3793 3880 accusatione,

2156 3919 2210 3964 et
2239 3908 2622 3964 testiï¬catione
2669 3906 2922 3962 conscios
2981 3905 3033 3958 in
3080 3903 3453 3958 testimonium
3493 3917 3610 3957 suae
3647 3920 3796 3974 pro-

2156 3999 2432 4066 fessionis,
2455 4000 2854 4056 Theodericum
2876 3997 3086 4052 scilicet
3110 3995 3451 4066 episcopum,
3485 4002 3540 4048 et
3565 3996 3799 4050 Acharâ€”

2154 4093 2282 4147 dum
2311 4092 2633 4162 episcOpum
2688 4088 2992 4143 diceceseos
3044 4101 3178 4150 suae,
3231 4092 3286 4138 et
3323 4083 3642 4140 Nothonem
3681 4103 3796 4140 ar-

2151 4184 2582 4254 chiepiscopum.
2621 4182 2683 4236 Et
2712 4182 2790 4236 sic
2819 4181 2935 4250 ipse
2967 4178 3270 4250 professus,
3301 4183 3355 4231 et
3385 4192 3480 4230 sex
3493 4177 3800 4248 episcopis

2149 4288 2260 4326 suae
2279 4272 2609 4342 professioni
2665 4270 3070 4336 attestantibus,
3129 4277 3186 4323 ut
3214 4267 3587 4338 praediximus,
3623 4267 3806 4323 libel-

2147 4363 2258 4416 lum
2285 4364 2497 4434 synodo
2527 4363 2788 4433 porrexit,
2810 4363 3111 4433 cunctique
3136 4361 3405 4431 episcOpi,
3437 4358 3530 4430 qui
3552 4361 3802 4429 synodo

433 4449 578 4518 apud
609 4451 999 4524 imperatorem
1047 4453 1159 4521 jam
1218 4459 1379 4508 antea
1435 4451 1612 4507 fuerat
1655 4463 1960 4521 accusatus,
1993 4451 2544 4523 etDinterfuerunt,
2595 4453 2893 4524 singilatim
2952 4468 3013 4507 ac
3066 4450 3264 4504 viritim
3323 4449 3586 4502 dixerunt
3649 4448 3743 4501 illi
3787 4467 3802 4502 :

433 4551 542 4592 non
575 4541 1142 4615 canonicepurgatus,
1174 4541 1381 4597 sicutet
1401 4542 1632 4612 epistola
1660 4543 2044 4615 episcoporum

433 4630 500 4683 ad
531 4630 778 4706 Sergium
831 4647 1026 4702 papam
1085 4632 1447 4699 demonstrat,
1504 4640 1558 4686 et
1587 4649 1685 4701 pro
1715 4635 2043 4704 quibusdam

435 4736 623 4778 eorum
679 4727 964 4781 exstiterat
1026 4743 1057 4781 a
1113 4727 1346 4782 consilio
1403 4727 1748 4797 imperatoris
1813 4729 2042 4797 ejectus,

431 4826 554 4881 qua:
602 4813 873 4883 patefacta
928 4816 1156 4871 veritate
1214 4831 1418 4889 negare
1450 4831 1561 4870 non
1619 4817 1852 4882 valebat,
1887 4819 2044 4888 petiit

428 4919 729 4973 secessum,
786 4919 850 4964 ut
877 4909 996 4964 sine
1028 4909 1323 4980 praesentia
1385 4909 1731 4978 imperatoris
1771 4909 1960 4965 liceret
1991 4913 2041 4965 ei

425 4991 480 5045 in
521 4996 732 5064 synodo
762 4999 1147 5068 episcOporum
1185 5013 1339 5051 suam
1410 5013 1578 5071 agere
1609 5013 1852 5052 causam.
1885 5001 2040 5063 Quod

426 5079 704 5151 obtinens,
738 5088 1059 5141 convocavit
1119 5088 1186 5139 ad
1244 5103 1303 5140 se
1356 5087 1619 5157 quosdam
1650 5087 1960 5158 episcOpos,
1988 5099 2042 5144 et

427 5173 578 5230 nullo
607 5187 862 5251 cogente,
895 5180 991 5233 sed
1025 5180 1245 5250 propria
1271 5189 1490 5252 sponte,
1512 5183 1814 5237 secundum
1847 5199 2037 5240 eorum

424 5264 712 5320 consilium
747 5269 1096 5340 sequentium
1132 5268 1443 5324 Africanum
1476 5271 1792 5337 concilium,
1825 5281 1883 5326 ut
1913 5290 2039 5343 par-

423 5365 641 5412 ceretur
673 5359 845 5430 ipsius
872 5360 1240 5427 verecundiae,
1300 5377 1362 5416 ac
1410 5371 1634 5433 propter
1658 5366 1906 5420 ecclesiae.
1937 5383 2040 5438 0p-

422 5451 702 5520 probrium
751 5459 805 5506 et
835 5453 1167 5509 insolentem
1227 5455 1638 5510 insultationem
1670 5457 2035 5526 saecularium,

421 5556 490 5596 ne
519 5541 759 5616 dignitas
789 5543 1146 5598 sacerdotalis
1176 5545 1539 5615 pollueretur,
1596 5546 1640 5600 si
1701 5546 1922 5616 publice
1967 5550 2038 5603 de

418 5630 526 5697 his,
558 5631 627 5689 de
658 5632 861 5704 quibus
887 5632 1169 5706 impetitus
1197 5641 1252 5690 et
1304 5635 1486 5691 adhuc
1512 5635 1868 5706 impetendus
1898 5647 2035 5704 erat,

2149 4543 2462 4598 Secundum
2514 4552 2661 4597 tuam
2719 4541 3119 4612 professionem
3199 4547 3253 4594 et
3304 4537 3802 4608 subscriptionem

2149 4650 2301 4689 cessa
2332 4652 2362 4688 a
2391 4635 2718 4689 ministerio.
2757 4634 3017 4689 Etcoram
3050 4636 3306 4691 omnibus
3337 4635 3480 4688 hanc
3510 4633 3804 4688 notitiam

2147 4742 2269 4781 cum
2296 4728 2614 4797 praescripto
2666 4727 2852 4782 libello
2905 4729 3244 4796 temporibus
3302 4725 3496 4780 futuris
3538 4740 3810 4784 conser-

2145 4817 2403 4885 vandam,
2434 4819 2602 4872 Jonas
2631 4818 2927 4888 episcOpus
2955 4816 3120 4870 Heliae
3139 4816 3351 4872 notario
3370 4815 3484 4888 (qui
3515 4815 3807 4872 libellum

2147 4905 2346 4961 Ebonis
2377 4910 2692 4980 scripserat,
2727 4907 2814 4962 cui
2848 4907 2996 4962 idem
3033 4906 3141 4960 Ebo
3172 4905 3523 4976 subscripsit,
3564 4921 3812 4962 secun-

2145 5003 2274 5058 dum
2298 5004 2814 5076 quinquagesimum
2841 5015 3046 5055 nonum
3069 4997 3392 5068 capitulum,
3425 5003 3479 5050 et
3509 4996 3652 5050 item
3697 5015 3814 5055 se-

2145 5097 2386 5152 cundum
2418 5096 2717 5167 capitulum
2766 5092 3232 5166 septuagesimum
3261 5098 3512 5162 quartum
3540 5093 3810 5147 concilii

2143 5186 2396 5248 Africani)
2431 5201 2530 5255 pro
2561 5183 2818 5238 omnibus
2877 5182 3100 5238 dictavit
3131 5198 3143 5234 :
3178 5189 3232 5235 et
3259 5180 3403 5233 idem
3440 5179 3624 5232 Helias
3657 5180 3817 5238 haec

2142 5287 2264 5342 qua:
2313 5278 2622 5343 sequuntur
2691 5270 3016 5340 conscripsit
3078 5287 3089 5320 :
3225 5270 3351 5321 Acta
3409 5278 3489 5321 est
3557 5267 3817 5324 Bitonis

2143 5359 2435 5429 professio,
2463 5359 2693 5430 ejusque
2725 5358 2960 5428 propria:
3000 5372 3195 5411 manus
3230 5355 3642 5426 subscriptione
3694 5375 3816 5415 ro-

2141 5449 2332 5503 borata
2357 5449 2412 5504 in
2444 5457 2720 5504 conventu
2751 5447 3003 5518 synodali
3030 5445 3369 5521 generaliter
3396 5443 3576 5498 habito
3609 5451 3814 5515 apud

2139 5543 2454 5599 Theodonis
2482 5543 2688 5610 villam,
2723 5557 2869 5597 anno
2912 5539 3306 5596 incarnationis
3338 5537 3547 5593 Domini
3579 5543 3818 5596 nostri

2137 5634 2268 5689 Jesu
2298 5635 2497 5691 Christi
2551 5633 3011 5708 octingentesimo
3043 5632 3321 5688 tricesimo
3363 5629 3575 5700 quinto.
3605 5645 3819 5690 anno
