4034 6174
561 346 668 401 143

1682 341 2048 398 FLODOARDI
2091 340 2397 398 CANONICI
2439 343 2768 400 REMENSlS

3785 354 3890 409 144

555 474 805 539 minime,
833 473 972 528 sicut
999 478 1208 528 rectum
1262 479 1368 542 est,
1425 473 1833 545 persolvantur.
1868 474 2024 529 Unde
2056 489 2168 528 ma-
2194 476 2417 544 Aomni
2463 477 2768 540 exactione,
2825 494 2946 549 quae
3027 487 3272 552 tempore
3331 481 3416 536 avi
3471 465 3641 538 nostri
3699 484 3890 540 domni

553 565 886 641 gnificentize
916 573 1118 622 nostra:
1167 567 1326 638 petiit
1358 567 1702 642 dignitatem,
1754 575 1817 622 ut
1839 573 2042 622 nostra:
2077 584 2168 621 au-

553 658 820 713 ctoritatis
845 666 1182 729 praeceptum
1227 659 1298 714 ob
1325 660 1418 714 Dei
1447 667 1502 714 et
1548 667 1749 714 sancta:
1801 658 1976 729 ipsius
2007 658 2164 712 Geni-

550 750 720 816 tricis,
753 751 869 806 sive
899 751 1127 821 pretiosi
1175 751 1390 822 patroni
1425 753 1597 806 nostri
1654 754 1888 829 Remigii
1921 772 2161 810 amorem

553 838 604 892 ei
631 837 751 892 fieri
768 840 1114 908 juberemus.
1133 839 1297 908 Cujus
1317 841 1476 896 nobis
1493 842 1820 897 amabilibus
1847 852 1902 898 et
1921 861 2167 900 necessa-

552 926 648 981 riis
680 928 1043 997 petitionibus
1071 928 1507 999 acquiescentes,
1551 937 1604 983 et
1634 928 1808 985 libere
1839 931 2164 1003 placideque

552 1015 944 1087 obsequentes,
975 1018 1082 1072 hoc
1134 1025 1335 1072 nostra:
1392 1033 1606 1092 magnae
1656 1019 1995 1074 auctoritatis
2027 1037 2166 1090 pra}-

553 1113 773 1175 ceptum
817 1106 868 1160 ei
924 1104 1044 1160 fieri
1084 1106 1369 1174 jussimus.
1425 1105 1530 1160 Per
1586 1107 1734 1176 quod
1785 1107 2167 1177 praecipientes

553 1207 812 1264 expresse
845 1193 1127 1261 jubemus,
1180 1201 1241 1249 ut
1271 1194 1521 1266 quisquis
1575 1194 1818 1249 ﬁdelium
1853 1195 1946 1249 Dei
1986 1195 2166 1250 omni-

554 1281 818 1349 potentis,
842 1290 1290 1353 nostrorumque,
1320 1299 1386 1338 ex
1426 1281 1635 1336 eisdem
1663 1291 1865 1337 sanctae
1884 1283 1976 1337 Dei
2008 1284 2165 1357 geni-

553 1372 702 1426 tricis
733 1373 931 1440 Mariaz,
965 1373 1050 1429 vel
1091 1374 1264 1429 sancti
1323 1373 1654 1429 confessoris
1683 1373 1880 1429 Christi
1913 1375 2163 1449 Remigii,

557 1459 849 1514 Remorum
881 1461 1128 1515 ecclesiae
1181 1461 1367 1528 rebus,
1397 1461 1514 1516 sive
1563 1461 1914 1533 epiSCOpatus
1945 1463 2165 1537 religio-

551 1551 755 1605 sissimi
795 1559 850 1606 et
901 1551 1240 1607 dilectissimi
1296 1552 1457 1607 nobis
1501 1552 1774 1608 Hincmari
1832 1536 2166 1608 venerabilis

551 1644 975 1716 archiepiscOpi,
1020 1645 1229 1717 aliquid
1287 1646 1491 1700 habere
1521 1645 1884 1720 dignoscitur,
1928 1646 2044 1700 sive
2071 1662 2168 1716 per

553 1731 860 1806 largitionis
891 1740 1091 1787 nostrae
1138 1732 1579 1800 concessionem,
1623 1733 1737 1787 sive
1767 1747 1866 1803 per
1905 1747 2168 1803 quorum-

2271 563 2449 618 Karoli
2504 565 2849 635 imperatoris
2877 584 2944 622 ex
2979 569 3172 624 eadem
3231 586 3357 625 casa
3394 572 3490 625 Dei
3531 573 3894 647 exigebantur

2270 652 2337 706 ad
2363 655 2644 723 palatium,
2677 658 2825 727 quod
2876 666 3101 713 vocatur
3144 660 3490 733 Aquisgrani,
3522 669 3581 715 ut
3612 663 3666 716 in
3717 662 3893 717 aedifi-

2269 743 2485 798 catione
2540 753 2593 799 et
2634 748 3033 802 restauratione
3091 748 3263 819 ipsius
3316 749 3563 804 ecclesia:
3613 750 3731 816 Dei,
3793 769 3891 822 per

2271 835 2452 889 futura
2485 844 2729 908 tempora
2758 855 2931 910 usque
2975 841 3043 893 ad
3075 838 3242 895 finem
3265 841 3472 907 saeculi,
3499 842 3564 895 ad
3597 843 3887 897 utilitatem

2269 942 2415 997 sazpe
2438 928 2596 983 dictae
2622 939 2824 984 sanctae
2853 931 3102 986 ecclesia)
3133 932 3188 986 in
3221 933 3576 1004 elcemosyna
3607 933 3754 988 illius
3769 951 3893 1006 pro-

2270 1014 2518 1083 ficerent,
2565 1026 2620 1073 et
2671 1035 2774 1075 nec
2817 1021 2884 1074 ad
2915 1022 3174 1075 eumdem
3221 1023 3423 1088 locum,
3464 1024 3548 1078 vel
3601 1023 3670 1077 ad
3719 1023 3887 1077 alium

2270 1110 2572 1179 quemlibet
2615 1111 2746 1181 ipsa;
2810 1112 3231 1180 rcdhibitiones,
3287 1115 3373 1168 vel
3452 1114 3718 1185 impensa}
3777 1115 3889 1170 ullo

2269 1219 2510 1273 unquam
2546 1209 2793 1273 tempore
2825 1204 3194 1278 exigerentur,
3214 1206 3309 1260 sed
3335 1206 3562 1260 remissa
3592 1207 3890 1281 indulgen-

2273 1294 2344 1349 tia
2383 1294 2529 1348 illius
2560 1295 2614 1348 in
2639 1295 2835 1350 eodem
2877 1295 2998 1351 loco
3027 1295 3376 1366 proficerent.
3399 1297 3718 1366 Cujusbene
3739 1307 3894 1372 gesta

2271 1395 2386 1440 rata
2413 1386 2748 1453 judicantes,
2800 1404 2902 1458 per
2961 1390 3064 1444 hoc
3123 1399 3322 1444 nostrae
3381 1390 3729 1444 auctoritatis
3760 1407 3895 1460 pral-

2269 1483 2488 1545 ceptum
2517 1475 2888 1541 decernimus,
2939 1483 2999 1530 ut
3049 1477 3319 1549 quidquid
3351 1477 3420 1531 de
3461 1478 3774 1542 exactione,
3809 1479 3890 1532 vel

2271 1565 2536 1634 operariis
2605 1565 2878 1634 praedicta:
2942 1566 3352 1622 constitutionis
3427 1583 3594 1638 supra
3650 1568 3893 1638 scriptus

2272 1656 2508 1710 domnus
2534 1665 2589 1710 et
2641 1656 2863 1730 genitor
2901 1665 3109 1722 noster,
3168 1674 3266 1712 seu
3299 1664 3352 1712 et
3383 1658 3451 1713 de
3478 1673 3636 1714 muro
3655 1659 3890 1713 civitatis

2271 1747 2462 1817 ipsius,
2506 1748 2592 1802 vel
2623 1749 2726 1803 viis
2773 1750 2840 1802 ad
2893 1750 3155 1804 utilitates
3211 1750 3433 1806 claustri
3486 1751 3886 1806 canonieorum

551 1841 770 1896 cunque
818 1835 1414 1896 supramemoratorum
1455 1824 1882 1890 alfeetationem,
1944 1825 2027 1880 vel
2061 1841 2159 1878 ma-

2269 1838 2684 1908 proﬁcientibus
2712 1841 2768 1894 in
2795 1857 2895 1896 suo
2926 1851 3202 1912 praecepto
3226 1843 3503 1898 concessit
3534 1865 3547 1906 ;
3586 1843 3691 1898 hoc
3716 1850 3887 1898 totum

553 1914 948 1981 chinationem,
998 1930 1097 1969 seu
1123 1915 1288 1970 etiam
1340 1921 1396 1969 et
1442 1914 1914 1984 deprecationem,
1964 1913 2169 1984 aliquid

555 2011 749 2058 tenore
773 2003 956 2075 aliquo
991 2019 1054 2058 ex
1111 2003 1388 2074 praedictis
1437 2004 1600 2058 rebus
1652 2012 1843 2057 tenere
1875 2001 1961 2056 vel
1994 2001 2170 2072 possi-

553 2091 684 2145 dere
709 2091 974 2158 cernitur,
1005 2106 1206 2146 nonam
1239 2100 1294 2146 et
1332 2090 1602 2145 decimam
1637 2089 1692 2143 in
1745 2088 2037 2143 missorum
2073 2103 2169 2142 no-

551 2187 784 2235 strorum
835 2180 1148 2250 praesentia,
1210 2180 1376 2236 misso
1426 2178 1673 2234 ecclesiae
1723 2183 1928 2232 sanctae
1967 2176 2166 2240 Mariae,

550 2268 636 2322 vel
667 2269 841 2322 sancti
869 2268 1104 2342 Remigii
1155 2268 1474 2335 Remorum,
1507 2267 1622 2322 sive
1670 2265 1946 2338 ﬂincmari
1999 2280 2170 2319 vene-

551 2355 738 2409 rabilis
763 2355 1162 2426 archiepiscOpi
1221 2356 1488 2422 revadiet,
1544 2361 1599 2409 et
1649 2354 1812 2408 annis
1841 2352 2074 2427 singulis
2101 2353 2167 2406 ad

549 2447 802 2502 eamdem
833 2447 1114 2519 prazfatam
1139 2455 1195 2502 et
1243 2453 1605 2502 memoratam
1634 2445 1924 2501 ecclesiam
1957 2444 2168 2514 persol-

548 2552 700 2602 vere,
722 2536 932 2607 absque
990 2535 1156 2590 ullius
1206 2535 1515 2590 occasionis
1575 2533 2013 2588 contradictione
2043 2547 2166 2586 cum

547 2627 699 2681 omni
724 2626 1005 2700 vigilantia
1035 2625 1275 2681 studeat.
1309 2624 1631 2695 Quicunque
1653 2638 1782 2680 vero
1813 2629 2004 2678 contra
2028 2622 2169 2677 hanc

547 2727 747 2774 nostrae
787 2717 1125 2773 auctoritatis
1162 2716 1589 2788 prmceptionem
1618 2714 1688 2769 de
1727 2716 1834 2770 hoc
1888 2713 2005 2768 ﬁeri
2029 2729 2168 2783 prae-

545 2810 864 2880 sumpserit,
897 2809 1032 2864 sciat
1061 2808 1369 2864 secundum
1412 2807 1595 2882 dignm
1662 2806 1943 2862 memoria:
1976 2805 2082 2872 avi,
2115 2812 2167 2860 et

461 2945 464 2948 .
547 2899 651 2970 piae
684 2899 1081 2955 recordationis
1110 2900 1380 2974 genitoris
1420 2898 1594 2954 nostri
1623 2897 1863 2969 capitula
1894 2913 1954 2950 se
1983 2911 2168 2950 emen-

544 2989 822 3059 daturum,
855 2998 910 3046 et
936 2992 1082 3062 ipsas
1119 2991 1341 3046 easdem
1362 3007 1449 3046 res
1484 2990 1693 3063 absque
1722 2989 1954 3057 alicujus
1997 2988 2166 3043 inter-

542 3083 811 3139 cessionis
835 3084 1225 3155 impetratione
1257 3083 1589 3138 amissurum
1647 3083 1766 3152 (lib.
1794 3099 1829 3136 ι.
1858 3097 1978 3150 cap.
2014 3081 2118 3134 163
2146 3097 2160 3146 ;
2191 3124 2237 3194 C

547 3175 612 3194 an
676 3193 709 3194 η
782 3191 792 3194 -
847 3175 908 3194 αι
954 3192 961 3194 _
1002 3177 1061 3194 ιιι
1234 3191 1247 3194 -
1313 3175 1388 3194 1m
1454 3175 1511 3194 In
1544 3182 1599 3194 η.
1633 3174 1746 3194 L---
1797 3179 1995 3194 ---ι-μ
2027 3188 2131 3194 _-_-..-
2225 3165 2237 3188 Α

543 3175 648 3235 lib.
674 3193 730 3231 ιι.
771 3191 819 3231 c.
847 3175 912 3231 2t
949 3192 964 3242 ;
998 3177 1092 3230 lib.
1119 3193 1191 3244 1v,
1223 3191 1270 3242 c,
1305 3175 1416 3244 40).
1453 3175 1516 3230 Et
1543 3182 1603 3230 ut
1633 3174 1751 3229 haec
1797 3179 1998 3228 nostra:
2026 3188 2163 3243 prte-

542 3267 815 3338 ceptionis
844 3267 1144 3323 auctoritas
1189 3266 1562 3322 inviolabilem
1617 3265 1863 3321 obtineat
1893 3262 2166 3318 ﬁrmitatis

541 3358 804 3433 rigorem,
845 3365 900 3414 et
928 3358 996 3413 ab
1045 3359 1304 3415 omnibus
1339 3356 1592 3413 fidelibus
1620 3363 1821 3412 sancta:
1843 3355 1940 3409 Dei
1979 3355 2164 3410 Eccle-

539 3450 634 3504 sia:
664 3457 720 3504 et
749 3449 976 3517 nostris,
1010 3449 1374 3522 praasentibus
1403 3447 1923 3513 scilicetetfuturis,
1956 3445 2160 3513 verius,

537 3537 852 3608 certiusque
874 3537 1150 3604 credatur,
1185 3553 1306 3592 eam
1324 3537 1531 3591 annulo
1576 3543 1766 3591 nostro
1799 3535 1988 3589 subter
2011 3534 2163 3609 sigil-

537 3623 636 3677 lari
670 3624 953 3693 jussimus.
1005 3625 1140 3680 Data
1171 3641 1220 3680 tv
1250 3624 1475 3680 Nonnas
1525 3621 1887 3695 Septembris,
1929 3638 2075 3677 anno
2105 3625 2160 3689 8,

537 3711 839 3767 indictione
870 3712 959 3780 10,
1028 3721 1295 3788 regnante
1342 3712 1538 3768 Karolo
1593 3711 1990 3786 gloriosissimo
2009 3726 2159 3786 rege.

534 3802 722 3858 Actum
758 3804 812 3858 in
846 3805 1183 3860 monasterio
1215 3804 1390 3861 sancti
1418 3804 1682 3870 Quintini.
1720 3824 1745 3855 υ

611 3895 976 3952 lmmunitatis
1002 3897 1166 3952 etiam
1195 3896 1501 3952 secundum
1558 3902 1969 3951 antecessorum
2029 3909 2158 3950 suo-

532 4005 651 4042 rum
710 4004 900 4063 regum
959 3989 1296 4059 exemplaria
1342 3988 1523 4044 eidem
1568 3995 1771 4042 sancta:
1825 3987 1943 4041 sedi
2000 4003 2154 4042 suam

533 4075 768 4130 contulit
813 4077 1218 4132 auctoritatem.
1270 4076 1587 4132 Cessionem
1638 4091 1857 4148 quoque
1890 4075 2157 4150 genitoris

531 4165 615 4218 sui
676 4165 934 4221 Ludovici
996 4166 1064 4220 de
1122 4165 1408 4220 exactione
1460 4164 1610 4239 regia
1670 4167 1876 4234 (supra,
1935 4165 2031 4219 lib.
2093 4182 2151 4230 ιι,

532 4269 578 4308 c.
621 4254 727 4324 19),
779 4254 864 4308 vel
895 4254 1163 4324 Operariis
1215 4269 1278 4308 ac
1316 4268 1474 4308 muro
1506 4253 1742 4308 civitatis
1775 4253 1846 4307 ob
1878 4259 2152 4308 restaura-

531 4343 739 4398 tionem
784 4343 956 4414 ipsius
985 4351 1188 4398 sanctze
1228 4342 1324 4397 Dei
1368 4340 1617 4397 ecclesiae
1649 4340 1924 4414 delegata,
1959 4339 2151 4409 hujus-

531 4433 681 4490 modi
711 4432 1396 4489 conﬁrmavitauctoritate
1430 4449 1444 4486 :

2274 1936 2539 1997 perpetua
2584 1939 2770 1983 nostra
2824 1930 3168 2005 indulgentia
3216 1931 3302 1985 vel
3357 1930 3743 1997 concessione,
3799 1947 3892 1984 seu

2271 2021 2591 2077 auctoritate
2623 2039 2968 2086 concessum,
3025 2025 3110 2078 vel
3153 2020 3532 2078 confirmatum
3588 2031 3815 2077 maneat
3843 2025 3895 2077 in

2272 2124 2621 2186 perpetuum.
2678 2116 2738 2170 Et
2794 2123 2854 2170 ut
2929 2117 3045 2171 haec
3094 2123 3295 2171 nostrae
3327 2115 3767 2170 confirmationis
3809 2115 3895 2168 vel

2272 2208 2652 2263 concessionis
2695 2209 2991 2263 auctoritas
3059 2224 3157 2278 per
3187 2207 3367 2263 futura
3417 2215 3666 2279 tempora
3687 2207 3896 2262 certior

2271 2305 2652 2371 c0gnoscatur,
2697 2305 2752 2352 et
2807 2305 3128 2368 permaneat
3187 2295 3532 2361 inconvulsa,
3565 2312 3684 2351 eam
3722 2313 3889 2350 manu

2269 2391 2453 2439 nostra
2481 2383 3034 2450 subterfirmavimus,
3067 2393 3121 2440 et
3172 2385 3242 2440 de
3287 2385 3492 2440 annulo
3542 2392 3734 2440 nostro
3767 2401 3887 2439 eam

2269 2471 2496 2544 sigillari
2527 2473 2912 2544 prtecepimus.
2948 2475 3079 2528 Data
3109 2490 3161 2527 iv
3199 2473 3472 2534 Kalendas
3491 2473 3708 2540 lunias,
3743 2489 3888 2528 anno

2271 2563 2338 2619 10
2371 2576 2638 2637 regnante
2705 2565 2900 2621 Karolo
2957 2566 3198 2639 glorioso
3250 2581 3404 2638 rege,
3447 2565 3762 2620 indictione
3806 2567 3886 2621 13.

2271 2656 2458 2708 Actum
2493 2656 2866 2712 Vermerizein
2926 2656 3130 2728 palatio
3185 2659 3360 2734 regio,
3426 2659 3482 2712 in
3535 2657 3630 2712 Dei
3659 2657 3889 2712 nomine

2269 2743 2520 2800 feliciter.
2553 2747 2743 2801 Amen.
2789 2771 2813 2797 ι)

2922 2817 3131 2874 CAPUT
3161 2819 3224 2872 V.

2266 2907 2341 2959 De
2386 2908 2729 2974 reparatione
2773 2909 3044 2964 Remensis
3083 2907 3311 2962 ecclesia:
3341 2907 3408 2960 ab
3437 2908 3554 2977 ipso
3584 2907 3890 2961 Hincmaro

2953 2983 3202 3049 patrata.

2339 3089 2848 3165 llujusmodiregiaz
2899 3092 3264 3168 benignitatis
3317 3091 3537 3148 functus
3583 3092 3885 3148 auctorita-

2266 3182 2416 3238 tibus
2453 3193 2508 3240 et
2547 3185 2602 3238 in
2657 3185 2960 3257 episcopali
3029 3186 3163 3240 sede
3217 3183 3590 3249 confirmatus,
3627 3183 3888 3256 praefatus

2267 3275 2593 3332 [lincmarus
2620 3277 3095 3349 archiepiscopus,
3146 3277 3408 3348 templum
3431 3278 3610 3332 beata:
3636 3276 3735 3331 Dei
3778 3292 3883 3350 ge-

2264 3364 2476 3420 nitricis
2504 3367 2703 3432 Marize,
2744 3368 2894 3438 quod
2947 3383 2978 3422 a
3032 3366 3409 3422 fundamentis
3442 3365 3555 3421 Ebo
3615 3379 3883 3420 renovare

2262 3463 2525 3523 eruperat,
2560 3454 2663 3510 iste
2687 3471 2821 3526 pace
2872 3456 3160 3529 gratiaque
3213 3454 3403 3510 fruens
3430 3454 3603 3527 regia,
3637 3452 3888 3524 praeclari

2261 3544 2664 3598 consummavit
2717 3545 2934 3599 decoris
2990 3545 3314 3600 eminentia.
3360 3544 3592 3614 Insuper
3647 3548 3704 3596 et
3734 3557 3886 3596 aram

2259 3641 2462 3687 sanctae
2489 3633 2585 3688 Dei
2615 3634 2901 3709 genitricis
2921 3650 3055 3690 auro
3087 3634 3330 3698 vestivit,
3351 3650 3415 3688 ac
3449 3632 3734 3704 lapidibus
3766 3647 3889 3702 pre-

2262 3723 2418 3777 tiosis
2445 3723 2682 3778 ornavit.
2719 3725 2809 3778 llis
2829 3739 3055 3796 quoque
3084 3724 3338 3780 versibus
3364 3722 3601 3779 titulavit
3628 3741 3645 3776 :

2320 3815 2457 3864 Hanc
2479 3831 2617 3866 aram
2645 3817 2841 3866 Domini
2864 3817 3126 3867 Genitricis
3145 3817 3331 3866 honore
3354 3815 3572 3866 dicatam

2317 3879 2488 3943 Cultor
2511 3881 2696 3943 ubique
2718 3895 2838 3928 suus
2890 3881 3032 3940 (suis)
3064 3879 3318 3928 decoravit
3339 3879 3601 3943 episcopus
3623 3877 3880 3926 Hincmar.

2318 3941 2606 3991 Muneribus
2619 3941 2796 3997 sacris,
2822 3943 3022 3992 functus
3040 3943 3131 3992 hac
3154 3943 3269 3991 sede
3287 3941 3531 3991 sacerdos.

2317 4004 2575 4076 .ll‘amliene
2598 4005 2856 4076 completis
2891 4005 3282 4076 centenispcties
3303 4004 3467 4076 annis.

2317 4067 2654 4131 Quadraginta
2681 4064 2830 4131 simul
2855 4069 3030 4131 quinto
3051 4067 3281 4131 volvente
3308 4067 3400 4115 sub
3435 4064 3575 4128 ipsis,

2315 4129 2440 4193 gum
2463 4127 2663 4193 juvenis
2693 4127 2908 4179 Karoltis
2938 4139 3121 4193 regeret
3149 4130 3435 4193 diademata
3460 4127 3618 4193 regni.

2317 4190 2574 4241 Hunc'sibi
2594 4202 2840 4255 pastorem
2868 4190 3182 4256 poscentibus
3207 4191 3346 4241 urbis
3371 4191 3611 4239 alumnis.

2254 4274 2318 4329 Et
2339 4274 2407 4328 ai
2437 4275 2731 4349 imaginem
2764 4276 2855 4331 Dei
2887 4276 3179 4332 Genitricis
3211 4276 3267 4330 in
3299 4275 3420 4346 ipso
3451 4273 3636 4328 altari.

2313 4364 2463 4436 Xirgo
2482 4367 2523 4436 bl
2531 4366 2634 4414 aria
2655 4366 3086 4436 tenet_liominem,_
3106 4379 3383 4436 regemque,
3417 4363 3673 4436 Deumque

2315 4427 2598 4478 Visceribus
2622 4429 2836 4492 propriis
2860 4437 3036 4477 natum
3059 4429 3119 4477 de
3143 4427 3370 4476 Flamine
3401 4433 3591 4474 sancto.

603 4525 719 4580 ..Ἰη
760 4525 985 4581 nomine
1017 4533 1218 4580 sancta;
1247 4531 1298 4579 et
1324 4523 1621 4578 individua;
1646 4520 1945 4588 Trinitatis,
1979 4519 2142 4576 Kam-
2169 4495 2226 4564 D
2317 4511 2480 4566 Tecta
2510 4510 2701 4580 templi
2731 4507 3548 4582 plumbeiSCOOperuittabulis,
3569 4505 3873 4576 ipsumque

529 4613 614 4670 lus
641 4615 815 4690 gratia
847 4616 942 4670 Dei
975 4631 1090 4670 rex.
1119 4615 1173 4670 Si
1233 4613 1593 4686 petitionibus
1647 4611 1893 4667 fidelium
1930 4618 2153 4666 nostro-

528 4707 916 4774 rum,maxime
942 4707 1157 4762 Domini
1218 4705 1590 4773 sacerdotum,
1647 4704 1927 4776 praecipue
1959 4703 2015 4757 in
2041 4703 2147 4770 his,

527 4815 651 4871 quae
680 4799 1067 4856 ecclesiasticis
1115 4799 1443 4854 utilitatibus
1473 4806 1704 4869 possunt
1738 4797 1985 4869 praebere
2013 4811 2148 4851 con-

525 4889 752 4956 sultum,
781 4889 1082 4964 benignum
1123 4887 1536 4944 commodamus
1560 4903 1871 4951 assensum,
1907 4886 2068 4940 nobis
2095 4884 2148 4938 id

525 4977 596 5032 ad
620 4984 839 5033 aeternae
879 4977 1342 5034 remunerationis
1395 4975 1675 5032 credimus
1726 4973 2020 5046 provenire
2051 4988 2150 5027 au-

525 5078 831 5142 gmentum.
867 5069 1103 5125 Proinde
1148 5068 1362 5124 noverit
1393 5067 1640 5122 omnium
1681 5064 1924 5120 fidelium
1961 5063 2053 5119 Dei
2087 5079 2151 5118 ac

526 5168 862 5230 nostrorum,
912 5161 1265 5233 praesentium
1298 5160 1508 5216 scilicet
1556 5166 1612 5213 et
1643 5158 1948 5212 futurorum
1984 5155 2146 5211 indu-

524 5253 679 5322 stria,
704 5254 833 5325 quia
856 5255 938 5308 vir
978 5252 1312 5309 venerabilis
1356 5252 1698 5316 llincmarus,
1733 5249 2024 5304 Remensis
2054 5265 2146 5303 ur-

524 5342 609 5397 bis
637 5343 1086 5415 archiepiscopus
1133 5341 1331 5397 obtulit
1383 5338 1697 5395 serenitatis
1753 5342 1953 5391 nostrm
1984 5337 2146 5391 obtu-

524 5435 672 5490 tibus
702 5443 1039 5507 praeceptum
1071 5434 1175 5505 pia:
1214 5433 1496 5488 memoriae
1549 5429 1738 5485 domni
1771 5445 1833 5484 ac
1877 5429 2146 5504 genitoris

523 5525 695 5581 nostri
742 5526 1002 5582 Ludovici
1052 5523 1423 5595 imperatoris,
1479 5521 1627 5592 quod
1679 5521 1730 5575 id
1779 5520 2146 5591 elecmosynze

520 5626 634 5665 suae
663 5619 961 5686 augmento
1006 5610 1257 5666 ecclesia:
1284 5611 1338 5666 S.
1396 5608 1581 5663 Maria:
1636 5617 1800 5680 atque
1843 5607 2018 5662 sancti
2048 5609 2147 5662 Re-

519 5701 673 5774 migii
731 5700 851 5756 fieri
888 5702 1154 5769 decrevit,
1203 5702 1270 5757 de
1315 5717 1484 5773 Opere
1542 5708 1597 5755 et
1637 5698 1929 5770 operariis,
1977 5704 2141 5768 atque

2261 4604 2528 4675 templum
2555 4604 2716 4675 pictis
2772 4603 3053 4660 decoravit
3108 4602 3361 4667 cameris,
3420 4599 3680 4655 fenestris
3711 4600 3877 4653 etiam

2256 4696 2784 4766 illustravitvitreis,
2839 4695 3176 4768 pavimentis
3229 4709 3452 4767 quoque
3512 4691 3883 4746 stravitmar-

2253 4788 2479 4842 moreis.
2525 4786 2752 4842 Crucem
2800 4785 3226 4840 eminentiorem
3293 4782 3549 4856 gemmis,
3619 4797 3876 4851 auroque

2252 4876 2561 4948 cooperuit.
2622 4876 2767 4930 Alias
2805 4875 2970 4932 etiam
3021 4890 3215 4930 cruces
3264 4881 3372 4928 tam
3406 4887 3541 4927 auro
3583 4887 3751 4942 quam
3787 4887 3882 4923 ar-

2251 4977 2418 5041 gento
2453 4968 2682 5040 paravit.
2725 4968 2964 5024 Calicem
3000 4968 3265 5039 majorem
3299 4982 3424 5021 cum
3463 4973 3682 5036 patena,
3722 4978 3880 5016 sum-

2252 5061 2546 5131 ptorioque
2573 5059 2702 5115 fecit
2768 5075 2832 5114 ex
2892 5073 3046 5123 auro,
3081 5058 3443 5128 lapidumque
3494 5052 3875 5125 pretiosorum

2251 5149 2544 5204 illustravit
2573 5149 2775 5204 nitore.
2800 5148 2900 5213 Qui
2934 5147 3072 5202 calix
3103 5154 3295 5217 postea
3328 5160 3424 5216 pro
3485 5142 3885 5212 redemptione

2247 5257 2310 5297 ac
2351 5242 2530 5297 salute
2581 5241 2770 5311 patria;
2827 5238 3188 5294 Nortmannis
3245 5237 3406 5292 datus
3458 5243 3541 5289 est
3596 5253 3612 5298 ;
3678 5241 3885 5303 patena

2247 5333 2427 5389 adhuc
2465 5341 2778 5389 reservatur
2806 5331 3042 5386 ibidem.
3079 5329 3349 5384 Libellum
3383 5343 3605 5400 quoque
3652 5325 3725 5380 de
3755 5335 3886 5379 ortu

2246 5434 2449 5481 sanctae
2481 5426 2574 5480 Dei
2608 5424 2896 5499 genitricis
2926 5423 3130 5485 Mariae,
3155 5423 3256 5476 sed
3289 5430 3344 5476 et
3374 5434 3693 5475 sermonem
3728 5417 3886 5470 beati

2247 5513 2560 5584 Hieronymi
2607 5514 2675 5568 de
2731 5512 2907 5583 ipsius
2951 5511 3197 5566 Dominae
3264 5507 3646 5578 assumptione
3706 5504 3891 5558 scribi

2245 5602 2396 5669 fecit,
2427 5610 2481 5657 et
2522 5603 2724 5658 tabulis
2763 5602 3048 5668 eburneis,
3091 5614 3336 5672 auroque
3364 5596 3584 5652 vestitis
3618 5595 3890 5648 munivit.

2245 5695 2520 5751 Locellum
2563 5694 2728 5750 etiam
2776 5695 3096 5766 quemdam,
3133 5693 3238 5747 hoc
3292 5696 3378 5745 est
3410 5703 3636 5759 capsam
3697 5685 3894 5752 majo-
