4040 6176
223 255 325 312 145
687 313 700 328 ¹
867 250 1180 309 HISTORIE
1218 253 1558 310 ECCLESIIE
1596 253 1931 313 REMENSIS
1972 259 2147 316 LIBRI
2188 260 2514 327 QUATUOR.
2548 294 2613 303 —-
2646 263 2780 319 LIB.
2827 267 2924 325 III.
3497 283 3607 342 ηδ

219 401 351 452 rem,
378 398 508 456 quae
537 398 572 437 a
595 381 819 438 duobus
867 382 1079 469 clericis
1126 383 1256 440 ferri
1287 391 1451 450 sotet,
1485 382 1607 439 ﬁeri
1646 384 1839 454 jussit.
1872 391 1925 460 Α
1947 404 2072 445 sese
2101 396 2489 460 prosternens,
2523 391 2648 461 ejus
2676 395 3022 457 cordetenus
3060 418 3235 476 super
3266 407 3374 464 hac
3402 411 3604 469 anxie-

220 482 567 573 argenthue
614 474 914 573 imaginata
962 491 1027 531 ac
1057 476 1321 573 deaurato
1352 476 1575 532 vestivit
1604 476 1739 542 ;ubi
1771 478 1841 532 ad
1896 522 1907 536 ι
1948 490 2058 541 tate
2102 496 2205 535 sua
2257 479 2594 550 deprecatur
2671 482 3057 547 clementiam.
3116 474 3188 549 Et
3242 512 3484 573 surgens
3533 502 3603 559 ab

219 565 365 621 urbis
414 564 585 633 hujus
631 564 798 619 totius
850 571 1111 633 tutamen,
1158 565 1456 622 multorum
1515 573 1840 621 sanctorum
1945 575 2220 639 oratione,
2249 572 2501 628 osculato
2549 572 2739 641 altari,
2802 594 2968 651 supra
2998 584 3211 641 nudum
3243 564 3425 660 ipsius
3454 610 3605 650 mar-

218 658 449 732 pignora
479 655 813 712 recondidit.
845 657 1072 727 Insuper
1089 663 1144 713 et
1170 657 1278 713 alia
1307 656 1498 712 altaris
1533 673 1686 720 vasa,
1723 666 1842 714 tam

217 762 375 800 aurea
425 761 599 817 quam
656 750 711 799 et
751 750 1010 818 argentea
1064 744 1416 815 praeparavit.
1475 744 1838 818 Evangelium

214 834 393 890 aureis
412 833 809 908 argenteisque
837 831 1077 888 describi
1119 832 1251 889 fecit
1282 833 1513 896 litteris,
1533 832 1841 904 aureisque

217 928 452 982 munivit
486 925 716 993 tabulis,
763 932 815 980 et
862 924 1097 998 gemmis
1133 925 1389 981 distinxit
1418 924 1706 997 pretiosis.
1743 924 1844 981 His

213 1035 435 1092 quoque
469 1018 730 1074 versibus
756 1017 1041 1092 insignivit
1082 1034 1095 1072 :

266 1110 459 1174 Sancta
474 1108 570 1158 Dei
583 1108 789 1173 genitrix
797 1117 847 1174 et
863 1108 1213 1174 sempervirgo
1224 1108 1397 1174 Maria,

327 1171 647 1221 Hincmarus
666 1171 838 1235 praesul
856 1171 1023 1235 defero
1044 1171 1178 1221 dona
1192 1171 1315 1235 tibi.

268 1235 510 1304 Haepia
540 1248 654 1297 quae
666 1232 824 1297 gessit,
861 1233 1033 1282 docuit
1053 1248 1153 1304 nos
1181 1232 1411 1284 Christus
1428 1233 1584 1291 Iesus,

328 1295 525 1346 Editus
543 1295 606 1345 ex
628 1295 773 1354 utero,
797 1304 932 1344 casta
951 1295 1137 1360 puella,
1171 1304 1276 1346 tuo.

274 1380 515 1435 Librum
548 1394 765 1451 quoque
789 1385 1287 1448 sacramentorum,
1334 1380 1434 1436 sed
1491 1387 1547 1435 et
1567 1379 1846 1435 lectiona-

209 1472 374 1536 rium,
405 1486 561 1542 quos
599 1470 759 1526 scribi
782 1469 939 1537 fecit,
968 1468 1142 1527 ebore
1173 1477 1512 1546 argentoque
1533 1469 1841 1526 decoravit.

208 1559 564 1616 Candelabra
623 1560 746 1614 texit
787 1568 1047 1632 argento,
1070 1568 1127 1615 et
1172 1560 1438 1632 templum
1470 1560 1639 1616 variis
1668 1574 1845 1615 orna-

207 1653 275 1707 vit
304 1650 694 1722 lampadibus,
725 1658 775 1704 et
830 1650 1063 1705 coronis
1115 1651 1462 1723 diversisque
1503 1660 1612 1707 tam
1640 1650 1848 1723 pallio-

206 1760 317 1798 rnm
347 1759 528 1815 quam
558 1741 884 1801 cortinarum
915 1751 1084 1814 atque
1132 1744 1395 1815 tapetium
1423 1743 1646 1815 operuit
1673 1758 1843 1799 orna-
1871 1710 1922 1778 B

204 1831 430 1888 mentis.
461 1830 658 1886 Sacras
687 1831 849 1886 etiam
899 1839 1087 1887 vestes
1131 1832 1317 1888 altaris
1368 1832 1693 1905 procuravit
1725 1830 1839 1885 mi-

205 1924 418 1979 nistris.
456 1922 714 1979 Pluribus
765 1922 1021 1994 denique
1052 1926 1367 1981 convocatis
1413 1924 1722 1997 episcopis,
1740 1923 1840 1978 sed

205 2024 254 2071 et
273 2016 490 2072 Karolo
557 2030 688 2090 rege
741 2015 798 2069 in
846 2016 996 2071 hanc
1051 2016 1327 2072 civitatem
1383 2018 1749 2083 adveniente,
1783 2016 1838 2070 in

202 2107 424 2163 honore
457 2104 919 2175 incomparabilis
944 2112 1001 2160 et
1027 2113 1309 2177 perpetuae
1347 2108 1583 2181 virginis
1597 2106 1843 2181 genitri-

205 2200 277 2256 cis
296 2198 405 2254 Dei
437 2197 649 2264 Mariae,
676 2204 735 2253 ut
762 2205 819 2253 et
841 2197 1516 2270 antiquafueratsacrata,
1548 2200 1842 2256 basilicam

202 2287 539 2345 solemniter
570 2285 869 2358 dedicavit,
898 2293 956 2342 et
994 2302 1118 2342 cum
1150 2289 1613 2362 coepiscoporum
1641 2303 1847 2358 coope-

205 2376 422 2431 ratione
452 2374 562 2430 sub
628 2373 1040 2446 omnipotentis
1076 2374 1424 2434 invocatione
1450 2375 1745 2433 Trinitatis
1763 2377 1847 2431 al-

204 2466 407 2522 miﬁcze
437 2465 803 2522 consecravit.

861 2536 1075 2592 CAPUT
1103 2537 1188 2592 VI.

266 2613 349 2667 De
385 2609 683 2664 miraculis
712 2611 773 2663 in
791 2609 979 2664 eadem
998 2609 1213 2664 ecclesia
1228 2616 1414 2681 postea
1441 2611 1766 2667 declaratis.

270 2704 338 2757 In
370 2700 917 2777 hacigiturecclesia
930 2701 1101 2756 multa
1127 2700 1727 2775 diversistemporibus
1742 2698 1838 2755 Dei

204 2792 413 2847 virtute
429 2790 539 2846 sub
579 2788 884 2846 ineﬁabilis
934 2790 1133 2844 Christi
1185 2793 1472 2864 genitricis
1500 2790 1690 2847 Mariae
1716 2795 1844 2844 sunt

206 2883 419 2939 honore
441 2889 661 2953 patrata
688 2880 973 2937 miracula.
999 2881 1237 2946 Quorum
1269 2883 1530 2954 plurima,
1556 2896 1684 2953 qua:
1714 2885 1842 2934 ante

207 2985 458 3031 nostram
474 2981 698 3029 aetatem
721 2981 849 3030 sunt
868 2983 1046 3049 gesta,
1067 2973 1227 3028 nobis
1243 2971 1839 3045 habenturincognita.

206 3066 313 3121 Nos
335 3072 534 3120 tamen
569 3080 658 3132 ea,
689 3080 812 3136 quae
842 3079 1029 3119 coram
1088 3064 1251 3134 positi
1298 3064 1561 3131 vidimus,
1594 3061 1686 3119 vel
1716 3077 1842 3132 per-
1873 3079 1922 3149 Ο

210 3159 364 3215 sonis
393 3174 525 3230 quae
549 3158 808 3213 viderant
848 3155 1219 3212 referentibus
1246 3158 1597 3234 agnovimus,
1622 3153 1843 3211 silentio

208 3250 297 3305 hic
323 3264 562 3322 quoque
594 3242 878 3319 praeterire
939 3246 1303 3321 incongruum
1336 3247 1438 3303 rati
1465 3260 1683 3311 sumus,
1719 3242 1845 3299 licet

211 3350 275 3390 ea
301 3336 575 3391 versibus
600 3335 734 3391 olim
763 3335 1134 3391 exaravimus.
1188 3337 1380 3393 Mulier
1406 3335 1667 3411 quadam
1705 3333 1844 3389 civis

212 3428 383 3497 hujus
406 3428 590 3495 urbis,
623 3428 850 3484 nomine
896 3427 1161 3494 Altrudis,
1184 3430 1401 3485 unicam
1433 3426 1719 3501 parvulam
1749 3441 1847 3480 nu-

210 3518 421 3572 triebat
452 3515 647 3582 ﬁliam,
676 3506 801 3589 quas
851 3517 1036 3572 adhuc
1065 3515 1166 3570 sub
1214 3517 1384 3573 ubere
1415 3515 1610 3572 matris
1643 3513 1842 3585 posita,

214 3607 462 3665 efﬁcitur
494 3624 662 3664 caeca.
713 3608 815 3664 Pro
850 3623 963 3680 qua
1000 3622 1123 3662 cum
1153 3607 1319 3662 variis
1351 3607 1553 3663 frustra
1583 3610 1845 3659 aestuaret

214 3709 397 3756 mater
419 3700 707 3768 remediis,
755 3716 859 3756 nec
913 3699 1026 3755 ulla
1085 3708 1267 3771 posset
1304 3699 1480 3768 juvari
1510 3696 1751 3763 medela,
1774 3696 1844 3751 ad

214 3810 499 3850 summum
532 3793 739 3869 cegitat
762 3810 823 3848 se
849 3800 1064 3848 vertere
1102 3791 1376 3846 medicum
1405 3809 1419 3858 ;
1446 3791 1683 3861 ejusque
1712 3804 1843 3859 pro-

214 3882 309 3938 bat
337 3898 454 3938 non
483 3881 671 3953 aptius
724 3898 825 3953 per
878 3880 1196 3953 quempiam
1250 3888 1565 3936 sanctorum
1614 3892 1843 3948 poscere

215 3991 380 4045 posse
400 3972 867 4043 misericordiam,
887 3989 1051 4044 quam
1084 3989 1184 4044 per
1212 3972 1386 4044 ipsius
1414 3971 1660 4035 unicam,
1683 3969 1845 4039 cujus

216 4067 387 4122 etiam
420 4071 543 4122 erat
594 4064 716 4137 ipsa
764 4064 986 4130 famula,
1021 4064 1371 4120 Gcnitricem.
1405 4065 1844 4133 Prmparansque

215 4156 579 4212 candelarum
635 4156 982 4219 munuscula,
1032 4164 1139 4210 tam
1174 4170 1271 4226 pro
1306 4172 1364 4212 se
1395 4171 1560 4229 quam
1584 4169 1682 4225 pro
1709 4152 1844 4223 ﬁlia,

220 4250 497 4319 templum
528 4248 638 4302 hoc
650 4246 809 4319 petit,
829 4245 1073 4301 cmlitum
1088 4244 1293 4319 reginae
1311 4244 1663 4302 clementiam
1693 4260 1849 4319 roga-

220 4348 344 4395 tura
374 4357 390 4405 ;
420 4337 835 4413 praefigensque
856 4335 1206 4391 candelabris
1236 4334 1549 4402 luminaria,
1595 4342 1707 4389 tum
1740 4351 1844 4405 pa-

217 4429 489 4486 vimentis
514 4434 737 4495 astrata,
767 4442 864 4482 cor
900 4425 1134 4498 supplex
1185 4423 1419 4479 effundit
1446 4424 1502 4478 in
1557 4431 1700 4479 vota.
1738 4424 1846 4481 Nec

220 4542 283 4581 se
314 4539 487 4596 posse
519 4535 863 4595 prsesumens
891 4517 1170 4586 sufficere,
1201 4518 1486 4573 ministros
1517 4517 1846 4588 suppliciter

222 4615 488 4688 deposcit
508 4613 716 4679 altaris,
738 4611 913 4682 ipsius
932 4611 1259 4683 petitionem
1288 4609 1403 4666 suis
1451 4608 1709 4680 precibus
1749 4609 1847 4663 ad-

213 4709 433 4778 juvare.
472 4705 538 4760 Et
566 4706 695 4778 quia
715 4705 911 4760 devote
941 4720 1004 4759 ac
1035 4702 1271 4759 fideliter
1310 4701 1627 4774 postulavit,
1660 4711 1845 4757 votum

222 4801 484 4857 obtinere
512 4796 846 4870 promeruit,
900 4797 1198 4868 lumenque
1254 4795 1459 4851 sobolis
1502 4794 1845 4864 impetravit.

225 4890 384 4945 Unde
414 4889 627 4963 gratias
654 4893 909 4960 agentem
938 4887 1048 4941 Deo
1106 4884 1388 4955 ipsiusque
1419 4882 1682 4938 Gcnitrici
1712 4882 1846 4953 piis-

226 4984 407 5049 simae,
439 4998 568 5037 cum
615 4978 960 5051 adjutoribus
1012 4976 1121 5032 sibi
1180 4976 1350 5032 sacris
1402 4974 1670 5029 ministris
1726 4989 1844 5027 eam

229 5070 475 5124 vidimus
503 5076 717 5140 postea,
768 5068 899 5124 dum
930 5082 1145 5133 sanam,
1194 5065 1451 5135 clareque
1493 5069 1847 5118 contuentem

233 5176 393 5215 suam
426 5159 595 5214 nobis
625 5156 911 5213 exhiberet
939 5154 1129 5210 ﬁliam.

307 5253 544 5319 Quidam
618 5250 850 5307 clericus
907 5258 1109 5305 nostrae
1157 5244 1623 5321 congregationis.
1684 5260 1851 5300 carne

232 5342 468 5408 nobilis,
496 5340 649 5412 [iugo
693 5338 940 5406 nomine,
960 5338 1035 5393 ita
1079 5337 1249 5391 nimio
1301 5334 1549 5389 dentium
1583 5333 1853 5409 fatigaba-

238 5439 329 5485 tur
356 5430 573 5492 dolore,
602 5435 784 5483 utnec
804 5442 1079 5494 somnum,
1104 5443 1210 5483 nec
1234 5425 1417 5482 cibum
1441 5440 1551 5494 prae
1571 5422 1853 5478 nimietate

234 5523 453 5578 valeret
504 5520 848 5597 aegritudinis
877 5536 1096 5591 capere.
1122 5519 1220 5585 Qui
1240 5518 1539 5591 requisitus
1568 5513 1852 5588 aquodam

239 5612 494 5678 seniore,
513 5609 764 5681 exposita
794 5625 906 5665 suae
944 5610 1248 5666 vexationis
1278 5608 1600 5672 afflictione,
1651 5609 1759 5662 hoc
1788 5605 1856 5659 ab

239 5716 310 5756 eo
339 5699 560 5757 consilii
591 5699 826 5771 accepit,
875 5708 936 5755 ut
987 5715 1175 5755 coram
1221 5698 1384 5755 altari
1414 5698 1510 5753 Dei
1564 5695 1857 5752 Genitricis

1945 679 2089 730 mor,
2131 662 2189 715 in
2212 675 2322 732 qua
2368 660 2680 735 vexabatur
2725 662 3038 737 deponeret
3077 675 3387 747 maxillam,
3410 680 3600 754 sicque

1944 754 2256 812 sanandum
2281 769 2343 809 se
2363 753 2507 809 conti
2518 754 2684 821 dens,
2731 757 2961 815 domum
3000 778 3295 839 regressus
3320 753 3595 844 cooperiri

1945 861 2008 900 se
2029 844 2282 899 vestibus
2320 842 2529 900 faceret
2557 851 2723 917 atque
2756 849 2944 920 sopori
2975 854 3354 922 permitteret.
3386 842 3596 927 Quibus

1947 934 2048 989 ille
2094 948 2195 1004 per
2233 934 2489 989 ordinem
2535 936 2787 1007 patratis,
2840 953 3093 995 somnum
3152 942 3308 1001 iniit.
3358 949 3592 1024 Tempus
3666 1006 3673 1007 ,

1946 1034 2140 1081 autem
2173 1034 2293 1081 erat
2345 1029 2718 1084 solemnitatis
2750 1030 2949 1086 natalis
2996 1033 3250 1105 Domini,
3283 1047 3340 1094 et
3392 1041 3589 1101 fratres

1947 1122 2084 1187 post
2104 1115 2445 1171 celebratum
2472 1118 2855 1190 vespertinum
2883 1118 3132 1178 officium
3191 1124 3252 1180 in
3280 1132 3588 1200 caenaculo,

1947 1205 2055 1259 ubi
2088 1205 2449 1262 calefaciendi
2491 1224 2657 1263 causa
2694 1210 3111 1266 consueverant
3152 1215 3346 1292 colligi
3378 1219 3590 1277 reside-

1948 1297 2114 1355 bant.
2147 1300 2413 1357 Praafatus
2440 1317 2571 1358 vero
2601 1301 2771 1357 frater
2825 1301 2977 1357 videt
3034 1301 3091 1356 in
3151 1307 3368 1362 somnis
3395 1308 3508 1366 illic
3528 1326 3589 1366 se

1949 1404 2073 1460 prae
2099 1390 2366 1464 gradibus
2403 1391 2670 1448 coenaculi
2723 1391 2984 1454 astitisse,
3046 1401 3219 1466 atque
3246 1396 3465 1454 beatam
3486 1399 3585 1456 Dei

1948 1480 2293 1539 Genitricem
2326 1484 2383 1539 in
2402 1484 2807 1556 superioribus,
2844 1492 2973 1540 ante
3000 1484 3185 1555 ipsius
3234 1491 3439 1548 ostium
3481 1492 3586 1549 do-

1948 1587 2081 1626 mus
2111 1573 2434 1628 consistere.
2470 1574 2511 1626 A
2540 1573 2781 1629 sinistris
2804 1573 2859 1628 in
2892 1573 3067 1646 gradu
3100 1574 3294 1635 inﬁmo
3325 1580 3428 1635 sub
3453 1597 3584 1652 spe-

1949 1662 2042 1718 cie
2074 1664 2360 1733 cujusdam
2400 1664 2669 1741 chirurgi,
2711 1664 3019 1738 malignum
3076 1671 3373 1741 conspexit
3402 1679 3581 1728 astare

1945 1753 2228 1824 spiritum.
2260 1754 2378 1810 Non
2418 1754 2681 1810 dubitans
2703 1760 2891 1809 autem
2929 1769 3054 1826 quae
3082 1769 3236 1815 esset
3264 1760 3359 1816 illa
3413 1778 3580 1834 quam

1946 1845 2263 1916 aspiciebat
2285 1846 2533 1914 domina,
2586 1861 2792 1919 pavore
2848 1845 2972 1900 tetri
3028 1847 3209 1905 hostis
3243 1852 3486 1922 abjecto,
3514 1854 3583 1909 ad

1942 1952 2067 1991 eam
2100 1954 2277 2010 usque
2308 1940 2657 2007 conscendit,
2689 1948 2745 1994 et
2772 1944 2900 1994 ante
2931 1938 3109 2011 ipsius
3152 1944 3451 2014 procidens
3482 1960 3586 2017 pe-

1945 2028 2046 2083 des
2075 2031 2323 2099 ejusdem
2382 2039 2678 2102 susceptus
2720 2040 2807 2087 est
2862 2047 3076 2102 manu;
3125 2036 3197 2091 ita
3229 2044 3289 2093 ut
3327 2045 3577 2093 mentum

1945 2120 2098 2178 illius
2129 2131 2345 2191 tenens,
2369 2133 2619 2180 vexatam
2673 2124 2924 2197 piissima
2961 2126 3192 2184 domina
3229 2131 3582 2205 contingeret

1945 2215 2241 2270 maxillam.
2279 2216 2342 2271 Et
2372 2217 2597 2289 erigens
2645 2233 2772 2272 eum
2803 2216 3010 2272 blande
3037 2222 3319 2277 consolata
3351 2230 3450 2288 es‘,
3485 2240 3577 2278 as-

1945 2320 2140 2360 serens
2174 2306 2299 2360 ideo
2331 2321 2391 2360 se
2416 2321 2528 2361 non
2564 2306 2845 2362 inventam
2877 2306 2946 2360 ab
2979 2323 3049 2365 eo
3081 2309 3138 2364 in
3163 2311 3418 2379 ecclesia,
3438 2328 3580 2383 quo-

1944 2394 2093 2447 niam
2121 2393 2329 2448 ibidem
2362 2394 2431 2447 ad
2478 2395 2787 2450 custodiam
2847 2393 3078 2451 fratrum
3107 2405 3296 2455 staret.
3334 2400 3450 2468 Ille,
3484 2401 3575 2455 in~

1944 2481 2164 2553 quiens,
2195 2480 2494 2556 malignus,
2529 2498 2695 2554 quem
2736 2482 2893 2538 vides
2922 2484 3013 2541 hic
3072 2503 3249 2559 prope
3275 2496 3573 2558 astantem,

1943 2574 2148 2647 cogitat
2172 2574 2280 2628 huc
2309 2574 2638 2642 ascendere,
2687 2583 2744 2630 et
2773 2576 2889 2631 vult
2947 2587 3168 2634 nostros
3215 2579 3415 2636 fratres
3440 2596 3576 2636 con-

1944 2662 2185 2718 turbare.
2223 2662 2603 2735 Prascepitque
2661 2680 2786 2719 eum
2818 2664 3024 2735 redire,
3077 2675 3133 2724 et
3182 2668 3252 2723 de
3307 2684 3574 2724 concessa

1943 2755 2050 2810 sibi
2080 2755 2253 2814 salute
2285 2753 2589 2811 confidere.
2626 2756 2726 2821 Qui
2757 2773 2947 2814 rursus
2977 2759 3047 2813 ad
3077 2760 3199 2830 ejus
3227 2776 3288 2815 se
3320 2768 3573 2832 proster-

1945 2862 2085 2902 nens
2105 2846 2278 2917 pedes
2308 2854 2525 2901 erectus
2545 2857 2630 2903 est
2658 2848 2727 2902 ab
2756 2865 2842 2917 ea,
2869 2858 3079 2906 vestem
3120 2858 3333 2907 tantum
3367 2868 3571 2924 purpu-

1946 2953 2119 3005 ream,
2166 2952 2275 3008 qua
2332 2936 2451 3007 ipsa
2504 2944 2625 2993 erat
2679 2938 2892 3008 induta,
2959 2939 3312 2996 deosculans.
3368 2941 3570 3014 Sicque

1946 3045 2073 3085 mox
2104 3030 2390 3097 excitatus,
2423 3030 2541 3085 dari
2573 3031 2681 3086 sibi
2728 3033 2995 3104 praechpit
3024 3034 3377 3090 manducare.
3416 3034 3569 3099 Quod

1946 3129 2004 3177 ut
2042 3122 2291 3192 ejusdem
2323 3123 2617 3179 domestici
2634 3126 2882 3194 audiere,
2914 3126 3158 3181 insanire
3189 3127 3340 3183 illum
3362 3135 3565 3199 putan-

1946 3217 2187 3288 tes,quia
2213 3224 2322 3270 tam
2354 3216 2611 3271 alacriter
2631 3217 2738 3272 sibi
2771 3217 2956 3273 cibum
2974 3218 3565 3289 daripeteret,anxiari

1944 3311 2253 3375 coeperunt.
2284 3303 2382 3359 Ille
2421 3321 2553 3361 vero
2592 3305 2959 3362 confirmabat
2987 3324 3049 3363 se
3081 3324 3113 3362 a
3151 3307 3313 3363 beata
3345 3308 3440 3363 Dei
3469 3308 3571 3364 Ge-

1946 3394 2146 3449 nitrice
2177 3401 2452 3460 sanatum,
2484 3394 2571 3449 vel
2603 3394 2854 3466 nihilque
2883 3395 3230 3469 aegritudinis
3256 3412 3339 3463 se,
3364 3396 3449 3451 vel
3478 3396 3569 3450 in-

1944 3487 2114 3542 sanire
2143 3486 2275 3556 pati,
2309 3486 2509 3558 Sicque
2531 3487 2820 3543 celerrime
2852 3488 3098 3545 redditus
3118 3488 3390 3561 sospitati,
3418 3486 3568 3560 serpe

1944 3584 2136 3648 postea
2163 3574 2397 3632 fidenter
2421 3577 2822 3649 astipulabatur
2874 3595 2986 3637 non
3038 3596 3096 3635 se
3151 3578 3384 3634 ulterius
3441 3594 3568 3634 esse

1946 3686 2234 3742 passurum
2265 3669 2412 3735 talia,
2446 3686 2611 3742 quem
2657 3679 2809 3727 tanta
2838 3674 3000 3729 saluti
3035 3672 3363 3729 restituisset
3384 3672 3567 3727 domi-

1946 3777 2036 3815 na.
2062 3761 2215 3826 Quod
2247 3769 2303 3816 et
2342 3776 2531 3815 revera
2592 3760 2671 3814 illi
2725 3762 2947 3828 accidit,
3000 3770 3060 3827 ut
3080 3761 3346 3832 deinceps
3377 3760 3571 3828 hujus-

1945 3853 2094 3908 modi
2126 3850 2510 3927 aegritudinem
2543 3865 2893 3922 nequaquam
2943 3851 3199 3917 senserit,
3232 3850 3362 3905 dum
3396 3849 3569 3920 pluri-

1945 3940 2050 3996 bus
2081 3939 2431 4012 postmodum
2462 3938 2658 3993 vixerit
2686 3939 2867 3993 annis.

2020 4049 2189 4118 Hujus
2242 4046 2486 4122 Hugonis
2537 4044 2772 4100 clericus
2829 4053 2885 4098 et
2946 4042 3234 4112 diaconus,
3287 4042 3565 4097 Ebrardus
3632 4106 3639 4111 _

1947 4138 2197 4206 nomine,
2228 4136 2400 4192 febris
2422 4133 2638 4190 anhelae
2691 4133 2994 4190 vexabatur
3024 4132 3252 4188 aestibus
3285 4131 3418 4213 ;qui
3449 4131 3569 4201 ejus

1947 4231 2292 4305 aegritudinis
2307 4229 2545 4304 agitatus
2573 4226 2895 4302 angoribus,
2956 4225 3012 4281 in
3046 4232 3256 4298 crypta,
3290 4241 3414 4297 quae
3461 4223 3566 4279 sub

1949 4322 2123 4394 ipsius
2157 4319 2408 4376 ecclesiae
2438 4318 2573 4374 sede
2629 4317 2687 4371 in
2725 4318 2937 4374 honore
2970 4315 3117 4371 beati
3161 4313 3392 4388 Remigii
3430 4329 3567 4372 con-

1948 4421 2161 4468 secrata
2190 4417 2294 4477 est,
2324 4408 2503 4463 fessus
2558 4405 2858 4473 residebat,
2918 4405 3048 4459 dum
3107 4404 3221 4460 illic
3251 4404 3435 4460 missas
3466 4419 3566 4459 ce-

1945 4502 2295 4557 lebrarentur
2345 4496 2624 4569 mysteria.
2675 4494 2771 4550 Cui
2814 4494 2867 4550 vi
2924 4493 3165 4549 febrium
3222 4492 3449 4565 fatigato
3491 4495 3570 4562 (ut

1946 4592 2150 4647 assolet
2198 4584 2659 4644 lebricitantibust
2712 4599 2882 4655 sopor
2930 4582 3105 4639 irruit.
3139 4582 3201 4636 Et
3250 4597 3380 4637 ecce
3416 4581 3567 4637 videt

1949 4686 2163 4741 beatam
2196 4684 2290 4738 Dei
2323 4679 2652 4735 Genitricem
2708 4676 2814 4730 sibi
2864 4683 3157 4743 astantem,
3197 4673 3566 4745 impositaque

1949 4795 2115 4833 manu
2145 4778 2263 4846 ejus
2307 4773 2471 4845 capiti
2526 4769 2908 4842 pertransisse,
2955 4776 3010 4824 et
3068 4774 3192 4839 post
3244 4768 3414 4823 altare
3444 4783 3568 4823 sese

1948 4870 2064 4924 visa
2102 4876 2187 4923 est
2217 4866 2487 4922 intulisse.
2554 4862 2673 4918 Mox
2718 4860 2812 4916 ille
2864 4859 3151 4932 patefactis
3167 4858 3342 4915 oculis
3370 4858 3567 4931 surgit,

1949 4959 2228 5031 finitisque
2262 4953 2537 5027 mysteriis
2573 4950 2687 5023 jam
2716 4965 2885 5006 sanus
2942 4964 3104 5004 amen
3162 4948 3481 5020 respondet,
3515 4956 3570 5004 et

1948 5054 2128 5110 alacer
2158 5049 2467 5108 officiorum
2504 5045 2739 5101 inseruit
2759 5043 3082 5117 expletioni.
3126 5042 3293 5113 Cujus
3318 5042 3567 5114 caputad

1950 5156 2153 5203 tactum
2179 5141 2448 5199 mirabilis
2499 5140 2737 5195 dominre
2796 5140 2871 5194 ita
2926 5146 3012 5193 est
3067 5136 3399 5205 delibutum,
3429 5151 3494 5191 ac
3523 5134 3571 5190 si

1950 5240 2072 5294 oleo
2117 5238 2309 5293 eadem
2338 5231 2681 5289 fuissethora
2697 5236 3043 5302 perunctum.
3067 5227 3221 5293 Quod
3237 5242 3336 5282 nos
3348 5240 3570 5299 quoque

1950 5327 2133 5382 mirati
2163 5340 2372 5390 sumus,
2415 5320 2506 5393 qui
2542 5334 2666 5373 cum
2691 5318 2809 5392 ipsa
2838 5317 2930 5374 die
2959 5318 3166 5385 laetum,
3199 5316 3571 5372 etcomeden-

1953 5423 2063 5472 tem
2096 5415 2383 5471 nobiscum
2423 5412 2682 5467 vidimus.
2740 5402 2745 5409 ’

2025 5508 2159 5563 Tres
2211 5506 2453 5577 denique
2500 5503 2749 5571 claudos,
2797 5509 2853 5557 et
2902 5500 3208 5573 poplitibus
3253 5497 3569 5563 contractis,

1958 5600 2111 5655 nullo
2132 5599 2297 5655 modo
2338 5613 2589 5673 gressum
2623 5593 2792 5668 figere
2824 5593 3091 5660 valentes,
3127 5593 3179 5646 in
3209 5593 3309 5646 hac
3336 5586 3571 5645 ecclesia

1960 5690 2196 5747 diversis
2224 5688 2616 5760 conspeximus
2631 5687 2747 5758 [me
2760 5727 2774 5754 ,
2802 5684 3180 5758 cognovimus]
3196 5688 3409 5737 erectos
3428 5687 3570 5737 tem-
