4038 6166
463 214 566 270 M7

1595 216 1966 275 FLODOARDI
1997 221 2310 278 CANONlCl
2350 224 2677 281 REMENSIS

3695 246 3790 299 148

462 343 709 414 poribus.
746 342 922 397 Unum
950 339 1174 412 quidem
1200 341 1303 396 sub
1333 343 1657 415 episcopatu
1691 346 1882 403 domni
1918 349 2078 405 Heri-
2103 355 2152 422 Α
2180 352 2488 427 Remigium
2521 360 2712 426 postea
2745 356 3017 414 sibividet
3048 361 3330 430 assistere,
3359 379 3512 420 suam
3570 367 3629 422 ili
3659 388 3792 441 pan-

464 438 550 493 vei
577 435 849 508 praesulis,
889 435 1002 506 ‘qui
1056 436 1290 492 aliorum
1346 438 1602 494 manibus
1666 441 1796 497 illuc
1841 443 2079 514 delatus,

467 525 705 597 pr0priis
733 539 1017 596 regressus
1038 530 1121 579 est
1151 525 1407 596 pedibus.
1435 527 1609 582 Alium
1641 530 1744 584 sub
1791 533 2084 601 praesulatu

465 615 653 682 Seulfi,
685 615 909 671 nomine
966 616 1342 692 Maganerum,
1401 619 1494 690 qui
1547 628 1711 692 gente
1771 624 2082 695 Britannus,

465 715 707 780 utroque
733 723 880 783 genu
928 708 1158 764 claudus
1215 717 1270 764 et
1299 710 1560 767 scabellis
1599 713 1896 784 inhaerens,
1948 719 2091 776 inter

467 814 568 853 nos
598 797 815 869 piorum
862 797 1233 870 eleemosynis
1265 807 1627 869 sustentatus,
1673 810 1949 862 transacto
1975 807 2090 865 fere

461 887 574 956 jam
608 885 1001 942 demorabatur
1027 903 1194 943 anno.
1235 889 1372 944 Huic
1402 889 1530 944 dum
1553 898 1851 948 nocturnas
1883 894 1936 948 in
1975 912 2090 951 om-

470 979 621 1034 nium
655 987 970 1035 sanctorum
1027 981 1380 1037 solemnitate
1437 983 1845 1040 celebraremus
1871 987 2084 1056 laudes,

471 1070 546 1125 ita
576 1069 760 1125 subito
783 1071 839 1125 in
871 1070 1055 1126 medio
1111 1072 1301 1142 pepuli
1341 1073 1571 1144 jacenti]
1601 1091 1842 1150 genuum
1876 1078 2086 1132 extensi

472 1166 601 1215 sunt
631 1159 809 1227 nervi,
842 1168 903 1215 ut
931 1160 1048 1215 lora
1077 1177 1320 1233 quoque,
1370 1163 1572 1234 quibus
1603 1181 1759 1220 crura
1784 1181 1907 1220 cum
1937 1168 2088 1222 coxis

471 1255 631 1304 erant
659 1265 892 1316 annexa,
923 1250 1350 1320 ‘rumperentur,
1398 1260 1557 1322 rupta
1601 1253 1764 1308 etiam
1824 1255 1968 1326 pelle
2021 1273 2086 1311 ex

474 1341 777 1414 poplitibus
815 1340 863 1396 ei
891 1341 1117 1415 sanguis
1137 1341 1408 1398 deﬂueret
1432 1360 1826 1419 ;surgensque,
1849 1355 2085 1418 stupen-

474 1441 527 1488 te
556 1432 783 1504 pOpulo,
819 1433 1104 1504 gressibus
1149 1433 1412 1506 deinceps
1461 1452 1592 1491 usus
1619 1444 1702 1493 est
1729 1439 1968 1509 propriis
1994 1443 2090 1510 (8).

474 1525 718 1580 Tertium
743 1539 873 1580 vero
904 1525 1006 1579 sub
1036 1526 1199 1594 hujus
1219 1526 1426 1582 domini
1453 1529 1705 1599 prazsulis
1737 1531 1940 1585 Artoldi
1963 1547 2096 1602 pon-

475 1617 704 1683 tiﬁcatu,
736 1632 916 1688 eoque
972 1617 1263 1672 missarum
1315 1636 1472 1675 sacra
1512 1622 1852 1689 celebrante,
1882 1623 1971 1678 die
2001 1639 2092 1680 so-

474 1707 645 1760 lemni
686 1707 934 1775 ejusdem
982 1708 1365 1764 sacratissime
1416 1709 1672 1784 Virginis,
1723 1727 1832 1782 qua
1875 1711 2089 1768 Gabriel

475 1797 840 1868 archangelus
862 1796 930 1850 ad
970 1812 1091 1851 eam
1148 1796 1349 1851 missus
1407 1797 1475 1851 ab
1529 1798 1711 1865 astris,
1771 1807 1983 1870 partum
2008 1802 2089 1857 illi

474 1884 781 1940 mirabilem
813 1886 1030 1940 seculis
1073 1886 1370 1941 nuntiavit.
1426 1887 1524 1952 Qui
1556 1888 1804 1956 claudus,
1856 1905 2088 1962 pauper,

479 1979 534 2028 et
561 1973 918 2041 miserabilis,
980 1974 1109 2028 dum
1165 1991 1264 2045 per
1312 1974 1615 2046 pavimenti
1661 1992 1784 2032 sese
1816 1994 2090 2034 marmora

477 2066 742 2132 traheret,
791 2071 1021 2137 repente
1076 2066 1288 2121 solutus
1345 2067 1679 2134 extenditur,
1729 2075 1783 2123 et
1839 2069 2092 2125 tellurem

478 2169 710 2224 corpore
762 2170 1008 2220 mensus,
1059 2154 1114 2208 in
1156 2155 1328 2224 pedes
1351 2155 1572 2210 tandem
1623 2156 1870 2228 erigitur,
1913 2158 2093 2214 inces-

478 2260 653 2315 suque
684 2259 827 2299 novo
879 2244 1030 2298 auxit
1079 2243 1287 2298 laetanti
1351 2243 1550 2316 gaudia
1606 2247 1830 2316 pOpulo,
1886 2247 2092 2319 quique

480 2334 660 2388 adhuc
691 2333 832 2387 inter
854 2348 955 2388 nos
982 2333 1192 2406 degens
1220 2333 1362 2404 stipe
1380 2341 1720 2389 sustentatur
1751 2337 2020 2406 praesulis.

547 2425 779 2490 Quartus
810 2440 1032 2496 quoque
1073 2425 1295 2496 quidam
1315 2425 1571 2492 ruricola,
1604 2425 1850 2482 Gerlaius
1881 2428 1938 2499 [i,
1963 2428 2096 2484 Ger-

476 2513 636 2584 lanis]
663 2513 912 2580 nomine,
936 2529 1001 2567 ex
1023 2512 1229 2567 familia
1246 2513 1406 2582 hujus
1440 2514 1708 2582 ecclesiae,
1739 2517 1880 2570 hanc
1899 2517 2092 2572 urbem

475 2605 669 2660 adiens
691 2611 966 2671 oraturus,
1001 2605 1176 2659 beata
1207 2605 1304 2659 Dei
1365 2605 1652 2677 genitricis
1683 2605 1862 2662 Maria:
1887 2608 2093 2680 ingres-

477 2710 571 2748 sus
595 2701 678 2748 est
704 2692 1008 2747 basilicam.
1065 2692 1164 2747 Ubi
1220 2693 1351 2746 dum
1410 2699 1536 2748 vota
1567 2693 1872 2763 profundit,
1908 2695 2092 2752 subito

478 2797 726 2837 marcore
748 2782 992 2855 diriguit,
1024 2780 1432 2854 contractisque
1463 2783 1672 2849 nervis,
1706 2800 1850 2854 pene
1881 2787 2095 2842 cunctis

479 2871 805 2945 astringitur
833 2871 1118 2938 membris,
1176 2871 1366 2942 sicque
1413 2879 1744 2940 coarctatus,
1803 2873 2007 2928 ibidem
2035 2891 2094 2930 se

481 2979 922 3034 permansurum,
963 2971 1019 3018 et
1040 2964 1171 3018 dum
1197 2963 1410 3018 videret
1441 2965 1789 3032 serviturum,
1819 2966 1864 3020 si
1897 2967 2102 3021 relaxa-

2185 440 2368 498 dendo
2391 459 2707 514 personam,
2742 455 2797 502 et
2813 449 3158 524 aegritudinis
3182 452 3351 521 hujus
3368 457 3613 512 remedia
3642 440 3798 529 polli-

2185 541 2424 588 centem.
2458 536 2557 601 Qui
2618 553 2740 593 mox
2803 541 2996 596 urbem
3037 542 3366 599 Remensem
3417 547 3630 616 adiens,
3665 551 3793 606 dum

2192 627 2538 695 perlustratis
2561 630 2825 685 orationis
2853 633 3029 705 gratia
3066 634 3241 690 beatae
3268 636 3363 690 Dei
3395 637 3704 710 Genitricis,
3737 659 3801 699 ac

2191 718 2366 773 sancti
2400 718 2632 794 Remigii
2672 721 2934 789 basilicis,
2969 724 3021 778 in
3061 725 3181 780 vico
3208 732 3376 782 noctu
3406 731 3798 801 requiesceret,

2193 806 2368 877 ipsius
2388 809 2534 864 beati
2564 811 2796 884 Remigii
2829 813 2978 868 videt
3028 830 3088 869 se
3109 814 3406 872 deductum
3449 819 3501 873 in
3535 822 3799 893 templum

2189 900 2465 970 quoddam
2513 903 3044 974 splendidissimum,
3109 908 3177 962 ad
3222 909 3369 980 quod
3424 911 3797 968 beatissimam

2187 999 2480 1048 contuetur
2525 995 2793 1068 virginem
2849 997 3070 1053 Mariam
3140 1008 3552 1071 properantem,
3613 1013 3804 1060 sancto

2187 1084 2459 1159 Remigio,
2508 1094 2813 1160 sanctoque
2842 1090 3070 1147 Martino
3102 1093 3170 1147 ab
3225 1100 3461 1165 utroque
3492 1095 3664 1152 latere
3698 1098 3805 1152 sti-

2187 1174 2444 1243 pantibus
2469 1191 2610 1229 eam.
2639 1177 2697 1230 In
2732 1177 2852 1248 ipso
2878 1195 3008 1235 vero
3041 1181 3248 1252 templo
3297 1184 3595 1240 multitudo
3647 1187 3808 1242 Levi-

2187 1261 2278 1316 tici
2299 1263 2511 1318 ordinis
2555 1271 2720 1335 atque
2752 1269 3110 1324 sacerdotalis
3136 1271 3424 1343 dignitatis
3456 1290 3574 1329 eam
3607 1291 3809 1349 exspe-

2185 1355 2385 1421 ctabat,
2418 1365 2475 1410 et
2522 1357 2785 1413 diacones
2833 1360 3007 1416 induti
3050 1363 3380 1433 dalmaticis,
3423 1368 3646 1439 quidam
3675 1387 3807 1426 cum

2195 1446 2414 1517 palmis,
2469 1449 2694 1520 quidam
2750 1451 2872 1506 sine
2945 1453 3079 1524 ipsis
3135 1457 3407 1513 astabant.
3469 1459 3805 1518 Caeterorum

2194 1549 2414 1605 quoque
2465 1544 2778 1592 sanctorum
2834 1540 3104 1610 plurimus
3164 1545 3250 1600 hic
3302 1547 3439 1602 ordo
3489 1549 3804 1606 videbatur.

2199 1625 2349 1679 Idem
2369 1643 2500 1682 vero
2532 1631 2816 1702 presbyter
2846 1633 3052 1688 nullius
3089 1637 3408 1706 specialiter
3436 1644 3812 1715 cegnoscebat

2192 1713 2423 1781 vultum,
2472 1724 2672 1785 praeter
2739 1719 2885 1774 beati
2952 1723 3118 1789 Petri,
3176 1726 3270 1797 qui
3300 1727 3406 1781 sibi
3440 1713 3552 1797 jam
3586 1731 3809 1801 pridem

2189 1802 2366 1858 fuerat
2391 1805 2664 1862 revelatus
2721 1809 2785 1863 At
2844 1817 3136 1882 postquam
3195 1815 3353 1870 beata
3405 1817 3498 1872 Dei
3556 1819 3809 1875 Genitrix

2191 1896 2259 1951 ad
2287 1897 2610 1967 pnedictum
2641 1901 2908 1972 templum
2939 1905 3211 1974 pervenit,
3240 1908 3331 1961 ubi
3356 1909 3475 1976 ejus
3504 1911 3810 1968 adventum

2194 1985 2282 2040 hic
2305 1984 2473 2040 frater
2501 2003 2560 2042 se
2619 1991 2922 2059 priestolari
2976 1992 3222 2062 videbat,
3283 1998 3561 2068 requirere
3613 2002 3812 2072 erepit,

2195 2073 2319 2143 quis
2338 2073 2429 2128 ille
2451 2083 2616 2143 esset,
2671 2085 2765 2132 aut
2811 2079 2945 2150 quid
2995 2085 3317 2152 puaereret?
3347 2086 3446 2150 Qui
3481 2088 3672 2143 beatus
3705 2090 3819 2147 Re-

2193 2166 2396 2241 migius
2428 2168 2742 2237 :Famulus,
2803 2171 3000 2243 inquit,
3050 2190 3208 2230 meus
3248 2184 3352 2244 est,
3381 2179 3623 2249 domina,
3659 2202 3818 2256 quae-

2196 2271 2323 2309 rens
2351 2272 2382 2310 a
2411 2263 2504 2311 tua
2531 2258 2735 2327 pietate
2759 2261 2953 2316 salutis
2991 2265 3257 2320 remedia.
3310 2267 3446 2332 Quid
3479 2268 3662 2327 autem
3696 2274 3821 2346 ipsa

2197 2348 2566 2418 responderit,
2602 2349 2726 2416 iste,
2766 2358 2827 2406 ut
2859 2353 3063 2422 retulit,
3097 2355 3289 2412 audire
3342 2375 3452 2415 non
3481 2364 3678 2431 potuit.
3710 2367 3820 2422 Ve-

2197 2440 2308 2494 lum
2339 2458 2466 2498 vero
2496 2444 2772 2514 quoddam
2789 2448 3314 2516 appensumibidem
3353 2452 3669 2521 videbatur;
3689 2467 3821 2528 post

2195 2531 2342 2600 quod
2374 2533 2466 2586 ubi
2498 2532 2618 2604 ipsa
2645 2533 2887 2602 intravit,
2915 2538 3264 2607 splendidius
3291 2541 3432 2596 hanc
3472 2545 3588 2600 sole
3624 2547 3819 2603 lumen

2193 2623 2262 2676 ab
2291 2626 2467 2680 oculis
2499 2627 2619 2695 ejus
2645 2629 2910 2699 suscepit,
2943 2631 3018 2685 ita
3055 2637 3115 2686 ut
3147 2631 3200 2685 in
3233 2632 3310 2698 id,
3364 2651 3475 2704 prae
3501 2637 3824 2707 splendoris

2197 2714 2598 2785 magnitudine,
2641 2717 2931 2773 intendere
2990 2718 3217 2775 minime
3268 2722 3530 2791 potuerit.
3573 2722 3703 2777 Post
3722 2724 3825 2778 ali-

2196 2810 2330 2870 quot
2355 2803 2597 2875 denique
2629 2805 2750 2860 dies
2768 2807 3028 2877 apparuit
3058 2807 3136 2861 illi
3170 2809 3365 2876 beatus
3388 2810 3664 2876 Martinus,
3689 2811 3826 2867 mis-

2200 2903 2436 2961 sumque
2466 2908 2527 2947 se
2565 2909 2596 2946 a
2626 2901 2816 2949 sancto
2866 2894 3117 2970 Remigio
3172 2897 3240 2950 ad
3288 2898 3546 2952 eumdem
3587 2907 3826 2955 testatus

2201 2989 2307 3046 est,
2327 2998 2580 3038 asserens
2606 2985 2770 3040 etiam
2801 2986 2879 3039 illi
2937 2987 3194 3041 donatam
3225 2988 3414 3056 vitam,
3467 3005 3822 3047 concessam-

481 3063 650 3121 retur,
684 3055 953 3126 promisit.
988 3055 1232 3110 Tandem
1265 3063 1393 3126 post
1421 3071 1669 3110 mensem
1702 3056 1787 3111 his
1817 3057 2087 3113 absoluta:

2201 3089 2309 3144 que
2335 3075 2687 3130 medicinam.
2724 3076 2940 3133 Restitit
2971 3085 3155 3135 tamen
3183 3089 3374 3150 postea
3401 3048 3531 3138 huic
3561 3084 3823 3140 dubietas

478 3147 732 3214 vinculis,
794 3146 1182 3203 ecclesiasticis
1252 3147 1528 3203 addicitur
1583 3148 1840 3204 servitiis.
1899 3149 2095 3222 Sicque

478 3239 676 3309 partim
706 3239 759 3292 in
789 3238 984 3294 eadem
1016 3239 1269 3306 ecclesia,
1330 3239 1526 3310 partim
1557 3240 1611 3294 in
1664 3239 1891 3297 basilica
1921 3244 2095 3299 sancti

477 3327 720 3398 Dionysii
766 3335 918 3382 extra
945 3343 1162 3382 murum
1208 3327 1441 3384 civitatis
1495 3345 1594 3399 per
1652 3331 2092 3402 quinquennium

479 3419 773 3475 incolumis
811 3419 1127 3474 deservivit.
1179 3419 1306 3475 Post
1363 3420 1510 3492 quod
1541 3423 1808 3493 temporis
1829 3424 2088 3494 spatium,

479 3506 537 3561 in
569 3507 762 3562 eadem
793 3507 1167 3575 solemnitate,
1200 3508 1507 3580 Hypapanti
1537 3509 1748 3565 scilicet
1776 3510 2089 3580 Salvatoris,

480 3597 620 3653 hanc
650 3598 933 3673 ingressus
999 3599 1313 3666 ecclesiam,
1339 3599 1468 3653 dum
1511 3600 1768 3670 precibus
1799 3601 2089 3670 incumbit,

480 3687 554 3742 ita
584 3687 891 3763 rigentibus
917 3689 1180 3743 membris
1200 3689 1348 3743 visus
1370 3697 1457 3744 est
1486 3689 1782 3745 adhwsisse
1813 3691 2094 3761 pavimen-

479 3778 568 3846 tis,
602 3787 660 3834 ut
691 3795 792 3835 nec
819 3795 903 3848 os,
958 3796 1063 3835 nec
1117 3779 1343 3851 aliquod
1373 3780 1678 3836 membrum
1724 3783 1792 3836 ab
1823 3783 1909 3838 his
1940 3784 2088 3840 rele-

481 3887 606 3927 vare
640 3872 865 3928 valeret.
898 3872 1122 3928 Erectus
1169 3880 1350 3927 autem
1395 3889 1428 3928 a
1457 3874 1956 3942 circumstantibus,
1980 3884 2088 3932 tam

474 3962 724 4017 cruribus
753 3978 916 4033 quam
948 3962 1214 4018 ambabus
1229 3963 1577 4018 contrahitur
1602 3964 1876 4019 manibus.
1919 3966 2091 4031 Quin-

475 4051 759 4105 tadecima
789 4051 992 4105 deinde
1023 4051 1115 4105 die
1164 4051 1362 4105 iterum
1421 4051 1727 4118 absolutus,
1787 4069 1891 4108 nec
1920 4055 2092 4110 multo

476 4147 601 4212 post
634 4140 892 4194 humanis
919 4147 1206 4211 exemptus
1227 4148 1311 4195 est
1338 4142 1525 4196 rebus.
1561 4143 1666 4196 Sed
1691 4141 1815 4213 quis
1838 4158 2094 4200 enarrare

475 4233 791 4304 praevaleat,
833 4240 967 4303 quot
1025 4232 1114 4287 hic
1169 4232 1502 4306 languentes
1551 4249 1693 4304 pene
1716 4238 1966 4306 quotidie
1998 4239 2086 4308 pia

474 4322 620 4376 dona
641 4320 833 4375 salutis
864 4327 1092 4376 sumunt
1121 4321 1149 4374 ?
1187 4321 1322 4392 quot
1378 4320 1774 4402 febricitantes,
1824 4334 1957 4396 quot
1979 4327 2088 4381 sal-

2197 3165 2380 3236 aliqua
2414 3166 2482 3220 de
2513 3167 2685 3222 beat-.e
2717 3169 2812 3222 Dei
2830 3169 3125 3226 Genitricis
3148 3188 3405 3242 persona,
3430 3177 3692 3244 quoniam
3717 3193 3822 3232 no-

2199 3271 2322 3309 men
2342 3257 2516 3326 ipsius
2535 3258 2591 3311 in
2604 3259 2816 3314 visione
2829 3262 3128 3316 revelatum
3147 3278 3256 3318 non
3281 3264 3548 3320 audierat.
3569 3266 3679 3321 Sed
3694 3283 3824 3338 pre-

2196 3348 2422 3402 cabatur
2435 3350 2678 3417 assidue,
2700 3353 3033 3408 utDominus
3045 3353 3150 3408 sibi
3166 3362 3475 3412 monstrare
3491 3357 3824 3432 dignaretur

2195 3448 2375 3494 utrum
2412 3442 2529 3512 ipsa
2562 3443 2774 3510 fuisset,
2809 3462 2972 3516 quam
3003 3447 3236 3511 viderat,
3263 3448 3357 3504 Dei
3383 3450 3630 3524 genitrix
3661 3451 3820 3524 virgo

2193 3531 2374 3586 Maria.
2411 3532 2651 3609 Contigit
2689 3542 2870 3590 autem
2905 3537 2984 3591 illi
3045 3547 3167 3609 post
3196 3555 3288 3594 sex
3332 3539 3448 3596 fere
3479 3557 3725 3610 menses,
3757 3551 3818 3598 ut

2192 3623 2396 3689 subito,
2449 3625 2578 3679 dum
2629 3632 2798 3682 noctu
2858 3629 3190 3699 quiesceret,
3251 3632 3402 3704 gravi
3461 3642 3810 3703 premeretur

2192 3713 2540 3784 aegritudine,
2570 3714 2708 3770 adeo
2726 3724 2786 3770 ut
2811 3715 3135 3787 desperaret
3172 3720 3406 3776 ulterius
3457 3738 3517 3776 se
3539 3738 3703 3792 posse
3733 3724 3819 3778 vi—

2193 3821 2340 3860 vere.
2375 3807 2434 3861 Et
2465 3807 2598 3862 dum
2648 3809 2806 3863 valde
2855 3811 3190 3878 anxiaretur,
3246 3815 3508 3884 appensis
3561 3832 3732 3888 supra
3753 3834 3813 3873 se

2195 3898 2369 3953 beatze
2394 3899 2574 3954 Mariae
2603 3900 2943 3975 pignoribus,
2979 3905 3292 3973 hujusmodi
3327 3909 3494 3978 coepit
3526 3907 3815 3965 effundere

2195 4003 2389 4058 preces
2423 3988 2498 4044 :0
2529 3989 2691 4044 beata
2715 3991 2811 4045 Dei
2833 3991 3098 4059 Genitrix,
3160 3995 3320 4066 cujus
3359 3995 3448 4052 hic
3490 3993 3815 4064 dependent

2195 4080 2448 4152 pignora,
2482 4079 2526 4134 si
2572 4096 2780 4146 revera,
2841 4088 2901 4136 ut
2960 4083 3256 4150 credimus,
3319 4085 3388 4139 de
3445 4094 3498 4139 te
3528 4084 3697 4139 nobis
3729 4085 3812 4140 ha:

2193 4183 2624 4238 superappensze
2684 4170 2958 4225 habentur
2990 4170 3262 4242 reliquize,
3310 4179 3363 4226 et
3417 4172 3464 4226 si
3505 4188 3636 4225 vere
3661 4172 3732 4226 de
3757 4178 3809 4225 te

2188 4259 2326 4315 visio
2358 4266 2440 4313 est
2470 4277 2633 4330 quam
2685 4277 2861 4332 nuper
2910 4262 3062 4326 vidi;
3099 4263 3143 4316 si
3211 4270 3267 4318 tu
3318 4279 3377 4318 es
3431 4263 3522 4318 illa
3561 4264 3812 4328 domina.

2188 4366 2353 4420 quam
2386 4349 2453 4402 ad
2478 4349 2611 4403 illud
2645 4349 2899 4405 mirabile
2955 4352 3224 4422 templum
3252 4359 3474 4406 sanctus
3522 4350 3814 4417 Martinus,

472 4419 669 4465 vantur
696 4410 1059 4482 energumeni
1090 4409 1118 4463 ?
1148 4410 1370 4481 quisvel
1399 4411 1621 4516 edicere
1639 4420 1824 4483 pestes
1845 4415 1932 4470 hic
1955 4415 2087 4471 libe-
2110 4413 2168 4482 D
2195 4409 2246 4496 έί
2287 4441 2464 4496 almus
2497 4440 2779 4516 Remigius
2835 4409 3244 4498 comitab‘amur
3303 4450 3553 4503 euntem.
3608 4444 3704 4498 ubi
3762 4453 3813 4497 ιε

473 4503 603 4558 ratis
634 4501 951 4558 hominibus
983 4501 1248 4575 effugatas
1276 4501 1305 4555 ?
1353 4503 1461 4558 Sed
1489 4502 1558 4559 de
1589 4504 2088 4564 innumerabilibus

471 4597 664 4651 saltem
689 4612 863 4666 pauca
892 4609 1356 4652 commemorasse
1384 4595 1639 4652 sufficiat.

1093 4708 1303 4766 CAPUT
1333 4711 1441 4765 νυ.

647 4800 722 4852 De
749 4800 954 4854 visione
983 4798 1270 4867 cujusdam
1301 4800 1571 4855 Gerhardi
1580 4803 1905 4872 presbyteri.

541 4889 834 4960 Presbyter
884 4889 1108 4960 quidam
1166 4891 1236 4945 de
1290 4907 1431 4966 pago
1462 4891 1742 4959 Porcensi,
1777 4894 2090 4951 Gerhardus

470 4979 716 5044 nomine,
752 4979 806 5032 in
839 4978 1131 5050 quamdam
1156 4979 1364 5033 dudum
1396 4979 2086 5051 decideratvaletudinem,

469 5069 543 5124 ita
572 5077 630 5124 ut
656 5084 873 5124 veneno
905 5076 1128 5139 potatus
1168 5084 1290 5124 esse
1322 5069 1660 5125 crederetur.
1708 5072 1764 5125 ln
1792 5089 1900 5143 qua
1928 5072 2084 5127 vale-

469 5161 662 5216 tudine
693 5168 1009 5216 sanctorum
1043 5160 1322 5216 nonnullis
1351 5162 1670 5217 consolatus
1708 5171 1791 5218 est
1823 5163 2084 5219 visitatio-

471 5247 655 5315 nibus,
688 5249 834 5303 beati
865 5249 1502 5322 scilicetPetriapostoli,
1535 5252 1799 5323 quisuam
1828 5252 2079 5324 ei,quam

466 5338 712 5411 regebat,
755 5340 1018 5410 praecepit
1045 5340 1208 5394 etiam
1254 5339 1360 5408 bis,
1393 5349 1453 5396 ut
1483 5348 1791 5398 restaurare
1832 5343 2080 5397 studeret

463 5426 775 5494 ecclesiam,
808 5436 974 5499 atque
999 5429 1284 5501 redarguit
1320 5445 1421 5501 per
1476 5429 1612 5498 visa,
1643 5447 1742 5486 cur
1772 5431 1934 5487 toties
1959 5448 2077 5487 me-

2188 4530 2533 4585 clarissimus
2587 4539 2904 4586 sanctorum
2934 4539 3110 4587 ccetus
3149 4542 3467 4604 expectans,
3500 4532 3813 4603 aspiciente

2188 4636 2299 4686 me,
2333 4620 2581 4674 laetanter
2610 4620 2851 4690 excepit,
2877 4619 2959 4675 fer
2980 4636 3142 4691 opem
3177 4621 3311 4676 mihi
3344 4621 3573 4695 indigno
3599 4620 3811 4677 famulo

2189 4715 2302 4771 tuo,
2325 4716 2379 4760 et
2404 4717 2512 4761 tam
2544 4706 2639 4762 diu
2673 4707 2906 4778 impetra
2966 4709 3101 4765 mihi
3131 4711 3297 4765 vitam
3330 4719 3497 4783 atque
3525 4711 3810 4773 virtutem,

2188 4801 2250 4848 ut
2285 4794 2463 4848 missze
2515 4796 2776 4867 mysteria
2821 4797 3052 4853 Domino
3105 4799 3407 4865 celebrem,
3467 4807 3523 4854 et
3577 4815 3811 4854 munera

2190 4887 2314 4942 vita)
2337 4890 2586 4960 corporis
2617 4890 2818 4946 Christi
2859 4907 3078 4947 sumere
3110 4908 3326 4947 merear
3359 4907 3628 4962 ;vosque,
3663 4893 3812 4948 beati

2191 4977 2483 5049 pontifices
2526 4979 2747 5046 Christi,
2808 4996 2948 5052 quos
2988 4997 3114 5036 cum
3155 4979 3348 5036 eadem
3399 4981 3649 5036 comitari
3683 4999 3814 5038 con-

2189 5067 2364 5138 spexi,
2398 5069 2652 5138 adjuvate
2684 5085 2772 5123 me
2807 5069 2956 5140 apud
2989 5068 3185 5139 ipsam,
3219 5069 3312 5140 qui
3348 5085 3436 5123 me
3463 5076 3644 5125 vestro
3673 5072 3810 5143 piis-

2188 5159 2329 5216 simo
2351 5160 2624 5216 consolari
2655 5160 2868 5235 dignari
2903 5158 3084 5213 fuistis
3108 5157 3374 5229 alloquio.
3409 5158 3623 5211 [nterea
3656 5156 3803 5210 inter

2184 5266 2418 5325 angores
2441 5266 2748 5322 precesque
2770 5249 2856 5304 vix
2887 5248 3026 5303 levis
3065 5247 3318 5318 obrepsit
3364 5260 3612 5311 somnus,
3672 5261 3801 5300 cum

2179 5343 2363 5400 subito
2385 5344 2486 5398 sub
2517 5343 2712 5398 eodem
2767 5341 2920 5396 vultu
2963 5340 3286 5412 habituque,
3311 5353 3422 5410 quo
3462 5338 3616 5409 prius
3643 5354 3797 5392 eam-

2179 5434 2303 5487 dem
2327 5442 2636 5503 aspexerat,
2659 5430 2982 5486 beatissima
3023 5445 3083 5484 se
3115 5427 3406 5484 videndam
3442 5425 3679 5497 praebuit
3710 5442 3799 5480 rc-

461 5519 615 5574 dicos
645 5519 839 5574 salutis
866 5536 979 5575 suae
1012 5520 1325 5592 requisierit
1354 5537 1536 5576 causa.
1571 5523 1828 5579 Sanctum
1851 5539 2075 5597 quoque
2176 5524 2326 5600 gina,
2351 5525 2562 5579 eisdem
2582 5523 2855 5580 columnis
2882 5523 3090 5589 innixa,
3116 5519 3319 5593 quibus
3345 5525 3401 5574 et
3429 5526 3593 5574 antea
3630 5517 3814 5584 inniti,

528 5647 604 5719 (8)
644 5644 797 5706 idem
831 5645 1000 5702 refert
1030 5645 1086 5701 in
1129 5646 1353 5714 Chron.,
1396 5664 1482 5703 au.
1519 5647 1643 5707 934.
