4038 6166
303 196 406 252 149

958 188 1286 246 ΗΙὸΤΟΒΙᾸΞ
1324 188 1656 246 ECCLESIE
1693 189 2020 246 REMENSIS
2060 189 2236 245 LIBRI
2277 191 2602 256 QUATUOR.
2628 223 2698 234 —
2737 193 2864 254 LIB.
2887 195 2958 252 IIl

3531 201 3637 258 150

298 335 505 399 fuerat,
529 331 666 398 visa,
697 331 819 386 luce
873 344 1171 386 coruscans
1196 328 1518 384 clarissima.
1547 329 1612 384 At
1654 328 1746 384 ille
1770 336 1920 384 tanto
1943 331 1999 399 Α
2024 329 2118 402 qui
2159 329 2240 384 sic
2268 329 2376 384 sibi
2407 329 2611 386 lectum
2637 331 2852 388 solebat
2874 341 3147 404 sternere,
3180 351 3345 408 quem
3378 337 3635 395 novimus

295 422 660 478 tremefactus
694 419 1016 492 splendore,
1051 418 1304 490 nihilque
1330 417 1431 473 fari
1469 434 1656 483 ausus,
1688 417 1921 472 lumini-

298 517 404 570 bus
435 514 494 568 in
517 524 720 570 terram
742 510 1310 567 demissisvidebatur
1329 509 1668 582 stupefactus
1689 510 1918 564 haerere.

297 608 699 674 Quemibeatus
755 603 1098 676 compellans
1148 602 1473 677 Remigius:
1507 602 1667 669 Quid,
1719 601 1917 674 inquit,

298 717 401 757 nos
433 702 545 756 huc
561 699 844 755 advocasti
878 697 906 752 ?
939 698 1135 754 Nonne
1165 697 1320 753 vides
1348 696 1629 752 dominam
1679 703 1920 752 nostram

297 793 394 846 Dei
435 790 772 846 Genitricem
805 795 856 844 te
901 786 1212 844 confortare
1260 792 1504 858 paratam
1535 785 1564 839 ?
1591 785 1723 857 quid
1755 783 1917 839 dubi-

297 888 422 934 tans
475 878 660 934 tardas
703 877 968 932 accedere
1016 876 1086 930 ad
1136 873 1330 931 illam?
1361 875 1453 930 llis
1511 874 1671 931 dictis
1715 884 1920 930 tremor

293 971 571 1035 abscedit,
607 969 875 1025 allevatur
917 968 1157 1035 animus,
1185 967 1518 1039 elevansque
1548 965 1742 1022 oculos
1772 965 1918 1020 vires

295 1063 536 1135 recepit,
588 1069 643 1117 et
695 1067 825 1117 ante
882 1061 1056 1132 pedes
1101 1059 1433 1116 beatissima:
1473 1058 1717 1114 Dominae
1750 1056 1920 1112 frater

294 1154 390 1208 ille
408 1151 689 1208 corruisse
739 1166 800 1205 se
829 1149 988 1205 vidit.
1039 1149 1210 1214 Quem
1254 1165 1421 1204 manu
1477 1147 1597 1219 ipsa
1625 1147 1808 1203 levare
1835 1146 1920 1201 di-

294 1251 490 1320 gnata,
521 1242 688 1298 fronti
729 1241 949 1316 signum
991 1241 1171 1298 crucis
1202 1241 1458 1312 imponit,
1496 1247 1550 1295 et
1581 1240 1709 1296 talia
1730 1253 1922 1309 prose-

296 1334 525 1404 quitur:
579 1331 658 1387 Ne
702 1331 918 1399 timeas,
983 1346 1165 1403 neque
1205 1331 1534 1401 desperes:
1591 1326 1810 1384 confide
1860 1327 1918 1382 in

295 1426 537 1481 Domino
560 1425 689 1496 quia
714 1423 994 1495 percipies
1039 1424 1248 1479 donum
1294 1423 1362 1477 ab
1402 1422 1522 1493 ipso
1568 1421 1777 1483 salutis,
1833 1420 1916 1474 si-

295 1531 586 1588 gnumque
602 1515 824 1586 pulsare
844 1513 983 1582 jube
1027 1521 1088 1568 ut
1129 1527 1283 1568 sacra
1333 1510 1594 1584 mysteria
1641 1510 1914 1576 celebres,

2021 420 2153 476 olim
2184 419 2445 474 aerumnis
2467 418 2720 476 affectum
2753 422 2810 476 in
2837 423 3194 494 pauperrimo
3216 441 3437 499 quoque
3461 433 3634 484 stratu

2021 508 2250 564 obiisse.
2301 511 2380 564 Ita
2435 510 2732 566 deterritus
2761 512 2936 586 surgit
2979 514 3373 587 prOpriamque
3415 516 3634 588 culpam

2021 596 2326 666 confessus,
2393 599 2633 654 scamnis
2687 601 2889 670 tapetia
2937 603 3136 672 reddit,
3203 614 3259 660 et
3331 605 3634 663 Dominum

2021 709 2192 765 super
2211 693 2315 750 hac
2355 694 2708 766 correptione
2753 711 2852 750 sua
2891 695 3124 769 ejusque
3161 699 3438 757 collaudat
3466 701 3636 758 Geni-

2018 786 2232 842 tricem.
2268 787 2417 843 Hanc
2471 797 2655 844 autem
2705 789 2984 844 dominam
3031 805 3155 861 quae
3203 807 3263 846 se
3319 793 3637 852 visitaverat

2019 890 2130 931 non
2155 876 2380 950 agnovit
2421 894 2436 943 ;
2467 893 2498 932 a
2527 878 2692 934 beata
2739 878 2904 934 Maria
2932 887 3117 934 tamen
3159 877 3330 936 fuisse
3358 883 3635 939 credimus

2019 968 2261 1023 missam.
2296 969 2560 1026 Novimus
2619 971 2785 1025 etiam
2842 971 3113 1044 quosdam
3159 971 3410 1043 devotos,
3468 983 3637 1047 atque

2023 1061 2324 1132 promissos
2378 1080 2409 1118 a
2503 1065 2831 1135 parentibus
2919 1063 2976 1118 in
3040 1065 3141 1120 hac
3205 1063 3451 1144 ecclesia
3519 1065 3637 1122 fore

2023 1148 2259 1217 Christo,
2318 1152 2551 1224 ejusque
2604 1152 2868 1209 Genitrici
2943 1153 3263 1209 servituros.
3326 1153 3480 1219 Quod
3541 1169 3640 1210 vo-

2023 1245 2136 1296 tum
2171 1240 2300 1296 dum
2350 1242 2559 1297 vellent
2604 1250 2795 1313 postea
2851 1248 3065 1299 mutare
3114 1249 3392 1315 parentes.
3429 1245 3638 1315 prolis

2019 1339 2148 1386 sunt
2193 1330 2368 1388 coacti
2451 1334 2714 1404 languore
2776 1348 2931 1387 suam
2986 1332 3414 1404 promissionem
3460 1334 3640 1390 adim-

2018 1423 2194 1495 plere.

2090 1517 2304 1571 Dudum
2335 1532 2457 1572 cum
2489 1516 2744 1589 agricolae
2774 1517 2901 1573 urbi
2925 1516 3095 1574 vicini
3123 1525 3247 1590 post
3273 1519 3503 1589 Pascha,
3542 1537 3638 1580 so-

295 1619 350 1664 ct
383 1608 593 1682 gratias
637 1609 750 1662 Deo
786 1605 1017 1673 referas,
1068 1622 1193 1662 eum
1226 1605 1548 1661 collaudans
1583 1604 1678 1677 qui
1711 1610 1764 1659 te
1797 1606 1919 1674 post
1949 1675 1990 1682 _
2021 1607 2122 1663 lito
2153 1607 2218 1664 de
2249 1623 2423 1674 more,
2457 1607 2598 1662 hanc
2627 1608 2896 1679 petissent
2917 1609 3112 1665 urbem
3134 1610 3299 1679 hujus
3337 1610 3640 1666 admirabi-

294 1701 533 1756 verbera
553 1707 730 1754 sanat.
794 1698 886 1753 llis
931 1697 1112 1765 dictis,
1166 1699 1234 1752 ab
1285 1697 1406 1767 ejus
1437 1694 1911 1762 recessitvisibus,
1947 1675 2092 1754 Blis
2122 1699 2359 1756 domina:
2417 1701 2754 1773 requirendo
2812 1701 3074 1776 suffragia
3131 1718 3342 1775 suaque
3397 1713 3522 1760 vota
3554 1703 3642 1760 fe-

293 1794 416 1848 suis
434 1791 637 1862 stipata
673 1789 989 1846 comitibus.
1022 1789 1222 1861 Sicque
1249 1804 1376 1844 mox
1429 1787 1595 1843 frater
1627 1787 1773 1842 idem
1797 1785 1918 1841 col-

293 1883 407 1935 lata
448 1879 558 1933 sibi
589 1879 764 1933 salute
790 1879 949 1933 laetus
1003 1877 1267 1951 exsurgit,
1296 1885 1352 1933 et
1383 1878 1450 1931 ad
1476 1876 1750 1948 explenda
1770 1877 1922 1944 jussa

293 1970 587 2034 festinans,
619 1969 693 2023 ita
748 1984 916 2023 sanus
971 1974 1027 2022 et
1082 1968 1266 2022 alacer
1294 1966 1521 2022 effectus
1550 1974 1651 2032 est,
1685 1972 1744 2020 ut
1773 1981 1915 2020 nun-

294 2079 465 2135 quam
496 2061 730 2117 alacrior
767 2077 891 2116 esse
918 2061 1177 2132 potuerit.
1223 2060 1347 2116 Ilch
1371 2068 1429 2114 ut
1454 2059 1648 2114 eodem
1682 2058 1916 2130 presby-

295 2162 417 2208 tero
449 2157 709 2206 narrante
741 2149 1060 2217 didicimus,
1091 2149 1162 2206 ita
1203 2149 1520 2205 describere
1575 2163 1797 2220 quoque
1828 2149 1917 2204 di-

294 2258 470 2318 gnum
501 2240 603 2295 rati
636 2255 846 2294 sumus.

922 2309 1131 2365 CAPUT
1153 2309 1288 2363 VIII.

643 2403 718 2455 De
746 2400 874 2454 aliis
907 2399 1238 2469 quibusdam
1270 2398 1571 2452 miraculis.

367 2493 497 2549 Haec
518 2492 727 2563 inclyta
752 2491 871 2547 caeli
903 2491 1116 2565 regina,
1167 2498 1228 2546 ut
1279 2489 1582 2545 subvenire
1613 2491 1758 2547 solet
1813 2491 1921 2546 hu-

297 2586 414 2640 mili
441 2601 503 2640 se
534 2584 702 2640 corde
762 2582 1104 2654 petentibus,
1158 2582 1238 2637 sic
1290 2581 1348 2635 in
1379 2589 1807 2653 praesumptores
1835 2585 1920 2639 vel

295 2681 736 2744 contemptores,
792 2671 1022 2726 ultionis
1067 2686 1464 2742 nonnunquam
1503 2686 1696 2741 poenas
1725 2672 1916 2726 exerit.

295 2760 455 2826 Quod
478 2760 569 2831 pie
599 2775 824 2832 quoque
869 2759 989 2814 ﬁeri
1054 2759 1353 2826 credimus,
1385 2767 1442 2814 ut
1471 2759 1560 2815 hic
1579 2759 1635 2813 in
1660 2760 1919 2830 praesenti

295 2851 758 2923 delinquentibus
785 2851 954 2928 digna
984 2851 1306 2925 ingerantur
1361 2851 1613 2913 verbera,
1649 2868 1717 2905 ne
1749 2851 1805 2906 in
1834 2851 1921 2906 fu-

297 2956 425 3002 turo
457 2947 713 3022 graviora
741 2962 838 3002 eos
889 2945 1208 3001 excrucient
1238 2951 1527 3001 tormenta.
1558 2945 1712 3012 Quod
1735 2955 1918 3001 autem

297 3041 468 3096 modo
487 3039 740 3095 dicturus
777 3055 900 3094 sum
960 3055 1072 3094 non
1130 3039 1251 3110 ipse
1301 3038 1438 3106 vidi,
1491 3038 1589 3094 sed
1619 3039 1919 3094 multorum

297 3131 477 3186 relatu
525 3129 748 3184 Patrum
807 3129 1015 3184 narrari
1069 3129 1391 3200 frequenter
1426 3128 1634 3183 audivi.
1687 3128 1918 3194 Quidam

297 3236 362 3273 ex
393 3218 618 3274 clericis
631 3224 834 3272 nostrae
845 3217 1318 3292 congregationis,
1336 3218 1647 3272 Bernardus
1669 3219 1914 3287 nomine,

295 3315 483 3362 custos
511 3307 678 3375 hujus
711 3313 830 3362 erat
861 3305 1112 3362 ecclesiae
1145 3305 1270 3378 ;qui
1297 3306 1552 3377 petitusa
1586 3306 1918 3378 quibusdam

295 3399 515 3454 levibus
539 3397 793 3469 personis
845 3397 920 3467 (ut
977 3397 1102 3468 ipse
1151 3405 1276 3470 post
1312 3398 1518 3468 scripto
1573 3399 1918 3469 monstravit)

296 3496 578 3560 quatenus
598 3488 739 3560 ipsis
759 3489 1016 3560 quaedam
1037 3498 1351 3544 sanctorum
1391 3488 1634 3544 dedisset
1665 3505 1919 3564 pignora,

297 3582 432 3636 dum
463 3580 704 3652 quadam
738 3580 829 3635 die
849 3596 976 3636 cum
1003 3580 1247 3652 quodam
1277 3595 1449 3650 puero
1481 3580 1572 3635 hic
1597 3580 1750 3634 solus
1777 3587 1923 3634 esset

298 3674 353 3727 in
386 3671 618 3742 templo,
648 3679 902 3743 correpta
941 3671 1179 3743 quadam
1231 3671 1438 3742 pixide,
1464 3672 1520 3725 in
1550 3687 1660 3743 qua
1692 3679 1917 3728 sancto-

296 3781 418 3820 rum
437 3763 871 3819 continebantur
889 3763 1162 3836 reliquite,
1180 3780 1317 3819 ausu
1349 3764 1643 3819 temerario
1657 3780 1923 3835 praesum-

303 3859 416 3929 psit
444 3856 687 3927 aperire.
736 3857 855 3921 Quo
904 3855 1048 3911 facto
1084 3857 1256 3912 nimio
1285 3871 1492 3927 pavore
1517 3857 1849 3921 concutitur,
1869 3866 1924 3911 et

297 3945 510 4001 nebula
550 3946 703 4000 locus
723 3952 871 4000 totus
919 3961 1118 4019 magna
1153 3945 1420 4016 repletur.
1457 3945 1666 4017 talique
1691 3944 1924 3999 vallatur

295 4039 555 4102 horrore,
588 4043 650 4091 ut
688 4052 797 4092 non
853 4043 1066 4107 putaret
1094 4053 1154 4091 se
1220 4037 1454 4108 amplius
1483 4037 1689 4092 vivere.
1719 4035 1921 4108 Sicque

299 4129 523 4200 perdita
568 4143 727 4195 voce,
783 4135 894 4184 tam
951 4129 1073 4200 ipse
1136 4145 1300 4200 quam
1358 4146 1499 4200 puer
1576 4131 1670 4202 qui
1737 4145 1924 4184 secum

301 4229 442 4286 erat,
472 4219 618 4276 ultra
648 4220 800 4292 loqui
857 4236 961 4276 nec
1007 4237 1073 4276 ea
1102 4237 1228 4292 quae
1267 4221 1526 4276 viderant
1578 4221 1677 4276 fari
1729 4229 1925 4292 potue-

302 4321 451 4369 runt.

2023 1790 2217 1856 rendo,
2253 1790 2505 1862 quaedam
2539 1790 2685 1845 villae
2733 1798 3000 1847 consueta
3048 1807 3296 1863 quaerere
3349 1793 3643 1867 neglexere

2023 1881 2298 1952 praesidia.
2325 1882 2562 1946 Quarum
2592 1897 2800 1938 messes
2838 1899 2960 1938 cum
2981 1883 3096 1952 jam
3154 1891 3378 1955 tempus
3409 1883 3643 1941 instaret

2016 1970 2281 2038 metendi,
2311 1977 2461 2026 tanta
2491 1970 2838 2042 tempestatis
2893 1981 3024 2027 sunt
3079 1972 3280 2028 attritas
3337 1973 3633 2048 grandine,

2016 2070 2077 2119 ut
2108 2079 2248 2134 pene
2268 2064 2454 2119 omnia
2481 2079 2671 2119 eorum
2702 2063 2972 2136 perierint
3000 2072 3150 2130 sata;
3179 2065 3356 2122 vineae
3382 2083 3630 2140 quoque,

2017 2151 2226 2206 adustis
2257 2152 2554 2224 fractisque
2586 2153 2884 2224 pampinis,
2941 2171 3169 2210 uvarum
3198 2155 3485 2212 amiserint
3511 2157 3632 2212 fru-

2018 2252 2186 2299 ctum.
2222 2245 2418 2299 Eorum
2449 2261 2581 2301 vero
2613 2245 2752 2301 ﬁnes
2806 2247 2901 2318 qui
2932 2263 2990 2303 se
3031 2248 3198 2317 hujus
3225 2247 3491 2319 piissimae
3521 2250 3631 2306 do-

1949 2376 1962 2382 -
2021 2335 2326 2391 minatricis
2358 2336 2609 2391 muniere
2638 2336 2928 2404 subsidiis,
2970 2353 3150 2409 neque
3178 2344 3403 2410 tangere
3435 2340 3638 2394 nedum

2020 2429 2226 2484 intrare
2256 2430 2467 2505 grando
2494 2431 2860 2501 praesumpsit.
2904 2431 3105 2503 Sicque
3123 2431 3390 2506 deinceps
3428 2440 3539 2489 tam
3558 2434 3638 2500 hi,

2023 2537 2188 2591 quam
2201 2521 2382 2576 caeteri
2401 2521 2610 2593 quique
2629 2520 2899 2596 contigui,
2935 2522 3244 2593 promptius
3259 2523 3639 2596 libentiusque

2023 2611 2309 2665 annuatim
2350 2611 2598 2679 ejusdem
2657 2611 2896 2667 dominre
2950 2621 3170 2680 nostrae,
3204 2614 3378 2669 sancti
3411 2630 3637 2686 quoque

2024 2702 2278 2776 Remigii,
2337 2709 2775 2774 czeterorumque
2822 2709 3137 2757 sanctorum
3197 2704 3341 2758 hanc
3398 2704 3638 2759 Remen-

2020 2811 2136 2850 sem
2169 2795 2438 2850 adeuntes
2467 2794 2684 2857 urbem,
2717 2800 3126 2851 consueverunt
3165 2802 3428 2868 expetere
3460 2803 3640 2868 patro-

2020 2885 2188 2944 cinia.

2663 2957 2876 3014 CAPUT
2909 2959 2996 3013 IX.

2093 3069 2164 3120 De
2203 3065 2438 3120 secunda
2467 3066 2610 3119 beati
2649 3067 2877 3134 Remigii
2923 3069 3159 3136 corporis
3190 3068 3564 3123 translatione.
3658 3058 3668 3069 ”

2091 3175 2354 3230 Praefatus
2429 3174 2674 3246 denique
2746 3176 2946 3246 praesul
2999 3176 3325 3232 llincmarus
3391 3184 3636 3250 cryptam

2020 3270 2266 3341 przeclari
2301 3269 2488 3340 operis
2519 3267 2588 3322 ad
2620 3267 2790 3337 pedes
2819 3267 2872 3322 S.
2927 3269 3164 3341 Remigii
3213 3271 3542 3338 construxit,
3584 3278 3641 3327 et

2021 3381 2224 3437 corpus
2251 3362 2501 3432 ejusdem
2553 3361 2861 3419 beatissimi
2910 3363 3129 3435 patroni
3159 3364 3228 3418 de
3279 3364 3401 3420 loco
3433 3372 3639 3436 cryptae

2023 3457 2246 3530 prioris,
2269 3474 2377 3512 una
2406 3473 2531 3512 cum
2554 3459 2811 3529 sepulcro
2839 3456 3016 3528 ipsius
3056 3456 3110 3510 in
3143 3456 3361 3523 eadem,
3391 3455 3641 3512 collectis

2024 3546 2314 3604 Remensis
2366 3547 2677 3604 dioeceseos
2729 3547 3032 3618 episcOpis,
3093 3555 3154 3603 ut
3203 3547 3317 3616 jam
3383 3547 3643 3618 superius

2022 3638 2230 3694 dictum
2283 3643 2368 3692 est
2423 3637 2537 3706 (lib.
2590 3655 2629 3704 ι,
2688 3653 2810 3706 cap.
2869 3637 2980 3704 21),
3039 3637 3366 3691 transtulit:
3400 3644 3455 3690 et
3511 3644 3641 3692 ante

2024 3726 2199 3796 ipsius
2227 3725 2540 3796 sepulcrum
2571 3741 2714 3797 Opus
2743 3724 3032 3799 egregium
3089 3740 3225 3779 auro
3252 3724 3450 3788 edidit,
3482 3741 3640 3795 gem-

2025 3818 2239 3890 misque
2271 3816 2544 3882 distinxit,
2586 3817 2882 3871 fenestram
2939 3815 3099 3882 inibi,
3148 3815 3296 3870 unde
3345 3817 3518 3870 sancti
3551 3834 3642 3872 se-

2025 3912 2274 3982 pulcrum
2298 3910 2602 3974 videretur,
2634 3907 2785 3977 fecit,
2829 3917 2885 3965 et
2913 3907 3060 3964 circa
3086 3908 3261 3980 ipsam
3290 3907 3635 3964 fenestellam

2025 4007 2124 4061 hos
2151 4004 2456 4060 versiculos
2486 4002 2688 4058 indidit
2715 4019 2728 4055 :

2091 4109 2329 4175 Hoctibi.
2364 4108 2574 4173 Remigi.
2609 4108 2870 4175 fabricavit
2892 4124 3068 4174 magne
3096 4111 3380 4175 sepulcrum

2154 4173 2450 4223 Hincmarus
2471 4172 2652 4234 praesul
2676 4173 2854 4222 ductus
2865 4172 3033 4222 amore
3057 4172 3160 4224 tuo;

2089 4238 2149 4287 Ut
2173 4236 2393 4301 requiem
2421 4235 2662 4301 Dominus
2686 4234 2872 4301 tribuat
2898 4236 3041 4301 mihi,
3069 4244 3253 4301 sancte,
3286 4244 3488 4301 precatu

2148 4301 2209 4349 Et
2228 4297 2392 4363 dignis
2424 4297 2629 4356 meritis,
2654 4299 2724 4346 mi
2745 4299 3044 4358 venerande,
3071 4299 3186 4348 tuis.

372 4405 608 4471 Quidam
657 4419 883 4476 quoque
939 4411 1126 4461 custos
1179 4406 1347 4475 hujus
1403 4405 1673 4472 ecclesiae,
1715 4411 1774 4460 ut
1803 4377 2004 4477 ipseD
2103 4401 2460 4476 Evangelium
2493 4401 2678 4455 aureis
2707 4400 2907 4456 litteris
2925 4401 3305 4476 insignivit,ac
3334 4403 3641 4474 parietibus

305 4499 467 4553 nobis
533 4498 796 4564 narravit,
854 4499 985 4554 dum
1036 4501 1127 4555 die
1185 4501 1372 4572 aliqua
1407 4508 1531 4571 post
1576 4501 1932 4555 matutinales

305 4591 496 4645 laudes
529 4589 585 4644 in
618 4591 856 4647 ecclesia
887 4593 1244 4664 requiescere
1274 4593 1461 4659 vellet,
1492 4593 1768 4664 arripiens
1800 4602 1931 4648 tem-

306 4680 376 4750 pli
409 4680 642 4752 tapetia,
680 4682 882 4737 lectum
914 4681 1023 4736 sibi
1083 4699 1148 4738 ex
1180 4682 1268 4736 his
1315 4682 1528 4747 stravit,
1575 4681 1766 4753 ibique
1798 4698 1927 4738 sese

301 4789 500 4829 somno
531 4773 705 4828 dedit.
742 4775 804 4830 Et
829 4790 961 4830 ecce
1021 4782 1274 4830 matrona
1312 4775 1564 4846 quaedam
1596 4775 1699 4829 sub
1732 4775 1925 4831 habitu

301 4863 460 4917 senili
495 4862 682 4916 eidem
713 4863 993 4934 apparuit,
1050 4881 1174 4936 quae
1205 4864 1406 4919 herbas
1437 4863 1704 4935 quasdam
1736 4880 1922 4920 secum

304 4951 600 5005 videbatur
626 4951 866 5006 deferre.
887 4952 1010 5007 Haec
1038 4952 1215 5024 primo
1265 4953 1490 5023 quidem
1548 4953 1770 5007 blandis
1797 4969 1924 5007 eum

304 5039 472 5109 C(Ppit
505 5037 659 5093 affari
697 5039 1067 5095 sermonibus.
1112 5040 1213 5096 Ubi
1236 5055 1366 5096 vero
1385 5055 1540 5096 sacra
1559 5040 1662 5095 sub
1695 5055 1762 5096 eo
1792 5056 1925 5096 con-

305 5130 610 5202 templatur
635 5131 864 5202 tapetia,
909 5131 1092 5187 taliter
1140 5131 1281 5199 infit,
1311 5147 1438 5186 eum
1473 5139 1678 5187 mutato
1703 5147 1925 5203 quoque

303 5225 458 5278 vultu
493 5229 731 5289 terrens,
769 5239 1048 5298 aggressa.
1102 5224 1167 5279 Et
1209 5230 1267 5279 tu
1322 5225 1562 5280 domina:
1605 5231 1808 5279 sanctae
1832 5223 1926 5279 Dei

304 5314 608 5369 Genitricis
635 5330 803 5369 ausus
824 5331 884 5369 es
912 5315 1122 5371 violare
1161 5331 1223 5371 ac
1241 5315 1476 5387 pedibus
1505 5331 1658 5372 sacra
1687 5316 1929 5388 superbe

304 5405 638 5461 conculcare
668 5414 1010 5463 ornamenta.
1082 5424 1186 5463 nec
1243 5415 1446 5463 tantam
1486 5408 1715 5464 timuisti
1747 5408 1931 5464 domi-

307 5511 433 5549 nam
467 5493 498 5546 ?
526 5493 689 5550 Modo
712 5495 938 5567 quidem
975 5513 1228 5568 parcam;
1265 5513 1546 5569 nunquam
1571 5504 1754 5553 tamen
1785 5498 1931 5552 ultra

309 5603 615 5657 praesumas
645 5588 792 5644 talia.
820 5589 1256 5662 Exemplumque
1286 5590 1441 5646 dedit
1473 5590 1550 5644 illi
1571 5591 1638 5645 de
1669 5590 1928 5662 quodam,

2031 4496 2235 4561 aureis,
2309 4509 2765 4569 gemmarumque
2829 4495 3010 4550 nitore
3059 4495 3337 4550 distinctis
3383 4497 3641 4565 munivit,

2032 4586 2286 4641 versibus
2306 4585 2471 4640 etiam
2522 4600 2656 4640 auro
2689 4584 2862 4639 inlitis
2889 4585 3260 4655 prmtitulavit.
3295 4587 3401 4641 Sed
3429 4595 3484 4642 et
3514 4604 3643 4642 cru-

2030 4693 2149 4732 cem
2171 4676 2436 4744 majorem
2464 4675 2928 4746 c00peruitauro,
2961 4677 3306 4751 gemmisque
3339 4676 3641 4733 decoravit.

2032 4768 2252 4822 Librum
2281 4784 2502 4839 quoque
2516 4774 2988 4823 sacramentorum
3003 4767 3106 4822 sub
3125 4767 3388 4822 eburneis
3418 4767 3641 4833 tabulis,

2029 4867 2258 4933 argento
2289 4859 2622 4932 praesignitis
2653 4875 2668 4925 ;
2700 4858 2797 4913 sed
2829 4863 2884 4912 et
2912 4858 3296 4914 Iectionarium
3347 4859 3416 4914 ad
3447 4859 3644 4914 missas

2025 4949 2246 5018 librum,
2304 4949 2421 5020 pari
2453 4949 2656 5004 decore
2704 4955 3074 5012 venustatum,
3119 4948 3329 5003 ibidem
3385 4947 3640 5015 contulit,

2027 5039 2272 5110 aliosque
2303 5038 2476 5093 libros
2504 5044 2559 5092 et
2587 5043 2912 5093 ornamenta
2953 5037 3219 5093 nonnulla
3249 5037 3432 5093 eidem
3462 5054 3640 5094 vene-

2027 5131 2190 5186 rabili
2239 5131 2360 5186 loco
2386 5130 2678 5206 delegavit.

2099 5226 2174 5278 De
2205 5239 2438 5293 corpore
2469 5233 2651 5278 autem
2706 5222 2882 5294 ipsius
2922 5221 3230 5278 beatissimi
3262 5222 3500 5299 Remigii
3533 5239 3643 5279 non

2031 5324 2114 5370 est
2144 5330 2308 5368 ausus
2337 5313 2547 5384 aliquid
2575 5329 2818 5381 sumere,
2849 5312 2992 5368 sicut
3021 5313 3140 5384 ipse
3167 5328 3388 5385 quoque
3417 5319 3646 5368 testatur

2033 5410 2088 5463 in
2120 5407 2356 5480 epistola
2385 5407 2452 5460 ad
2507 5407 2840 5462 Ludovicum
2899 5422 3086 5481 regem
3116 5407 3642 5470 'l‘ransrhenensem,

2033 5499 2125 5570 qui
2155 5498 2209 5552 id
2238 5497 2345 5551 sibi
2374 5497 2442 5551 ab
2497 5512 2563 5552 eo
2623 5497 2846 5568 petebat
2900 5497 3166 5552 muneris.
3199 5496 3304 5550 Sed
3358 5494 3447 5548 hic
3477 5495 3535 5561 (i,
3568 5491 3641 5556 id)

2035 5589 2281 5660 pontifex
2313 5603 2412 5658 pro
2444 5587 2678 5642 maxima
2711 5586 3142 5659 praesumptione
3158 5582 3340 5639 meriti
3361 5597 3421 5637 se
3451 5580 3642 5636 duxis-
