4038 6166
433 289 531 346 151

1553 276 1923 334 FLODOARDI
1963 271 2269 330 CANONICI
2308 273 2637 329 REMENSIS

3661 287 3764 346 152

433 447 515 498 se,
547 442 748 500 corpus
776 425 915 495 ejus,
948 423 1095 496 quod
1152 420 1419 478 Dominus
1474 436 1573 492 per
1608 425 1759 476 tanta
1791 425 2039 488 tempora
2066 419 2120 488 Α
2147 414 2418 472 ordinatis
2431 414 2698 472 abEbone
2710 425 2997 490 postsuam
3013 420 3764 499 depositionem,asedeapo-

434 519 710 594 integrum
741 519 1112 579 conservaret,
1147 511 1511 582 disrumpere.

1088 641 1302 698 CAPUT
1328 640 1391 695 X.

432 765 507 819 De
528 760 695 833 pallii
739 756 1050 829 quotidiani
1094 769 1226 809 usus
1282 770 1317 808 α
1367 755 1624 809 Romam:
1651 753 1796 808 sedis
1819 756 2053 823 pressule

536 851 894 920 perceptione,
924 849 974 901 et
1000 845 1158 899 rebus
1188 844 1423 898 ecclesia:
1454 842 1554 896 sub
1581 857 1638 897 eo
1660 846 1939 899 concessis.

506 959 601 1015 Hic
631 956 873 1028 denique
930 953 1264 1010 venerabilis
1313 952 1515 1024 praesul
1574 952 1917 1019 Hincmarus,
1953 969 2050 1025 pro

434 1066 547 1104 sua:
573 1045 880 1103 sanctitatis
934 1061 999 1101 ac
1047 1042 1335 1114 sapientim
1365 1042 1694 1108 reverentia,
1749 1059 1849 1114 per
1879 1043 2053 1098 inter-

435 1137 757 1196 ventionem
784 1132 1027 1190 Lotharii
1056 1130 1404 1203 imperatoris
1429 1130 1656 1203 pallium
1683 1132 1753 1186 ad
1780 1131 2054 1204 quotidia-

439 1244 569 1283 num
623 1224 868 1297 suscepit
920 1224 984 1296 [c.
1015 1226 1055 1291 i,
1115 1221 1343 1293 recepit]
1403 1237 1562 1277 usum
1589 1237 1621 1276 a
1647 1230 1840 1293 quarto
1873 1222 2052 1278 Leone

438 1337 603 1392 papa,
635 1337 665 1375 a
691 1335 799 1392 quo
824 1318 938 1389 jam
969 1317 1118 1373 aliud
1171 1323 1496 1389 perceperat
1523 1315 1580 1370 in
1612 1315 1918 1392 designatis
1944 1315 2052 1370 sibi

438 1413 885 1472 solemnitatibus
914 1411 1102 1467 debite
1119 1411 1432 1467 fruendum.
1463 1410 1632 1475 Quem
1665 1409 2052 1483 quotidianum

439 1506 591 1579 pallii
623 1521 781 1561 usum
814 1504 948 1559 nulli
977 1519 1221 1574 unquam
1262 1501 1684 1573 archiepiscopo
1724 1518 1784 1557 se
1814 1517 2051 1557 conces-

439 1597 600 1666 Sisse,
631 1596 715 1652 vel
747 1595 1016 1666 deinceps
1044 1610 1435 1650 concessurum
1463 1608 1605 1662 esse,
1647 1594 1791 1649 idem
1826 1611 1969 1665 papa
1996 1595 2053 1650 in

442 1688 676 1760 epistola
734 1695 866 1744 tunc
893 1688 962 1741 ad
994 1703 1119 1743 eum
1151 1686 1360 1743 directa
1393 1695 1642 1742 testatur.
1693 1686 1921 1759 Scripsit
1946 1704 2049 1743 au-

2149 506 2343 563 stolica
2369 507 2856 577 confirmandis,et
2881 512 3214 585 quibusdam
3249 514 3553 590 privilegiis
3580 519 3761 576 eidem

2152 598 2701 672 Hincmaro,sedique
2714 602 2974 659 Remensi
2988 605 3385 673 concedendis;
3400 615 3455 663 et
3470 609 3601 681 quia
3614 610 3762 666 illam

2150 687 2425 743 volentem
2441 689 2665 744 Romam
2679 689 2953 762 proficisci
2964 700 3096 760 ,tam
3113 693 3425 768 ipse,quam
3453 695 3619 752 frater
3634 713 3767 757 suus

2152 776 2382 833 Karolus
2432 794 2524 833 rex
2553 778 2816 849 Francize,
2876 783 3099 854 quando
3134 783 3191 856 [i,
3250 801 3369 856 qu.,
3394 785 3446 855 j,
3479 787 3761 861 quoniam]

2150 871 2308 926 valde
2339 872 2686 927 necessarius
2741 873 2823 929 eis
2879 884 2997 931 erat
3044 876 3113 930 ad
3143 876 3442 948 sopiendas
3489 896 3613 952 quae
3635 887 3769 937 tunc

2152 968 2354 1018 exortae
2386 958 2606 1016 fuerant
2662 963 3126 1034 perturbationes,
3188 966 3510 1022 retinerent.
3572 970 3632 1023 In
3658 986 3767 1043 qua

2151 1053 2389 1125 epistola
2439 1062 2851 1119 commemorat,
2907 1057 3056 1129 quod
3102 1057 3159 1113 in
3208 1058 3307 1114 hac
3337 1058 3470 1114 sede
3502 1059 3762 1116 Remensi

2152 1142 2301 1198 beati
2329 1141 2464 1198 Sixti
2508 1143 2670 1215 primi
2699 1142 2948 1212 ejusdem
2989 1145 3260 1217 episcopi,
3294 1153 3350 1201 et
3379 1149 3766 1219 apostolorum

2153 1238 2434 1310 discipuli,
2508 1228 2947 1312 praedecessores
3000 1241 3178 1314 ipsius
3223 1259 3402 1315 papae,
3448 1244 3767 1317 Stephanus

2153 1335 2358 1407 (Steph.
2392 1337 2438 1405 Ι)
2468 1335 2726 1406 Pippino,
2780 1345 2836 1390 et
2886 1335 2991 1391 Leo
3025 1338 3143 1406 (Leo
3194 1338 3288 1407 Ill)
3320 1337 3516 1394 Karolo
3541 1356 3765 1416 magno,

2153 1422 2457 1495 apostolica
2486 1422 2825 1480 contulerint
2852 1424 3069 1480 munia.
3109 1425 3260 1482 Alius
3280 1443 3502 1500 quoque
3532 1428 3770 1502 Stepha-

2155 1528 2259 1567 nus
2289 1513 2493 1583 (Steph.
2534 1515 2595 1582 V)
2624 1512 2961 1569 Ludovicum
2990 1515 3291 1589 Augustum
3324 1517 3380 1571 in
3410 1518 3603 1573 eadem
3634 1519 3769 1575 sede

2157 1600 2429 1673 imperiali
2478 1601 2792 1658 diademate
2846 1604 3213 1660 coronaverit.
3260 1605 3337 1660 Ad
3392 1607 3497 1663 hoc
3525 1605 3769 1680 denique

2155 1695 2545 1763 obtinendum,
2579 1696 2726 1768 quod
2777 1702 2877 1767 pro
2922 1697 3184 1768 praedicto
3242 1700 3476 1769 praesule
3522 1701 3767 1772 petebat,

441 1785 551 1834 tem
577 1777 840 1848 praefatus
870 1775 1116 1847 pontifex
1171 1775 1240 1830 ad
1281 1775 1537 1831 eumdem
1566 1792 1763 1848 papam
1820 1777 2302 1853 LeonemBidem
2366 1784 2655 1840 Lotharius
2723 1785 2942 1840 Petrum
3023 1785 3371 1857 Spoletinum
3419 1787 3767 1861 episcOpum,

440 1869 644 1935 sexies,
674 1874 735 1922 ut
764 1869 882 1938 ipse
940 1868 994 1922 in
1052 1867 1286 1939 quadam
1339 1867 1407 1922 ad
1433 1868 1689 1923 eumdem
1718 1871 1913 1926 asserit
1941 1873 2063 1944 epi-

442 1958 604 2024 stola,
632 1958 721 2014 vel
751 1956 981 2028 septies,
1036 1972 1137 2011 sua
1192 1956 1440 2031 dirigens
1491 1944 1714 2012 adeum
1745 1959 1968 2031 scripta.
2005 1962 2063 2015 In

444 2053 546 2106 hac
573 2064 705 2106 vero
750 2048 984 2120 epistola
1014 2049 1083 2104 de
1113 2048 1221 2114 his,
1253 2064 1394 2120 quos
1408 2048 1693 2104 temeritas
1718 2050 2067 2122 chorepisco-

444 2139 588 2212 palis
616 2138 898 2204 ordinare,
954 2139 1041 2194 vel
1071 2138 1219 2210 quod
1271 2137 1536 2208 Spiritum
1595 2148 1845 2196 sanctum
1877 2141 2064 2197 consi-

445 2233 668 2308 gnando
699 2232 915 2288 tradere
966 2231 1360 2303 praesumebat,
1420 2231 1729 2303 requisivit.
1788 2232 1852 2289 Et
1907 2233 2055 2306 quod

445 2332 666 2382 terrena
706 2331 947 2396 potestas
997 2325 1101 2378 hac
1153 2322 1386 2378 materia
1440 2339 1590 2395 saepe
1639 2323 1968 2394 offenderet,
2001 2333 2064 2383 ut

446 2418 705 2473 videlicet
735 2417 1000 2490 episcopo
1032 2417 1293 2490 quolibet
1350 2417 1633 2484 defuncto,
1676 2435 1777 2490 per
1805 2419 2066 2492 chorepi-

447 2526 675 2582 scopum
707 2509 841 2566 solis
870 2508 1233 2581 pontificibus
1263 2509 1510 2565 debitum
1541 2509 1915 2566 ministerium
1948 2528 2069 2583 per-

447 2586 723 2675 ageretur,
756 2608 812 2657 et
868 2618 956 2658 res
1006 2619 1069 2657 ac
1125 2601 1413 2657 facultates
1443 2602 1694 2658 ecclesia:
1722 2603 2067 2659 saecularium

445 2693 638 2749 usibus
667 2693 1135 2765 expenderentur,
1193 2693 1336 2749 sicut
1390 2704 1446 2750 et
1505 2694 1560 2749 in
1594 2703 1783 2751 nostra
1836 2697 2071 2752 ecclesia

394 2848 398 2853 ,
442 2787 555 2855 jam
588 2786 835 2842 sec’undo
866 2795 1046 2842 actum
1092 2785 1304 2843 fuisset.
1340 2789 1473 2843 ltem
1505 2788 1575 2844 de
1602 2788 1709 2853 his,
1745 2804 1884 2860 quos
1913 2789 2072 2846 dom-

448 2890 553 2929 nus
583 2874 696 2928 Ebo
744 2880 871 2944 post
919 2875 1328 2947 depositionem
1405 2891 1560 2931 suam
1600 2877 1976 2934 ordinaverat.
2009 2879 2070 2933 In

450 2967 556 3021 alia
586 2982 807 3040 quoque
863 2966 1100 3038 epistola
1149 2966 1345 3023 scribit
1402 2968 1470 3023 de
1524 2969 1763 3039 quodam
1796 2968 2068 3034 Fulcrico,

450 3055 802 3127 imperatoris
827 3055 1070 3111 Lotharii
1124 3057 1380 3122 vassallo,
1414 3057 1483 3112 de
1514 3073 1623 3130 quo
1655 3059 1821 3113 etiam
1855 3056 2068 3130 pridem

2163 1877 2438 1934 mandatis
2460 1895 2628 1951 super
2648 1879 2751 1935 hac
2777 1896 2836 1934 re
2860 1896 2958 1951 per
2969 1889 3146 1936 semet
3173 1881 3520 1951 instructum,
3543 1900 3772 1940 exsecu-

2164 1975 2339 2024 torem
2372 1967 2667 2034 direxerat,
2695 1975 2749 2024 et
2778 1968 2947 2024 alium
2974 1969 3192 2027 Petrum
3237 1973 3524 2028 Aretinum
3553 1974 3772 2045 episco-

2166 2076 2298 2131 pum
2329 2059 2528 2115 litteris
2543 2059 2744 2114 exinde
2777 2069 3211 2128 commonuerat,
3238 2062 3490 2136 aliosque
3507 2065 3777 2137 quosdam

2167 2156 2276 2204 tam
2308 2165 2457 2217 suos,
2492 2165 2656 2221 quam
2687 2149 3331 2222 praemissipapzeﬁdeies
3346 2152 3483 2207 adid
3516 2170 3784 2229 peragen-

2168 2241 2299 2296 dum
2329 2240 2723 2297 destinaverat.
2766 2242 2957 2297 Eidem
2999 2243 3255 2300 Lothario
3306 2244 3622 2317 imperatori
3645 2247 3787 2304 scri-

2168 2331 2251 2387 bit
2279 2329 2544 2402 praefatus
2572 2331 2773 2403 praesul
2801 2331 3124 2387 Hincmarus
3161 2333 3231 2389 de
3257 2332 3505 2390 Fulcrico
3528 2336 3649 2405 ejus
3669 2352 3787 2392 vas-

2168 2422 2328 2489 sallo,
2382 2436 2548 2494 quem
2603 2422 3198 2489 excommunicaverat,
3254 2424 3579 2496 qualiterad
3611 2426 3787 2497 paeni-

2170 2515 2398 2571 tentiam
2445 2515 2636 2569 venire
2672 2513 2919 2581 debeat;
2972 2513 3126 2582 item,
3179 2515 3342 2570 aliam
3398 2516 3694 2587 epistolam
3726 2516 3780 2571 in

2170 2621 2280 2677 qua
2307 2602 2661 2660 continentur
2689 2603 2866 2675 culpae
2920 2604 3095 2675 ipsius
3124 2604 3377 2673 Fulcrici,
3408 2613 3465 2661 et
3503 2606 3784 2678 quomodo

2171 2711 2298 2751 eum
2328 2694 2734 2750 rationabiliter
2788 2697 3368 2764 excommunicaverit,
3415 2698 3545 2771 quia
3585 2699 3783 2755 nolue-

2169 2785 2315 2840 ritad
2327 2784 2709 2857 ptenitentiam
2720 2785 2931 2853 venire;
2948 2785 3079 2842 item
3094 2786 3280 2855 aliam,
3294 2788 3351 2842 in
3365 2804 3473 2860 qua
3488 2786 3648 2844 valde
3660 2787 3781 2845 col-

2172 2875 2358 2929 laudat
2385 2891 2534 2942 eum,
2562 2875 2922 2949 congaudens
2945 2876 3066 2946 ejus
3086 2877 3406 2944 humilitati,
3431 2879 3580 2950 quod
3610 2879 3783 2950 ipsius

2170 2967 2487 3024 obaudierit
2535 2968 2762 3024 monitis
2813 2985 2982 3040 super
3027 2970 3254 3042 praefato
3285 2972 3781 3041 excommunicato,

2169 3060 2517 3133 absolvitque
2538 3076 2664 3116 eum
2691 3061 2747 3116 id
2774 3062 3058 3118 humiliter
3080 3064 3497 3136 deprecantem,
3529 3081 3631 3137 pro
3656 3082 3787 3137 par-

451 3144 501 3198 ei
529 3141 958 3216 significaverat,
991 3160 1090 3216 pro
1121 3160 1230 3218 quo
1261 3143 1508 3200 ecclesiae
1522 3145 1804 3200 nonnullae
1831 3162 1931 3217 per
1960 3146 2067 3201 hoc
2094 3161 2144 3230 ί)
2172 3155 2495 3228 ιὶοὶρειιίοῃθ
2524 3173 2690 3228 quam
2710 3156 2980 3213 habuerat
3004 3174 3130 3213 cum
3160 3158 3304 3231 ipso.
3324 3159 3461 3216 Item
3491 3167 3783 3234 postquam

448 3253 681 3313 regnum
712 3237 1010 3291 maximum
1064 3236 1421 3308 patiebantur
1450 3236 1932 3308 impedimentum,
1966 3237 2059 3309 qui

447 3345 620 3387 uxore
658 3344 756 3384 sua
781 3328 1029 3398 dimissa,
1085 3337 1371 3402 postquam
1426 3330 1935 3386 excommunicatus
1991 3331 2058 3386 ab

447 3435 514 3476 eo
540 3420 776 3492 proinde
805 3419 1003 3489 fuerat,
1033 3421 1195 3475 aliam
1225 3420 1458 3492 insuper
1475 3421 1680 3477 ducere
1711 3423 2062 3494 praesumpsit

448 3524 695 3566 uxorem.
726 3510 861 3565 item
887 3509 943 3564 in
974 3509 1169 3565 eadem
1195 3509 1265 3564 de
1305 3509 1609 3585 privilegiis
1639 3511 1803 3578 hujus
1833 3512 2065 3567 Remen-

450 3598 528 3653 sis
556 3599 827 3668 ecclesiae,
857 3614 980 3671 qua;
1036 3597 1230 3653 habuit
1277 3599 1346 3653 ab
1404 3599 1588 3664 initio,
1635 3616 1746 3671 quo
1774 3600 2065 3676 privilegia

448 3688 613 3745 sedes
654 3689 861 3744 habere
915 3695 1204 3760 coeperunt
1235 3707 1249 3756 ;
1282 3695 1339 3745 et
1359 3688 1490 3760 quia
1518 3691 1812 3746 Remorum
1845 3690 2064 3762 episco-

450 3795 555 3853 pus
580 3778 786 3851 primas
838 3778 985 3835 inter
1036 3779 1298 3852 primates
1324 3795 1566 3851 semper,
1599 3787 1655 3836 et
1678 3796 1823 3836 unus
1851 3791 1920 3835 de
1952 3781 2066 3852 pri-

446 3874 556 3929 mis
586 3873 772 3930 Galliee
802 3873 1132 3945 primatibus
1183 3872 1408 3941 exstitit,
1471 3889 1575 3929 nec
1602 3873 1769 3928 alium
1797 3888 1856 3928 se
1883 3874 2065 3946 potio-

449 3981 588 4033 rem,
619 3974 820 4038 praeter
848 3964 1208 4036 apostolicam
1257 3963 1572 4035 praesulem,
1596 3963 1791 4019 habuit
1822 3982 1837 4031 ;
1865 3982 1922 4020 ut
1946 3965 2062 4021 sci-

449 4055 581 4110 licet
610 4070 697 4121 ea,
724 4070 846 4125 quae
877 4060 1029 4109 tanto
1069 4061 1319 4123 tempore
1376 4053 1444 4109 ab
1500 4053 1946 4110 antecessoribus
1976 4055 2062 4125 ip-

449 4146 565 4200 sius
592 4143 723 4199 huic
750 4142 869 4199 sedi
900 4150 1029 4199 sunt
1065 4157 1328 4199 concessa
1357 4150 1413 4199 et
1463 4153 1807 4209 conservata,
1840 4159 2067 4198 conser-

449 4251 579 4290 vare
609 4243 664 4289 et
692 4241 1049 4309 augmentare
1102 4233 1383 4307 dignetur.
1432 4233 1510 4286 Ab
1564 4233 1901 4304 imperatore
1927 4248 2065 4304 quo-

450 4339 557 4396 que
587 4322 845 4380 Lothario
896 4323 1287 4395 praeceptionis
1340 4322 1644 4394 imperialis
1680 4323 2065 4379 auctoritatem

449 4432 618 4489 super
661 4416 991 4489 quibusdam
1048 4415 1215 4472 rebus
1242 4416 1666 4487 conjacentibus
1704 4416 1762 4472 in
1794 4417 1882 4472 his
1906 4417 2062 4485 locis,

2163 3250 2519 3309 convaluerat
2575 3251 2722 3307 idem
2773 3251 3072 3323 imperator
3100 3252 3172 3308 de
3221 3251 3543 3311 infirmitate
3566 3271 3686 3311 sua.
3722 3256 3782 3311 in

2162 3358 2273 3414 qua
2298 3340 2533 3412 epistola
2553 3356 2683 3396 eum
2709 3340 2844 3397 satis
2872 3341 3285 3413 episcopaliter,
3327 3343 3456 3399 licet
3478 3345 3778 3412 succincte,

2164 3435 2234 3492 de
2257 3433 2434 3489 salute
2484 3433 2747 3489 admonet
2793 3434 3012 3489 animae.
3064 3433 3125 3490 Et
3154 3433 3261 3490 alia
3300 3436 3570 3492 nonnulla
3594 3436 3776 3492 eidem

2162 3526 2408 3599 scripsit.
2434 3526 2473 3581 A
2502 3526 2697 3583 Karolo
2727 3526 2970 3598 denique
2999 3541 3130 3602 rege
3158 3543 3258 3584 suo
3289 3528 3381 3584 hic
3418 3529 3618 3600 praesul
3641 3528 3779 3585 Hin-

2163 3634 2382 3674 cmarus
2396 3616 2591 3674 cellam
2618 3618 2676 3671 in
2697 3619 2911 3674 honore
2927 3617 3099 3674 sancti
3129 3618 3364 3687 Martini,
3384 3619 3440 3674 in
3467 3620 3777 3693 municipio

2165 3707 2355 3782 Vongo
2379 3713 2771 3774 constructam,
2826 3723 2948 3762 cum
3002 3708 3263 3763 omnibus
3283 3709 3353 3764 ad
3383 3710 3635 3766 eamdem
3663 3711 3780 3766 cel—

2165 3801 2272 3856 lam
2290 3800 2440 3869 juste
2470 3801 2905 3872 pertinentibus,
2934 3802 3002 3856 ad
3035 3810 3245 3873 partem
3272 3802 3560 3859 Remensis
3591 3803 3780 3860 Eccle-

2163 3891 2260 3946 siae
2304 3889 2703 3960 reimpetravit,
2753 3906 2816 3945 ac
2874 3905 2974 3961 per
3031 3890 3372 3946 auctoritatis
3417 3890 3592 3962 ipsius
3634 3908 3781 3961 prte-

2162 3988 2384 4054 ceptum
2412 3983 2640 4055 recepit.
2691 3983 2773 4038 Ad
2803 3982 2978 4054 ipsius
3005 3983 3423 4060 suggestionem
3451 3984 3609 4039 dedit
3629 3985 3780 4041 idem

2164 4072 2397 4130 Karolus
2439 4088 2535 4128 rex
2563 4071 2812 4128 ecclesiae
2853 4072 3030 4128 sancti
3065 4073 3323 4147 Remigii,
3375 4075 3463 4130 vel
3494 4078 3784 4133 monachis

2167 4163 2370 4218 ibidem
2410 4161 2798 4229 servientibus,
2854 4161 2966 4217 Deo
2998 4178 3085 4217 res
3114 4162 3380 4235 quasdam
3413 4182 3428 4231 ;
3463 4165 3567 4220 hoc
3592 4174 3679 4220 est
3716 4167 3774 4221 in

2167 4269 2308 4329 pago
2328 4252 2580 4308 Pertinse
2612 4252 2672 4324 [i,
2699 4250 2997 4324 Pertinse],
3028 4252 3087 4308 in
3115 4252 3242 4308 villa
3288 4253 3598 4310 Baildronis
3623 4262 3780 4311 curte

2167 4363 2357 4401 mansa
2389 4347 2520 4410 duo,
2555 4352 2610 4400 et
2652 4345 2709 4399 in
2740 4344 2992 4401 Dodelini
3024 4356 3212 4402 monte
3229 4364 3420 4403 mansa
3449 4347 3583 4415 duo,
3611 4357 3780 4420 atque

2167 4438 2224 4493 in
2254 4434 2541 4491 Waldonis
2588 4440 2745 4490 curte
2796 4449 2991 4489 mansa
3037 4435 3148 4492 duo
3192 4452 3319 4492 cum
3371 4437 3689 4509 mancipiis,
3722 4445 3781 4494 et

449 4511 812 4579 Meuravallis,
842 4507 1128 4567 Termedo.
1161 4509 1441 4567 Roscrolis
1477 4509 1739 4578 obtinuit,
1770 4526 1893 4582 quae
1926 4518 2061 4565 tem-

2169 4526 2431 4583 omnibus
2459 4524 2527 4580 ad
2549 4523 2775 4579 easdem
2806 4539 2894 4578 res
2923 4523 3173 4599 legaliter
3192 4507 3609 4595 aspicientibus.
3644 4527 3783 4583 Prae-

452 4620 587 4676 pore
615 4603 798 4660 Karoli
833 4601 1204 4675 imperatoris,
1236 4601 1531 4658 occasione
1562 4602 1799 4675 quadam
1827 4600 2064 4656 interve-

450 4698 662 4766 niente,
690 4713 722 4752 a
753 4696 1012 4753 Remensi
1036 4703 1166 4752 sunt
1194 4696 1482 4753 abstractae
1512 4698 1768 4765 ecclesia,
1800 4705 1855 4752 et
1882 4692 2065 4767 publi-

450 4793 530 4848 cis
558 4792 753 4849 usibus
780 4790 1045 4860 subactae,
1075 4808 1213 4864 quas
1239 4791 1330 4847 hic
1356 4791 1644 4848 Lotharius
1676 4793 1977 4864 imperator
1993 4793 2062 4848 ad

450 4887 658 4954 partem
690 4888 894 4938 sach
946 4881 1124 4937 Mariae
1181 4898 1246 4937 ac
1277 4881 1454 4937 sancti
1507 4877 1738 4959 Remigii
1765 4899 1865 4939 sua
1893 4883 2061 4939 resti-

450 4972 555 5027 tuit
575 4972 922 5028 auctoritate.
976 4971 1076 5038 Qui
1130 4970 1421 5028 Lotharius
1446 4972 1749 5044 imperator
1778 4972 2064 5029 nonnullis

451 5061 601 5117 hunc
630 5062 923 5133 praesulem
981 5061 1333 5117 Hincmarum
1390 5062 1537 5134 apud
1594 5062 1831 5118 Leonem
1864 5078 2062 5135 papam

450 5152 757 5210 honorifice
786 5152 1207 5210 commendasse
1266 5152 1541 5223 reperitur
1585 5153 1866 5226 episcOpis
1896 5161 2064 5227 atque

449 5243 667 5320 legatis.
698 5243 805 5299 Sed
831 5252 887 5299 et
933 5242 1155 5317 quando
1200 5242 1428 5299 Romam
1483 5250 1672 5314 petere
1704 5244 1850 5300 idem
1880 5243 2064 5315 ponti-

449 5337 537 5394 fex
575 5336 949 5409 diSposuerat,
1005 5335 1295 5409 epistolam
1343 5352 1499 5393 suam
1566 5337 1711 5393 idem
1767 5337 2067 5409 imperator

2162 4628 2387 4695 ceptum
2418 4633 2643 4690 quoque
2672 4615 2849 4688 ipsius
2876 4616 3059 4673 Karoli
3077 4618 3147 4673 de
3169 4617 3276 4686 via,
3300 4635 3423 4691 quae
3440 4618 3785 4691 impediebat

2161 4713 2231 4770 ad
2261 4712 2562 4769 claustrum
2594 4707 2988 4764 canonicorum
3006 4718 3211 4765 sanctae
3225 4709 3512 4765 Remensis
3533 4710 3784 4767 ecclesiae

2161 4801 2609 4876 ampliﬁcandum
2664 4800 2951 4871 (quoniam
2995 4808 3053 4857 et
3108 4817 3399 4857 numerum
3457 4803 3781 4858 earumdem

2163 4892 2557 4951 canonicorum
2577 4892 3051 4966 augmentaverat)
3084 4890 3231 4946 idem
3262 4891 3501 4946 domnus
3528 4892 3782 4948 Hincma-

2164 5002 2257 5041 rus
2293 4983 2553 5041 obtinuit.
2605 4985 2712 5039 Res
2761 4991 3031 5054 praeterea
3081 4983 3347 5054 quasdam
3404 4999 3528 5054 quia
3577 4982 3648 5037 ab
3680 4984 3785 5040 hoc

2164 5094 2295 5151 rege
2313 5077 2523 5133 dudum
2581 5075 2800 5132 fuerant
2854 5074 3139 5148 episcopio
3165 5074 3479 5143 subtractae,
3526 5077 3784 5134 ecclesia:

2166 5165 2529 5240 redintegrari
2583 5164 2880 5231 laboravit;
2913 5164 2970 5219 id
3020 5172 3125 5232 est,
3184 5160 3365 5220 villam
3416 5164 3783 5234 Noviliacum,

2167 5272 2333 5329 quam
2363 5256 2769 5313 Karlomannus
2800 5255 2868 5310 ad
2900 5254 3193 5311 ecclesiam
3222 5254 3399 5310 sancti
3425 5253 3660 5330 Remigii
3684 5271 3785 5327 pro

2166 5346 2363 5400 animae
2393 5361 2508 5402 sua:
2551 5344 2708 5401 dedit
2734 5344 3002 5411 remedio,
3038 5351 3148 5400 tam
3193 5344 3371 5417 ipsam
3401 5342 3587 5399 villam
3615 5359 3784 5415 quam

450 5443 550 5500 pro
581 5441 648 5484 eo
679 5426 1042 5498 praemittens,
1094 5426 1369 5501 suggessit
1424 5425 1650 5497 praefato
1678 5441 1856 5497 papae,
1885 5434 1945 5480 ut
1973 5424 2061 5497 ip-

2163 5451 2254 5491 res
2280 5442 2336 5492 et
2361 5434 2660 5507 mancipia,
2716 5450 2841 5507 qua
2893 5434 3099 5492 diversi
3130 5434 3386 5491 homines
3443 5433 3590 5489 dono
3639 5434 3792 5507 regis

447 5533 567 5573 sum
598 5516 862 5572 decenter
884 5514 1308 5589 amabiliterque
1345 5516 1673 5586 susciperet,
1706 5523 1762 5570 et
1787 5515 2059 5588 quidquid
2161 5524 2497 5593 retinebam,
2527 5526 2596 5581 ad
2618 5527 2871 5583 eamdem
2895 5525 3249 5597 pertinentia.
3272 5525 3543 5591 [temnes
3564 5523 3784 5596 aliquas

448 5610 516 5665 ab
548 5624 616 5666 eo
670 5606 1027 5681 postulasset,
1085 5607 1323 5665 libenter
1373 5607 1446 5670 ei,
1504 5608 1923 5682 liberaliterque
1953 5609 2056 5665 tri-
2159 5616 2218 5671 in
2249 5616 2577 5678 Culmiciaco
2602 5619 2901 5675 etBairaco
2958 5618 3130 5686 sitas;
3162 5618 3316 5685 item,
3349 5632 3438 5672 res
3457 5632 3626 5687 super
3672 5617 3782 5672 ﬂu-

445 5699 663 5759 bueret.
684 5702 817 5758 Item
847 5700 1009 5758 aliam
1028 5717 1127 5775 pro
1142 5699 2053 5775 synodalibusdifﬁnitionibus,de
2154 5707 2304 5764 vium
2326 5709 2673 5779 Rotomnam,
2707 5718 2762 5767 et
2784 5710 2839 5767 in
2867 5710 2990 5767 aliis
3020 5708 3303 5767 nonnullis
3319 5707 3457 5766 locis
3477 5707 3776 5778 conjacen-
