4034 6174
274 307 375 363 153

920 305 1241 363 HISTORUE
1282 307 1614 365 ECCLESIAZ
1652 311 1980 368 REMENSIS
2018 310 2196 368 LIBRI
2235 310 2652 376 QUATUOR.—
2688 312 2813 367 LIB.
2857 312 2947 367 III.

3488 311 3588 368 154

269 445 351 494 tes
390 456 406 502 ;
433 440 675 510 itemque
697 454 728 492 a
759 452 888 514 rege
943 438 1222 496 Ludovico
1271 440 1706 498 Transrhenensi
1738 459 1882 514 prae-
1907 449 1959 516 Α
1985 442 2274 498 Remensis
2304 442 2562 498 Ecclesiae
2591 441 2845 497 canonici
2905 456 2967 497 ac
3006 441 3285 508 monachi,
3324 428 3589 498 videlicet

270 542 489 602 ceptum
512 533 879 589 restitutionis
917 533 1130 605 accepit
1158 548 1328 605 super
1350 533 1682 604 quibusdam
1713 535 1880 590 rebus

270 628 458 675 sancto
502 621 747 695 Remigio
787 624 1069 694 quondam
1129 622 1361 698 legatis:
1392 624 1497 679 hoc
1527 630 1613 679 est
1649 625 1707 679 in
1738 641 1877 698 pago

271 709 641 766 Wormacensi
668 705 1026 767 Scavenheim
1051 712 1109 784 [i,
1138 712 1512 784 Stadenheim]
1542 729 1665 768 cum
1691 715 1879 769 omni-

267 800 369 854 bus
401 800 467 853 ad
524 816 585 855 se
630 801 1062 870 pertinentibus,
1121 798 1285 856 Cossa
1341 808 1395 856 et
1442 802 1597 857 Gleni
1654 802 1711 858 in
1736 805 1878 861 saltu

262 888 496 963 Vosago.
534 891 594 943 In
624 890 926 965 Thuringia
953 905 1178 962 quoque
1199 891 1505 960 etAustria,
1546 892 1603 947 in
1630 893 1751 949 loco
1782 893 1878 966 qui

257 976 466 1031 dicitur
491 979 950 1046 Schonerunstat,
971 986 1026 1033 et
1056 979 1110 1033 in
1142 979 1439 1047 Helisleba,
1469 997 1593 1036 cum
1620 983 1879 1038 omnibus

260 1065 472 1121 ibidem
505 1067 933 1139 aspicientibus.
966 1069 1074 1124 Res
1091 1084 1315 1140 quoque
1332 1071 1628 1126 nonnullas
1641 1071 1877 1144 juraque

255 1155 511 1210 ecclesia:
542 1173 604 1211 ac
626 1158 905 1228 mancipia
935 1157 1152 1231 legibus
1203 1174 1303 1228 per
1333 1159 1626 1215 advocatos
1652 1160 1877 1216 evindi-

258 1253 384 1301 cata
403 1247 684 1317 recepisse
712 1248 1004 1318 reperitur.
1039 1249 1146 1303 Res
1165 1249 1331 1304 etiam
1347 1250 1644 1306 nonnullas
1663 1251 1879 1323 episco-

259 1335 361 1405 pii,
418 1345 595 1390 terras
650 1337 860 1392 scilicet
908 1344 1076 1408 atque
1128 1338 1425 1409 mancipia,
1472 1355 1598 1395 cum
1647 1341 1881 1397 diversis

259 1430 537 1498 personis,
578 1430 645 1483 ad
704 1438 1107 1485 Incrementum
1154 1431 1423 1499 ecclesiae,
1484 1448 1583 1503 pro
1641 1434 1879 1505 partium

256 1522 680 1590 opportunitate
709 1518 1085 1578 commutavit.
1144 1522 1250 1577 Sed
1274 1530 1329 1578 et
1369 1532 1644 1596 praecepta
1674 1525 1880 1599 regalia

256 1628 430 1682 super
452 1612 708 1682 pluribus
736 1628 925 1668 earum
966 1629 1151 1669 rerum
1184 1616 1715 1672 commutationibus
1734 1616 1881 1673 obti-

259 1721 396 1759 nere
447 1707 674 1761 curavit.
739 1707 1033 1764 Canonicis
1100 1725 1327 1782 quoque
1381 1712 1545 1780 hujus
1594 1713 1882 1769 Remensis

256 1798 517 1852 ecclesiae
557 1799 828 1870 hospitale
857 1801 1145 1856 constituit
1174 1803 1243 1856 ad
1273 1804 1683 1875 susceptionem
1715 1821 1878 1876 pere-

254 1889 575 1961 grinorum,
607 1892 692 1945 vel
724 1908 1030 1963 pauperum
1059 1893 1319 1967 congruis
1346 1895 1418 1949 ad
1450 1895 1504 1949 id
1532 1895 1883 1967 rebusdepu—

253 1979 406 2044 tatis,
437 1996 565 2034 cum
588 1995 861 2036 consensu
878 1982 1341 2053 coepiscoporum
1365 1984 1651 2040 Remensis
1673 1986 1882 2042 dicace-

250 2069 1526 2140 seos,atquesubscriptionibuseorumdem,ea
1538 2074 1878 2140 conditione,

255 2164 317 2210 ut
351 2157 509 2211 nullo
559 2174 801 2228 unquam
853 2166 1106 2229 tempore
1165 2161 1399 2231 quilibet
1445 2163 1761 2234 episcopus,
1794 2166 1879 2219 vel

255 2244 532 2316 quaelibet
564 2260 799 2316 persona
815 2247 1039 2301 easdem
1065 2264 1153 2303 res
1177 2249 1435 2321 cuiquam
1460 2252 1515 2306 in
1548 2251 1879 2308 beneficium

252 2334 411 2396 dare,
445 2336 530 2391 vel
564 2335 620 2388 in
649 2336 790 2390 alios
819 2352 953 2391 usus
1000 2353 1337 2410 quocunque
1364 2342 1529 2397 modo
1559 2343 1881 2399 abstrahere

254 2432 581 2495 praesumat,
616 2441 797 2495 neque
814 2425 1300 2497 aliquemcensum
1336 2430 1419 2484 vel
1443 2430 1879 2488 redhibitionem

254 2512 467 2566 exinde
498 2511 754 2582 accipiat,
811 2513 911 2568 sed
944 2521 1116 2569 totum
1149 2516 1423 2588 quidquid
1455 2535 1520 2574 ex
1555 2519 1690 2590 ipsis
1715 2521 1882 2577 rebus

244 2600 400 2669 justo
435 2600 650 2671 acquiri
685 2602 947 2671 potuerit,
979 2602 1038 2658 in
1094 2620 1228 2660 usus
1259 2623 1565 2678 pauperum
1595 2618 1762 2682 atque
1784 2627 1879 2666 ca-

252 2689 614 2754 nonicorum,
645 2691 952 2745 secundum
978 2693 1203 2748 modum
1234 2694 1573 2767 descriptum
1613 2700 1670 2753 in
1710 2700 1882 2771 privi-

248 2782 428 2857 legio,
462 2790 518 2835 et
543 2798 575 2835 a
607 2783 823 2837 caeteris
843 2784 1122 2855 episc0pis
1141 2786 1486 2855 confirmato,
1516 2793 1878 2861 expendatur.

249 2876 438 2945 Super
468 2873 575 2928 hoc
601 2888 822 2946 quoque
854 2876 1155 2933 constituto
1184 2878 1349 2954 regite
1378 2882 1719 2937 auctoritatis
1748 2900 1882 2954 prte-

244 2972 542 3033 ceptuma
572 2964 767 3021 Karolo
816 2982 944 3041 rege
992 2966 1112 3023 fieri
1165 2977 1332 3042 atque
1380 2970 1585 3028 ﬁrmari
1612 2974 1874 3031 obtinuit.

246 3058 359 3113 Res
395 3064 668 3127 praeterea
688 3060 1200 3134 etvillasepiSCOpii
1217 3078 1361 3134 pene
1386 3080 1582 3121 omnes
1608 3067 1879 3124 ordinatis

246 3148 665 3205 rationabiliter
680 3151 916 3207 coloniis
953 3152 1191 3209 describi
1232 3153 1380 3211 fecit.

904 3289 1111 3345 CAPUT
1148 3290 1234 3346 XI.

250 3378 324 3431 De
351 3375 567 3445 synodo
622 3380 1066 3447 comprovinciali
1114 3381 1264 3450 apud
1292 3382 1671 3439 Suessonicam
1695 3386 1880 3442 urbem

963 3451 1155 3506 habita

319 3563 420 3617 Hic
450 3563 800 3620 honorabilis
854 3568 1051 3636 praesul
1088 3568 1428 3638 Ilincmarus,
1462 3589 1608 3630 anno
1638 3575 1723 3631 sui
1756 3576 1880 3648 epi-

249 3659 523 3723 scopatus
548 3653 787 3723 septimo
814 3654 1082 3727 (an.853),
1115 3659 1389 3730 synodum
1404 3662 1598 3719 habuit
1627 3680 1883 3737 compro-

246 3744 549 3798 vincialem
583 3745 730 3814 apud
788 3745 1173 3803 Suessonicam
1221 3752 1518 3820 urbem,in
1546 3756 1880 3814 monasterio

246 3833 427 3888 sancti
452 3832 722 3900 Medardi,
774 3834 828 3889 in
860 3837 1093 3892 ecclesia
1123 3849 1323 3895 sanctae
1361 3841 1642 3900 Trinitatis
1668 3847 1881 3903 honore

252 3930 497 3985 sacrata,
538 3939 666 3978 cum
723 3923 1015 3980 Wenilone
1071 3926 1378 3984 Senonensi
1437 3932 1878 4006 archiepiscopo,

254 4016 536 4071 Amalrico
593 4015 921 4083 Turonensi,
961 4019 1303 4077 Theoderico
1336 4021 1715 4081 Cameracensi
1749 4026 1879 4098 epi-

257 4120 457 4177 scopo,
474 4104 730 4161 Rothado
755 4107 1109 4177 Suessonico,
1144 4111 1301 4182 Lupo
1329 4113 1736 4182 Catalauncnsi,
1762 4117 1879 4171 lm-

258 4209 429 4249 mone
469 4186 921 4269 Noviomagensi,
946 4197 1190 4269 Erpuino
1212 4200 1637 4272 Silvanectensi,
1661 4205 1883 4260 Ermen-

255 4282 403 4338 frido
432 4283 782 4349 Belvacensi,
846 4285 1082 4343 Pardqu
1128 4288 1502 4359 Lauduncnsi,
1565 4293 1880 4351 Ililmerado

198 4438 205 4445 _
254 4376 646 4445 Ambianensi,
679 4378 920 4435 Iluberto
979 4381 1265 4448 Meldensi,
1309 4384 1442 4457 Agio
1474 4386 1878 4455 Aurelianensi,

256 4470 568 4526 Prudentio
597 4470 939 4539 Trecassino,
1000 4473 1312 4531 Hermanno
1365 4477 1711 4545 Nivernensi,
1740 4480 1877 4535 Jona
1906 4506 1961 4574 Ι)

254 4563 748 4639 .\ugustodunensi
781 4606 797 4629 ,
853 4565 1160 4622 Godelsado
1221 4566 1592 4634 Cavilonensi,
1655 4571 1879 4626 Dodone

251 4653 670 4730 .indegavensi,
727 4655 1030 4712 Guntberto
1100 4656 1440 4727 Ebroicensi,
1505 4660 1879 4717 Hildebranno

1980 535 2279 600 Radoldus,
2313 531 2591 598 Gislodus,
2658 528 2922 586 Vulfadus
2964 530 3084 602 [ms.
3119 530 3420 601 Voltadus],
3453 530 3587 586 Fre-

1980 630 2244 688 debertus
2269 642 2334 681 ex
2366 622 2649 681 canonicis
2679 622 2857 693 ipsius
2903 622 3111 676 matris.
3145 621 3420 689 Ecclesiae,
3444 621 3592 695 Sigi-

1978 718 2219 774 mundus
2238 731 2303 770 ex
2325 712 2582 769 ccenobio
2611 710 2785 766 sancti
2812 710 3134 766 Theoderici
3161 728 3175 776 ;
3209 727 3273 766 ex
3306 712 3592 766 monachis

1978 814 2162 863 autem
2202 802 2525 861 monasterii
2562 800 2737 856 sancti
2770 799 3028 874 Remigii,
3059 799 3373 867 Nortvinus,
3428 800 3593 854 Hein-

1979 899 2163 960 radus,
2187 896 2520 970 Mauringus.
2554 894 2820 959 Antheus,
2853 890 3172 957 Tetlandus,
3207 891 3587 957 Hairohaldus,

1982 986 2265 1049 Radulfus,
2325 985 2659 1056 Wicpertus,
2718 980 3095 1036 clamaverunt
3146 994 3448 1050 suspensos
3476 995 3590 1034 sea

1981 1076 2207 1149 praefato
2238 1074 2659 1145 archiepiscOpo
2679 1086 2780 1126 suo
2824 1068 2893 1124 ab
2925 1067 3405 1123 administratione
3436 1067 3593 1123 ordi-

1980 1185 2111 1223 num
2145 1165 2668 1229 ecclesiasticorum,
2700 1162 2768 1217 ad
2795 1176 2935 1233 quos
2980 1160 3049 1214 ab
3093 1159 3277 1213 Ebone
3309 1156 3588 1229 quondam

1980 1259 2223 1331 prOVecti
2256 1257 2492 1313 fuerant.
2526 1256 2705 1325 Super
2729 1270 2839 1327 qua
2852 1252 3240 1308 reclamatione
3262 1249 3431 1324 elegit
3451 1265 3595 1320 prae-

1982 1359 2204 1408 notatus
2231 1348 2478 1422 pontifex
2513 1348 2837 1403 Ilincmarus
2858 1345 3077 1414 judices
3106 1344 3212 1398 sibi
3242 1342 3591 1397 Wenilonem

1983 1449 2039 1497 et
2067 1440 2399 1495 Almaricum
2421 1453 2590 1508 supra
2627 1444 2837 1491 taxatos
2879 1433 3354 1505 archiepiscopos.
3384 1431 3596 1485 Pardu-

1978 1530 2092 1585 lum
2124 1544 2351 1601 quoque
2408 1527 2828 1582 Laudunensem
2882 1523 3228 1594 episcopum,
3275 1520 3369 1592 qui
3401 1519 3457 1574 in
3489 1520 3595 1574 hoc

1976 1621 2190 1691 judicio
2219 1621 2398 1675 locum
2430 1618 2868 1690 metropolitanae
2907 1631 3022 1670 sua:
3052 1620 3326 1669 servasset
3350 1611 3597 1667 auctori-

1984 1716 2129 1772 tatis.
2166 1714 2274 1786 Ipsi
2316 1713 2641 1768 clamatores
2684 1710 2908 1766 eosdem
2935 1708 3155 1777 judices
3201 1708 3591 1778 suscipientes,

1906 1768 1955 1835 Β
1981 1768 2316 1860 addiderunt
2343 1802 2509 1858 etiam
2568 1768 2954 1855 Prudentium-
2987 1796 3323 1852 Trecassinte
3353 1768 3594 1851 civitatis

1981 1892 2324 1963 episcOpum.
2342 1890 2401 1944 Hi
2424 1889 2646 1957 judices
2665 1886 2948 1943 constituti
2971 1887 3077 1943 hoc
3083 1887 3405 1955 judicarunt
3420 1887 3590 1957 quod,

1980 1982 2028 2036 si
2057 1980 2169 2036 Ebo
2199 1978 2653 2049 archiepiscopus
2679 1978 2737 2031 in
2766 1991 2867 2031 suo
2898 1983 3042 2030 statu
3074 1991 3306 2029 manens
3326 1974 3595 2029 canonice

1981 2070 2081 2125 hos
2097 2069 2295 2123 fratres
2318 2065 2678 2133 ordinaverit,
2702 2065 2972 2120 deberent
3001 2064 3333 2119 ministrare.
3353 2063 3408 2118 Si
3426 2064 3594 2119 etiam

1981 2160 2184 2229 injuste
2224 2145 2497 2227 dejectus,
2535 2166 2591 2211 et
2641 2155 2908 2210 canonice
2941 2154 3244 2215 restitutus.
3280 2160 3403 2224 post
3440 2169 3595 2208 suam

1980 2248 2304 2305 canonicam
2335 2245 2739 2303 restitutionem
2806 2244 3033 2300 eosdem
3081 2243 3444 2309 ordinaverit,
3474 2242 3597 2297 sine

1980 2341 2092 2396 ulla
2121 2340 2427 2412 quaestione
2457 2338 2727 2394 deberent
2757 2336 2921 2392 etiam
2948 2335 3283 2391 ministrare.
3317 2334 3472 2389 Unde
3505 2334 3594 2388 in-

1979 2433 2238 2506 terrogati
2296 2438 2425 2486 sunt
2468 2430 2817 2487 ordinatores
2874 2427 3168 2492 ﬂincmari,
3220 2436 3275 2481 ut
3306 2427 3593 2481 edicerent

1981 2540 2103 2597 quae
2135 2524 2206 2579 de
2238 2523 2445 2579 Ebonis
2474 2521 2846 2594 depositione,
2880 2528 2935 2575 et
2964 2520 3035 2574 de
3060 2518 3336 2574 llmcmari
3361 2532 3594 2587 compe-

1982 2612 2188 2668 rissent
2212 2610 2579 2667 ordinatione.
2614 2610 2767 2664 'I‘unc
2800 2623 3036 2683 surgens
3082 2604 3458 2661 Theodericus
3486 2604 3595 2659 Ca-

1979 2704 2319 2761 meracensis
2349 2703 2647 2774 episcopus
2667 2700 2910 2772 porrexit
2966 2700 3021 2753 in
3045 2706 3347 2770 conspectu
3378 2697 3594 2769 princi-

1981 2795 2069 2866 pis
2088 2801 2144 2849 et
2168 2792 2367 2864 synodi
2389 2791 2676 2861 scriptum,
2708 2789 3001 2845 continens
3023 2787 3274 2844 ordinem
3293 2787 3597 2858 depositio-

1980 2883 2067 2938 nis
2122 2880 2332 2953 prtefati
2391 2880 2616 2936 Ebonis.
2677 2880 2808 2935 Tum
2869 2878 3188 2933 ventilatum
3228 2884 3312 2932 est
3362 2876 3599 2948 qualiter

1979 2981 2362 3031 exauctoratus
2382 2971 2677 3044 episcopus
2698 2971 2918 3027 restitui
2941 2969 3162 3033 debeat,
3206 2975 3266 3024 ut
3287 2968 3419 3040 quia
3449 2967 3596 3023 idem

1982 3062 2094 3119 Ebo
2126 3064 2413 3119 restitutus
2450 3063 2717 3118 canonice
2772 3077 2883 3117 non
2938 3060 3124 3127 fuerit,
3185 3059 3413 3130 insuper
3441 3056 3595 3114 etab

1909 3138 1958 3207 C
1980 3156 2284 3227 apostolica
2310 3156 2446 3211 sede
2469 3155 2658 3228 Sergio
2682 3171 2825 3227 papa
2855 3153 3213 3210 conlirmante
3226 3151 3595 3221 dejectionem

1979 3249 2150 3316 illius,
2182 3249 2473 3305 damnatus
2508 3248 2804 3311 exstiterit,
2863 3257 2924 3302 ut
2956 3247 3012 3300 in
3052 3246 3190 3301 laica
3214 3246 3357 3317 [ms.,
3390 3244 3588 3316 laicali]

1981 3341 2363 3398 tantummodo
2428 3340 2821 3397 communione
2878 3346 3149 3393 maneret.
3199 3339 3333 3393 Tum
3366 3336 3595 3391 recitata

1979 3434 2330 3499 auctoritate,
2363 3449 2433 3505 qu
2445 3433 2606 3487 aliter
2631 3432 3091 3503 metropolitanus
3104 3430 3307 3486 debeat
3325 3428 3595 3495 ordinari,

1982 3525 2182 3583 litteris
2212 3540 2435 3597 quoque
2466 3524 2742 3580 caconicis
2764 3522 3141 3587 Erchamradi,
3160 3520 3408 3592 episcopi
3445 3519 3599 3575 Pari-

1980 3618 2188 3673 siorum
2224 3616 2504 3683 Ecclesiae,
2547 3612 2889 3670 conﬁrmatis
2920 3628 3018 3666 sua
3055 3611 3255 3682 suique
3311 3608 3596 3680 archiepi-

1980 3710 2155 3780 scopi,
2190 3718 2244 3765 et
2274 3709 2732 3779 coepiscoporum
2790 3720 3016 3760 suorum
3041 3702 3318 3769 manibus,
3360 3716 3501 3772 quas
3529 3699 3597 3753 ad

1983 3803 2311 3874 petitionem
2340 3800 2626 3855 Remensis
2670 3798 2948 3863 Ecclesiae,
2993 3796 3126 3851 cleri
3159 3811 3223 3850 ac
3254 3794 3434 3865 plebis
3464 3793 3596 3846 Ilin-

1981 3907 2167 3949 cmaro
2188 3891 2495 3954 tribuerat;
2528 3889 2751 3943 decreto
2798 3887 2962 3941 etiam
3003 3885 3274 3941 canonico
3304 3884 3597 3938 Remorum

1982 3982 2115 4038 cleri
2144 3981 2528 4052 nobiliumque
2554 3978 2810 4032 manibus
2834 3975 3117 4039 roborato,
3168 3973 3405 4045 qualiter
3442 3987 3599 4026 eum-

1982 4077 2108 4131 dem
2138 4077 2487 4130 Hincmarum
2530 4072 2637 4126 sibi
2694 4069 3042 4142 postularunt
3095 4066 3341 4123 ordinari
3372 4064 3595 4136 episco-

1984 4189 2113 4244 pum
2134 4180 2418 4228 ostensum
2446 4178 2530 4224 est
2558 4166 2825 4224 canonice
2856 4179 2980 4219 cum
3016 4162 3328 4233 praesentia,
3353 4161 3439 4215 vel
3469 4173 3597 4214 con-

1981 4282 2147 4322 sensu
2171 4265 2418 4323 omnium
2466 4261 2924 4333 coepiscOporum
2977 4256 3265 4313 Remensis
3294 4255 3600 4310 diteceseos

1983 4378 2110 4417 eum
2138 4361 2453 4416 ordinatum
2483 4355 2985 4427 archiepiscOpum.
3035 4351 3162 4407 Post
3191 4352 3309 4405 htec
3364 4363 3599 4424 surgens

1982 4455 2130 4509 idem
2164 4454 2507 4514 Hincmarus,
2566 4450 2622 4505 in
2666 4453 3026 4519 conspectum
3074 4444 3177 4516 ]ms
3209 4485 3223 4511 ,
3274 4442 3594 4513 conspectu]

1985 4550 2256 4621 principis
2280 4556 2335 4605 et
2361 4546 2582 4619 synodi,
2631 4543 2872 4617 porrexit
2902 4543 3113 4596 litteras
3141 4539 3437 4596 canonicas
3464 4552 3601 4610 quas

1979 4641 2292 4697 ordinatum
2322 4639 2463 4695 sacri
2512 4651 2757 4692 canones
2808 4634 2876 4689 ab
2903 4631 3316 4689 ordinatoribus
3343 4629 3600 4699 accipere

253 4744 536 4815 Sagiensi,
572 4743 864 4817 Rigboldo,
926 4746 1217 4802 Remorum
1260 4749 1680 4820 choreptscopo.
1717 4751 1878 4805 Resi-

1980 4731 2196 4801 jubent,
2251 4730 2399 4784 diem
2464 4727 2823 4800 prtefercntes
2881 4730 2936 4779 et
2985 4724 3291 4779 consulem.
3354 4718 3600 4776 Porrexit

253 4834 523 4888 dentibus
562 4835 725 4889 etiam
786 4836 1126 4906 presbyteris
1195 4847 1248 4892 et
1307 4838 1622 4903 abbatibus,
1656 4839 1879 4895 Dodone

253 4926 456 4980 abbate
492 4929 813 4983 monasterii
845 4929 1252 4991 sancliSabini,
1279 4931 1428 5001 Lupo
1452 4931 1667 4987 abbatc‘
1687 4947 1882 4987 mona-

254 5019 408 5072 sterii
443 5018 598 5090 quod
632 5018 837 5074 dicitur
864 5020 1194 5087 Ferrarium,
1229 5021 1508 5076 Bcrnardo
1536 5021 1737 5076 abbate
1762 5037 1882 5077 mo-

255 5108 480 5161 nasterii
517 5109 693 5162 sancti
746 5107 1053 5173 Benedicti,
1096 5108 1246 5179 quod
1307 5109 1511 5164 dicitur
1552 5110 1878 5178 Floriacum,

255 5192 443 5248 Odone
506 5194 828 5249 monasterii
886 5198 1036 5268 quod
1092 5200 1294 5254 dicitur
1345 5201 1612 5269 Corbeize,
1654 5202 1881 5259 Heriaco

254 5285 583 5340 monasterii
637 5285 949 5353 Corbionis,
986 5290 1198 5346 Bavone
1243 5293 1563 5348 monasterii
1594 5293 1879 5348 Orbacen-

250 5374 350 5440 sis,
384 5385 440 5431 ct
471 5378 903 5448 quampluribus
928 5382 1055 5436 aliis
1081 5384 1460 5439 sacerdotibus
1483 5393 1539 5440 et
1562 5385 1878 5453 abbatibus,

251 5464 568 5519 astantibus
598 5465 928 5524 diaconibus
955 5486 1020 5525 ac
1050 5472 1388 5543 reliquorum
1414 5474 1685 5547 graduum
1708 5475 1877 5539 clero,

252 5555 557 5611 Residente
589 5573 815 5631 quoque
858 5561 915 5615 in
970 5563 1153 5618 medio
1211 5565 1453 5637 glorioso
1506 5581 1636 5639 rege
1662 5565 1876 5622 Karolo.

254 5647 357 5702 Ubi
390 5650 648 5720 quaedam
715 5654 1029 5709 necessaria
1093 5656 1348 5712 Ecclesia:
1381 5658 1472 5713 Dei
1497 5669 1628 5713 sunt
1666 5669 1883 5730 pertra-

250 5743 398 5792 ctata
420 5740 665 5810 negotia.
689 5738 769 5795 Ad
788 5756 951 5813 quam
983 5745 1252 5815 synodum
1288 5746 1619 5802 accedentes
1650 5746 1877 5819 quidam

1983 4825 2149 4881 etiam
2173 4824 2464 4897 epistolam
2498 4820 2788 4878 Remensis
2815 4818 3134 4890 provincia},
3167 4834 3232 4874 ac
3261 4832 3403 4889 pene
3434 4814 3600 4871 totius

1982 4920 2168 4975 Galliae
2199 4919 2459 4975 manibus
2492 4917 2879 4989 episcoporum
2933 4914 3322 4984 subscriptam,
3354 4911 3423 4967 ad
3454 4925 3596 4982 apo-

1981 5011 2228 5065 stolicam
2259 5010 2449 5065 sedem
2468 5004 3000 5080 proconﬁrmatione
3021 5003 3197 5075 ipsius
3227 5000 3599 5058 ordinationis

1981 5105 2184 5160 datam.
2219 5102 2469 5159 Ostendit
2495 5102 2661 5157 etiam
2689 5100 2936 5171 diploma
2965 5113 3203 5165 sacrum,
3222 5096 3398 5168 ipsius
3426 5109 3599 5150 vene-

1983 5198 2140 5255 randi
2173 5197 2440 5269 principis
2489 5196 2749 5251 manibus
2790 5193 3137 5267 insignitum,
3173 5201 3227 5247 et
3249 5191 3435 5265 sigillo
3461 5189 3598 5245 sub-

1984 5289 2363 5364 tersignatum,
2393 5304 2459 5342 ex
2483 5285 2886 5358 approbatione
2936 5299 3050 5339 sua)
3102 5283 3471 5341 ordinationis
3527 5280 3595 5335 ad

1982 5380 2232 5435 eamdem
2257 5387 2501 5433 sanctam
2559 5385 2615 5433 et
2667 5375 3025 5447 apostolicam
3085 5376 3382 5432 Romanam
3406 5373 3597 5428 Eccle-

1980 5472 2139 5526 siam.
2205 5471 2405 5541 Sicque
2458 5470 2766 5539 judicatum
2817 5478 2984 5542 atque
3068 5468 3451 5524 confirmatum
3510 5472 3595 5519 est

1983 5559 2331 5613 Hincmarum
2361 5561 2684 5632 episcopum
2716 5561 2981 5616 canonice
3021 5560 3356 5615 ordinatum.
3383 5554 3591 5610 Deinde

1978 5653 2299 5708 ventilatum
2324 5661 2426 5717 est,
2460 5655 2595 5727 quid
2618 5654 3027 5709 decernendum
3060 5653 3202 5708 foret
3223 5652 3292 5706 de
3313 5650 3418 5714 his,
3452 5663 3592 5720 quos

1978 5746 2095 5802 Ebo
2133 5755 2259 5819 post
2285 5764 2439 5803 suam
2470 5748 2899 5821 depositionem,
2930 5749 3141 5819 absque
3170 5745 3418 5821 legitima
3433 5745 3591 5802 resti-
