4040 6176
453 290 556 346 155

1560 285 1928 342 FLODOARDI
1969 283 2274 340 CANONICI
2315 283 2643 339 REMENSIS

3672 285 3790 342 156

451 415 684 482 tutione,
713 419 1139 485 praesumpserat
1164 413 1443 469 ordinare.
1463 413 1613 468 Tunc
1632 429 1865 486 surgens
1886 413 2055 468 lmmo
2079 418 2132 485 Α
2157 414 2362 488 gradus
2382 411 2786 468 ecclesiasticos
2835 412 3092 468 obtinere
3139 428 3248 469 non
3302 413 3578 479 valebant,
3623 429 3791 469 com-

447 504 895 577 Noviomagensis
925 504 1243 575 episcopus,
1276 503 1518 574 porrexit
1544 503 1780 558 rotulum
1812 503 2061 574 [ms.,ro-

450 596 636 667 tulam]
662 594 1040 651 auctoritatem
1083 594 1406 650 canonicam
1458 601 1513 650 et
1543 595 1902 666 apostolicam
1924 610 2062 650 con-

449 692 737 754 tinentem,
782 692 1047 762 quoniam
1083 690 1178 763 qui
1200 691 1269 746 ab
1304 691 1426 762 ipso
1452 691 1554 746 visi
1580 690 2061 748 fuerantordinari

444 782 499 836 in
517 782 719 854 gradus
744 782 1172 848 ecclesiasticos,
1220 781 1289 836 ab
1328 782 1552 850 eodem,
1610 783 1756 855 quod
1789 783 1908 854 ipse
1949 797 2061 837 non

446 876 659 942 habuit,
694 892 855 932 nemo
886 893 1078 934 eorum
1109 877 1364 948 accipere
1395 879 1595 950 potuit,
1629 885 1684 934 et
1713 887 1929 934 caetera.
1951 879 2062 934 Sic-

443 983 554 1038 que
591 967 875 1022 decretum
902 975 1008 1034 est,
1041 976 1100 1024 ut
1129 969 1397 1040 quidquid
1423 969 1477 1023 in
1499 969 1948 1024 ordinationibus
1967 985 2061 1024 ec-

441 1061 765 1118 clesiasticis
795 1061 910 1118 Ebo
941 1070 1065 1134 post
1095 1063 1500 1134 depositionem
1547 1080 1703 1119 suam
1725 1075 1934 1140 egerat,
1966 1080 2060 1120 se-

439 1152 682 1208 cundum
702 1152 1055 1208 traditionem
1078 1153 1396 1224 apostolicae
1415 1154 1586 1222 sedis,
1606 1161 1805 1226 prmter
1837 1171 2052 1210 sacrum

441 1247 714 1318 baptisma
743 1249 911 1320 (quod
943 1250 998 1304 in
1038 1249 1263 1306 nomine
1317 1256 1519 1306 sanctae
1547 1249 1830 1306 Trinitatis
1869 1250 2054 1322 perfe-

443 1348 590 1396 ctum
618 1346 719 1410 est)
750 1343 962 1398 irritum
994 1344 1313 1408 haberetur,
1372 1355 1428 1400 et
1457 1345 1697 1402 ordinati
1730 1346 1798 1400 ab
1829 1361 1897 1402 eo
1927 1363 2053 1419 gra-

442 1435 608 1491 dibus
639 1437 1026 1494 ecclesiasticis
1053 1439 1252 1510 privati
1285 1440 1608 1496 existerent.
1650 1441 1802 1497 Tunc
1824 1458 1966 1497 unus
1986 1460 2052 1499 ex

441 1531 721 1602 praedictis
775 1534 1038 1590 fratribus
1083 1535 1310 1590 nomine
1376 1536 1746 1591 Fredebertus
1803 1536 2054 1592 libellum

441 1626 890 1695 proclamationis
918 1627 1072 1704 legit,
1109 1631 1162 1684 in
1188 1643 1297 1702 quo
1328 1628 1736 1695 continebatur,
1761 1631 1908 1699 quod
1929 1630 2056 1686 ideo

441 1733 499 1770 se
526 1717 593 1770 ab
629 1717 815 1773 Ebone
875 1721 1260 1790 permisissent
1307 1720 1573 1786 ordinari,
1633 1720 1764 1792 quia
1807 1722 2058 1778 viderant
2088 1740 2138 1808 Β

439 1807 818 1884 suﬂ‘raganeos
844 1812 1131 1868 Remensis
1185 1813 1465 1880 Ecclesiae,
1518 1813 1827 1869 Rothadum
1857 1814 2058 1870 videli-

441 1911 528 1954 cet
557 1901 907 1972 episcopum,
975 1903 1206 1975 Lupum,
1257 1904 1593 1972 Simeonem,
1650 1905 1949 1976 Erpuinum
2002 1907 2058 1961 in

442 1990 791 2060 metropolim
831 1992 1159 2047 Remensem
1209 1993 1499 2048 ecclesiam
1545 1995 1874 2051 convenisse
1932 2013 2058 2052 cum

443 2077 640 2132 litteris
691 2079 929 2135 Lotharii
991 2081 1362 2152 imperatoris,
1420 2091 1476 2138 et
1505 2083 1763 2138 eumdem
1812 2084 2058 2140 Ebonem

442 2169 768 2224 restituisse.
826 2171 887 2225 Et
935 2171 1162 2243 insuper
1214 2174 1582 2229 ostenderunt
1643 2174 1810 2230 iidem
1845 2177 2055 2247 praefati

438 2259 622 2314 clerici
642 2260 855 2316 litteras
881 2263 1036 2333 quasi
1071 2279 1136 2318 ex
1155 2263 1382 2319 nomine
1412 2263 1741 2320 Theoderici
1779 2266 2056 2337 episcOpi,

439 2350 695 2418 Rothadi,
727 2353 885 2420 Ludi,
915 2354 1196 2422 Immonis,
1230 2371 1294 2410 ac
1324 2363 1652 2412 caeterorum
1712 2358 1876 2427 hujus
1905 2359 2054 2415 dice-

439 2457 629 2499 ceseos
657 2444 1048 2516 episcOporum
1070 2447 1326 2502 manibus
1354 2448 1639 2504 roboratas
1670 2467 1830 2522 ;quze
1873 2459 2060 2506 tamen

438 2533 507 2587 ab
533 2535 746 2590 eisdem
775 2537 1055 2609 episc0pis
1107 2539 1347 2594 recitatae
1382 2539 1442 2610 [i,
1496 2540 1651 2596 lectae
1699 2544 1746 2609 Γ,
1791 2542 2057 2614 refutatze]

440 2624 702 2698 falsaeque
748 2635 877 2683 sunt
906 2630 1282 2700 comprobatae
1310 2649 1324 2697 ;
1355 2639 1410 2686 et
1458 2633 1587 2703 quia
1617 2633 1751 2688 talia
1781 2635 2062 2706 episcOpis

442 2716 754 2789 impingere
811 2722 1282 2792 praesumpserint,
1336 2723 1474 2791 jussi
1506 2732 1634 2778 sunt
1662 2727 2058 2782 communione

441 2804 667 2874 privari.
701 2806 794 2860 His
833 2807 906 2861 ita
939 2810 1267 2873 terminatis,
1329 2811 1553 2867 decreto
1587 2813 1859 2881 judicum,
1893 2822 2060 2887 atque

443 2905 715 2948 consensu
739 2895 1027 2966 principis,
1045 2898 1366 2953 Hincmarus
1383 2900 1836 2972 archiepisc0pus
1851 2903 2059 2973 prima-

446 2991 533 3038 tus
550 2987 632 3040 sui
659 2988 840 3042 locum
866 2991 1089 3059 recepit.
1119 2992 1252 3046 Tum
1277 2991 1348 3045 de
1375 2991 1700 3064 presbytero
1726 2994 1973 3064 quodam
2005 3005 2061 3052 et

445 3078 645 3134 abbate
675 3080 993 3138 Altivillaris
1057 3085 1322 3154 coenobii,
1384 3087 1612 3142 nomine
1667 3086 1960 3156 Halduino,
1989 3090 2058 3144 ab

445 3168 636 3226 Ebone
663 3171 932 3227 diaconus
971 3173 1123 3228 visus
1163 3175 1338 3230 fuerat
1395 3175 1702 3242 ordinatus,
1761 3185 1816 3232 et
1845 3193 1876 3232 a
1906 3178 2062 3250 Lupo

451 3270 642 3333 postea
664 3264 1046 3321 Catalaunensi
1091 3267 1356 3339 episcOpo
1398 3269 1688 3340 presbyter
1717 3268 1896 3326 fuerat
1921 3287 2059 3326 con-

447 3362 714 3424 secratus,
763 3366 907 3414 mota
954 3368 1039 3414 est
1077 3360 1329 3432 quaestio.
1366 3361 1612 3434 Surgens
1663 3361 1850 3434 itaque
1884 3365 2068 3436 Lupus

448 3445 764 3517 episcolius,
799 3449 1042 3518 porrexit
1090 3451 1372 3517 volumen,
1406 3451 1462 3505 in
1511 3469 1622 3523 quo
1653 3455 2060 3520 continebatur,

449 3537 727 3604 quomodo
751 3537 942 3606 jussus
987 3548 1070 3594 est
1121 3540 1292 3610 regiis
1343 3541 1541 3597 litteris
1586 3543 1763 3598 Karoli
1815 3547 1961 3621 regis
2003 3553 2064 3601 ut

448 3625 578 3696 quia
607 3627 929 3696 metropolis
987 3627 1282 3684 Remorum
1318 3630 1552 3686 ecclesia
1571 3640 1787 3702 pastore
1817 3635 2062 3702 carebat,

450 3713 505 3767 in
535 3713 884 3772 confectione
915 3717 1246 3784 chrismatis,
1278 3720 1512 3793 aliisque
1530 3723 1768 3798 negotiis
1797 3725 2065 3782 ecclesia-

451 3803 606 3858 sticis
653 3821 753 3875 pro
809 3807 893 3861 sui
945 3807 1314 3878 possibilitate
1379 3813 1667 3869 consulere
1721 3825 2060 3884 procuraret.

453 3897 720 3962 Quocirca
757 3916 881 3956 cum
912 3901 1148 3973 epistola
1207 3903 1357 3978 regia
1387 3914 1448 3960 ut
1497 3906 1677 3977 ipsum
1729 3908 2063 3964 Halduinum

453 3990 835 4062 presbyterum
866 3993 1166 4057 ordinaret,
1191 4003 1358 4067 atque
1381 3996 1437 4050 in
1460 3996 1746 4053 Altivillari
1781 4005 2064 4054 monaste-

451 4081 534 4137 rio
564 4083 820 4139 abbatem
879 4095 1138 4153 sacraret,
1187 4088 1608 4144 archidiaconus
1648 4090 1936 4144 Remensis
1965 4091 2062 4146 Ec-

447 4171 650 4238 clesiae,
683 4188 808 4228 cum
835 4174 960 4228 aliis
1006 4176 1401 4232 comministris
1447 4187 1557 4233 tam
1588 4179 1872 4234 canonicis
1897 4197 2062 4252 quam

450 4267 756 4334 monachis,
789 4267 867 4321 illi
894 4267 1156 4323 obtulerit
1189 4284 1204 4337 ;
1237 4287 1516 4343 quemque
1547 4273 1614 4326 ad
1641 4280 1828 4328 votum
1853 4273 2062 4344 praefati

451 4360 721 4432 principis
749 4367 804 4416 et
831 4360 1177 4416 offerentium
1193 4362 1546 4421 ordinaverit.
1582 4363 1736 4418 Unde
1751 4363 2062 4434 judicatum

2161 505 2482 561 munionem
2513 505 2704 560 saltem
2732 505 2980 576 recipere
3008 514 3237 576 possent
3266 524 3364 578 per
3380 508 3575 580 synodi
3599 507 3796 562 indul-

2160 598 2426 670 gentiam.
2457 597 2614 663 Quod
2666 604 2722 652 et
2773 597 2950 668 pietas
2995 599 3353 654 sacerdotalis
3415 600 3650 655 licenter
3689 615 3790 653 as-

2161 685 2353 753 sensit,
2388 693 2443 738 et
2468 684 2900 740 misericorditer
2959 686 3171 740 eisdem
3234 685 3496 743 fratribus
3552 688 3783 742 veniam

2161 776 2452 832 concessit.
2489 775 2553 830 Et
2607 777 2682 830 ita
2741 778 2857 832 haec
2911 777 3097 832 omnia
3145 779 3312 853 gestis
3371 779 3597 844 inserta.
3632 787 3692 835 et
3725 780 3783 834 in

2161 871 2520 936 conspectum
2589 865 2733 936 [ms.,
2797 866 3114 937 conspectu]
3172 868 3368 938 synodi
3437 869 3691 936 recitata,
3726 877 3786 924 et

2161 966 2278 1012 rata
2301 957 2568 1026 judicata,
2622 957 3009 1029 praedictorum
3053 960 3307 1016 manibus
3359 961 3786 1032 episcoporum,

2161 1056 2214 1104 et
2243 1049 2497 1117 aliorum,
2560 1050 2654 1122 qui
2713 1049 3039 1118 interfuere,
3101 1051 3513 1124 subscriptione
3554 1053 3785 1109 ﬁrmata

2159 1151 2308 1200 sunt.

2226 1237 2355 1300 Quae
2375 1237 2518 1291 actio
2561 1236 2758 1308 synodi
2814 1237 2930 1292 sedi
2981 1235 3298 1308 apostolicae
3352 1237 3420 1292 ab
3481 1238 3788 1296 Hincmaro

2155 1326 2384 1392 directa,
2424 1335 2480 1382 et
2507 1327 2854 1383 aBenedicto
2885 1344 3026 1399 papa
3066 1326 3264 1382 Leonis
3285 1328 3517 1399 {LcolV)
3549 1345 3789 1385 succes-

2154 1436 2279 1476 sore
2333 1421 2689 1476 corroborata
2738 1429 2840 1475 est.
2899 1421 2999 1485 Qui
3057 1419 3219 1475 etiam
3266 1421 3597 1476 Benedictus
3656 1425 3789 1489 {Be-

2157 1513 2278 1568 ned.
2321 1514 2422 1584 III)
2475 1528 2620 1584 papa
2673 1511 3024 1586 privilegium
3080 1511 3403 1567 auctoritate
3436 1511 3584 1567 beati
3609 1513 3791 1579 Petri,

2159 1615 2213 1663 et
2241 1607 2560 1679 apostolicae
2593 1607 2769 1678 ipsius
2823 1607 2973 1662 sedis
3005 1607 3136 1663 huic
3168 1607 3390 1678 praesuli
3424 1616 3614 1663 nostro
3645 1607 3788 1662 lliu-

2163 1719 2347 1759 cmaro
2381 1701 2612 1758 contulit
2637 1703 2814 1772 (epist.
2864 1703 2936 1772 1),
2960 1701 3217 1756 sanciens
3248 1716 3314 1756 ne
3343 1700 3582 1772 quilibet
3614 1701 3790 1769 hujus

2164 1796 2471 1850 direceseos
2501 1793 2708 1868 regulis
2751 1793 3061 1863 subjectus,
3098 1809 3165 1848 eo
3208 1792 3790 1864 contemptoimpune

2160 1891 2409 1958 auderet,
2460 1906 2558 1944 seu
2615 1891 2823 1945 valeret
2875 1889 3057 1943 aliena
3117 1897 3398 1960 expetere,
3455 1896 3548 1943 aut
3576 1904 3791 1959 exspe-

2161 1997 2310 2042 ctare
2371 1984 2605 2053 judicia.
2673 1985 2778 2039 Sed
2841 1984 3081 2038 domnus
3149 1982 3402 2038 Nicolaus
3468 1985 3666 2049 (Nicol.
3745 1986 3789 2051 Ι)

2162 2080 2410 2150 ejusdem
2444 2078 2727 2134 Benedicti
2757 2093 3062 2144 successor,
3088 2076 3403 2149 petentibus
3427 2076 3620 2131 sedem
3653 2093 3794 2148 apo-

2160 2171 2410 2226 stolicam
2467 2168 3084 2240 praanotatis-dejectis.
3141 2177 3572 2239 prtememoratze
3625 2175 3793 2241 gesta

2158 2265 2353 2337 synodi
2405 2271 2730 2319 retractasse
2788 2271 2952 2334 atque
3018 2261 3444 2333 reprehendisse
3501 2260 3792 2332 reperitur

2160 2360 2341 2426 (epist,
2373 2356 2482 2427 46),
2509 2354 2784 2426 praecipue
2799 2353 2948 2425 quod
2969 2352 3412 2408 solaobedientia
3427 2351 3790 2406 subditorum

2163 2457 2411 2522 reputata
2471 2449 2664 2504 fuisset
2714 2448 2768 2501 in
2818 2447 3060 2517 culpam,
3109 2453 3162 2502 et
3201 2447 3294 2517 qui
3330 2445 3540 2516 praelati
3563 2445 3792 2514 judicio

2164 2552 2373 2598 temere
2412 2556 2523 2596 non
2556 2542 2901 2606 restiterunt,
2921 2541 3020 2595 sed
3044 2539 3328 2594 humiliter
3345 2538 3486 2593 colla
3509 2539 3794 2594 subdide-

2165 2639 2312 2698 runt,
2341 2631 2688 2687 severissime
2743 2631 3095 2701 punirentur,
3145 2635 3199 2684 et
3220 2628 3312 2699 qui
3341 2628 3793 2684 misericordiam

2166 2725 2500 2797 petiverant,
2530 2738 2632 2778 nec
2648 2723 2882 2791 justum,
2915 2731 2976 2776 ut
3007 2721 3222 2786 asserit,
3244 2720 3517 2789 judicium
3565 2737 3797 2776 merue-

2162 2816 2292 2870 rint.
2328 2813 2551 2868 lntimat
2606 2812 2771 2866 etiam
2823 2811 3102 2882 quomodo
3151 2810 3408 2865 dominus
3460 2809 3801 2866 Hincmarus

2163 2921 2261 2978 pro
2292 2905 2378 2960 his
2407 2903 2542 2958 actis
2567 2901 2787 2957 concilii
2818 2901 2984 2957 Leoni
3017 2917 3174 2972 papa:
3220 2915 3330 2955 non
3362 2899 3534 2954 semel
3561 2900 3795 2971 suppli-

2161 3016 2253 3056 ces
2282 3000 2493 3055 litteras
2513 2997 2744 3064 miserit,
2777 3001 3052 3067 quatenus
3075 2994 3219 3049 idem
3251 2992 3547 3048 concilium
3577 3008 3797 3063 appro-

2085 3093 2318 3177 Cbans,
2381 3089 2706 3145 auctoritate
2758 3086 3061 3159 apostolica
3112 3085 3433 3177 roboraret.
3484 3084 3637 3149 Quod
3697 3085 3800 3177 ille

2164 3197 2328 3256 agere
2357 3179 2592 3236 sollicite
2640 3177 2907 3242 renuerit,
2968 3191 3036 3232 eo
3059 3176 3206 3248 quod
3241 3191 3339 3246 per
3365 3174 3585 3246 aliquos
3612 3189 3680 3228 ex
3701 3173 3800 3229 his

2164 3270 2462 3343 episcopis,
2495 3269 2588 3340 qui
2621 3267 2834 3339 synodo
2879 3265 3219 3329 resederant,
3249 3273 3308 3319 ut
3338 3264 3612 3320 dubitatio
3644 3264 3800 3320 foret

2170 3362 2434 3416 radicitus
2468 3359 2678 3426 evulsa,
2739 3357 2986 3426 ejusdem
3021 3353 3216 3426 synodi
3273 3361 3476 3409 statuta
3523 3355 3803 3410 destinari

2167 3454 2516 3519 debuissent,
2549 3450 2827 3522 przecipue
2851 3465 2974 3504 cum
3023 3447 3230 3502 ibidem
3285 3446 3448 3519 legati
3478 3447 3628 3502 sedis
3649 3463 3802 3519 apo-

2164 3544 2375 3600 stolicze
2403 3551 2711 3614 praesentes
2742 3555 2854 3595 non
2899 3538 3124 3593 fuerint.
3179 3537 3243 3591 Et
3275 3537 3404 3608 quia
3436 3536 3491 3590 hi
3525 3551 3670 3608 quos
3701 3535 3803 3590 ille

2165 3635 2493 3692 auctoritate
2526 3632 2723 3703 synodi
2754 3627 3383 3700 afﬁrmabatdepositos,
3407 3643 3504 3699 per
3534 3629 3804 3700 preprias

2165 3727 2379 3782 litteras
2401 3724 2468 3779 ad
2528 3722 2716 3778 sedem
2749 3719 3108 3792 apostolicam
3143 3719 3566 3790 appellaverint,
3596 3727 3652 3774 et
3673 3719 3807 3774 vel-

2167 3819 2282 3874 lent
2314 3818 2512 3872 iterum
2572 3829 2633 3868 se
2682 3810 2996 3883 apostolicae
3035 3808 3185 3864 sedis
3234 3807 3413 3863 audiri
3465 3809 3796 3879 praesentia,

2167 3908 2496 3982 praecepisse
2527 3920 2751 3977 quoque
2783 3902 3041 3958 eumdem
3109 3916 3328 3972 papam,
3363 3908 3422 3955 ut
3461 3900 3800 3957 l‘lincmarus

2166 4002 2368 4074 przesul
2399 4001 2467 4055 ad
2497 3997 2796 4055 concilium
2842 4011 2967 4051 cum
3025 3994 3133 4049 illis
3163 4000 3496 4061 occurreret,
3533 3993 3601 4047 ad
3633 3995 3795 4065 quod

2165 4109 2325 4147 suum
2375 4091 2491 4161 ipse
2538 4089 2798 4160 legatum,
2863 4083 3082 4138 Petrum
3143 4082 3403 4138 videlicet
3458 4082 3794 4153 episc0pum

2165 4185 2543 4255 Spoletanum,
2567 4195 2596 4234 e
2623 4179 2793 4235 latere
2823 4193 2926 4232 suo
2950 4177 3244 4243 direxerat,
3279 4176 3347 4230 ad
3401 4175 3794 4230 renovandum

2165 4271 2668 4341 scilicetjudicium
2709 4270 2832 4324 vice
2861 4285 2980 4323 sua.
3044 4268 3138 4322 Cui
3170 4267 3489 4334 audientiae,
3521 4266 3797 4338 quoniam

2165 4368 2403 4423 domnus
2433 4364 2762 4420 Hincmarus
2795 4379 2950 4418 suam
2985 4377 3096 4418 non
3123 4360 3376 4416 exhibuit
3406 4359 3798 4431 praesentiam,

454 4458 537 4504 εει
565 4449 848 4520 αεγηοίίο,
877 4449 1135 4506 eumdem
1163 4451 1483 4523 episcopum
1511 4452 1650 4507 nihil
1689 4453 2064 4510 damnationis
2086 4481 2142 4550 ι)
2168 4460 2278 4516 voti
2297 4457 2496 4514 effectu
2528 4457 2785 4513 frustrato
2834 4456 2940 4511 Leo
2980 4453 3228 4526 pontifex
3253 4452 3338 4507 'ab
3371 4450 3612 4506 haclucc
3640 4451 3794 4506 sub-

454 4543 523 4597 de
567 4539 716 4596 illius
751 4541 1104 4598 ordinatione
1151 4543 1416 4616 attigisse.
1480 4545 1588 4600 Sed
1639 4545 1732 4618 qui
1765 4546 1907 4601 saltu
1937 4547 2063 4602 sine

452 4633 624 4705 gradu
657 4633 899 4689 diaconii
931 4634 999 4688 ad
1029 4633 1398 4691 sacerdotium
1431 4636 1753 4707 prosilierit,
1775 4637 1829 4692 in
1861 4638 2067 4712 degra-

454 4723 736 4778 dationem
763 4722 1008 4777 debitam
1043 4723 1253 4779 resilire
1300 4725 1548 4782 deberet.
1582 4725 1793 4782 Deinde
1826 4725 2066 4799 requisi-

457 4822 570 4870 tum
601 4824 686 4871 est
709 4817 778 4871 de
811 4815 896 4870 his
926 4815 1021 4887 qui
1048 4816 1221 4872 Eboni
1281 4828 1404 4888 post
1460 4819 1878 4890 depositionem
1908 4838 2062 4878 suam

451 4907 1013 4974 communicaverant,
1066 4917 1120 4963 et
1174 4909 1402 4966 recitata
1443 4911 1770 4968 auctoritate
1828 4915 2066 4986 qualiter

454 5000 636 5054 sanari
660 5001 948 5066 deberent,
992 5010 1270 5072 repertum
1309 5011 1392 5058 est
1443 5020 1509 5058 ex
1539 5005 1821 5060 canonicis
1843 5005 2068 5062 institu-

454 5089 544 5152 tis,
580 5105 676 5144 eos
691 5099 818 5160 post
842 5088 1298 5159 satisfactionem,
1338 5091 1464 5147 data
1495 5092 1602 5148 illis
1635 5092 1982 5169 indulgentia
2015 5104 2069 5150 et

451 5183 840 5238 communione
877 5199 1034 5239 sacra
1088 5199 1212 5240 cum
1271 5184 1662 5240 benedictione
1703 5187 1928 5252 tributa,
1971 5204 2072 5258 per

457 5289 649 5330 eorum
672 5276 959 5348 proprium
1001 5276 1346 5349 episcopum,
1375 5285 1643 5349 operante
1698 5277 1930 5333 Domino
1967 5295 2066 5335 no-

455 5371 568 5422 Stro
610 5367 739 5423 Jesu
797 5368 1028 5439 Christo,
1088 5369 1367 5441 purificari
1415 5379 1581 5441 atque
1647 5371 1828 5426 sanari
1882 5386 2063 5441 posse.

457 5459 612 5523 Quod
686 5468 742 5515 et
803 5471 984 5516 actum
1054 5471 1137 5516 est
1201 5479 1300 5532 per
1363 5461 1739 5517 venerabilem
1808 5462 2067 5518 Hincma-

458 5567 578 5605 rum
621 5549 1126 5623 archiepiscOpum.
1181 5551 1273 5606 His
1329 5551 1405 5605 ita
1469 5552 1728 5622 peractis,
1791 5551 2068 5627 benignus

459 5643 720 5713 princeps
773 5644 999 5700 Karolus
1055 5644 1212 5715 petiit
1261 5643 1610 5699 Hincmaruni
1697 5644 2072 5716 archiepisco-

462 5747 614 5801 pum,
649 5732 1004 5805 reliquosque
1061 5733 1373 5806 pontifices,
1401 5741 1462 5790 ut
1487 5734 1618 5806 quia
1650 5734 1858 5808 praefati
1881 5735 2076 5792 fratres

2169 4561 2374 4609 tractus
2398 4558 2498 4606 est.
2533 4550 2833 4606 Benedicto
2892 4556 3074 4604 autem
3103 4547 3221 4603 viro
3252 4544 3554 4617 apostolico
3585 4561 3796 4600 succe-

2167 4642 2354 4710 dente,
2375 4639 2556 4697 eidem
2585 4640 2910 4710 subreptum
2957 4637 3145 4704 fuisse,
3178 4642 3233 4690 et
3261 4635 3314 4690 in
3343 4635 3460 4706 ipso
3492 4649 3796 4689 consecra-

2168 4733 2333 4790 tionis
2365 4734 2485 4802 ejus
2517 4729 2790 4805 principio
2821 4733 3142 4791 suasum,ut
3171 4725 3306 4780 illud
3321 4724 3562 4779 ﬁrmaret
3592 4723 3796 4778 conci-

2166 4823 2337 4890 lium;
2386 4830 2711 4878 nontamen
2769 4817 2819 4872 ei
2873 4815 3094 4871 suaderi
3145 4814 3418 4886 potuisse,
3460 4819 3518 4867 ut
3553 4827 3585 4866 a
3618 4811 3796 4880 justae

2170 4909 2514 4967 definitionis
2574 4909 2788 4965 tramite
2829 4905 3151 4960 declinaret.
3200 4903 3397 4958 Verum
3449 4901 3520 4955 ita
3585 4917 3688 4972 per
3739 4901 3794 4956 ei

2172 5019 2496 5060 concessum
2528 4999 2875 5074 privilegium
2931 4997 3078 5050 illius
3121 4993 3342 5051 concilii
3367 4993 3659 5048 roborasse
3694 4993 3792 5048 in-

2171 5094 2445 5157 stitutum,
2476 5098 2536 5145 ut
2583 5087 2924 5145 auctoritatis
2972 5101 3242 5140 summam
3282 5083 3402 5138 sedi
3461 5082 3794 5154 apostolicae

2172 5181 2467 5239 rcservarit
2498 5198 2512 5247 ;
2540 5180 2614 5236 ita
2653 5179 2959 5235 decernens
3005 5189 3231 5230 manere
3285 5169 3609 5227 inconvulsa
3665 5187 3794 5242 quae

2172 5275 2524 5346 petebantur,
2575 5273 2619 5328 si
2672 5273 2745 5328 ita
2810 5277 2999 5325 essent
3053 5285 3152 5340 per
3203 5267 3410 5332 omnia,
3444 5280 3564 5336 quae
3594 5264 3664 5318 de
3698 5264 3796 5318 illa

2169 5368 2381 5438 synodo
2408 5365 2476 5420 ab
2511 5365 2798 5420 ilincmaro
2832 5361 3231 5426 referebantur,
3254 5368 3307 5414 et
3326 5366 3384 5412 ut
3409 5356 3533 5412 inde
3555 5356 3794 5428 quaestio

2170 5460 2339 5516 nullis
2365 5460 2661 5532 aliquando
2719 5455 3067 5528 temporibus
3104 5454 3360 5510 oriretur.
3390 5451 3496 5506 Sed
3524 5449 3793 5521 quoniam

2171 5565 2280 5605 non
2315 5550 2390 5604 ita
2424 5565 2523 5620 per
2549 5548 2756 5614 omnia,
2789 5563 2894 5602 ceu
2949 5553 3271 5622 suggestum
3302 5550 3406 5608 est,
3440 5539 3612 5595 fuisse
3637 5555 3798 5596 com-

2176 5639 2464 5711 probatur,
2526 5639 2723 5695 merito
2789 5637 2990 5693 asserit
3061 5638 3115 5692 in
3174 5635 3386 5690 irritum
3469 5632 3793 5697 deductum,

2178 5735 2328 5808 quod
2359 5740 2552 5792 contra
2581 5734 2830 5804 dejectos
2851 5748 2962 5789 non
2975 5730 3300 5803 simpliciter
3323 5728 3500 5784 fuerat
3525 5726 3796 5798 impetra-
