4038 6166
269 320 371 375 157

916 315 1243 373 ΗΙδΤΟΒΙΑἱ
1281 314 1619 372 ECCLESIA‘I
1656 316 1985 373 REMENSIS
2024 315 2199 372 LIBRI
2241 313 2565 381 QUATUOR.
2592 345 2664 354 --
2702 313 2806 368 LIB
2872 315 2961 368 III.

3500 313 3602 371 I58

262 451 403 498 tum.
456 442 718 508 Quocirca
776 443 1027 513 primum
1068 442 1292 515 quidem
1352 442 1557 499 domno
1598 442 1886 500 Hincmaro
1912 457 1961 524 Α
1989 442 2184 498 urbem
2215 457 2338 498 cum
2368 439 2492 495 aliis
2512 438 2606 512 qui
2635 445 2766 494 tunc
2795 437 3162 509 nequiverunt
3190 437 3386 493 adesse
3408 453 3605 495 conve-

264 535 545 589 mandavit
610 534 817 600 (Nicon.
883 534 1069 604 Ιβράςί
1117 535 1230 602 4⁸7),
1297 534 1371 588 uti
1431 541 1888 590 commemoratos

265 627 435 691 viros,
462 626 751 681 Vulfadum
783 626 1013 695 scilicet,
1037 626 1395 701 collegasque
1412 628 1609 698 ipsius,
1633 627 1890 683 clementi

1991 548 2198 587 nimus.

2065 644 2091 668 α
2132 620 2337 675 Seriem
2369 635 2549 674 rerum
2570 624 2844 691 gestarum
2877 619 2947 673 de
2978 617 3183 673 Ebonis
3205 616 3483 689 quondam
3506 617 3608 673 Re-

266 718 456 772 animo
506 716 754 771 studeret
799 715 868 770 ad
908 731 969 770 se
1016 732 1292 785 revocare,
1332 724 1386 771 et
1431 716 1501 771 de
1550 717 1891 772 restitutione
1991 727 2203 767 morum
2226 709 2628 781 archiepiscOpi
2658 708 3148 780 depositione,sed
3164 715 3218 762 et
3234 707 3303 763 dc
3333 707 3509 779 ipsius
3527 725 3608 763 re-

269 809 520 879 ipsorum
553 822 741 861 secum
787 806 1023 862 fraterne
1066 815 1340 875 tractaret,
1372 814 1538 879 atque
1580 808 1892 863 misericor-

271 896 420 951 diter
456 911 846 950 consummare
885 896 1265 951 contenderet.
1308 896 1561 968 Alioquin
1600 897 1669 951 ad
1707 897 1892 952 conci-

271 987 407 1042 lium
431 1006 554 1044 cum
587 988 674 1042 his
705 988 1004 1059 episcopis,
1038 989 1242 1061 quibus
1275 996 1329 1045 et
1359 990 1480 1062 ipse
1507 1003 1726 1061 quoque
1756 1003 1900 1059 papa

274 1096 374 1151 pro
405 1081 511 1136 hoc
542 1080 662 1150 ipso
693 1080 989 1151 scripserat
1012 1080 1216 1150 (NICOL.
1253 1083 1295 1148 I,
1317 1084 1457 1152 epist
1475 1081 1567 1147 46,
1592 1080 1702 1149 47),
1734 1079 1897 1134 simul

273 1178 611 1238 occurreret,
644 1179 918 1243 quatenus
956 1187 1152 1227 omnes
1182 1172 1236 1227 in
1267 1189 1437 1227 unum
1479 1171 1895 1238 convenientes,

272 1277 501 1316 causam
539 1260 861 1316 eorumdem
903 1260 1227 1316 clericorum
1267 1260 1664 1326 examinarent,
1702 1266 1759 1313 et
1788 1274 1896 1313 non

272 1353 464 1424 aliqua
504 1358 823 1425 emergente
852 1351 1277 1423 disceptatione,
1310 1351 1422 1406 Deo
1452 1367 1563 1422 prae
1594 1349 1768 1406 oculis
1800 1351 1897 1405 ha-

272 1439 417 1503 bito,
431 1433 755 1491 difﬁnirent.
777 1437 830 1492 Si
849 1453 978 1493 vero
990 1437 1253 1510 quaelibet
1270 1438 1413 1493 inter
1432 1443 1614 1509 partes
1632 1437 1900 1507 discepta—

279 1522 357 1576 tio
385 1526 723 1593 proveniret,
757 1527 825 1580 ad
854 1528 1044 1583 sedem
1066 1529 1425 1599 apostolicam
1456 1544 1569 1583 suae
1592 1527 1898 1598 suscepturi

282 1612 532 1681 speciale
557 1614 825 1683 judicium
847 1632 1121 1687 personae,
1152 1617 1302 1673 vices
1333 1623 1585 1672 tenentes
1615 1617 1899 1688 utriusque

282 1702 473 1757 lateris
526 1708 902 1763 convenirent.
953 1710 1019 1764 At
1073 1710 1170 1765 Dei
1226 1710 1413 1785 gratiae
1462 1711 1744 1780 juvamine
1798 1709 1902 1766 hoc

277 1798 509 1861 peracto
541 1794 774 1864 judicio,
816 1796 1029 1852 intimat
1071 1815 1131 1853 se
1180 1798 1389 1853 litteras
1427 1799 1741 1870 suscepisse
1788 1814 1901 1852 am-

278 1885 593 1956 plectenda:
659 1885 971 1941 dilectionis
1028 1887 1296 1954 omnium,
1358 1888 1451 1959 qui
1514 1888 1900 1957 interfuerunt,

283 1978 703 2048 episcoporum,
777 1976 1231 2033 manifestissime
1304 1977 1698 2053 significantes,
1785 1998 1902 2038 cre-

280 2065 384 2120 bro
450 2072 786 2122 memoratos
854 2066 1085 2123 clericos
1138 2084 1170 2122 a
1235 2069 1401 2124 totius
1455 2086 1699 2126 consona
1771 2086 1903 2127 voco

280 2158 508 2213 concilii
562 2158 762 2233 dignos
808 2159 1078 2234 graduum
1137 2175 1360 2215 suorum
1416 2163 1731 2234 receptionc
1776 2177 1905 2233 pro-

286 2249 594 2305 nuntiatos.
648 2249 746 2305 Ubi
801 2250 952 2305 nulla
1008 2251 1167 2322 (sicut
1224 2251 1279 2306 in
1336 2252 1530 2310 litteris
1583 2257 1902 2312 eorumdem

283 2340 679 2411 episcoporum
756 2341 1151 2414 reperiebatur)
1218 2343 1546 2416 disceptatio
1618 2348 1902 2418 provenit,

285 2429 441 2482 nulla
498 2429 638 2485 sicut
696 2438 942 2502 putatum
1010 2430 1206 2500 fuerat,
1273 2434 1507 2490 varietas
1562 2435 1668 2490 alia
1741 2442 1905 2508 atque

281 2528 393 2582 alia
464 2524 881 2581 defendentium
962 2526 1219 2595 accidit,
1302 2528 1488 2583 nullus
1564 2534 1848 2584 accusator
1889 2570 1903 2596 ,

281 2618 474 2671 nullus
505 2616 901 2673 condemnator
921 2623 1173 2687 repertus
1203 2624 1306 2685 est,
1331 2619 1429 2673 scd
1456 2625 1775 2674 cunctorum
1793 2633 1904 2672 una

279 2710 595 2780 eademque
640 2709 935 2776 sententia,
967 2716 1129 2782 atque
1176 2711 1231 2765 in
1277 2711 1620 2767 restitutione
1658 2711 1900 2782 ipsorum

277 2802 544 2856 difﬁnitio
573 2802 847 2867 claruerit,
871 2802 1082 2858 eisdem
1109 2803 1345 2859 innoxiis
1363 2819 1393 2857 a
1413 2809 1731 2857 cunctorum
1764 2818 1899 2856 una-

279 2885 533 2942 nimitate
582 2888 760 2943 modis
807 2889 1068 2944 omnibus
1125 2889 1465 2961 approbatis.
1527 2890 1902 2960 Repreliendit

282 2984 472 3032 autem
507 2985 561 3032 et
589 2978 693 3034 hoc
719 2994 941 3052 quoque
972 2980 1264 3036 concilium
1295 2979 1555 3053 praefatus
1582 2996 1725 3052 papa
1753 2981 1904 3036 Nico-

282 3070 407 3124 laus
422 3072 529 3140 (ep.
552 3069 661 3138 46),
693 3071 841 3142 quod
874 3088 983 3127 non
1007 3073 1329 3128 solemniter
1348 3074 1554 3142 omnia,
1581 3074 1734 3144 juxta
1756 3074 1905 3146 quod

281 3157 409 3228 ipse
429 3156 784 3227 difﬁniverat,
817 3160 1053 3235 egerint,
1087 3161 1208 3215 sedi
1238 3162 1552 3232 apostolicae
1583 3163 1746 3234 plena
1773 3163 1908 3218 rela-

282 3247 436 3302 tione
478 3248 713 3303 actionis
755 3249 955 3304 seriem
997 3258 1329 3306 reserantes.
1381 3252 1674 3319 Debuisse,
1727 3252 1904 3319 aiens,

280 3339 557 3412 quidquid
580 3339 651 3395 de
668 3339 873 3396 Ebonis
903 3342 1237 3411 dejectione,
1261 3332 1651 3400 reclamatione
1680 3347 1876 3414 [NicoL
1892 3387 1905 3413 ,

281 3432 881 3505 relegatione],horum
906 3435 1230 3491 clericorum
1257 3437 1624 3507 promotione,
1657 3445 1710 3493 et
1732 3437 1908 3509 ipsius

285 3524 499 3579 Ebonis
556 3524 745 3579 iterata
788 3526 1128 3596 repulsione,
1174 3530 1242 3584 ad
1282 3529 1557 3603 aliamque
1610 3533 1907 3588 Ecclesiam

285 3612 642 3686 migratione,
668 3613 753 3667 vel
785 3614 1156 3687 undecunque
1188 3615 1264 3671 ibi
1301 3617 1450 3689 quod
1480 3617 1798 3674 ventilatum
1828 3626 1913 3674 est

284 3705 337 3759 ci
369 3705 581 3775 scripto
621 3706 974 3771 unanimiter,
1003 3708 1243 3779 pleniter
1273 3725 1338 3765 ac
1366 3708 1604 3768 ﬁdeliter
1632 3712 1907 3768 intimare.

284 3800 394 3854 Sed
424 3805 480 3853 et
510 3798 863 3854 monimentis
904 3798 1169 3854 insertum
1208 3802 1276 3876 ad
1319 3801 1619 3872 pleniorem
1649 3821 1823 3875 penes
1850 3822 1912 3861 se

284 3890 540 3945 notitiam
588 3896 644 3944 et
677 3890 1063 3945 certitudinem
1115 3908 1415 3949 reservare.
1458 3894 1719 3966 Prmcepit
1758 3911 1909 3971 ergo,

292 3990 349 4036 ut
380 3998 732 4053 quaecunque
764 3999 935 4055 super
962 3985 1064 4039 hac
1094 4002 1151 4040 re
1182 3986 1407 4057 scripta,
1437 3993 1545 4042 tam
1568 4004 1601 4042 a
1631 3988 1765 4044 sede
1785 4004 1914 4061 apo-

293 4073 516 4138 stolica,
565 4088 729 4143 quam
784 4088 816 4127 a
858 4074 1194 4129 nostratibus
1238 4077 1386 4131 edita
1434 4078 1796 4149 reperiantur,
1855 4086 1909 4135 et

292 4164 442 4236 quod
474 4164 609 4218 hinc
651 4165 850 4235 praesul
891 4165 1234 4236 Hincmarus,
1280 4176 1333 4223 ct
1369 4169 1446 4224 illi
1478 4171 1677 4240 dejecti
1724 4172 1907 4228 clerici

292 4258 413 4311 sedi
441 4257 763 4328 apostolicae
794 4260 1173 4333 suggesserint
1201 4268 1363 4334 atque
1387 4264 1690 4332 retulerint,
1724 4265 1779 4319 in
1808 4280 1907 4321 vo-

290 4349 483 4404 lumen
514 4365 707 4416 unum,
739 4350 935 4405 ordine
966 4367 1075 4422 quo
1117 4353 1288 4408 missa
1324 4362 1472 4423 sunt,
1505 4357 1905 4432 redigerentur,

292 4447 343 4494 et
359 4441 683 4512 apostolicae
707 4441 849 4506 sedi,
867 4443 1275 4514 exemplaribus
1302 4445 1407 4501 sibi
1431 4448 1738 4513 reservatis,
1765 4466 1910 4503 sum-

1993 800 2295 867 stitutione,
2342 815 2445 854 nec
2473 814 2585 854 non
2622 804 2677 853 et
2705 798 2777 853 de
2812 798 2990 853 fratris
3020 796 3233 852 Vulfadi
3268 812 3333 851 ac
3368 795 3607 870 collega-

1998 908 2117 947 rum
2173 893 2294 962 ejus
2330 890 2697 963 promotione,
2744 900 2797 947 et
2829 893 2943 961 jam
2982 890 3114 945 dicti
3166 889 3372 944 Ebonis
3419 890 3609 963 iterata

2001 987 2338 1057 repulsione,
2368 987 2437 1042 ad
2466 987 2742 1058 aliamque
2760 985 3058 1041 Ecclesiam
3079 981 3426 1055 migratione,
3458 984 3607 1040 unde

1998 1094 2030 1132 a
2082 1077 2244 1133 nobis
2295 1077 2631 1152 investigari,
2689 1084 2743 1132 et
2792 1076 2950 1131 vobis
2990 1072 3300 1130 remandari
3338 1072 3606 1152 jussistis,

1999 1168 2128 1240 quia
2148 1168 2235 1223 his
2251 1184 2414 1225 nemo
2454 1148 2699 1226 nostrum
2723 1169 2777 1223 in
2799 1167 2991 1223 ordine
3013 1165 3317 1236 episcopali
3342 1148 3608 1231 interfuit,

2000 1261 2107 1315 nisi
2139 1260 2303 1316 frater
2343 1262 2645 1318 Rothaldus
2693 1261 2855 1331 (sicut
2898 1275 2962 1314 ex
3004 1273 3190 1332 regum
3224 1265 3279 1312 et
3314 1257 3607 1328 episcopo-

1998 1366 2117 1404 rum
2160 1350 2516 1405 monimentis
2566 1350 2660 1422 qui
2707 1348 3094 1415 interfuerunt,
3136 1355 3190 1402 et
3233 1347 3454 1418 scriptis
3492 1346 3610 1402 suis

2001 1439 2236 1508 posteris
2291 1439 2649 1511 reliquerunt,
2717 1439 2954 1494 breviter
3014 1437 3361 1509 collegimus)
3418 1443 3612 1492 vestrae

2000 1527 2363 1582 sanctissima:
2393 1528 2704 1599 paternitati
2744 1535 2799 1583 et
2826 1525 3348 1599 praecellentissimaa
3375 1523 3612 1579 auctori-

2000 1619 2094 1673 tati
2130 1620 2567 1676 transmittimus.
2599 1621 2726 1686 Quae
2761 1627 2884 1675 ante
2923 1620 3185 1694 colligere
3224 1624 3279 1673 et
3306 1616 3612 1675 auctoritati

2002 1717 2195 1765 vestrae
2218 1712 2455 1786 dirigere
2478 1714 2851 1768 necessarium
2870 1729 2979 1769 non
3001 1713 3334 1785 putavimus,
3352 1710 3611 1783 quoniam

2003 1800 2144 1854 sicut
2171 1800 2330 1856 vobis
2367 1818 2466 1873 per
2506 1802 2789 1877 Egilonem
2838 1801 3209 1857 venerabilem
3241 1800 3613 1870 archiepisco-

2003 1904 2133 1959 pum
2166 1889 2370 1960 scripto
2409 1890 2790 1966 suggessimus
2830 1891 2885 1944 in
2917 1907 3026 1962 quo
3057 1890 3261 1945 nullam
3292 1889 3613 1945 memoriam

2004 1979 2072 2033 de
2118 1997 2449 2053 quacunque
2496 1982 2701 2037 Ebonis
2750 1983 3098 2054 depositione
3139 1981 3454 2048 habuimus,
3510 1997 3616 2036 nec

2005 2068 2197 2124 haberi
2238 2076 2367 2126 tunc
2408 2073 2784 2127 necessarium
2823 2073 3085 2141 vidimus,
3130 2074 3295 2129 nobis
3326 2074 3381 2127 in
3425 2087 3615 2127 eorum

2006 2156 2229 2213 fratrum
2260 2160 2605 2215 restitutione
2634 2176 2744 2217 non
2774 2162 2997 2233 quidem
3026 2163 3483 2235 disceptantibus,
3515 2178 3617 2218 nec
3654 2198 3663 2205 ι

2004 2247 2112 2302 alia
2153 2254 2318 2320 atque
2356 2249 2463 2304 alia
2501 2249 2950 2319 decernentibus,
3007 2253 3103 2307 sed
3145 2269 3314 2307 unum
3355 2252 3617 2323 idemque

2006 2338 2311 2393 secundum
2352 2340 2699 2396 traditionem
2753 2343 3043 2411 majorum,
3094 2359 3257 2414 quam
3299 2342 3617 2398 discretioni

2004 2436 2199 2484 vestrae
2242 2430 2491 2486 intimare
2531 2434 2863 2501 curavimus,
2905 2435 3293 2503 sentientibus,
3334 2450 3474 2507 quos
3505 2449 3617 2490 non

2006 2522 2258 2592 procacia
2286 2522 2556 2580 obnoxios
2586 2524 2734 2593 fecit,
2776 2526 2876 2581 sed
2906 2527 3224 2582 obcdientia
3253 2524 3618 2599 inculpabiles

2007 2610 2062 2664 in
2077 2611 2373 2683 adeptione
2386 2630 2664 2683 sacrorum
2681 2615 2973 2689 graduum,
2999 2616 3152 2685 juxta
3182 2614 3616 2669 sincerissimum

2003 2704 2292 2758 sententiaa
2322 2711 2518 2761 vestrae
2548 2704 2886 2761 intellectum
2928 2704 3161 2771 induxit,
3202 2705 3322 2759 sine
3351 2707 3621 2762 contradi-

2002 2795 2185 2851 ctione
2235 2797 2289 2851 in
2337 2798 2453 2853 suis
2494 2797 2784 2853 ordinibus
2826 2797 3115 2855 restituere
3167 2805 3618 2866 maturassemus,

2003 2888 2111 2942 nisi
2150 2888 2452 2963 privilegiis
2490 2896 2692 2945 sanctm
2722 2890 2981 2945 Romanae
3020 2890 3192 2957 sedis,
3234 2907 3332 2962 per
3369 2906 3622 2947 reveren-

2002 2977 2133 3033 dum
2162 2980 2491 3036 confratrcm
2510 2989 2756 3038 nostrum
2779 2982 3127 3037 Hincmarum
3140 2982 3619 3055 archiepiscopum

2006 3075 2206 3125 nostra:
2237 3070 2615 3126 unanimitatis
2640 3072 2883 3143 prolatis,
2904 3089 3026 3144 quae
3047 3072 3116 3127 de
3148 3071 3284 3142 ipsis
3307 3070 3438 3126 viris
3469 3084 3620 3141 quaa-

2007 3162 2133 3217 dam
2193 3169 2521 3232 statuerunt,
2597 3164 2786 3220 debita
2867 3165 3173 3221 reverentia
3245 3162 3617 3218 exhiberetur.

2008 3256 2245 3320 Quorum
2314 3271 2550 3324 summa,
2628 3256 2889 3327 perfecta,
2965 3264 3019 3312 et
3092 3256 3305 3330 integra
3372 3253 3620 3319 firmitas,

2009 3354 2068 3402 ut
2122 3346 2315 3401 claruit
2359 3353 2414 3402 et
2460 3348 2667 3417 justum
2710 3356 2814 3415 est,
2861 3349 2917 3403 in
2974 3349 3291 3420 apostolicae
3339 3348 3491 3403 sedis
3533 3363 3621 3401 re-

2010 3451 2224 3500 servata
2269 3450 2386 3499 erat
2441 3442 2665 3497 arbitrio
2722 3443 3053 3513 potestatis:
3110 3456 3455 3513 quorumque
3510 3440 3623 3511 pri-

2010 3538 2335 3613 vilegiorum
2361 3537 2705 3593 authenticas
2752 3536 2989 3603 chartas,
3035 3551 3158 3590 cum
3207 3534 3373 3589 salvis
3402 3532 3623 3607 sigillis,

2011 3634 2066 3682 et
2102 3618 2433 3698 incorruptis
2484 3626 2770 3698 scripturis
2809 3624 2957 3680 idem
3007 3624 3283 3681 confrater
3320 3630 3375 3678 et
3426 3639 3625 3679 consa-

2012 3720 2208 3776 cerdos
2253 3727 2460 3787 noster,
2498 3735 2609 3775 non
2638 3718 2706 3774 ad
2752 3719 3135 3790 praedictorum
3187 3716 3407 3771 fratrum
3455 3731 3627 3770 nocu-

2013 3815 2281 3876 mentum,
2312 3824 2494 3881 neque
2540 3808 2610 3862 ad
2636 3807 2803 3862 ullam
2843 3804 3356 3870 contradictionem,
3399 3803 3499 3858 sed
3557 3804 3626 3858 ad

2013 3898 2254 3954 debitam
2314 3895 2676 3950 reverentiam
2732 3893 2853 3947 sedi
2906 3892 3244 3962 apostolicae,
3291 3898 3350 3945 ut
3398 3890 3626 3963 dignum

2013 3994 2117 4053 est,
2143 3983 2534 4051 exhibendam,
2566 3982 2829 4049 ostendit,
2859 3997 2983 4036 cum
3014 3979 3185 4053 gestis
3215 3978 3626 4050 episcoporum,

2012 4095 2244 4151 quorum
2289 4093 2388 4133 vos
2429 4083 2548 4132 acta
2590 4074 2876 4147 relegisse,
2927 4080 2981 4130 et
3029 4072 3266 4146 qualiter
3312 4071 3628 4145 pmsignati

2009 4165 2191 4220 clerici
2256 4166 2541 4241 degradati
2590 4164 2793 4219 fuerint
2847 4164 3143 4236 reperisse,
3200 4161 3363 4218 nobis
3415 4160 3630 4232 aperire

2009 4258 2217 4330 dignati
2240 4258 2395 4313 estis.
2424 4257 2632 4323 Quibus
2663 4272 2773 4313 non
2795 4256 3143 4327 subscripsit,
3176 4255 3305 4327 quia
3326 4260 3381 4309 et
3401 4253 3629 4309 eosdem

2011 4347 2202 4404 fratres
2232 4364 2333 4404 suo
2350 4348 2563 4418 judicio
2593 4363 2705 4403 non
2735 4347 2956 4417 dcjecit,
2989 4348 3130 4403 sicut
3155 4345 3313 4401 vobis
3339 4352 3394 4401 et
3423 4345 3564 4416 ipse,
3578 4350 3634 4399 et

2012 4455 2114 4496 nos
2150 4440 2498 4511 scripsimus,
2531 4447 2586 4495 et
2611 4446 2767 4513 gesta
2807 4440 2927 4510 ipsa
2965 4439 3365 4505 demonstrant,
3398 4443 3452 4492 et
3490 4436 3633 4491 sicut

292 4499 618 4589 molstudio
657 4534 1003 4608 dirigeretur.
1029 4499 1116 4589 ‘Et
1161 4535 1210 4590 si
1260 4537 1331 4593 de
1387 4546 1584 4594 caetero
1626 4499 1757 4611 quid
1803 4499 1988 4596 taleD
2008 4549 2119 4603 jam
2165 4499 2526 4588 sanctissimae
2555 4499 2867 4604 paternitati
2896 4538 3092 4585 vestrae
3131 4530 3535 4604 suggessimus,
3568 4528 3625 4582 in

288 4625 430 4680 forte
460 4627 757 4700 contigerit
785 4626 1032 4691 evenire,
1066 4634 1293 4699 pr0pter
1321 4630 1469 4702 quod
1498 4638 1828 4687 conventum
1859 4633 1914 4686 in

291 4718 620 4805 regionibus
647 4720 733 4775 his
768 4719 888 4777 ﬁeri
919 4724 1266 4779 sacerdotum
1297 4723 1599 4794 praecipiat,
1634 4724 1740 4779 hoc
1773 4724 1917 4780 inter

288 4817 492 4864 caetera
523 4811 661 4865 nulli
687 4814 909 4883 penitus
951 4815 1217 4872 oblivioni
1249 4817 1485 4881 tradant,
1518 4817 1617 4871 scd
1651 4823 1774 4888 post
1801 4832 1914 4871 om-

290 4901 378 4955 nia
410 4902 468 4955 id
503 4918 673 4975 agere
714 4904 979 4973 majorum
1012 4921 1163 4961 more
1200 4905 1607 4961 studiosissime
1641 4913 1910 4981 satagant,

292 4999 345 5047 et
371 4998 598 5047 caetera.

357 5083 641 5138 Prmmissi
663 5083 904 5156 denique
934 5087 1152 5143 concilii
1175 5089 1462 5159 praesules,
1487 5087 1803 5160 apostolica:
1826 5103 1912 5143 se-

289 5172 372 5226 dis
412 5172 749 5228 obedientcs
778 5177 1093 5246 praeceptis.
1130 5177 1381 5232 ordinem
1428 5193 1607 5232 rerum
1635 5183 1911 5251 gestarum

288 5260 355 5314 de
384 5260 600 5317 Ebonis
631 5263 964 5332 dejectione,
986 5264 1073 5319 vel
1107 5265 1471 5333 restitutione,
1504 5265 1804 5337 iterataque
1835 5280 1915 5319 re-

288 5354 550 5422 pulsione
564 5356 913 5431 colligentes,
932 5358 1112 5412 eidem
1131 5356 1431 5413 venerabili
1452 5372 1609 5428 papae
1625 5357 1912 5419 miserunt,

290 5442 618 5513 hujusmodi
643 5448 1003 5521 praeferentes
1028 5449 1317 5520 epistolam
1345 5465 1358 5502 :

368 5558 396 5586 ι
442 5537 931 5593 Reverendissimo
958 5545 1013 5592 et
1057 5537 1409 5593 sanctissimo
1436 5536 1641 5591 domno
1678 5535 1821 5590 Patri
1851 5551 1916 5590 ac

282 5614 451 5700 papae
478 5626 747 5691 Nrcomo,
772 5626 1021 5698 episcopi
1056 5626 1149 5699 qui
1179 5625 1454 5698 praeterito
1485 5640 1632 5680 anno
1665 5640 1765 5694 per
1790 5639 1914 5698 gra-

254 5704 420 5775 Itiam
465 5717 562 5773 Dei
607 5724 662 5773 et
708 5717 989 5775 decretum
1047 5725 1285 5774 vestrum
1341 5718 1488 5790 apud
1527 5718 1911 5775 Suessonicam

2016 4621 2266 4690 ejusdem
2296 4622 2374 4676 rei
2406 4622 2627 4695 negotio
2653 4619 3064 4676 decertantibus
3093 4626 3147 4674 et
3173 4619 3424 4690 quaadam
3456 4615 3631 4672 deﬂo-

2015 4712 2284 4779 rantibus,
2318 4718 2429 4768 non
2459 4720 2642 4769 tamen
2684 4711 3109 4768 terminantibus
3141 4711 3324 4779 nobis,
3356 4724 3424 4765 eo
3454 4722 3632 4779 usque

2013 4820 2235 4860 causam
2271 4805 2649 4876 perduximus,
2682 4811 2741 4859 ut
2769 4803 3122 4861 solummodo
3152 4803 3509 4878 magisteriali
3538 4817 3632 4858 ve-

2016 4905 2128 4953 stro
2150 4898 2377 4953 culmini
2401 4913 2591 4953 eorum
2627 4898 3004 4972 assignaretur
3040 4897 3331 4963 restitutio,
3370 4894 3635 4951 attribue-

2017 4997 2161 5045 retur
2216 4990 2552 5058 reformatio,
2591 4990 2960 5046 ascriberetur
3011 4990 3419 5063 redintegratio.
3477 4989 3635 5045 Unde
3680 5050 3695 5067 ο

2016 5091 2209 5155 postea
2259 5086 2592 5140 unanimitas
2642 5092 2829 5141 nostra
2884 5085 2939 5139 in
2988 5100 3375 5156 quamcunque
3422 5089 3634 5155 partem

2015 5191 2128 5230 non
2167 5175 2485 5243 declinavit,
2529 5175 2631 5232 etsi
2671 5175 2893 5247 quidam
2935 5190 3266 5246 quacunque
3304 5174 3632 5230 necessitate

2018 5264 2217 5320 exinde
2239 5264 2401 5320 nobis
2442 5264 2847 5334 ignorantibus,
2881 5265 3235 5319 diverterunt.
3276 5263 3501 5336 Egimus
3532 5261 3633 5315 ita-

2017 5372 2125 5429 que
2177 5363 2338 5428 prout
2377 5356 2698 5427 potuimus,
2739 5356 2794 5411 in
2847 5357 3127 5412 succincta
3184 5354 3508 5411 collectione
3563 5352 3632 5406 de

2015 5451 2186 5526 gestis
2216 5466 2393 5504 rerum
2424 5456 2477 5504 et
2506 5449 2895 5522 episcoporum
2928 5465 2995 5505 ex
3030 5464 3195 5505 causa
3221 5448 3448 5513 Ebonis,
3481 5452 3535 5500 et
3571 5449 3630 5497 ut

2018 5539 2359 5613 praecepistis
2397 5547 2590 5595 vestrm
2622 5541 2928 5597 auctoritati
2961 5540 3401 5596 transmittimus.
3436 5558 3461 5581 η
3502 5533 3628 5587 Post

2017 5630 2208 5684 harum
2257 5644 2387 5684 vero
2445 5645 2623 5684 rerum
2670 5636 2947 5704 gestarum
3001 5630 3250 5685 ordinem
3292 5624 3624 5694 descriptum

2017 5718 2091 5773 ita
2112 5717 2537 5786 subjunxerant:
2567 5742 2593 5766 κ
2627 5718 2751 5773 Haec
2774 5718 2916 5773 sicut
2938 5723 3119 5773 vestra
3127 5716 3294 5787 jussit
3312 5711 3624 5779 auctoritas,
