  <div class='ocr_page' id='page_1' title='image "/cluster/home/n/w/nwhite01/storage/ocr_20150623/135/hvd.32044054759956/085.png"; bbox 0 0 4034 6174; ppageno 0'>
   <div class='ocr_carea' id='block_1_1' title="bbox 439 271 540 328">
    <p class='ocr_par' dir='ltr' id='par_1_1' title="bbox 439 271 540 328">
     <span class='ocr_line' id='line_1_1' title="bbox 439 271 540 328; baseline 0.02 -2"><span class='ocrx_word' id='word_1_1' title='bbox 439 271 540 328; x_wconf 85' lang='grc'>159</span> 
     </span>
    </p>
   </div>
   <div class='ocr_carea' id='block_1_2' title="bbox 1557 263 2634 324">
    <p class='ocr_par' dir='ltr' id='par_1_2' title="bbox 1557 263 2634 324">
     <span class='ocr_line' id='line_1_2' title="bbox 1557 263 2634 324; baseline -0.006 0"><span class='ocrx_word' id='word_1_2' title='bbox 1557 267 1923 324; x_wconf 84' lang='lat' dir='ltr'>FLODOARDI</span> <span class='ocrx_word' id='word_1_3' title='bbox 1965 264 2269 323; x_wconf 80' lang='lat' dir='ltr'>CANONICI</span> <span class='ocrx_word' id='word_1_4' title='bbox 2308 263 2634 320; x_wconf 82' lang='lat' dir='ltr'>REMENSIS</span> 
     </span>
    </p>
   </div>
   <div class='ocr_carea' id='block_1_3' title="bbox 3646 262 3746 320">
    <p class='ocr_par' dir='ltr' id='par_1_3' title="bbox 3646 262 3746 320">
     <span class='ocr_line' id='line_1_3' title="bbox 3646 262 3746 320; baseline 0.03 -3"><span class='ocrx_word' id='word_1_5' title='bbox 3646 262 3746 320; x_wconf 80' lang='grc'>160</span> 
     </span>
    </p>
   </div>
   <div class='ocr_carea' id='block_1_4' title="bbox 435 401 3745 487">
    <p class='ocr_par' dir='ltr' id='par_1_4' title="bbox 435 401 3745 487">
     <span class='ocr_line' id='line_1_4' title="bbox 435 401 3745 487; baseline -0.004 -17"><span class='ocrx_word' id='word_1_6' title='bbox 435 431 556 487; x_wconf 74' lang='lat' dir='ltr'>quae</span> <span class='ocrx_word' id='word_1_7' title='bbox 596 414 664 469; x_wconf 92' lang='lat' dir='ltr'>de</span> <span class='ocrx_word' id='word_1_8' title='bbox 703 414 906 469; x_wconf 87' lang='lat' dir='ltr'>Ebonis</span> <span class='ocrx_word' id='word_1_9' title='bbox 957 411 1236 484; x_wconf 89' lang='lat' dir='ltr'>quondam</span> <span class='ocrx_word' id='word_1_10' title='bbox 1277 411 1569 466; x_wconf 82' lang='lat' dir='ltr'>Remorum</span> <span class='ocrx_word' id='word_1_11' title='bbox 1618 409 2040 482; x_wconf 84' lang='lat' dir='ltr'>archiepiscopi,</span> <span class='ocrx_word' id='word_1_12' title='bbox 2068 414 2117 481; x_wconf 87' lang='grc' dir='ltr'>Α</span> <span class='ocrx_word' id='word_1_13' title='bbox 2142 407 2361 474; x_wconf 88' lang='lat' dir='ltr'>merito,</span> <span class='ocrx_word' id='word_1_14' title='bbox 2395 406 2686 461; x_wconf 79' lang='lat' dir='ltr'>Remorum</span> <span class='ocrx_word' id='word_1_15' title='bbox 2717 403 3034 475; x_wconf 81' lang='lat' dir='ltr'>episcopus,</span> <span class='ocrx_word' id='word_1_16' title='bbox 3063 419 3128 458; x_wconf 91' lang='lat' dir='ltr'>ac</span> <span class='ocrx_word' id='word_1_17' title='bbox 3155 403 3336 474; x_wconf 86' lang='lat' dir='ltr'>plebis</span> <span class='ocrx_word' id='word_1_18' title='bbox 3367 402 3462 457; x_wconf 89' lang='lat' dir='ltr'>Dei</span> <span class='ocrx_word' id='word_1_19' title='bbox 3496 401 3745 458; x_wconf 83' lang='lat' dir='ltr'>famulus.</span> 
     </span>
    </p>
   </div>
   <div class='ocr_carea' id='block_1_5' title="bbox 434 502 2018 580">
    <p class='ocr_par' dir='ltr' id='par_1_5' title="bbox 434 502 2018 580">
     <span class='ocr_line' id='line_1_5' title="bbox 434 502 2018 580; baseline -0.005 -16"><span class='ocrx_word' id='word_1_20' title='bbox 434 524 556 580; x_wconf 68' lang='lat' dir='ltr'>quae</span> <span class='ocrx_word' id='word_1_21' title='bbox 597 515 722 563; x_wconf 88' lang='lat' dir='ltr'>ante</span> <span class='ocrx_word' id='word_1_22' title='bbox 762 506 982 578; x_wconf 77' lang='lat' dir='ltr'>triginta</span> <span class='ocrx_word' id='word_1_23' title='bbox 1011 510 1066 559; x_wconf 91' lang='lat' dir='ltr'>et</span> <span class='ocrx_word' id='word_1_24' title='bbox 1095 510 1206 558; x_wconf 90' lang='lat' dir='ltr'>tres</span> <span class='ocrx_word' id='word_1_25' title='bbox 1251 503 1469 558; x_wconf 80' lang='lat' dir='ltr'>circiter</span> <span class='ocrx_word' id='word_1_26' title='bbox 1497 518 1673 558; x_wconf 90' lang='lat' dir='ltr'>annos</span> <span class='ocrx_word' id='word_1_27' title='bbox 1704 503 1908 557; x_wconf 87' lang='lat' dir='ltr'>exstitit</span> <span class='ocrx_word' id='word_1_28' title='bbox 1949 502 2018 557; x_wconf 92' lang='lat' dir='ltr'>de</span> 
     </span>
    </p>
   </div>
   <div class='ocr_carea' id='block_1_6' title="bbox 433 590 2045 666">
    <p class='ocr_par' dir='ltr' id='par_1_6' title="bbox 433 590 2045 666">
     <span class='ocr_line' id='line_1_6' title="bbox 433 590 2045 666; baseline -0.004 -17"><span class='ocrx_word' id='word_1_29' title='bbox 433 595 727 666; x_wconf 86' lang='lat' dir='ltr'>positione,</span> <span class='ocrx_word' id='word_1_30' title='bbox 760 600 814 648; x_wconf 91' lang='lat' dir='ltr'>et</span> <span class='ocrx_word' id='word_1_31' title='bbox 853 597 977 663; x_wconf 91' lang='lat' dir='ltr'>post</span> <span class='ocrx_word' id='word_1_32' title='bbox 1007 591 1075 645; x_wconf 93' lang='lat' dir='ltr'>de</span> <span class='ocrx_word' id='word_1_33' title='bbox 1107 591 1281 662; x_wconf 88' lang='lat' dir='ltr'>ipsius</span> <span class='ocrx_word' id='word_1_34' title='bbox 1315 590 1677 657; x_wconf 85' lang='lat' dir='ltr'>restitutione,</span> <span class='ocrx_word' id='word_1_35' title='bbox 1711 604 1812 643; x_wconf 90' lang='lat' dir='ltr'>nec</span> <span class='ocrx_word' id='word_1_36' title='bbox 1856 604 1965 643; x_wconf 87' lang='lat' dir='ltr'>non</span> <span class='ocrx_word' id='word_1_37' title='bbox 1992 595 2045 642; x_wconf 93' lang='lat' dir='ltr'>et</span> 
     </span>
    </p>
   </div>
   <div class='ocr_carea' id='block_1_7' title="bbox 432 680 2045 758">
    <p class='ocr_par' dir='ltr' id='par_1_7' title="bbox 432 680 2045 758">
     <span class='ocr_line' id='line_1_7' title="bbox 432 680 2045 758; baseline -0.004 -18"><span class='ocrx_word' id='word_1_38' title='bbox 432 686 501 741; x_wconf 93' lang='lat' dir='ltr'>de</span> <span class='ocrx_word' id='word_1_39' title='bbox 527 685 706 741; x_wconf 84' lang='lat' dir='ltr'>fratris</span> <span class='ocrx_word' id='word_1_40' title='bbox 729 683 945 738; x_wconf 86' lang='lat' dir='ltr'>Vulfadi</span> <span class='ocrx_word' id='word_1_41' title='bbox 996 700 1059 739; x_wconf 91' lang='lat' dir='ltr'>ac</span> <span class='ocrx_word' id='word_1_42' title='bbox 1084 684 1429 758; x_wconf 12' lang='lat' dir='ltr'>collegarum,</span> <span class='ocrx_word' id='word_1_43' title='bbox 1449 682 1568 750; x_wconf 86' lang='lat' dir='ltr'>ejus</span> <span class='ocrx_word' id='word_1_44' title='bbox 1600 680 1965 752; x_wconf 91' lang='lat' dir='ltr'>promotione,</span> <span class='ocrx_word' id='word_1_45' title='bbox 1992 686 2045 735; x_wconf 92' lang='lat' dir='ltr'>et</span> 
     </span>
    </p>
   </div>
   <div class='ocr_carea' id='block_1_8' title="bbox 426 775 2044 850">
    <p class='ocr_par' dir='ltr' id='par_1_8' title="bbox 426 775 2044 850">
     <span class='ocr_line' id='line_1_8' title="bbox 426 775 2044 850; baseline -0.005 -15"><span class='ocrx_word' id='word_1_46' title='bbox 426 782 539 850; x_wconf 90' lang='lat' dir='ltr'>jam</span> <span class='ocrx_word' id='word_1_47' title='bbox 580 780 711 835; x_wconf 90' lang='lat' dir='ltr'>dicti</span> <span class='ocrx_word' id='word_1_48' title='bbox 766 780 968 835; x_wconf 89' lang='lat' dir='ltr'>Ebonis</span> <span class='ocrx_word' id='word_1_49' title='bbox 1009 779 1197 833; x_wconf 87' lang='lat' dir='ltr'>iterata</span> <span class='ocrx_word' id='word_1_50' title='bbox 1250 777 1588 848; x_wconf 89' lang='lat' dir='ltr'>repulsione,</span> <span class='ocrx_word' id='word_1_51' title='bbox 1647 775 1714 830; x_wconf 92' lang='lat' dir='ltr'>ad</span> <span class='ocrx_word' id='word_1_52' title='bbox 1768 775 2044 845; x_wconf 86' lang='lat' dir='ltr'>aliamque</span> 
     </span>
    </p>
   </div>
   <div class='ocr_carea' id='block_1_9' title="bbox 431 862 2041 941">
    <p class='ocr_par' dir='ltr' id='par_1_9' title="bbox 431 862 2041 941">
     <span class='ocr_line' id='line_1_9' title="bbox 431 862 2041 941; baseline -0.004 -19"><span class='ocrx_word' id='word_1_53' title='bbox 431 867 729 923; x_wconf 89' lang='lat' dir='ltr'>Ecclesiam</span> <span class='ocrx_word' id='word_1_54' title='bbox 782 866 1129 941; x_wconf 84' lang='lat' dir='ltr'>migratione,</span> <span class='ocrx_word' id='word_1_55' title='bbox 1181 866 1237 920; x_wconf 90' lang='lat' dir='ltr'>in</span> <span class='ocrx_word' id='word_1_56' title='bbox 1291 882 1481 921; x_wconf 92' lang='lat' dir='ltr'>eorum</span> <span class='ocrx_word' id='word_1_57' title='bbox 1526 864 1620 936; x_wconf 92' lang='lat' dir='ltr'>qui</span> <span class='ocrx_word' id='word_1_58' title='bbox 1657 865 1770 934; x_wconf 90' lang='lat' dir='ltr'>jam</span> <span class='ocrx_word' id='word_1_59' title='bbox 1829 879 1933 918; x_wconf 92' lang='lat' dir='ltr'>nos</span> <span class='ocrx_word' id='word_1_60' title='bbox 1973 862 2041 916; x_wconf 87' lang='lat' dir='ltr'>ad</span> 
     </span>
    </p>
   </div>
   <div class='ocr_carea' id='block_1_10' title="bbox 431 951 2040 1026">
    <p class='ocr_par' dir='ltr' id='par_1_10' title="bbox 431 951 2040 1026">
     <span class='ocr_line' id='line_1_10' title="bbox 431 951 2040 1026; baseline -0.003 -14"><span class='ocrx_word' id='word_1_61' title='bbox 431 956 723 1012; x_wconf 91' lang='lat' dir='ltr'>Dominum</span> <span class='ocrx_word' id='word_1_62' title='bbox 756 962 1157 1026; x_wconf 84' lang='lat' dir='ltr'>praecesserunt</span> <span class='ocrx_word' id='word_1_63' title='bbox 1186 954 1424 1025; x_wconf 89' lang='lat' dir='ltr'>scriptis,</span> <span class='ocrx_word' id='word_1_64' title='bbox 1466 969 1653 1008; x_wconf 89' lang='lat' dir='ltr'>verum</span> <span class='ocrx_word' id='word_1_65' title='bbox 1682 959 1736 1008; x_wconf 92' lang='lat' dir='ltr'>et</span> <span class='ocrx_word' id='word_1_66' title='bbox 1766 967 1888 1024; x_wconf 84' lang='lat' dir='ltr'>quae</span> <span class='ocrx_word' id='word_1_67' title='bbox 1919 951 2040 1007; x_wconf 90' lang='lat' dir='ltr'>illo-</span> 
     </span>
    </p>
   </div>
   <div class='ocr_carea' id='block_1_11' title="bbox 429 1039 2041 1116">
    <p class='ocr_par' dir='ltr' id='par_1_11' title="bbox 429 1039 2041 1116">
     <span class='ocr_line' id='line_1_11' title="bbox 429 1039 2041 1116; baseline -0.004 -18"><span class='ocrx_word' id='word_1_68' title='bbox 429 1060 570 1110; x_wconf 88' lang='lat' dir='ltr'>rum,</span> <span class='ocrx_word' id='word_1_69' title='bbox 602 1043 697 1116; x_wconf 88' lang='lat' dir='ltr'>qui</span> <span class='ocrx_word' id='word_1_70' title='bbox 726 1041 1110 1109; x_wconf 80' lang='lat' dir='ltr'>interfuerunt,</span> <span class='ocrx_word' id='word_1_71' title='bbox 1141 1042 1396 1098; x_wconf 88' lang='lat' dir='ltr'>veridicis</span> <span class='ocrx_word' id='word_1_72' title='bbox 1428 1039 1787 1096; x_wconf 86' lang='lat' dir='ltr'>relationibus</span> <span class='ocrx_word' id='word_1_73' title='bbox 1817 1053 2041 1109; x_wconf 88' lang='lat' dir='ltr'>compe-</span> 
     </span>
    </p>
   </div>
   <div class='ocr_carea' id='block_1_12' title="bbox 427 1130 2042 1209">
    <p class='ocr_par' dir='ltr' id='par_1_12' title="bbox 427 1130 2042 1209">
     <span class='ocr_line' id='line_1_12' title="bbox 427 1130 2042 1209; baseline -0.003 -20"><span class='ocrx_word' id='word_1_74' title='bbox 427 1136 618 1190; x_wconf 87' lang='lat' dir='ltr'>rimus.</span> <span class='ocrx_word' id='word_1_75' title='bbox 651 1136 779 1200; x_wconf 69' lang='lat' dir='ltr'>Quae.</span> <span class='ocrx_word' id='word_1_76' title='bbox 826 1135 987 1188; x_wconf 89' lang='lat' dir='ltr'>etiam</span> <span class='ocrx_word' id='word_1_77' title='bbox 1020 1150 1087 1189; x_wconf 92' lang='lat' dir='ltr'>ex</span> <span class='ocrx_word' id='word_1_78' title='bbox 1123 1151 1323 1209; x_wconf 90' lang='lat' dir='ltr'>magna</span> <span class='ocrx_word' id='word_1_79' title='bbox 1362 1140 1513 1205; x_wconf 88' lang='lat' dir='ltr'>parte</span> <span class='ocrx_word' id='word_1_80' title='bbox 1541 1133 1597 1188; x_wconf 91' lang='lat' dir='ltr'>in</span> <span class='ocrx_word' id='word_1_81' title='bbox 1626 1132 1799 1206; x_wconf 84' lang='lat' dir='ltr'>gestis</span> <span class='ocrx_word' id='word_1_82' title='bbox 1824 1130 2042 1202; x_wconf 90' lang='lat' dir='ltr'>episco-</span> 
     </span>
    </p>
   </div>
   <div class='ocr_carea' id='block_1_13' title="bbox 428 1223 2040 1299">
    <p class='ocr_par' dir='ltr' id='par_1_13' title="bbox 428 1223 2040 1299">
     <span class='ocr_line' id='line_1_13' title="bbox 428 1223 2040 1299; baseline -0.003 -17"><span class='ocrx_word' id='word_1_83' title='bbox 428 1242 621 1298; x_wconf 87' lang='lat' dir='ltr'>porum</span> <span class='ocrx_word' id='word_1_84' title='bbox 651 1226 901 1299; x_wconf 60' lang='lat' dir='ltr'>Belgicis,</span> <span class='ocrx_word' id='word_1_85' title='bbox 943 1225 1147 1294; x_wconf 68' lang='lat' dir='ltr'>Galliae,</span> <span class='ocrx_word' id='word_1_86' title='bbox 1180 1226 1465 1292; x_wconf 64' lang='lat' dir='ltr'>Neustrize,</span> <span class='ocrx_word' id='word_1_87' title='bbox 1499 1231 1552 1280; x_wconf 91' lang='lat' dir='ltr'>et</span> <span class='ocrx_word' id='word_1_88' title='bbox 1581 1223 1882 1296; x_wconf 65' lang='lat' dir='ltr'>Aquitania:</span> <span class='ocrx_word' id='word_1_89' title='bbox 1913 1236 2040 1293; x_wconf 91' lang='lat' dir='ltr'>pro-</span> 
     </span>
    </p>
   </div>
   <div class='ocr_carea' id='block_1_14' title="bbox 428 1308 2041 1389">
    <p class='ocr_par' dir='ltr' id='par_1_14' title="bbox 428 1308 2041 1389">
     <span class='ocr_line' id='line_1_14' title="bbox 428 1308 2041 1389; baseline -0.002 -22"><span class='ocrx_word' id='word_1_90' title='bbox 428 1313 728 1368; x_wconf 89' lang='lat' dir='ltr'>vinciarum</span> <span class='ocrx_word' id='word_1_91' title='bbox 760 1330 914 1384; x_wconf 64' lang='lat' dir='ltr'>papa:</span> <span class='ocrx_word' id='word_1_92' title='bbox 956 1314 1144 1389; x_wconf 89' lang='lat' dir='ltr'>Sergio</span> <span class='ocrx_word' id='word_1_93' title='bbox 1195 1308 1521 1387; x_wconf 86' lang='lat' dir='ltr'>dirigendis,</span> <span class='ocrx_word' id='word_1_94' title='bbox 1567 1320 1621 1367; x_wconf 92' lang='lat' dir='ltr'>et</span> <span class='ocrx_word' id='word_1_95' title='bbox 1669 1312 1837 1368; x_wconf 89' lang='lat' dir='ltr'>Leoni</span> <span class='ocrx_word' id='word_1_96' title='bbox 1885 1326 2041 1381; x_wconf 66' lang='lat' dir='ltr'>papae</span> 
     </span>
    </p>
   </div>
   <div class='ocr_carea' id='block_1_15' title="bbox 430 1392 2041 1475">
    <p class='ocr_par' dir='ltr' id='par_1_15' title="bbox 430 1392 2041 1475">
     <span class='ocr_line' id='line_1_15' title="bbox 430 1392 2041 1475; baseline -0.001 -21"><span class='ocrx_word' id='word_1_97' title='bbox 430 1392 652 1457; x_wconf 79' lang='lat' dir='ltr'>directis</span> <span class='ocrx_word' id='word_1_98' title='bbox 681 1418 804 1457; x_wconf 91' lang='lat' dir='ltr'>cum</span> <span class='ocrx_word' id='word_1_99' title='bbox 835 1419 1023 1459; x_wconf 90' lang='lat' dir='ltr'>eorum</span> <span class='ocrx_word' id='word_1_100' title='bbox 1055 1403 1309 1475; x_wconf 90' lang='lat' dir='ltr'>epistola,</span> <span class='ocrx_word' id='word_1_101' title='bbox 1342 1402 1440 1456; x_wconf 90' lang='lat' dir='ltr'>sed</span> <span class='ocrx_word' id='word_1_102' title='bbox 1470 1402 1524 1455; x_wconf 90' lang='lat' dir='ltr'>in</span> <span class='ocrx_word' id='word_1_103' title='bbox 1565 1401 1816 1472; x_wconf 85' lang='lat' dir='ltr'>epistolis</span> <span class='ocrx_word' id='word_1_104' title='bbox 1846 1400 2041 1454; x_wconf 88' lang='lat' dir='ltr'>Lotha-</span> 
     </span>
    </p>
   </div>
   <div class='ocr_carea' id='block_1_16' title="bbox 430 1492 2045 1569">
    <p class='ocr_par' dir='ltr' id='par_1_16' title="bbox 430 1492 2045 1569">
     <span class='ocr_line' id='line_1_16' title="bbox 430 1492 2045 1569; baseline -0.002 -22"><span class='ocrx_word' id='word_1_105' title='bbox 430 1494 494 1547; x_wconf 93' lang='lat' dir='ltr'>rii</span> <span class='ocrx_word' id='word_1_106' title='bbox 534 1494 897 1569; x_wconf 87' lang='lat' dir='ltr'>imperatoris,</span> <span class='ocrx_word' id='word_1_107' title='bbox 939 1502 991 1549; x_wconf 87' lang='lat' dir='ltr'>et</span> <span class='ocrx_word' id='word_1_108' title='bbox 1019 1495 1198 1551; x_wconf 85' lang='lat' dir='ltr'>Karoli</span> <span class='ocrx_word' id='word_1_109' title='bbox 1237 1496 1384 1568; x_wconf 90' lang='lat' dir='ltr'>regis</span> <span class='ocrx_word' id='word_1_110' title='bbox 1424 1494 1626 1549; x_wconf 87' lang='lat' dir='ltr'>exinde</span> <span class='ocrx_word' id='word_1_111' title='bbox 1665 1492 1887 1547; x_wconf 91' lang='lat' dir='ltr'>directis</span> <span class='ocrx_word' id='word_1_112' title='bbox 1916 1506 2045 1546; x_wconf 85' lang='lat' dir='ltr'>con-</span> 
     </span>
    </p>
   </div>
   <div class='ocr_carea' id='block_1_17' title="bbox 429 1582 2044 1654">
    <p class='ocr_par' dir='ltr' id='par_1_17' title="bbox 429 1582 2044 1654">
     <span class='ocr_line' id='line_1_17' title="bbox 429 1582 2044 1654; baseline -0.001 -19"><span class='ocrx_word' id='word_1_113' title='bbox 429 1582 690 1648; x_wconf 89' lang='lat' dir='ltr'>tinentur,</span> <span class='ocrx_word' id='word_1_114' title='bbox 732 1599 868 1654; x_wconf 88' lang='lat' dir='ltr'>quas</span> <span class='ocrx_word' id='word_1_115' title='bbox 900 1584 954 1637; x_wconf 92' lang='lat' dir='ltr'>in</span> <span class='ocrx_word' id='word_1_116' title='bbox 994 1584 1198 1639; x_wconf 90' lang='lat' dir='ltr'>scrinio</span> <span class='ocrx_word' id='word_1_117' title='bbox 1230 1585 1476 1640; x_wconf 82' lang='lat' dir='ltr'>Romano</span> <span class='ocrx_word' id='word_1_118' title='bbox 1503 1584 1778 1639; x_wconf 88' lang='lat' dir='ltr'>credimus</span> <span class='ocrx_word' id='word_1_119' title='bbox 1822 1596 2044 1637; x_wconf 91' lang='lat' dir='ltr'>conser-</span> 
     </span>
    </p>
   </div>
   <div class='ocr_carea' id='block_1_18' title="bbox 427 1658 2045 1739">
    <p class='ocr_par' dir='ltr' id='par_1_18' title="bbox 427 1658 2045 1739">
     <span class='ocr_line' id='line_1_18' title="bbox 427 1658 2045 1739; baseline -0.003 -12"><span class='ocrx_word' id='word_1_120' title='bbox 427 1672 582 1738; x_wconf 88' lang='lat' dir='ltr'>vari,</span> <span class='ocrx_word' id='word_1_121' title='bbox 649 1658 842 1728; x_wconf 67' lang='lat' dir='ltr'>vestrae</span> <span class='ocrx_word' id='word_1_122' title='bbox 917 1674 1227 1729; x_wconf 89' lang='lat' dir='ltr'>auctoritati</span> <span class='ocrx_word' id='word_1_123' title='bbox 1310 1672 1751 1728; x_wconf 90' lang='lat' dir='ltr'>transmittimus.</span> <span class='ocrx_word' id='word_1_124' title='bbox 1835 1669 2045 1739; x_wconf 85' lang='lat' dir='ltr'>Scripta</span> 
     </span>
    </p>
   </div>
   <div class='ocr_carea' id='block_1_19' title="bbox 428 1761 2046 1833">
    <p class='ocr_par' dir='ltr' id='par_1_19' title="bbox 428 1761 2046 1833">
     <span class='ocr_line' id='line_1_19' title="bbox 428 1761 2046 1833; baseline -0.002 -18"><span class='ocrx_word' id='word_1_125' title='bbox 428 1777 649 1833; x_wconf 90' lang='lat' dir='ltr'>quoque</span> <span class='ocrx_word' id='word_1_126' title='bbox 671 1804 687 1828; x_wconf 94' lang='lat'>,</span> <span class='ocrx_word' id='word_1_127' title='bbox 739 1780 861 1833; x_wconf 63' lang='lat' dir='ltr'>qua:</span> <span class='ocrx_word' id='word_1_128' title='bbox 891 1762 1021 1818; x_wconf 82' lang='lat' dir='ltr'>hinc</span> <span class='ocrx_word' id='word_1_129' title='bbox 1045 1780 1077 1818; x_wconf 89' lang='lat' dir='ltr'>a</span> <span class='ocrx_word' id='word_1_130' title='bbox 1107 1770 1287 1818; x_wconf 91' lang='lat' dir='ltr'>vestra</span> <span class='ocrx_word' id='word_1_131' title='bbox 1328 1762 1648 1818; x_wconf 86' lang='lat' dir='ltr'>auctoritate</span> <span class='ocrx_word' id='word_1_132' title='bbox 1699 1761 1906 1815; x_wconf 90' lang='lat' dir='ltr'>directa</span> <span class='ocrx_word' id='word_1_133' title='bbox 1930 1800 1943 1825; x_wconf 95' lang='lat'>,</span> <span class='ocrx_word' id='word_1_134' title='bbox 1991 1763 2046 1812; x_wconf 90' lang='lat' dir='ltr'>et</span> 
     </span>
    </p>
   </div>
   <div class='ocr_carea' id='block_1_20' title="bbox 2217 515 3753 592">
    <p class='ocr_par' dir='ltr' id='par_1_20' title="bbox 2217 515 3753 592">
     <span class='ocr_line' id='line_1_20' title="bbox 2217 515 3753 592; baseline 0 -21"><span class='ocrx_word' id='word_1_135' title='bbox 2217 543 2245 571; x_wconf 78' lang='grc' dir='ltr'>α</span> <span class='ocrx_word' id='word_1_136' title='bbox 2292 522 2349 575; x_wconf 92' lang='lat' dir='ltr'>ln</span> <span class='ocrx_word' id='word_1_137' title='bbox 2374 518 2609 592; x_wconf 90' lang='lat' dir='ltr'>epistola</span> <span class='ocrx_word' id='word_1_138' title='bbox 2626 524 2823 573; x_wconf 64' lang='lat' dir='ltr'>vestra!</span> <span class='ocrx_word' id='word_1_139' title='bbox 2844 517 3150 573; x_wconf 87' lang='lat' dir='ltr'>sanctitatis</span> <span class='ocrx_word' id='word_1_140' title='bbox 3170 532 3268 588; x_wconf 89' lang='lat' dir='ltr'>per</span> <span class='ocrx_word' id='word_1_141' title='bbox 3286 515 3531 571; x_wconf 88' lang='lat' dir='ltr'>Odonem</span> <span class='ocrx_word' id='word_1_142' title='bbox 3550 515 3753 587; x_wconf 88' lang='lat' dir='ltr'>episco-</span> 
     </span>
    </p>
   </div>
   <div class='ocr_carea' id='block_1_21' title="bbox 2146 608 3753 687">
    <p class='ocr_par' dir='ltr' id='par_1_21' title="bbox 2146 608 3753 687">
     <span class='ocr_line' id='line_1_21' title="bbox 2146 608 3753 687; baseline -0.004 -18"><span class='ocrx_word' id='word_1_143' title='bbox 2146 632 2272 687; x_wconf 91' lang='lat' dir='ltr'>pum</span> <span class='ocrx_word' id='word_1_144' title='bbox 2311 613 2590 684; x_wconf 89' lang='lat' dir='ltr'>episcopis</span> <span class='ocrx_word' id='word_1_145' title='bbox 2621 612 2677 666; x_wconf 91' lang='lat' dir='ltr'>in</span> <span class='ocrx_word' id='word_1_146' title='bbox 2717 627 2889 684; x_wconf 84' lang='lat' dir='ltr'>regno</span> <span class='ocrx_word' id='word_1_147' title='bbox 2917 610 3155 666; x_wconf 89' lang='lat' dir='ltr'>Lotharii</span> <span class='ocrx_word' id='word_1_148' title='bbox 3198 626 3296 682; x_wconf 90' lang='lat' dir='ltr'>pro</span> <span class='ocrx_word' id='word_1_149' title='bbox 3337 608 3654 680; x_wconf 61' lang='lat' dir='ltr'>prazjudicio</span> <span class='ocrx_word' id='word_1_150' title='bbox 3687 608 3753 663; x_wconf 83' lang='lat' dir='ltr'>Ca</span> 
     </span>
    </p>
   </div>
   <div class='ocr_carea' id='block_1_22' title="bbox 2144 697 3750 772">
    <p class='ocr_par' dir='ltr' id='par_1_22' title="bbox 2144 697 3750 772">
     <span class='ocr_line' id='line_1_22' title="bbox 2144 697 3750 772; baseline -0.004 -15"><span class='ocrx_word' id='word_1_151' title='bbox 2144 701 2478 759; x_wconf 89' lang='lat' dir='ltr'>meracensis</span> <span class='ocrx_word' id='word_1_152' title='bbox 2510 700 2766 756; x_wconf 65' lang='lat' dir='ltr'>Ecclesiae</span> <span class='ocrx_word' id='word_1_153' title='bbox 2789 700 3018 762; x_wconf 85' lang='lat' dir='ltr'>directa,</span> <span class='ocrx_word' id='word_1_154' title='bbox 3051 699 3219 772; x_wconf 83' lang='lat' dir='ltr'>relegi</span> <span class='ocrx_word' id='word_1_155' title='bbox 3246 705 3482 754; x_wconf 80' lang='lat' dir='ltr'>vestram</span> <span class='ocrx_word' id='word_1_156' title='bbox 3507 697 3750 753; x_wconf 86' lang='lat' dir='ltr'>auctori-</span> 
     </span>
    </p>
   </div>
   <div class='ocr_carea' id='block_1_23' title="bbox 2143 788 3802 865">
    <p class='ocr_par' dir='ltr' id='par_1_23' title="bbox 2143 788 3802 865">
     <span class='ocr_line' id='line_1_23' title="bbox 2143 788 3802 865; baseline -0.005 -15"><span class='ocrx_word' id='word_1_157' title='bbox 2143 802 2312 850; x_wconf 88' lang='lat' dir='ltr'>tatem</span> <span class='ocrx_word' id='word_1_158' title='bbox 2339 793 2762 856; x_wconf 90' lang='lat' dir='ltr'>sciscitaturam,</span> <span class='ocrx_word' id='word_1_159' title='bbox 2795 792 2953 862; x_wconf 85' lang='lat' dir='ltr'>cujus</span> <span class='ocrx_word' id='word_1_160' title='bbox 2985 791 3240 865; x_wconf 90' lang='lat' dir='ltr'>neglectu</span> <span class='ocrx_word' id='word_1_161' title='bbox 3272 789 3467 845; x_wconf 89' lang='lat' dir='ltr'>eadem</span> <span class='ocrx_word' id='word_1_162' title='bbox 3514 788 3754 845; x_wconf 87' lang='lat' dir='ltr'>Ecclesia</span> <span class='ocrx_word' id='word_1_163' title='bbox 3798 813 3802 816; x_wconf 75' lang='lat'><strong><em>~</em></strong></span> 
     </span>
    </p>
   </div>
   <div class='ocr_carea' id='block_1_24' title="bbox 2144 877 3755 951">
    <p class='ocr_par' dir='ltr' id='par_1_24' title="bbox 2144 877 3755 951">
     <span class='ocr_line' id='line_1_24' title="bbox 2144 877 3755 951; baseline -0.004 -14"><span class='ocrx_word' id='word_1_164' title='bbox 2144 882 2284 937; x_wconf 88' lang='lat' dir='ltr'>ultra</span> <span class='ocrx_word' id='word_1_165' title='bbox 2310 880 2585 937; x_wconf 89' lang='lat' dir='ltr'>decimum</span> <span class='ocrx_word' id='word_1_166' title='bbox 2617 895 2863 935; x_wconf 89' lang='lat' dir='ltr'>mensem</span> <span class='ocrx_word' id='word_1_167' title='bbox 2898 886 3117 951; x_wconf 90' lang='lat' dir='ltr'>pastore</span> <span class='ocrx_word' id='word_1_168' title='bbox 3140 887 3379 945; x_wconf 90' lang='lat' dir='ltr'>vacaret,</span> <span class='ocrx_word' id='word_1_169' title='bbox 3407 877 3672 942; x_wconf 88' lang='lat' dir='ltr'>unde;ne</span> <span class='ocrx_word' id='word_1_170' title='bbox 3700 883 3755 931; x_wconf 93' lang='lat' dir='ltr'>ut</span> 
     </span>
    </p>
   </div>
   <div class='ocr_carea' id='block_1_25' title="bbox 2144 966 3757 1045">
    <p class='ocr_par' dir='ltr' id='par_1_25' title="bbox 2144 966 3757 1045">
     <span class='ocr_line' id='line_1_25' title="bbox 2144 966 3757 1045; baseline -0.004 -19"><span class='ocrx_word' id='word_1_171' title='bbox 2144 970 2432 1045; x_wconf 87' lang='lat' dir='ltr'>negligens</span> <span class='ocrx_word' id='word_1_172' title='bbox 2483 985 2513 1023; x_wconf 90' lang='lat' dir='ltr'>a</span> <span class='ocrx_word' id='word_1_173' title='bbox 2555 977 2738 1024; x_wconf 89' lang='lat' dir='ltr'>vestro</span> <span class='ocrx_word' id='word_1_174' title='bbox 2791 968 3102 1040; x_wconf 89' lang='lat' dir='ltr'>apostolatu</span> <span class='ocrx_word' id='word_1_175' title='bbox 3146 982 3518 1031; x_wconf 81' lang='lat' dir='ltr'>succensear,</span> <span class='ocrx_word' id='word_1_176' title='bbox 3573 966 3757 1020; x_wconf 86' lang='lat' dir='ltr'>indico</span> 
     </span>
    </p>
   </div>
   <div class='ocr_carea' id='block_1_26' title="bbox 2143 1057 3758 1131">
    <p class='ocr_par' dir='ltr' id='par_1_26' title="bbox 2143 1057 3758 1131">
     <span class='ocr_line' id='line_1_26' title="bbox 2143 1057 3758 1131; baseline -0.004 -14"><span class='ocrx_word' id='word_1_177' title='bbox 2143 1061 2452 1117; x_wconf 88' lang='lat' dir='ltr'>auctoritati</span> <span class='ocrx_word' id='word_1_178' title='bbox 2484 1067 2679 1115; x_wconf 58' lang='lat' dir='ltr'>vestras</span> <span class='ocrx_word' id='word_1_179' title='bbox 2734 1061 2920 1131; x_wconf 76' lang='grc' dir='ltr'>(Νιοοι</span> <span class='ocrx_word' id='word_1_180' title='bbox 2951 1103 2966 1126; x_wconf 86' lang='grc'><strong><em>,</em></strong></span> <span class='ocrx_word' id='word_1_181' title='bbox 2998 1062 3152 1129; x_wconf 84' lang='lat' dir='ltr'>epist.</span> <span class='ocrx_word' id='word_1_182' title='bbox 3212 1057 3300 1123; x_wconf 90' lang='lat'>63,</span> <span class='ocrx_word' id='word_1_183' title='bbox 3345 1059 3438 1123; x_wconf 76' lang='lat'>64,</span> <span class='ocrx_word' id='word_1_184' title='bbox 3469 1057 3578 1125; x_wconf 83' lang='lat'>65),</span> <span class='ocrx_word' id='word_1_185' title='bbox 3634 1063 3758 1128; x_wconf 90' lang='lat' dir='ltr'>post</span> 
     </span>
    </p>
   </div>
   <div class='ocr_carea' id='block_1_27' title="bbox 2143 1145 3759 1222">
    <p class='ocr_par' dir='ltr' id='par_1_27' title="bbox 2143 1145 3759 1222">
     <span class='ocr_line' id='line_1_27' title="bbox 2143 1145 3759 1222; baseline -0.004 -16"><span class='ocrx_word' id='word_1_186' title='bbox 2143 1152 2381 1207; x_wconf 89' lang='lat' dir='ltr'>directas</span> <span class='ocrx_word' id='word_1_187' title='bbox 2410 1150 2665 1206; x_wconf 87' lang='lat' dir='ltr'>Lothario</span> <span class='ocrx_word' id='word_1_188' title='bbox 2706 1157 2761 1204; x_wconf 90' lang='lat' dir='ltr'>et</span> <span class='ocrx_word' id='word_1_189' title='bbox 2789 1149 3065 1221; x_wconf 84' lang='lat' dir='ltr'>episcOpis</span> <span class='ocrx_word' id='word_1_190' title='bbox 3104 1148 3259 1222; x_wconf 86' lang='lat' dir='ltr'>regni</span> <span class='ocrx_word' id='word_1_191' title='bbox 3298 1147 3418 1215; x_wconf 89' lang='lat' dir='ltr'>ejus</span> <span class='ocrx_word' id='word_1_192' title='bbox 3447 1152 3613 1217; x_wconf 91' lang='lat' dir='ltr'>atque</span> <span class='ocrx_word' id='word_1_193' title='bbox 3644 1145 3759 1200; x_wconf 83' lang='lat' dir='ltr'>Hil-</span> 
     </span>
    </p>
   </div>
   <div class='ocr_carea' id='block_1_28' title="bbox 2141 1239 3757 1314">
    <p class='ocr_par' dir='ltr' id='par_1_28' title="bbox 2141 1239 3757 1314">
     <span class='ocr_line' id='line_1_28' title="bbox 2141 1239 3757 1314; baseline -0.004 -15"><span class='ocrx_word' id='word_1_194' title='bbox 2141 1244 2335 1310; x_wconf 90' lang='lat' dir='ltr'>duino,</span> <span class='ocrx_word' id='word_1_195' title='bbox 2366 1242 2460 1314; x_wconf 90' lang='lat' dir='ltr'>qui</span> <span class='ocrx_word' id='word_1_196' title='bbox 2513 1242 2762 1296; x_wconf 91' lang='lat' dir='ltr'>eamdem</span> <span class='ocrx_word' id='word_1_197' title='bbox 2796 1241 3093 1296; x_wconf 86' lang='lat' dir='ltr'>Ecclesiam</span> <span class='ocrx_word' id='word_1_198' title='bbox 3124 1239 3500 1312; x_wconf 87' lang='lat' dir='ltr'>irregulariter</span> <span class='ocrx_word' id='word_1_199' title='bbox 3523 1253 3757 1309; x_wconf 86' lang='lat' dir='ltr'>occupa-</span> 
     </span>
    </p>
   </div>
   <div class='ocr_carea' id='block_1_29' title="bbox 2143 1332 3760 1407">
    <p class='ocr_par' dir='ltr' id='par_1_29' title="bbox 2143 1332 3760 1407">
     <span class='ocr_line' id='line_1_29' title="bbox 2143 1332 3760 1407; baseline -0.002 -15"><span class='ocrx_word' id='word_1_200' title='bbox 2143 1338 2240 1399; x_wconf 87' lang='lat' dir='ltr'>vit,</span> <span class='ocrx_word' id='word_1_201' title='bbox 2266 1337 2342 1390; x_wconf 91' lang='lat' dir='ltr'>ita</span> <span class='ocrx_word' id='word_1_202' title='bbox 2371 1342 2430 1390; x_wconf 91' lang='lat' dir='ltr'>ut</span> <span class='ocrx_word' id='word_1_203' title='bbox 2459 1344 2754 1406; x_wconf 88' lang='lat' dir='ltr'>antequam</span> <span class='ocrx_word' id='word_1_204' title='bbox 2806 1336 2952 1407; x_wconf 92' lang='lat' dir='ltr'>ipsas</span> <span class='ocrx_word' id='word_1_205' title='bbox 2977 1334 3268 1388; x_wconf 89' lang='lat' dir='ltr'>mitteretis</span> <span class='ocrx_word' id='word_1_206' title='bbox 3299 1332 3583 1404; x_wconf 87' lang='lat' dir='ltr'>epistolas,</span> <span class='ocrx_word' id='word_1_207' title='bbox 3629 1332 3760 1388; x_wconf 86' lang='lat' dir='ltr'>hac-</span> 
     </span>
    </p>
   </div>
   <div class='ocr_carea' id='block_1_30' title="bbox 2145 1421 3757 1496">
    <p class='ocr_par' dir='ltr' id='par_1_30' title="bbox 2145 1421 3757 1496">
     <span class='ocr_line' id='line_1_30' title="bbox 2145 1421 3757 1496; baseline -0.004 -16"><span class='ocrx_word' id='word_1_208' title='bbox 2145 1433 2308 1480; x_wconf 91' lang='lat' dir='ltr'>tenus</span> <span class='ocrx_word' id='word_1_209' title='bbox 2356 1424 2735 1496; x_wconf 85' lang='lat' dir='ltr'>praejudicium</span> <span class='ocrx_word' id='word_1_210' title='bbox 2793 1439 3168 1495; x_wconf 87' lang='lat' dir='ltr'>permanere:</span> <span class='ocrx_word' id='word_1_211' title='bbox 3213 1436 3413 1493; x_wconf 91' lang='lat' dir='ltr'>meque</span> <span class='ocrx_word' id='word_1_212' title='bbox 3443 1421 3757 1476; x_wconf 90' lang='lat' dir='ltr'>Lotharium</span> 
     </span>
    </p>
   </div>
   <div class='ocr_carea' id='block_1_31' title="bbox 2146 1508 3762 1591">
    <p class='ocr_par' dir='ltr' id='par_1_31' title="bbox 2146 1508 3762 1591">
     <span class='ocr_line' id='line_1_31' title="bbox 2146 1508 3762 1591; baseline -0.003 -19"><span class='ocrx_word' id='word_1_213' title='bbox 2146 1533 2331 1591; x_wconf 90' lang='lat' dir='ltr'>regem</span> <span class='ocrx_word' id='word_1_214' title='bbox 2363 1524 2417 1571; x_wconf 92' lang='lat' dir='ltr'>et</span> <span class='ocrx_word' id='word_1_215' title='bbox 2446 1516 2645 1588; x_wconf 82' lang='lat' dir='ltr'>legatis</span> <span class='ocrx_word' id='word_1_216' title='bbox 2674 1522 2729 1570; x_wconf 91' lang='lat' dir='ltr'>et</span> <span class='ocrx_word' id='word_1_217' title='bbox 2758 1516 2975 1583; x_wconf 88' lang='lat' dir='ltr'>litteris,</span> <span class='ocrx_word' id='word_1_218' title='bbox 3019 1508 3183 1586; x_wconf 88' lang='lat' dir='ltr'>prout</span> <span class='ocrx_word' id='word_1_219' title='bbox 3210 1513 3366 1585; x_wconf 89' lang='lat' dir='ltr'>potui</span> <span class='ocrx_word' id='word_1_220' title='bbox 3404 1528 3572 1583; x_wconf 74' lang='lat' dir='ltr'>saepe,</span> <span class='ocrx_word' id='word_1_221' title='bbox 3613 1519 3667 1567; x_wconf 91' lang='lat' dir='ltr'>et</span> <span class='ocrx_word' id='word_1_222' title='bbox 3695 1527 3762 1567; x_wconf 88' lang='lat' dir='ltr'>eo</span> 
     </span>
    </p>
   </div>
   <div class='ocr_carea' id='block_1_32' title="bbox 2143 1601 3761 1677">
    <p class='ocr_par' dir='ltr' id='par_1_32' title="bbox 2143 1601 3761 1677">
     <span class='ocr_line' id='line_1_32' title="bbox 2143 1601 3761 1677; baseline -0.004 -17"><span class='ocrx_word' id='word_1_223' title='bbox 2143 1621 2317 1677; x_wconf 90' lang='lat' dir='ltr'>usque</span> <span class='ocrx_word' id='word_1_224' title='bbox 2348 1606 2477 1660; x_wconf 91' lang='lat' dir='ltr'>inde</span> <span class='ocrx_word' id='word_1_225' title='bbox 2522 1605 2952 1668; x_wconf 88' lang='lat' dir='ltr'>commonuisse,</span> <span class='ocrx_word' id='word_1_226' title='bbox 2986 1604 3167 1659; x_wconf 91' lang='lat' dir='ltr'>donec</span> <span class='ocrx_word' id='word_1_227' title='bbox 3205 1602 3371 1675; x_wconf 88' lang='lat' dir='ltr'>regiis</span> <span class='ocrx_word' id='word_1_228' title='bbox 3417 1602 3532 1657; x_wconf 90' lang='lat' dir='ltr'>suis</span> <span class='ocrx_word' id='word_1_229' title='bbox 3562 1601 3761 1656; x_wconf 88' lang='lat' dir='ltr'>litteris</span> 
     </span>
    </p>
   </div>
   <div class='ocr_carea' id='block_1_33' title="bbox 2144 1688 3759 1764">
    <p class='ocr_par' dir='ltr' id='par_1_33' title="bbox 2144 1688 3759 1764">
     <span class='ocr_line' id='line_1_33' title="bbox 2144 1688 3759 1764; baseline -0.004 -17"><span class='ocrx_word' id='word_1_230' title='bbox 2144 1694 2279 1747; x_wconf 87' lang='lat' dir='ltr'>mihi</span> <span class='ocrx_word' id='word_1_231' title='bbox 2311 1692 2617 1764; x_wconf 90' lang='lat' dir='ltr'>respondit,</span> <span class='ocrx_word' id='word_1_232' title='bbox 2651 1692 2971 1746; x_wconf 87' lang='lat' dir='ltr'>llilduinum</span> <span class='ocrx_word' id='word_1_233' title='bbox 2998 1691 3066 1746; x_wconf 90' lang='lat' dir='ltr'>ad</span> <span class='ocrx_word' id='word_1_234' title='bbox 3098 1698 3330 1746; x_wconf 88' lang='lat' dir='ltr'>vestram</span> <span class='ocrx_word' id='word_1_235' title='bbox 3378 1688 3759 1744; x_wconf 87' lang='lat' dir='ltr'>auctoritatem</span> 
     </span>
    </p>
   </div>
   <div class='ocr_carea' id='block_1_34' title="bbox 2146 1777 3765 1854">
    <p class='ocr_par' dir='ltr' id='par_1_34' title="bbox 2146 1777 3765 1854">
     <span class='ocr_line' id='line_1_34' title="bbox 2146 1777 3765 1854; baseline -0.002 -19"><span class='ocrx_word' id='word_1_236' title='bbox 2146 1797 2304 1836; x_wconf 91' lang='lat' dir='ltr'>suum</span> <span class='ocrx_word' id='word_1_237' title='bbox 2336 1781 2574 1854; x_wconf 90' lang='lat' dir='ltr'>legatum</span> <span class='ocrx_word' id='word_1_238' title='bbox 2608 1780 2843 1847; x_wconf 90' lang='lat' dir='ltr'>misisse,</span> <span class='ocrx_word' id='word_1_239' title='bbox 2873 1787 2928 1835; x_wconf 95' lang='lat' dir='ltr'>et</span> <span class='ocrx_word' id='word_1_240' title='bbox 2957 1779 3094 1833; x_wconf 89' lang='lat' dir='ltr'>nihil</span> <span class='ocrx_word' id='word_1_241' title='bbox 3127 1779 3285 1833; x_wconf 88' lang='lat' dir='ltr'>aliter</span> <span class='ocrx_word' id='word_1_242' title='bbox 3313 1778 3382 1833; x_wconf 94' lang='lat' dir='ltr'>de</span> <span class='ocrx_word' id='word_1_243' title='bbox 3412 1777 3640 1850; x_wconf 70' lang='lat' dir='ltr'>praefata</span> <span class='ocrx_word' id='word_1_244' title='bbox 3668 1777 3765 1832; x_wconf 87' lang='lat' dir='ltr'>Ec-</span> 
     </span>
    </p>
   </div>
   <div class='ocr_carea' id='block_1_35' title="bbox 425 1842 3768 1946">
    <p class='ocr_par' dir='ltr' id='par_1_35' title="bbox 425 1842 3768 1946">
     <span class='ocr_line' id='line_1_35' title="bbox 425 1842 3768 1946; baseline -0.001 -19"><span class='ocrx_word' id='word_1_245' title='bbox 425 1859 620 1946; x_wconf 47' lang='lat' dir='ltr'>&quot;?Stm</span> <span class='ocrx_word' id='word_1_246' title='bbox 668 1855 940 1910; x_wconf 62' lang='grc' dir='ltr'>δθηθίίιαίί</span> <span class='ocrx_word' id='word_1_247' title='bbox 1000 1857 1233 1911; x_wconf 66' lang='lat' dir='ltr'>remissa</span> <span class='ocrx_word' id='word_1_248' title='bbox 1288 1856 1626 1926; x_wconf 63' lang='lat' dir='ltr'>relegimusv</span> <span class='ocrx_word' id='word_1_249' title='bbox 1686 1852 1881 1908; x_wconf 70' lang='grc' dir='ltr'>οῖ’(ίίηθ</span> <span class='ocrx_word' id='word_1_250' title='bbox 1937 1842 3768 1946; x_wconf 75' lang='lat' dir='ltr'>quoBclesia,nisiutegeral,diSponeredebuisse,donecavobis</span> 
     </span>
    </p>
   </div>
   <div class='ocr_carea' id='block_1_36' title="bbox 429 1944 2040 2016">
    <p class='ocr_par' dir='ltr' id='par_1_36' title="bbox 429 1944 2040 2016">
     <span class='ocr_line' id='line_1_36' title="bbox 429 1944 2040 2016; baseline 0.003 -20"><span class='ocrx_word' id='word_1_251' title='bbox 429 1944 618 2010; x_wconf 90' lang='lat' dir='ltr'>missa,</span> <span class='ocrx_word' id='word_1_252' title='bbox 664 1946 751 2000; x_wconf 89' lang='lat' dir='ltr'>vel</span> <span class='ocrx_word' id='word_1_253' title='bbox 792 1950 1024 2004; x_wconf 90' lang='lat' dir='ltr'>remissa</span> <span class='ocrx_word' id='word_1_254' title='bbox 1054 1950 1291 2016; x_wconf 83' lang='lat' dir='ltr'>fuerunt,</span> <span class='ocrx_word' id='word_1_255' title='bbox 1324 1949 1629 2003; x_wconf 89' lang='lat' dir='ltr'>secundum</span> <span class='ocrx_word' id='word_1_256' title='bbox 1658 1953 1893 2001; x_wconf 89' lang='lat' dir='ltr'>vestram</span> <span class='ocrx_word' id='word_1_257' title='bbox 1920 1946 2040 2015; x_wconf 90' lang='lat' dir='ltr'>jus-</span> 
     </span>
    </p>
   </div>
   <div class='ocr_carea' id='block_1_37' title="bbox 428 2035 2041 2110">
    <p class='ocr_par' dir='ltr' id='par_1_37' title="bbox 428 2035 2041 2110">
     <span class='ocr_line' id='line_1_37' title="bbox 428 2035 2041 2110; baseline 0.002 -22"><span class='ocrx_word' id='word_1_258' title='bbox 428 2036 666 2108; x_wconf 88' lang='lat' dir='ltr'>sionem,</span> <span class='ocrx_word' id='word_1_259' title='bbox 718 2041 773 2095; x_wconf 89' lang='lat' dir='ltr'>in</span> <span class='ocrx_word' id='word_1_260' title='bbox 825 2041 1101 2095; x_wconf 86' lang='lat' dir='ltr'>volumine</span> <span class='ocrx_word' id='word_1_261' title='bbox 1133 2039 1236 2093; x_wconf 90' lang='lat' dir='ltr'>isto</span> <span class='ocrx_word' id='word_1_262' title='bbox 1280 2038 1682 2110; x_wconf 88' lang='lat' dir='ltr'>congessimus.</span> <span class='ocrx_word' id='word_1_263' title='bbox 1719 2037 1782 2091; x_wconf 83' lang='lat' dir='ltr'>Et</span> <span class='ocrx_word' id='word_1_264' title='bbox 1818 2037 1870 2091; x_wconf 87' lang='lat' dir='ltr'>si</span> <span class='ocrx_word' id='word_1_265' title='bbox 1902 2035 2041 2092; x_wconf 88' lang='lat' dir='ltr'>forte</span> 
     </span>
    </p>
   </div>
   <div class='ocr_carea' id='block_1_38' title="bbox 427 2128 2049 2209">
    <p class='ocr_par' dir='ltr' id='par_1_38' title="bbox 427 2128 2049 2209">
     <span class='ocr_line' id='line_1_38' title="bbox 427 2128 2049 2209; baseline -0.002 -23"><span class='ocrx_word' id='word_1_266' title='bbox 427 2132 533 2187; x_wconf 90' lang='lat' dir='ltr'>alia</span> <span class='ocrx_word' id='word_1_267' title='bbox 561 2150 627 2188; x_wconf 88' lang='lat' dir='ltr'>ex</span> <span class='ocrx_word' id='word_1_268' title='bbox 656 2135 758 2190; x_wconf 93' lang='lat' dir='ltr'>hoc</span> <span class='ocrx_word' id='word_1_269' title='bbox 813 2136 1059 2209; x_wconf 82' lang='lat' dir='ltr'>negotio.</span> <span class='ocrx_word' id='word_1_270' title='bbox 1103 2140 1194 2189; x_wconf 87' lang='lat' dir='ltr'>aut</span> <span class='ocrx_word' id='word_1_271' title='bbox 1229 2149 1261 2187; x_wconf 92' lang='lat' dir='ltr'>a</span> <span class='ocrx_word' id='word_1_272' title='bbox 1291 2129 1454 2186; x_wconf 90' lang='lat' dir='ltr'>nobis</span> <span class='ocrx_word' id='word_1_273' title='bbox 1502 2135 1596 2184; x_wconf 91' lang='lat' dir='ltr'>aut</span> <span class='ocrx_word' id='word_1_274' title='bbox 1643 2129 1710 2184; x_wconf 91' lang='lat' dir='ltr'>ad</span> <span class='ocrx_word' id='word_1_275' title='bbox 1738 2144 1840 2184; x_wconf 91' lang='lat' dir='ltr'>nos</span> <span class='ocrx_word' id='word_1_276' title='bbox 1881 2128 2049 2183; x_wconf 90' lang='lat' dir='ltr'>missa</span> 
     </span>
    </p>
   </div>
   <div class='ocr_carea' id='block_1_39' title="bbox 429 2221 2051 2301">
    <p class='ocr_par' dir='ltr' id='par_1_39' title="bbox 429 2221 2051 2301">
     <span class='ocr_line' id='line_1_39' title="bbox 429 2221 2051 2301; baseline -0.002 -21"><span class='ocrx_word' id='word_1_277' title='bbox 429 2225 670 2294; x_wconf 88' lang='lat' dir='ltr'>fuerunt,</span> <span class='ocrx_word' id='word_1_278' title='bbox 703 2243 804 2283; x_wconf 92' lang='lat' dir='ltr'>nos</span> <span class='ocrx_word' id='word_1_279' title='bbox 841 2236 1026 2283; x_wconf 89' lang='lat' dir='ltr'>tamen</span> <span class='ocrx_word' id='word_1_280' title='bbox 1084 2244 1196 2282; x_wconf 91' lang='lat' dir='ltr'>non</span> <span class='ocrx_word' id='word_1_281' title='bbox 1236 2227 1491 2301; x_wconf 88' lang='lat' dir='ltr'>legimus.</span> <span class='ocrx_word' id='word_1_282' title='bbox 1522 2224 1649 2288; x_wconf 66' lang='lat' dir='ltr'>Quae</span> <span class='ocrx_word' id='word_1_283' title='bbox 1688 2222 1851 2277; x_wconf 90' lang='lat' dir='ltr'>etiam</span> <span class='ocrx_word' id='word_1_284' title='bbox 1884 2221 2051 2277; x_wconf 82' lang='lat' dir='ltr'>frater</span> 
     </span>
    </p>
   </div>
   <div class='ocr_carea' id='block_1_40' title="bbox 429 2314 2049 2375">
    <p class='ocr_par' dir='ltr' id='par_1_40' title="bbox 429 2314 2049 2375">
     <span class='ocr_line' id='line_1_40' title="bbox 429 2314 2049 2375; baseline -0.002 -4"><span class='ocrx_word' id='word_1_285' title='bbox 429 2324 484 2371; x_wconf 91' lang='lat' dir='ltr'>et</span> <span class='ocrx_word' id='word_1_286' title='bbox 503 2320 872 2375; x_wconf 89' lang='lat' dir='ltr'>consacerdos</span> <span class='ocrx_word' id='word_1_287' title='bbox 893 2327 1082 2375; x_wconf 89' lang='lat' dir='ltr'>noster</span> <span class='ocrx_word' id='word_1_288' title='bbox 1098 2318 1420 2374; x_wconf 80' lang='lat' dir='ltr'>Hincmarus</span> <span class='ocrx_word' id='word_1_289' title='bbox 1451 2314 1614 2371; x_wconf 92' lang='lat' dir='ltr'>nobis</span> <span class='ocrx_word' id='word_1_290' title='bbox 1636 2321 1827 2368; x_wconf 73' lang='lat' dir='ltr'>vestrae</span> <span class='ocrx_word' id='word_1_291' title='bbox 1859 2319 2049 2368; x_wconf 91' lang='lat' dir='ltr'>aucto-</span> 
     </span>
    </p>
   </div>
   <div class='ocr_carea' id='block_1_41' title="bbox 431 2404 2049 2479">
    <p class='ocr_par' dir='ltr' id='par_1_41' title="bbox 431 2404 2049 2479">
     <span class='ocr_line' id='line_1_41' title="bbox 431 2404 2049 2479; baseline -0.001 -19"><span class='ocrx_word' id='word_1_292' title='bbox 431 2407 573 2461; x_wconf 90' lang='lat' dir='ltr'>ritati</span> <span class='ocrx_word' id='word_1_293' title='bbox 626 2408 891 2464; x_wconf 86' lang='lat' dir='ltr'>mittenda</span> <span class='ocrx_word' id='word_1_294' title='bbox 938 2409 1109 2475; x_wconf 87' lang='lat' dir='ltr'>dedit,</span> <span class='ocrx_word' id='word_1_295' title='bbox 1160 2408 1467 2464; x_wconf 92' lang='lat' dir='ltr'>secundum</span> <span class='ocrx_word' id='word_1_296' title='bbox 1511 2409 1656 2479; x_wconf 89' lang='lat' dir='ltr'>quod</span> <span class='ocrx_word' id='word_1_297' title='bbox 1706 2404 2049 2477; x_wconf 73' lang='lat' dir='ltr'>praecepistis</span> 
     </span>
    </p>
   </div>
   <div class='ocr_carea' id='block_1_42' title="bbox 433 2498 2050 2568">
    <p class='ocr_par' dir='ltr' id='par_1_42' title="bbox 433 2498 2050 2568">
     <span class='ocr_line' id='line_1_42' title="bbox 433 2498 2050 2568; baseline -0.002 -17"><span class='ocrx_word' id='word_1_298' title='bbox 433 2498 669 2566; x_wconf 70' lang='lat' dir='ltr'>(N1cox..,</span> <span class='ocrx_word' id='word_1_299' title='bbox 697 2501 850 2568; x_wconf 76' lang='lat' dir='ltr'>epist.</span> <span class='ocrx_word' id='word_1_300' title='bbox 892 2500 1005 2567; x_wconf 83' lang='lat'>56),</span> <span class='ocrx_word' id='word_1_301' title='bbox 1039 2500 1286 2556; x_wconf 90' lang='lat' dir='ltr'>dicentes</span> <span class='ocrx_word' id='word_1_302' title='bbox 1317 2500 1461 2554; x_wconf 88' lang='lat' dir='ltr'>inter</span> <span class='ocrx_word' id='word_1_303' title='bbox 1497 2500 1603 2554; x_wconf 89' lang='lat' dir='ltr'>alia</span> <span class='ocrx_word' id='word_1_304' title='bbox 1634 2517 1647 2554; x_wconf 91' lang='lat'>:</span> <span class='ocrx_word' id='word_1_305' title='bbox 1701 2498 2050 2566; x_wconf 57' lang='lat' dir='ltr'>Quaecunque</span> 
     </span>
    </p>
   </div>
   <div class='ocr_carea' id='block_1_43' title="bbox 434 2588 2052 2659">
    <p class='ocr_par' dir='ltr' id='par_1_43' title="bbox 434 2588 2052 2659">
     <span class='ocr_line' id='line_1_43' title="bbox 434 2588 2052 2659; baseline -0.001 -18"><span class='ocrx_word' id='word_1_306' title='bbox 434 2604 602 2659; x_wconf 87' lang='lat' dir='ltr'>super</span> <span class='ocrx_word' id='word_1_307' title='bbox 640 2589 744 2642; x_wconf 89' lang='lat' dir='ltr'>hac</span> <span class='ocrx_word' id='word_1_308' title='bbox 772 2604 828 2643; x_wconf 91' lang='lat' dir='ltr'>re</span> <span class='ocrx_word' id='word_1_309' title='bbox 860 2590 1062 2659; x_wconf 89' lang='lat' dir='ltr'>scripta</span> <span class='ocrx_word' id='word_1_310' title='bbox 1092 2597 1198 2644; x_wconf 90' lang='lat' dir='ltr'>tam</span> <span class='ocrx_word' id='word_1_311' title='bbox 1244 2606 1275 2644; x_wconf 89' lang='lat' dir='ltr'>a</span> <span class='ocrx_word' id='word_1_312' title='bbox 1305 2588 1468 2644; x_wconf 92' lang='lat' dir='ltr'>nobis</span> <span class='ocrx_word' id='word_1_313' title='bbox 1498 2589 1671 2659; x_wconf 90' lang='lat' dir='ltr'>prius,</span> <span class='ocrx_word' id='word_1_314' title='bbox 1703 2603 1866 2659; x_wconf 84' lang='lat' dir='ltr'>quam</span> <span class='ocrx_word' id='word_1_315' title='bbox 1904 2600 2052 2639; x_wconf 87' lang='lat' dir='ltr'>nunc</span> 
     </span>
    </p>
   </div>
   <div class='ocr_carea' id='block_1_44' title="bbox 434 2679 2052 2754">
    <p class='ocr_par' dir='ltr' id='par_1_44' title="bbox 434 2679 2052 2754">
     <span class='ocr_line' id='line_1_44' title="bbox 434 2679 2052 2754; baseline -0.001 -21"><span class='ocrx_word' id='word_1_316' title='bbox 434 2697 465 2733; x_wconf 88' lang='lat' dir='ltr'>a</span> <span class='ocrx_word' id='word_1_317' title='bbox 492 2679 651 2734; x_wconf 81' lang='lat' dir='ltr'>vobis</span> <span class='ocrx_word' id='word_1_318' title='bbox 691 2680 837 2734; x_wconf 88' lang='lat' dir='ltr'>edita</span> <span class='ocrx_word' id='word_1_319' title='bbox 879 2681 1246 2752; x_wconf 90' lang='lat' dir='ltr'>reperiuntur,</span> <span class='ocrx_word' id='word_1_320' title='bbox 1279 2689 1332 2738; x_wconf 91' lang='lat' dir='ltr'>et</span> <span class='ocrx_word' id='word_1_321' title='bbox 1371 2683 1505 2754; x_wconf 87' lang='lat' dir='ltr'>quid</span> <span class='ocrx_word' id='word_1_322' title='bbox 1537 2682 1666 2737; x_wconf 92' lang='lat' dir='ltr'>hinc</span> <span class='ocrx_word' id='word_1_323' title='bbox 1686 2682 2052 2753; x_wconf 78' lang='lat' dir='ltr'>coepiscopus</span> 
     </span>
    </p>
   </div>
   <div class='ocr_carea' id='block_1_45' title="bbox 436 2771 2053 2846">
    <p class='ocr_par' dir='ltr' id='par_1_45' title="bbox 436 2771 2053 2846">
     <span class='ocr_line' id='line_1_45' title="bbox 436 2771 2053 2846; baseline 0.001 -21"><span class='ocrx_word' id='word_1_324' title='bbox 436 2771 757 2827; x_wconf 85' lang='lat' dir='ltr'>Hincmarus</span> <span class='ocrx_word' id='word_1_325' title='bbox 786 2779 839 2827; x_wconf 91' lang='lat' dir='ltr'>et</span> <span class='ocrx_word' id='word_1_326' title='bbox 870 2772 947 2827; x_wconf 92' lang='lat' dir='ltr'>illi</span> <span class='ocrx_word' id='word_1_327' title='bbox 979 2773 1177 2843; x_wconf 90' lang='lat' dir='ltr'>dejecti</span> <span class='ocrx_word' id='word_1_328' title='bbox 1209 2774 1392 2830; x_wconf 91' lang='lat' dir='ltr'>clerici</span> <span class='ocrx_word' id='word_1_329' title='bbox 1427 2775 1546 2829; x_wconf 89' lang='lat' dir='ltr'>sedi</span> <span class='ocrx_word' id='word_1_330' title='bbox 1577 2775 1891 2846; x_wconf 65' lang='lat' dir='ltr'>apostolica)</span> <span class='ocrx_word' id='word_1_331' title='bbox 1923 2788 2053 2845; x_wconf 88' lang='lat' dir='ltr'>sug-</span> 
     </span>
    </p>
   </div>
   <div class='ocr_carea' id='block_1_46' title="bbox 433 2859 2053 2934">
    <p class='ocr_par' dir='ltr' id='par_1_46' title="bbox 433 2859 2053 2934">
     <span class='ocr_line' id='line_1_46' title="bbox 433 2859 2053 2934; baseline -0.001 -20"><span class='ocrx_word' id='word_1_332' title='bbox 433 2859 729 2934; x_wconf 87' lang='lat' dir='ltr'>gesserint,</span> <span class='ocrx_word' id='word_1_333' title='bbox 759 2867 924 2932; x_wconf 88' lang='lat' dir='ltr'>atque</span> <span class='ocrx_word' id='word_1_334' title='bbox 947 2861 1250 2930; x_wconf 89' lang='lat' dir='ltr'>retulerint,</span> <span class='ocrx_word' id='word_1_335' title='bbox 1274 2864 1330 2916; x_wconf 92' lang='lat' dir='ltr'>in</span> <span class='ocrx_word' id='word_1_336' title='bbox 1360 2863 1618 2917; x_wconf 87' lang='lat' dir='ltr'>volumen</span> <span class='ocrx_word' id='word_1_337' title='bbox 1643 2878 1836 2929; x_wconf 89' lang='lat' dir='ltr'>unum,</span> <span class='ocrx_word' id='word_1_338' title='bbox 1859 2859 2053 2917; x_wconf 89' lang='lat' dir='ltr'>ordine</span> 
     </span>
    </p>
   </div>
   <div class='ocr_carea' id='block_1_47' title="bbox 436 2950 2056 3028">
    <p class='ocr_par' dir='ltr' id='par_1_47' title="bbox 436 2950 2056 3028">
     <span class='ocr_line' id='line_1_47' title="bbox 436 2950 2056 3028; baseline -0.002 -24"><span class='ocrx_word' id='word_1_339' title='bbox 436 2964 545 3021; x_wconf 92' lang='lat' dir='ltr'>quo</span> <span class='ocrx_word' id='word_1_340' title='bbox 589 2950 759 3004; x_wconf 90' lang='lat' dir='ltr'>missa</span> <span class='ocrx_word' id='word_1_341' title='bbox 788 2958 935 3018; x_wconf 87' lang='lat' dir='ltr'>sunt,</span> <span class='ocrx_word' id='word_1_342' title='bbox 979 2952 1312 3028; x_wconf 89' lang='lat' dir='ltr'>redigantur,</span> <span class='ocrx_word' id='word_1_343' title='bbox 1355 2960 1411 3008; x_wconf 92' lang='lat' dir='ltr'>et</span> <span class='ocrx_word' id='word_1_344' title='bbox 1445 2953 1762 3026; x_wconf 64' lang='lat' dir='ltr'>apostolicae</span> <span class='ocrx_word' id='word_1_345' title='bbox 1807 2953 1948 3016; x_wconf 88' lang='lat' dir='ltr'>sedi,</span> <span class='ocrx_word' id='word_1_346' title='bbox 1996 2952 2056 3003; x_wconf 87' lang='lat' dir='ltr'>ut</span> 
     </span>
    </p>
   </div>
   <div class='ocr_carea' id='block_1_48' title="bbox 437 3043 2047 3118">
    <p class='ocr_par' dir='ltr' id='par_1_48' title="bbox 437 3043 2047 3118">
     <span class='ocr_line' id='line_1_48' title="bbox 437 3043 2047 3118; baseline 0.001 -23"><span class='ocrx_word' id='word_1_347' title='bbox 437 3048 761 3113; x_wconf 73' lang='lat' dir='ltr'>competens</span> <span class='ocrx_word' id='word_1_348' title='bbox 791 3051 895 3109; x_wconf 91' lang='lat' dir='ltr'>est,</span> <span class='ocrx_word' id='word_1_349' title='bbox 928 3044 1085 3099; x_wconf 85' lang='lat' dir='ltr'>vobis</span> <span class='ocrx_word' id='word_1_350' title='bbox 1125 3061 1314 3101; x_wconf 89' lang='lat' dir='ltr'>eorum</span> <span class='ocrx_word' id='word_1_351' title='bbox 1352 3046 1758 3118; x_wconf 87' lang='lat' dir='ltr'>exemplaribus</span> <span class='ocrx_word' id='word_1_352' title='bbox 1800 3043 2047 3109; x_wconf 87' lang='lat' dir='ltr'>servatis,</span> 
     </span>
    </p>
   </div>
   <div class='ocr_carea' id='block_1_49' title="bbox 2143 1959 3769 2032">
    <p class='ocr_par' dir='ltr' id='par_1_49' title="bbox 2143 1959 3769 2032">
     <span class='ocr_line' id='line_1_49' title="bbox 2143 1959 3769 2032; baseline 0 -18"><span class='ocrx_word' id='word_1_353' title='bbox 2143 1961 2270 2015; x_wconf 90' lang='lat' dir='ltr'>inde</span> <span class='ocrx_word' id='word_1_354' title='bbox 2294 1976 2619 2032; x_wconf 86' lang='lat' dir='ltr'>responsum</span> <span class='ocrx_word' id='word_1_355' title='bbox 2651 1961 2945 2030; x_wconf 25' lang='lat' dir='ltr'>acciperet.</span> <span class='ocrx_word' id='word_1_356' title='bbox 2975 1959 3276 2015; x_wconf 91' lang='lat' dir='ltr'>Balduinus</span> <span class='ocrx_word' id='word_1_357' title='bbox 3306 1974 3525 2032; x_wconf 91' lang='lat' dir='ltr'>quoque</span> <span class='ocrx_word' id='word_1_358' title='bbox 3554 1959 3608 2013; x_wconf 91' lang='lat' dir='ltr'>in</span> <span class='ocrx_word' id='word_1_359' title='bbox 3636 1974 3769 2030; x_wconf 83' lang='lat' dir='ltr'>pro-</span> 
     </span>
    </p>
   </div>
   <div class='ocr_carea' id='block_1_50' title="bbox 2142 2050 3770 2123">
    <p class='ocr_par' dir='ltr' id='par_1_50' title="bbox 2142 2050 3770 2123">
     <span class='ocr_line' id='line_1_50' title="bbox 2142 2050 3770 2123; baseline 0 -17"><span class='ocrx_word' id='word_1_360' title='bbox 2142 2053 2287 2107; x_wconf 88' lang='lat' dir='ltr'>ximo</span> <span class='ocrx_word' id='word_1_361' title='bbox 2316 2068 2464 2106; x_wconf 91' lang='lat' dir='ltr'>nunc</span> <span class='ocrx_word' id='word_1_362' title='bbox 2490 2052 2725 2107; x_wconf 91' lang='lat' dir='ltr'>decurso</span> <span class='ocrx_word' id='word_1_363' title='bbox 2747 2067 2939 2106; x_wconf 90' lang='lat' dir='ltr'>mense</span> <span class='ocrx_word' id='word_1_364' title='bbox 2966 2050 3245 2119; x_wconf 90' lang='lat' dir='ltr'>Octobrio,</span> <span class='ocrx_word' id='word_1_365' title='bbox 3276 2051 3469 2123; x_wconf 90' lang='lat' dir='ltr'>quinto</span> <span class='ocrx_word' id='word_1_366' title='bbox 3496 2050 3770 2106; x_wconf 87' lang='lat' dir='ltr'>Kalendas</span> 
     </span>
    </p>
   </div>
   <div class='ocr_carea' id='block_1_51' title="bbox 2148 2139 3769 2213">
    <p class='ocr_par' dir='ltr' id='par_1_51' title="bbox 2148 2139 3769 2213">
     <span class='ocr_line' id='line_1_51' title="bbox 2148 2139 3769 2213; baseline -0.001 -18"><span class='ocrx_word' id='word_1_367' title='bbox 2148 2141 2514 2205; x_wconf 86' lang='lat' dir='ltr'>Novembris,</span> <span class='ocrx_word' id='word_1_368' title='bbox 2556 2158 2655 2213; x_wconf 92' lang='lat' dir='ltr'>per</span> <span class='ocrx_word' id='word_1_369' title='bbox 2702 2141 2842 2196; x_wconf 92' lang='lat' dir='ltr'>duos</span> <span class='ocrx_word' id='word_1_370' title='bbox 2891 2140 3145 2195; x_wconf 91' lang='lat' dir='ltr'>homines</span> <span class='ocrx_word' id='word_1_371' title='bbox 3200 2156 3330 2196; x_wconf 91' lang='lat' dir='ltr'>suos</span> <span class='ocrx_word' id='word_1_372' title='bbox 3367 2139 3503 2194; x_wconf 90' lang='lat' dir='ltr'>mihi</span> <span class='ocrx_word' id='word_1_373' title='bbox 3555 2139 3769 2194; x_wconf 89' lang='lat' dir='ltr'>litteras</span> 
     </span>
    </p>
   </div>
   <div class='ocr_carea' id='block_1_52' title="bbox 2149 2232 3769 2305">
    <p class='ocr_par' dir='ltr' id='par_1_52' title="bbox 2149 2232 3769 2305">
     <span class='ocr_line' id='line_1_52' title="bbox 2149 2232 3769 2305; baseline -0.001 -17"><span class='ocrx_word' id='word_1_374' title='bbox 2149 2235 2488 2290; x_wconf 88' lang='lat' dir='ltr'>auctoritatis</span> <span class='ocrx_word' id='word_1_375' title='bbox 2517 2244 2712 2290; x_wconf 81' lang='lat' dir='ltr'>vestrae</span> <span class='ocrx_word' id='word_1_376' title='bbox 2742 2234 2961 2298; x_wconf 85' lang='lat' dir='ltr'>direxit,</span> <span class='ocrx_word' id='word_1_377' title='bbox 3002 2234 3058 2288; x_wconf 92' lang='lat' dir='ltr'>in</span> <span class='ocrx_word' id='word_1_378' title='bbox 3090 2233 3293 2305; x_wconf 91' lang='lat' dir='ltr'>quibus</span> <span class='ocrx_word' id='word_1_379' title='bbox 3335 2232 3672 2297; x_wconf 86' lang='lat' dir='ltr'>continetur,</span> <span class='ocrx_word' id='word_1_380' title='bbox 3710 2238 3769 2286; x_wconf 92' lang='lat' dir='ltr'>ut</span> 
     </span>
    </p>
   </div>
   <div class='ocr_carea' id='block_1_53' title="bbox 2148 2323 3767 2398">
    <p class='ocr_par' dir='ltr' id='par_1_53' title="bbox 2148 2323 3767 2398">
     <span class='ocr_line' id='line_1_53' title="bbox 2148 2323 3767 2398; baseline -0.002 -18"><span class='ocrx_word' id='word_1_381' title='bbox 2148 2327 2370 2381; x_wconf 89' lang='lat' dir='ltr'>easdem</span> <span class='ocrx_word' id='word_1_382' title='bbox 2425 2325 2633 2381; x_wconf 89' lang='lat' dir='ltr'>litteras</span> <span class='ocrx_word' id='word_1_383' title='bbox 2662 2326 3008 2398; x_wconf 82' lang='lat' dir='ltr'>coepiscOpis</span> <span class='ocrx_word' id='word_1_384' title='bbox 3056 2325 3354 2397; x_wconf 67' lang='lat' dir='ltr'>provinciae</span> <span class='ocrx_word' id='word_1_385' title='bbox 3385 2330 3583 2380; x_wconf 58' lang='lat' dir='ltr'>nostra;</span> <span class='ocrx_word' id='word_1_386' title='bbox 3612 2323 3767 2398; x_wconf 88' lang='lat' dir='ltr'>lege-</span> 
     </span>
    </p>
   </div>
   <div class='ocr_carea' id='block_1_54' title="bbox 2150 2418 3772 2493">
    <p class='ocr_par' dir='ltr' id='par_1_54' title="bbox 2150 2418 3772 2493">
     <span class='ocr_line' id='line_1_54' title="bbox 2150 2418 3772 2493; baseline -0.004 -15"><span class='ocrx_word' id='word_1_387' title='bbox 2150 2439 2287 2490; x_wconf 90' lang='lat' dir='ltr'>rem,</span> <span class='ocrx_word' id='word_1_388' title='bbox 2328 2429 2383 2478; x_wconf 88' lang='lat' dir='ltr'>et</span> <span class='ocrx_word' id='word_1_389' title='bbox 2406 2423 2593 2478; x_wconf 84' lang='lat' dir='ltr'>Judith</span> <span class='ocrx_word' id='word_1_390' title='bbox 2623 2422 2865 2493; x_wconf 86' lang='lat' dir='ltr'>paternis</span> <span class='ocrx_word' id='word_1_391' title='bbox 2894 2438 2958 2477; x_wconf 91' lang='lat' dir='ltr'>ac</span> <span class='ocrx_word' id='word_1_392' title='bbox 3000 2420 3288 2489; x_wconf 88' lang='lat' dir='ltr'>maternis,</span> <span class='ocrx_word' id='word_1_393' title='bbox 3320 2418 3606 2476; x_wconf 88' lang='lat' dir='ltr'>obtutibus</span> <span class='ocrx_word' id='word_1_394' title='bbox 3631 2434 3772 2489; x_wconf 61' lang='lat' dir='ltr'>pra}-</span> 
     </span>
    </p>
   </div>
   <div class='ocr_carea' id='block_1_55' title="bbox 2151 2512 3773 2586">
    <p class='ocr_par' dir='ltr' id='par_1_55' title="bbox 2151 2512 3773 2586">
     <span class='ocr_line' id='line_1_55' title="bbox 2151 2512 3773 2586; baseline -0.003 -16"><span class='ocrx_word' id='word_1_395' title='bbox 2151 2516 2477 2570; x_wconf 87' lang='lat' dir='ltr'>sentandam</span> <span class='ocrx_word' id='word_1_396' title='bbox 2528 2514 2960 2585; x_wconf 89' lang='lat' dir='ltr'>susciperemus,</span> <span class='ocrx_word' id='word_1_397' title='bbox 3009 2514 3054 2568; x_wconf 92' lang='lat' dir='ltr'>si</span> <span class='ocrx_word' id='word_1_398' title='bbox 3096 2522 3280 2569; x_wconf 91' lang='lat' dir='ltr'>tamen</span> <span class='ocrx_word' id='word_1_399' title='bbox 3330 2512 3773 2586; x_wconf 90' lang='lat' dir='ltr'>intelligeremus</span> 
     </span>
    </p>
   </div>
   <div class='ocr_carea' id='block_1_56' title="bbox 2153 2600 3770 2674">
    <p class='ocr_par' dir='ltr' id='par_1_56' title="bbox 2153 2600 3770 2674">
     <span class='ocr_line' id='line_1_56' title="bbox 2153 2600 3770 2674; baseline -0.003 -16"><span class='ocrx_word' id='word_1_400' title='bbox 2153 2603 2300 2674; x_wconf 91' lang='lat' dir='ltr'>quod</span> <span class='ocrx_word' id='word_1_401' title='bbox 2332 2601 2623 2658; x_wconf 86' lang='lat' dir='ltr'>confestim</span> <span class='ocrx_word' id='word_1_402' title='bbox 2649 2601 2908 2672; x_wconf 80' lang='lat' dir='ltr'>praefatus</span> <span class='ocrx_word' id='word_1_403' title='bbox 2926 2600 3421 2657; x_wconf 88' lang='lat' dir='ltr'>excellentissimus</span> <span class='ocrx_word' id='word_1_404' title='bbox 3442 2615 3535 2654; x_wconf 87' lang='lat' dir='ltr'>rex</span> <span class='ocrx_word' id='word_1_405' title='bbox 3555 2608 3770 2666; x_wconf 88' lang='lat' dir='ltr'>noster,</span> 
     </span>
    </p>
   </div>
   <div class='ocr_carea' id='block_1_57' title="bbox 2154 2688 3772 2765">
    <p class='ocr_par' dir='ltr' id='par_1_57' title="bbox 2154 2688 3772 2765">
     <span class='ocr_line' id='line_1_57' title="bbox 2154 2688 3772 2765; baseline -0.001 -19"><span class='ocrx_word' id='word_1_406' title='bbox 2154 2708 2275 2765; x_wconf 72' lang='lat' dir='ltr'>quae</span> <span class='ocrx_word' id='word_1_407' title='bbox 2301 2692 2371 2746; x_wconf 91' lang='lat' dir='ltr'>de</span> <span class='ocrx_word' id='word_1_408' title='bbox 2401 2691 2493 2746; x_wconf 93' lang='lat' dir='ltr'>illa</span> <span class='ocrx_word' id='word_1_409' title='bbox 2523 2691 2680 2746; x_wconf 89' lang='lat' dir='ltr'>vobis</span> <span class='ocrx_word' id='word_1_410' title='bbox 2722 2691 2959 2761; x_wconf 88' lang='lat' dir='ltr'>scriptis,</span> <span class='ocrx_word' id='word_1_411' title='bbox 2993 2701 3047 2746; x_wconf 90' lang='lat' dir='ltr'>et</span> <span class='ocrx_word' id='word_1_412' title='bbox 3083 2690 3270 2745; x_wconf 87' lang='lat' dir='ltr'>verbis</span> <span class='ocrx_word' id='word_1_413' title='bbox 3298 2705 3397 2761; x_wconf 91' lang='lat' dir='ltr'>per</span> <span class='ocrx_word' id='word_1_414' title='bbox 3425 2688 3637 2761; x_wconf 80' lang='lat' dir='ltr'>legatos</span> <span class='ocrx_word' id='word_1_415' title='bbox 3673 2705 3772 2744; x_wconf 90' lang='lat' dir='ltr'>ve-</span> 
     </span>
    </p>
   </div>
   <div class='ocr_carea' id='block_1_58' title="bbox 2153 2778 3775 2851">
    <p class='ocr_par' dir='ltr' id='par_1_58' title="bbox 2153 2778 3775 2851">
     <span class='ocr_line' id='line_1_58' title="bbox 2153 2778 3775 2851; baseline -0.001 -17"><span class='ocrx_word' id='word_1_416' title='bbox 2153 2786 2295 2835; x_wconf 90' lang='lat' dir='ltr'>stros</span> <span class='ocrx_word' id='word_1_417' title='bbox 2312 2781 2641 2851; x_wconf 87' lang='lat' dir='ltr'>apostolatui</span> <span class='ocrx_word' id='word_1_418' title='bbox 2673 2787 2856 2836; x_wconf 83' lang='lat' dir='ltr'>vestro</span> <span class='ocrx_word' id='word_1_419' title='bbox 2878 2781 3248 2836; x_wconf 90' lang='lat' dir='ltr'>renuntianda</span> <span class='ocrx_word' id='word_1_420' title='bbox 3262 2778 3579 2851; x_wconf 87' lang='lat' dir='ltr'>spopondit,</span> <span class='ocrx_word' id='word_1_421' title='bbox 3604 2779 3775 2832; x_wconf 85' lang='lat' dir='ltr'>adim-</span> 
     </span>
    </p>
   </div>
   <div class='ocr_carea' id='block_1_59' title="bbox 2153 2866 3769 2938">
    <p class='ocr_par' dir='ltr' id='par_1_59' title="bbox 2153 2866 3769 2938">
     <span class='ocr_line' id='line_1_59' title="bbox 2153 2866 3769 2938; baseline 0 -17"><span class='ocrx_word' id='word_1_422' title='bbox 2153 2868 2305 2938; x_wconf 91' lang='lat' dir='ltr'>plere</span> <span class='ocrx_word' id='word_1_423' title='bbox 2332 2868 2516 2924; x_wconf 92' lang='lat' dir='ltr'>vellet.</span> <span class='ocrx_word' id='word_1_424' title='bbox 2550 2869 2703 2934; x_wconf 84' lang='lat' dir='ltr'>Quod</span> <span class='ocrx_word' id='word_1_425' title='bbox 2734 2869 2780 2923; x_wconf 91' lang='lat' dir='ltr'>si</span> <span class='ocrx_word' id='word_1_426' title='bbox 2811 2884 3002 2923; x_wconf 89' lang='lat' dir='ltr'>eorum</span> <span class='ocrx_word' id='word_1_427' title='bbox 3034 2869 3249 2923; x_wconf 90' lang='lat' dir='ltr'>animos</span> <span class='ocrx_word' id='word_1_428' title='bbox 3278 2867 3346 2922; x_wconf 90' lang='lat' dir='ltr'>ad</span> <span class='ocrx_word' id='word_1_429' title='bbox 3387 2867 3441 2921; x_wconf 92' lang='lat' dir='ltr'>id</span> <span class='ocrx_word' id='word_1_430' title='bbox 3475 2866 3769 2937; x_wconf 87' lang='lat' dir='ltr'>protelan-</span> 
     </span>
    </p>
   </div>
   <div class='ocr_carea' id='block_1_60' title="bbox 2155 2955 3770 3030">
    <p class='ocr_par' dir='ltr' id='par_1_60' title="bbox 2155 2955 3770 3030">
     <span class='ocr_line' id='line_1_60' title="bbox 2155 2955 3770 3030; baseline -0.001 -19"><span class='ocrx_word' id='word_1_431' title='bbox 2155 2957 2285 3011; x_wconf 91' lang='lat' dir='ltr'>dum</span> <span class='ocrx_word' id='word_1_432' title='bbox 2302 2973 2425 3012; x_wconf 91' lang='lat' dir='ltr'>esse</span> <span class='ocrx_word' id='word_1_433' title='bbox 2451 2955 2693 3012; x_wconf 90' lang='lat' dir='ltr'>intentos</span> <span class='ocrx_word' id='word_1_434' title='bbox 2708 2957 3039 3030; x_wconf 88' lang='lat' dir='ltr'>investigare</span> <span class='ocrx_word' id='word_1_435' title='bbox 3069 2972 3383 3027; x_wconf 89' lang='lat' dir='ltr'>possemus,</span> <span class='ocrx_word' id='word_1_436' title='bbox 3416 2971 3770 3027; x_wconf 89' lang='lat' dir='ltr'>nequaquam</span> 
     </span>
    </p>
   </div>
   <div class='ocr_carea' id='block_1_61' title="bbox 2148 3044 3772 3120">
    <p class='ocr_par' dir='ltr' id='par_1_61' title="bbox 2148 3044 3772 3120">
     <span class='ocr_line' id='line_1_61' title="bbox 2148 3044 3772 3120; baseline -0.001 -19"><span class='ocrx_word' id='word_1_437' title='bbox 2148 3062 2268 3101; x_wconf 88' lang='lat' dir='ltr'>eam</span> <span class='ocrx_word' id='word_1_438' title='bbox 2292 3045 2684 3117; x_wconf 89' lang='lat' dir='ltr'>reciperemus.</span> <span class='ocrx_word' id='word_1_439' title='bbox 2709 3045 2988 3118; x_wconf 86' lang='lat' dir='ltr'>Alioquin,</span> <span class='ocrx_word' id='word_1_440' title='bbox 3006 3045 3062 3099; x_wconf 91' lang='lat' dir='ltr'>id</span> <span class='ocrx_word' id='word_1_441' title='bbox 3086 3052 3171 3100; x_wconf 89' lang='lat' dir='ltr'>est</span> <span class='ocrx_word' id='word_1_442' title='bbox 3198 3044 3244 3099; x_wconf 90' lang='lat' dir='ltr'>si</span> <span class='ocrx_word' id='word_1_443' title='bbox 3274 3044 3434 3099; x_wconf 88' lang='lat' dir='ltr'>aliter</span> <span class='ocrx_word' id='word_1_444' title='bbox 3458 3044 3772 3120; x_wconf 86' lang='lat' dir='ltr'>egissemus</span> 
     </span>
    </p>
   </div>
   <div class='ocr_carea' id='block_1_62' title="bbox 436 3128 3777 3229">
    <p class='ocr_par' dir='ltr' id='par_1_62' title="bbox 436 3128 3777 3229">
     <span class='ocr_line' id='line_1_62' title="bbox 436 3128 3777 3229; baseline -0.004 -26"><span class='ocrx_word' id='word_1_445' title='bbox 436 3145 651 3185; x_wconf 72' lang='lat' dir='ltr'>summo</span> <span class='ocrx_word' id='word_1_446' title='bbox 680 3130 861 3188; x_wconf 74' lang='grc' dir='ltr'>⁵ωάίο</span> <span class='ocrx_word' id='word_1_447' title='bbox 913 3132 1236 3207; x_wconf 66' lang='lat' dir='ltr'>dirigantur,</span> <span class='ocrx_word' id='word_1_448' title='bbox 1279 3133 1364 3187; x_wconf 70' lang='lat' dir='ltr'>his</span> <span class='ocrx_word' id='word_1_449' title='bbox 1403 3132 1696 3202; x_wconf 80' lang='lat' dir='ltr'>subiuncta</span> <span class='ocrx_word' id='word_1_450' title='bbox 1739 3128 2046 3203; x_wconf 60' lang='lat' dir='ltr'>divisimus,</span> <span class='ocrx_word' id='word_1_451' title='bbox 2072 3161 2121 3229; x_wconf 64' lang='grc' dir='ltr'><strong>ρ</strong></span> <span class='ocrx_word' id='word_1_452' title='bbox 2150 3139 2325 3213; x_wconf 85' lang='lat' dir='ltr'>gratia</span> <span class='ocrx_word' id='word_1_453' title='bbox 2354 3147 2410 3193; x_wconf 91' lang='lat' dir='ltr'>et</span> <span class='ocrx_word' id='word_1_454' title='bbox 2454 3138 2848 3194; x_wconf 90' lang='lat' dir='ltr'>communione</span> <span class='ocrx_word' id='word_1_455' title='bbox 2876 3145 3062 3195; x_wconf 86' lang='lat' dir='ltr'>vestra</span> <span class='ocrx_word' id='word_1_456' title='bbox 3090 3137 3194 3193; x_wconf 88' lang='lat' dir='ltr'>frui</span> <span class='ocrx_word' id='word_1_457' title='bbox 3244 3152 3589 3209; x_wconf 89' lang='lat' dir='ltr'>nequaquam</span> <span class='ocrx_word' id='word_1_458' title='bbox 3624 3137 3777 3191; x_wconf 90' lang='lat' dir='ltr'>vale-</span> 
     </span>
    </p>
   </div>
   <div class='ocr_carea' id='block_1_63' title="bbox 435 3226 609 3276">
    <p class='ocr_par' dir='ltr' id='par_1_63' title="bbox 435 3226 609 3276">
     <span class='ocr_line' id='line_1_63' title="bbox 435 3226 609 3276; baseline 0.006 -1"><span class='ocrx_word' id='word_1_459' title='bbox 435 3226 540 3276; x_wconf 85' lang='lat' dir='ltr'>etc.</span> <span class='ocrx_word' id='word_1_460' title='bbox 584 3244 609 3267; x_wconf 75' lang='grc' dir='ltr'><strong>υ</strong></span> 
     </span>
    </p>
   </div>
   <div class='ocr_carea' id='block_1_64' title="bbox 1069 3294 1422 3350">
    <p class='ocr_par' dir='ltr' id='par_1_64' title="bbox 1069 3294 1422 3350">
     <span class='ocr_line' id='line_1_64' title="bbox 1069 3294 1422 3350; baseline -0.003 0"><span class='ocrx_word' id='word_1_461' title='bbox 1069 3294 1279 3350; x_wconf 78' lang='lat' dir='ltr'>CAPUT</span> <span class='ocrx_word' id='word_1_462' title='bbox 1308 3295 1422 3349; x_wconf 85' lang='lat' dir='ltr'>XII.</span> 
     </span>
    </p>
   </div>
   <div class='ocr_carea' id='block_1_65' title="bbox 509 3386 1984 3456">
    <p class='ocr_par' dir='ltr' id='par_1_65' title="bbox 509 3386 1984 3456">
     <span class='ocr_line' id='line_1_65' title="bbox 509 3386 1984 3456; baseline -0.002 -16"><span class='ocrx_word' id='word_1_463' title='bbox 509 3386 583 3440; x_wconf 83' lang='lat' dir='ltr'>De</span> <span class='ocrx_word' id='word_1_464' title='bbox 614 3389 895 3441; x_wconf 81' lang='lat' dir='ltr'>uacatione</span> <span class='ocrx_word' id='word_1_465' title='bbox 923 3388 1331 3444; x_wconf 75' lang='lat' dir='ltr'>Cameracensis</span> <span class='ocrx_word' id='word_1_466' title='bbox 1347 3387 1513 3453; x_wconf 80' lang='lat' dir='ltr'>sedis,</span> <span class='ocrx_word' id='word_1_467' title='bbox 1534 3389 1584 3440; x_wconf 85' lang='lat' dir='ltr'>et</span> <span class='ocrx_word' id='word_1_468' title='bbox 1612 3386 1984 3456; x_wconf 79' lang='lat' dir='ltr'>conjunctione</span> 
     </span>
    </p>
   </div>
   <div class='ocr_carea' id='block_1_66' title="bbox 759 3476 1732 3545">
    <p class='ocr_par' dir='ltr' id='par_1_66' title="bbox 759 3476 1732 3545">
     <span class='ocr_line' id='line_1_66' title="bbox 759 3476 1732 3545; baseline -0.003 -14"><span class='ocrx_word' id='word_1_469' title='bbox 759 3477 1021 3531; x_wconf 77' lang='lat' dir='ltr'>Balduini</span> <span class='ocrx_word' id='word_1_470' title='bbox 1048 3493 1166 3532; x_wconf 85' lang='lat' dir='ltr'>cum</span> <span class='ocrx_word' id='word_1_471' title='bbox 1193 3477 1387 3533; x_wconf 69' lang='lat' dir='ltr'>Iudith</span> <span class='ocrx_word' id='word_1_472' title='bbox 1421 3477 1540 3545; x_wconf 81' lang='lat' dir='ltr'>ﬁlia</span> <span class='ocrx_word' id='word_1_473' title='bbox 1567 3476 1732 3543; x_wconf 78' lang='lat' dir='ltr'>regis.</span> 
     </span>
    </p>
   </div>
   <div class='ocr_carea' id='block_1_67' title="bbox 510 3578 2056 3654">
    <p class='ocr_par' dir='ltr' id='par_1_67' title="bbox 510 3578 2056 3654">
     <span class='ocr_line' id='line_1_67' title="bbox 510 3578 2056 3654; baseline -0.003 -18"><span class='ocrx_word' id='word_1_474' title='bbox 510 3582 585 3637; x_wconf 90' lang='lat' dir='ltr'>De</span> <span class='ocrx_word' id='word_1_475' title='bbox 616 3582 903 3637; x_wconf 89' lang='lat' dir='ltr'>vacatione</span> <span class='ocrx_word' id='word_1_476' title='bbox 943 3589 1214 3654; x_wconf 66' lang='lat' dir='ltr'>praeterea</span> <span class='ocrx_word' id='word_1_477' title='bbox 1242 3582 1393 3638; x_wconf 85' lang='lat' dir='ltr'>sedis</span> <span class='ocrx_word' id='word_1_478' title='bbox 1426 3579 1853 3645; x_wconf 81' lang='lat' dir='ltr'>Camaracensis,</span> <span class='ocrx_word' id='word_1_479' title='bbox 1877 3578 1974 3633; x_wconf 91' lang='lat' dir='ltr'>sed</span> <span class='ocrx_word' id='word_1_480' title='bbox 2001 3585 2056 3633; x_wconf 90' lang='lat' dir='ltr'>et</span> 
     </span>
    </p>
   </div>
   <div class='ocr_carea' id='block_1_68' title="bbox 444 3668 2052 3739">
    <p class='ocr_par' dir='ltr' id='par_1_68' title="bbox 444 3668 2052 3739">
     <span class='ocr_line' id='line_1_68' title="bbox 444 3668 2052 3739; baseline -0.002 -14"><span class='ocrx_word' id='word_1_481' title='bbox 444 3671 514 3725; x_wconf 91' lang='lat' dir='ltr'>de</span> <span class='ocrx_word' id='word_1_482' title='bbox 545 3670 938 3739; x_wconf 90' lang='lat' dir='ltr'>conjunctione</span> <span class='ocrx_word' id='word_1_483' title='bbox 961 3672 1210 3727; x_wconf 90' lang='lat' dir='ltr'>Balduini</span> <span class='ocrx_word' id='word_1_484' title='bbox 1240 3670 1459 3727; x_wconf 87' lang='lat' dir='ltr'>comitis</span> <span class='ocrx_word' id='word_1_485' title='bbox 1489 3669 1744 3725; x_wconf 87' lang='lat' dir='ltr'>etJudith</span> <span class='ocrx_word' id='word_1_486' title='bbox 1772 3668 2052 3735; x_wconf 88' lang='lat' dir='ltr'>indebita;</span> 
     </span>
    </p>
   </div>
   <div class='ocr_carea' id='block_1_69' title="bbox 440 3761 2053 3839">
    <p class='ocr_par' dir='ltr' id='par_1_69' title="bbox 440 3761 2053 3839">
     <span class='ocr_line' id='line_1_69' title="bbox 440 3761 2053 3839; baseline -0.001 -22"><span class='ocrx_word' id='word_1_487' title='bbox 440 3778 563 3834; x_wconf 68' lang='lat' dir='ltr'>quae</span> <span class='ocrx_word' id='word_1_488' title='bbox 609 3762 1032 3819; x_wconf 81' lang='lat' dir='ltr'>scilicetJudith</span> <span class='ocrx_word' id='word_1_489' title='bbox 1065 3764 1245 3820; x_wconf 84' lang='lat' dir='ltr'>Karoli</span> <span class='ocrx_word' id='word_1_490' title='bbox 1288 3764 1433 3839; x_wconf 89' lang='lat' dir='ltr'>regis</span> <span class='ocrx_word' id='word_1_491' title='bbox 1459 3761 1573 3818; x_wconf 85' lang='lat' dir='ltr'>filia</span> <span class='ocrx_word' id='word_1_492' title='bbox 1610 3761 1887 3817; x_wconf 87' lang='lat' dir='ltr'>Edilnulfo</span> <span class='ocrx_word' id='word_1_493' title='bbox 1937 3761 2053 3836; x_wconf 91' lang='lat' dir='ltr'>regi</span> 
     </span>
    </p>
   </div>
   <div class='ocr_carea' id='block_1_70' title="bbox 441 3855 2054 3929">
    <p class='ocr_par' dir='ltr' id='par_1_70' title="bbox 441 3855 2054 3929">
     <span class='ocr_line' id='line_1_70' title="bbox 441 3855 2054 3929; baseline 0 -21"><span class='ocrx_word' id='word_1_494' title='bbox 441 3855 761 3929; x_wconf 87' lang='lat' dir='ltr'>Anglorum,</span> <span class='ocrx_word' id='word_1_495' title='bbox 800 3856 896 3926; x_wconf 91' lang='lat' dir='ltr'>qui</span> <span class='ocrx_word' id='word_1_496' title='bbox 927 3861 981 3910; x_wconf 91' lang='lat' dir='ltr'>et</span> <span class='ocrx_word' id='word_1_497' title='bbox 1004 3855 1361 3921; x_wconf 84' lang='lat' dir='ltr'>Edelboldus,</span> <span class='ocrx_word' id='word_1_498' title='bbox 1409 3856 1617 3912; x_wconf 92' lang='lat' dir='ltr'>dudum</span> <span class='ocrx_word' id='word_1_499' title='bbox 1648 3855 1827 3911; x_wconf 90' lang='lat' dir='ltr'>fuerat</span> <span class='ocrx_word' id='word_1_500' title='bbox 1855 3855 1911 3909; x_wconf 93' lang='lat' dir='ltr'>in</span> <span class='ocrx_word' id='word_1_501' title='bbox 1943 3870 2054 3908; x_wconf 89' lang='lat' dir='ltr'>ma-</span> 
     </span>
    </p>
   </div>
   <div class='ocr_carea' id='block_1_71' title="bbox 441 3941 2053 4019">
    <p class='ocr_par' dir='ltr' id='par_1_71' title="bbox 441 3941 2053 4019">
     <span class='ocr_line' id='line_1_71' title="bbox 441 3941 2053 4019; baseline 0.002 -23"><span class='ocrx_word' id='word_1_502' title='bbox 441 3941 759 3998; x_wconf 89' lang='lat' dir='ltr'>trimonium</span> <span class='ocrx_word' id='word_1_503' title='bbox 812 3944 1085 4015; x_wconf 89' lang='lat' dir='ltr'>c0pulata,</span> <span class='ocrx_word' id='word_1_504' title='bbox 1136 3952 1191 4000; x_wconf 92' lang='lat' dir='ltr'>et</span> <span class='ocrx_word' id='word_1_505' title='bbox 1222 3945 1430 4019; x_wconf 72' lang='lat' dir='ltr'>reginae</span> <span class='ocrx_word' id='word_1_506' title='bbox 1478 3946 1680 4001; x_wconf 86' lang='lat' dir='ltr'>decore</span> <span class='ocrx_word' id='word_1_507' title='bbox 1706 3962 1769 4000; x_wconf 91' lang='lat' dir='ltr'>ac</span> <span class='ocrx_word' id='word_1_508' title='bbox 1815 3944 2053 4000; x_wconf 86' lang='lat' dir='ltr'>benedi-</span> 
     </span>
    </p>
   </div>
   <div class='ocr_carea' id='block_1_72' title="bbox 440 4034 2049 4110">
    <p class='ocr_par' dir='ltr' id='par_1_72' title="bbox 440 4034 2049 4110">
     <span class='ocr_line' id='line_1_72' title="bbox 440 4034 2049 4110; baseline 0.002 -21"><span class='ocrx_word' id='word_1_509' title='bbox 440 4034 625 4089; x_wconf 89' lang='lat' dir='ltr'>ctione</span> <span class='ocrx_word' id='word_1_510' title='bbox 644 4035 922 4110; x_wconf 89' lang='lat' dir='ltr'>insignita.</span> <span class='ocrx_word' id='word_1_511' title='bbox 956 4037 1084 4093; x_wconf 91' lang='lat' dir='ltr'>Post</span> <span class='ocrx_word' id='word_1_512' title='bbox 1120 4038 1277 4106; x_wconf 91' lang='lat' dir='ltr'>cujus</span> <span class='ocrx_word' id='word_1_513' title='bbox 1305 4038 1541 4103; x_wconf 91' lang='lat' dir='ltr'>obitum,</span> <span class='ocrx_word' id='word_1_514' title='bbox 1573 4038 1815 4094; x_wconf 82' lang='lat' dir='ltr'>venditis</span> <span class='ocrx_word' id='word_1_515' title='bbox 1841 4038 2049 4109; x_wconf 90' lang='lat' dir='ltr'>quasin</span> 
     </span>
    </p>
   </div>
   <div class='ocr_carea' id='block_1_73' title="bbox 437 4124 2054 4198">
    <p class='ocr_par' dir='ltr' id='par_1_73' title="bbox 437 4124 2054 4198">
     <span class='ocr_line' id='line_1_73' title="bbox 437 4124 2054 4198; baseline 0.004 -22"><span class='ocrx_word' id='word_1_516' title='bbox 437 4124 740 4195; x_wconf 85' lang='lat' dir='ltr'>Anglorum</span> <span class='ocrx_word' id='word_1_517' title='bbox 771 4125 1090 4181; x_wconf 87' lang='lat' dir='ltr'>obtinuerat</span> <span class='ocrx_word' id='word_1_518' title='bbox 1134 4141 1307 4198; x_wconf 82' lang='lat' dir='ltr'>regno</span> <span class='ocrx_word' id='word_1_519' title='bbox 1351 4127 1817 4197; x_wconf 88' lang='lat' dir='ltr'>possessionibus,</span> <span class='ocrx_word' id='word_1_520' title='bbox 1846 4128 1921 4182; x_wconf 86' lang='lat' dir='ltr'>ad</span> <span class='ocrx_word' id='word_1_521' title='bbox 1956 4144 2054 4198; x_wconf 87' lang='lat' dir='ltr'>pa-</span> 
     </span>
    </p>
   </div>
   <div class='ocr_carea' id='block_1_74' title="bbox 442 4213 2052 4285">
    <p class='ocr_par' dir='ltr' id='par_1_74' title="bbox 442 4213 2052 4285">
     <span class='ocr_line' id='line_1_74' title="bbox 442 4213 2052 4285; baseline 0.004 -20"><span class='ocrx_word' id='word_1_522' title='bbox 442 4218 581 4266; x_wconf 91' lang='lat' dir='ltr'>trem</span> <span class='ocrx_word' id='word_1_523' title='bbox 628 4213 938 4282; x_wconf 87' lang='lat' dir='ltr'>revertitur,</span> <span class='ocrx_word' id='word_1_524' title='bbox 970 4228 1093 4285; x_wconf 69' lang='lat' dir='ltr'>quze</span> <span class='ocrx_word' id='word_1_525' title='bbox 1135 4213 1239 4269; x_wconf 91' lang='lat' dir='ltr'>sub</span> <span class='ocrx_word' id='word_1_526' title='bbox 1289 4213 1458 4285; x_wconf 86' lang='lat' dir='ltr'>regali</span> <span class='ocrx_word' id='word_1_527' title='bbox 1498 4216 1668 4269; x_wconf 89' lang='lat' dir='ltr'>tutela</span> <span class='ocrx_word' id='word_1_528' title='bbox 1706 4215 1787 4271; x_wconf 92' lang='lat' dir='ltr'>sic</span> <span class='ocrx_word' id='word_1_529' title='bbox 1828 4232 2052 4272; x_wconf 89' lang='lat' dir='ltr'>manere</span> 
     </span>
    </p>
   </div>
   <div class='ocr_carea' id='block_1_75' title="bbox 439 4303 2051 4379">
    <p class='ocr_par' dir='ltr' id='par_1_75' title="bbox 439 4303 2051 4379">
     <span class='ocr_line' id='line_1_75' title="bbox 439 4303 2051 4379; baseline 0.005 -21"><span class='ocrx_word' id='word_1_530' title='bbox 439 4303 758 4361; x_wconf 89' lang='lat' dir='ltr'>decernitur</span> <span class='ocrx_word' id='word_1_531' title='bbox 785 4324 798 4361; x_wconf 91' lang='lat'><strong>:</strong></span> <span class='ocrx_word' id='word_1_532' title='bbox 829 4308 927 4362; x_wconf 91' lang='lat' dir='ltr'>sed</span> <span class='ocrx_word' id='word_1_533' title='bbox 959 4307 1053 4362; x_wconf 90' lang='lat' dir='ltr'>illa</span> <span class='ocrx_word' id='word_1_534' title='bbox 1076 4308 1404 4363; x_wconf 91' lang='lat' dir='ltr'>Balduinum</span> <span class='ocrx_word' id='word_1_535' title='bbox 1435 4308 1713 4369; x_wconf 90' lang='lat' dir='ltr'>comitem.</span> <span class='ocrx_word' id='word_1_536' title='bbox 1751 4308 1869 4379; x_wconf 91' lang='lat' dir='ltr'>ipso</span> <span class='ocrx_word' id='word_1_537' title='bbox 1897 4310 2051 4366; x_wconf 92' lang='lat' dir='ltr'>leno-</span> 
     </span>
    </p>
   </div>
   <div class='ocr_carea' id='block_1_76' title="bbox 438 4396 2052 4470">
    <p class='ocr_par' dir='ltr' id='par_1_76' title="bbox 438 4396 2052 4470">
     <span class='ocr_line' id='line_1_76' title="bbox 438 4396 2052 4470; baseline 0.004 -17"><span class='ocrx_word' id='word_1_538' title='bbox 438 4396 683 4465; x_wconf 90' lang='lat' dir='ltr'>cinante,</span> <span class='ocrx_word' id='word_1_539' title='bbox 717 4407 773 4455; x_wconf 91' lang='lat' dir='ltr'>et</span> <span class='ocrx_word' id='word_1_540' title='bbox 802 4400 968 4455; x_wconf 84' lang='lat' dir='ltr'>fratre</span> <span class='ocrx_word' id='word_1_541' title='bbox 997 4416 1098 4456; x_wconf 90' lang='lat' dir='ltr'>suo</span> <span class='ocrx_word' id='word_1_542' title='bbox 1130 4401 1406 4457; x_wconf 87' lang='lat' dir='ltr'>Ludovico</span> <span class='ocrx_word' id='word_1_543' title='bbox 1431 4402 1833 4470; x_wconf 88' lang='lat' dir='ltr'>consentiente,</span> <span class='ocrx_word' id='word_1_544' title='bbox 1865 4410 2052 4459; x_wconf 89' lang='lat' dir='ltr'>secuta</span> 
     </span>
    </p>
   </div>
   <div class='ocr_carea' id='block_1_77' title="bbox 2151 3227 3776 3299">
    <p class='ocr_par' dir='ltr' id='par_1_77' title="bbox 2151 3227 3776 3299">
     <span class='ocr_line' id='line_1_77' title="bbox 2151 3227 3776 3299; baseline -0.001 -16"><span class='ocrx_word' id='word_1_545' title='bbox 2151 3245 2352 3285; x_wconf 89' lang='lat' dir='ltr'>remus.</span> <span class='ocrx_word' id='word_1_546' title='bbox 2417 3231 2587 3296; x_wconf 84' lang='lat' dir='ltr'>Quam</span> <span class='ocrx_word' id='word_1_547' title='bbox 2640 3236 2835 3285; x_wconf 67' lang='lat' dir='ltr'>vestrae</span> <span class='ocrx_word' id='word_1_548' title='bbox 2906 3228 3246 3285; x_wconf 90' lang='lat' dir='ltr'>auctoritatis</span> <span class='ocrx_word' id='word_1_549' title='bbox 3298 3227 3589 3299; x_wconf 88' lang='lat' dir='ltr'>epistolam</span> <span class='ocrx_word' id='word_1_550' title='bbox 3620 3268 3635 3293; x_wconf 95' lang='lat'>,</span> <span class='ocrx_word' id='word_1_551' title='bbox 3716 3235 3776 3282; x_wconf 93' lang='lat' dir='ltr'>ut</span> 
     </span>
    </p>
   </div>
   <div class='ocr_carea' id='block_1_78' title="bbox 2152 3318 3777 3393">
    <p class='ocr_par' dir='ltr' id='par_1_78' title="bbox 2152 3318 3777 3393">
     <span class='ocr_line' id='line_1_78' title="bbox 2152 3318 3777 3393; baseline -0.003 -16"><span class='ocrx_word' id='word_1_552' title='bbox 2152 3322 2416 3393; x_wconf 90' lang='lat' dir='ltr'>oportuit,</span> <span class='ocrx_word' id='word_1_553' title='bbox 2448 3329 2767 3377; x_wconf 87' lang='lat' dir='ltr'>reverenter</span> <span class='ocrx_word' id='word_1_554' title='bbox 2817 3320 3059 3392; x_wconf 91' lang='lat' dir='ltr'>suscepi,</span> <span class='ocrx_word' id='word_1_555' title='bbox 3090 3328 3146 3375; x_wconf 89' lang='lat' dir='ltr'>et</span> <span class='ocrx_word' id='word_1_556' title='bbox 3185 3318 3537 3391; x_wconf 88' lang='lat' dir='ltr'>coepiscopis</span> <span class='ocrx_word' id='word_1_557' title='bbox 3566 3318 3777 3373; x_wconf 87' lang='lat' dir='ltr'>nostris</span> 
     </span>
    </p>
   </div>
   <div class='ocr_carea' id='block_1_79' title="bbox 2153 3408 3780 3484">
    <p class='ocr_par' dir='ltr' id='par_1_79' title="bbox 2153 3408 3780 3484">
     <span class='ocr_line' id='line_1_79' title="bbox 2153 3408 3780 3484; baseline -0.001 -20"><span class='ocrx_word' id='word_1_558' title='bbox 2153 3424 2272 3464; x_wconf 90' lang='lat' dir='ltr'>eam</span> <span class='ocrx_word' id='word_1_559' title='bbox 2304 3409 2498 3484; x_wconf 88' lang='lat' dir='ltr'>relegi,</span> <span class='ocrx_word' id='word_1_560' title='bbox 2544 3415 2600 3464; x_wconf 92' lang='lat' dir='ltr'>et</span> <span class='ocrx_word' id='word_1_561' title='bbox 2630 3425 2732 3481; x_wconf 92' lang='lat' dir='ltr'>pro</span> <span class='ocrx_word' id='word_1_562' title='bbox 2763 3409 2988 3480; x_wconf 62' lang='lat' dir='ltr'>prmfata</span> <span class='ocrx_word' id='word_1_563' title='bbox 3035 3408 3221 3463; x_wconf 85' lang='lat' dir='ltr'>Judith</span> <span class='ocrx_word' id='word_1_564' title='bbox 3274 3408 3420 3477; x_wconf 90' lang='lat' dir='ltr'>apud</span> <span class='ocrx_word' id='word_1_565' title='bbox 3451 3414 3667 3478; x_wconf 89' lang='lat' dir='ltr'>patrem</span> <span class='ocrx_word' id='word_1_566' title='bbox 3724 3416 3780 3463; x_wconf 89' lang='lat' dir='ltr'>et</span> 
     </span>
    </p>
   </div>
   <div class='ocr_carea' id='block_1_80' title="bbox 2153 3501 3780 3573">
    <p class='ocr_par' dir='ltr' id='par_1_80' title="bbox 2153 3501 3780 3573">
     <span class='ocr_line' id='line_1_80' title="bbox 2153 3501 3780 3573; baseline 0.002 -19"><span class='ocrx_word' id='word_1_567' title='bbox 2153 3506 2385 3555; x_wconf 90' lang='lat' dir='ltr'>matrem</span> <span class='ocrx_word' id='word_1_568' title='bbox 2417 3501 2583 3568; x_wconf 92' lang='lat' dir='ltr'>illius,</span> <span class='ocrx_word' id='word_1_569' title='bbox 2604 3509 2872 3572; x_wconf 89' lang='lat' dir='ltr'>quantum</span> <span class='ocrx_word' id='word_1_570' title='bbox 2892 3502 3191 3573; x_wconf 90' lang='lat' dir='ltr'>potuimus,</span> <span class='ocrx_word' id='word_1_571' title='bbox 3221 3509 3281 3557; x_wconf 94' lang='lat' dir='ltr'>ut</span> <span class='ocrx_word' id='word_1_572' title='bbox 3309 3501 3605 3567; x_wconf 89' lang='lat' dir='ltr'>mandatis,</span> <span class='ocrx_word' id='word_1_573' title='bbox 3626 3518 3780 3557; x_wconf 84' lang='lat' dir='ltr'>com-</span> 
     </span>
    </p>
   </div>
   <div class='ocr_carea' id='block_1_81' title="bbox 2154 3590 3782 3662">
    <p class='ocr_par' dir='ltr' id='par_1_81' title="bbox 2154 3590 3782 3662">
     <span class='ocr_line' id='line_1_81' title="bbox 2154 3590 3782 3662; baseline 0.002 -19"><span class='ocrx_word' id='word_1_574' title='bbox 2154 3590 2399 3644; x_wconf 91' lang='lat' dir='ltr'>muniter</span> <span class='ocrx_word' id='word_1_575' title='bbox 2432 3590 2851 3656; x_wconf 89' lang='lat' dir='ltr'>intervenimus,</span> <span class='ocrx_word' id='word_1_576' title='bbox 2881 3597 2937 3646; x_wconf 90' lang='lat' dir='ltr'>et</span> <span class='ocrx_word' id='word_1_577' title='bbox 2964 3591 3209 3662; x_wconf 89' lang='lat' dir='ltr'>paternis</span> <span class='ocrx_word' id='word_1_578' title='bbox 3237 3606 3300 3646; x_wconf 89' lang='lat' dir='ltr'>ac</span> <span class='ocrx_word' id='word_1_579' title='bbox 3328 3590 3593 3645; x_wconf 88' lang='lat' dir='ltr'>maternis</span> <span class='ocrx_word' id='word_1_580' title='bbox 3617 3590 3782 3646; x_wconf 89' lang='lat' dir='ltr'>obtu-</span> 
     </span>
    </p>
   </div>
   <div class='ocr_carea' id='block_1_82' title="bbox 2158 3679 3779 3753">
    <p class='ocr_par' dir='ltr' id='par_1_82' title="bbox 2158 3679 3779 3753">
     <span class='ocr_line' id='line_1_82' title="bbox 2158 3679 3779 3753; baseline 0.001 -19"><span class='ocrx_word' id='word_1_581' title='bbox 2158 3679 2305 3734; x_wconf 90' lang='lat' dir='ltr'>tibus</span> <span class='ocrx_word' id='word_1_582' title='bbox 2326 3695 2446 3734; x_wconf 93' lang='lat' dir='ltr'>eam</span> <span class='ocrx_word' id='word_1_583' title='bbox 2468 3687 2801 3749; x_wconf 66' lang='lat' dir='ltr'>praesentare</span> <span class='ocrx_word' id='word_1_584' title='bbox 2822 3679 3150 3735; x_wconf 90' lang='lat' dir='ltr'>studuimus.</span> <span class='ocrx_word' id='word_1_585' title='bbox 3180 3679 3308 3735; x_wconf 90' lang='lat' dir='ltr'>Post</span> <span class='ocrx_word' id='word_1_586' title='bbox 3329 3696 3450 3753; x_wconf 79' lang='lat' dir='ltr'>quae</span> <span class='ocrx_word' id='word_1_587' title='bbox 3477 3680 3779 3751; x_wconf 86' lang='lat' dir='ltr'>voluimus,</span> 
     </span>
    </p>
   </div>
   <div class='ocr_carea' id='block_1_83' title="bbox 2155 3766 3778 3841">
    <p class='ocr_par' dir='ltr' id='par_1_83' title="bbox 2155 3766 3778 3841">
     <span class='ocr_line' id='line_1_83' title="bbox 2155 3766 3778 3841; baseline 0.002 -19"><span class='ocrx_word' id='word_1_588' title='bbox 2155 3768 2283 3840; x_wconf 90' lang='lat' dir='ltr'>quia</span> <span class='ocrx_word' id='word_1_589' title='bbox 2337 3768 2416 3823; x_wconf 92' lang='lat' dir='ltr'>sic</span> <span class='ocrx_word' id='word_1_590' title='bbox 2475 3767 2638 3823; x_wconf 91' lang='lat' dir='ltr'>nobis</span> <span class='ocrx_word' id='word_1_591' title='bbox 2679 3768 2983 3822; x_wconf 89' lang='lat' dir='ltr'>secundum</span> <span class='ocrx_word' id='word_1_592' title='bbox 3012 3783 3195 3823; x_wconf 92' lang='lat' dir='ltr'>sacras</span> <span class='ocrx_word' id='word_1_593' title='bbox 3224 3766 3443 3841; x_wconf 88' lang='lat' dir='ltr'>regulas</span> <span class='ocrx_word' id='word_1_594' title='bbox 3494 3768 3636 3823; x_wconf 89' lang='lat' dir='ltr'>sicut</span> <span class='ocrx_word' id='word_1_595' title='bbox 3681 3786 3778 3825; x_wconf 89' lang='lat' dir='ltr'>eas</span> 
     </span>
    </p>
   </div>
   <div class='ocr_carea' id='block_1_84' title="bbox 2155 3860 3777 3939">
    <p class='ocr_par' dir='ltr' id='par_1_84' title="bbox 2155 3860 3777 3939">
     <span class='ocr_line' id='line_1_84' title="bbox 2155 3860 3777 3939; baseline 0.003 -24"><span class='ocrx_word' id='word_1_596' title='bbox 2155 3860 2533 3936; x_wconf 89' lang='lat' dir='ltr'>intelligimus,</span> <span class='ocrx_word' id='word_1_597' title='bbox 2561 3862 2738 3917; x_wconf 90' lang='lat' dir='ltr'>visum</span> <span class='ocrx_word' id='word_1_598' title='bbox 2761 3861 2938 3917; x_wconf 91' lang='lat' dir='ltr'>fuerat</span> <span class='ocrx_word' id='word_1_599' title='bbox 2963 3865 3092 3933; x_wconf 87' lang='lat' dir='ltr'>(non</span> <span class='ocrx_word' id='word_1_600' title='bbox 3121 3863 3269 3918; x_wconf 90' lang='lat' dir='ltr'>enim</span> <span class='ocrx_word' id='word_1_601' title='bbox 3301 3863 3420 3919; x_wconf 91' lang='lat' dir='ltr'>sine</span> <span class='ocrx_word' id='word_1_602' title='bbox 3442 3863 3628 3939; x_wconf 79' lang='lat' dir='ltr'>dignis</span> <span class='ocrx_word' id='word_1_603' title='bbox 3658 3880 3777 3937; x_wconf 75' lang='lat' dir='ltr'>poe-</span> 
     </span>
    </p>
   </div>
   <div class='ocr_carea' id='block_1_85' title="bbox 2154 3949 3778 4023">
    <p class='ocr_par' dir='ltr' id='par_1_85' title="bbox 2154 3949 3778 4023">
     <span class='ocr_line' id='line_1_85' title="bbox 2154 3949 3778 4023; baseline 0.002 -19"><span class='ocrx_word' id='word_1_604' title='bbox 2154 3950 2398 4006; x_wconf 63' lang='lat' dir='ltr'>nitentim</span> <span class='ocrx_word' id='word_1_605' title='bbox 2429 3949 2699 4006; x_wconf 88' lang='lat' dir='ltr'>fructibus</span> <span class='ocrx_word' id='word_1_606' title='bbox 2727 3950 2941 4007; x_wconf 90' lang='lat' dir='ltr'>absolvi</span> <span class='ocrx_word' id='word_1_607' title='bbox 2973 3967 3135 4023; x_wconf 91' lang='lat' dir='ltr'>posse</span> <span class='ocrx_word' id='word_1_608' title='bbox 3162 3960 3437 4023; x_wconf 89' lang='lat' dir='ltr'>putamus,</span> <span class='ocrx_word' id='word_1_609' title='bbox 3469 3952 3621 4023; x_wconf 90' lang='lat' dir='ltr'>quod</span> <span class='ocrx_word' id='word_1_610' title='bbox 3644 3968 3778 4007; x_wconf 89' lang='lat' dir='ltr'>ana-</span> 
     </span>
    </p>
   </div>
   <div class='ocr_carea' id='block_1_86' title="bbox 2154 4043 3775 4117">
    <p class='ocr_par' dir='ltr' id='par_1_86' title="bbox 2154 4043 3775 4117">
     <span class='ocr_line' id='line_1_86' title="bbox 2154 4043 3775 4117; baseline 0.002 -20"><span class='ocrx_word' id='word_1_611' title='bbox 2154 4043 2411 4098; x_wconf 88' lang='lat' dir='ltr'>thematis</span> <span class='ocrx_word' id='word_1_612' title='bbox 2459 4043 2680 4099; x_wconf 90' lang='lat' dir='ltr'>vinculo</span> <span class='ocrx_word' id='word_1_613' title='bbox 2711 4060 2742 4098; x_wconf 90' lang='lat' dir='ltr'>a</span> <span class='ocrx_word' id='word_1_614' title='bbox 2796 4044 2966 4099; x_wconf 89' lang='lat' dir='ltr'>sacris</span> <span class='ocrx_word' id='word_1_615' title='bbox 2996 4044 3200 4117; x_wconf 84' lang='lat' dir='ltr'>regulis</span> <span class='ocrx_word' id='word_1_616' title='bbox 3256 4044 3579 4100; x_wconf 89' lang='lat' dir='ltr'>innodatum</span> <span class='ocrx_word' id='word_1_617' title='bbox 3617 4045 3775 4101; x_wconf 87' lang='lat' dir='ltr'>vide-</span> 
     </span>
    </p>
   </div>
   <div class='ocr_carea' id='block_1_87' title="bbox 2153 4132 3777 4206">
    <p class='ocr_par' dir='ltr' id='par_1_87' title="bbox 2153 4132 3777 4206">
     <span class='ocr_line' id='line_1_87' title="bbox 2153 4132 3777 4206; baseline 0.002 -21"><span class='ocrx_word' id='word_1_618' title='bbox 2153 4132 2292 4202; x_wconf 92' lang='lat' dir='ltr'>mus)</span> <span class='ocrx_word' id='word_1_619' title='bbox 2347 4140 2407 4187; x_wconf 94' lang='lat' dir='ltr'>ut</span> <span class='ocrx_word' id='word_1_620' title='bbox 2479 4134 2634 4202; x_wconf 91' lang='lat' dir='ltr'>juxta</span> <span class='ocrx_word' id='word_1_621' title='bbox 2691 4133 3121 4189; x_wconf 86' lang='lat' dir='ltr'>ecclesiasticam</span> <span class='ocrx_word' id='word_1_622' title='bbox 3197 4132 3549 4188; x_wconf 88' lang='lat' dir='ltr'>traditionem</span> <span class='ocrx_word' id='word_1_623' title='bbox 3616 4134 3777 4206; x_wconf 90' lang='lat' dir='ltr'>prius</span> 
     </span>
    </p>
   </div>
   <div class='ocr_carea' id='block_1_88' title="bbox 2154 4221 3779 4293">
    <p class='ocr_par' dir='ltr' id='par_1_88' title="bbox 2154 4221 3779 4293">
     <span class='ocr_line' id='line_1_88' title="bbox 2154 4221 3779 4293; baseline 0.003 -19"><span class='ocrx_word' id='word_1_624' title='bbox 2154 4221 2430 4288; x_wconf 68' lang='lat' dir='ltr'>Ecclesiae,</span> <span class='ocrx_word' id='word_1_625' title='bbox 2463 4238 2627 4293; x_wconf 89' lang='lat' dir='ltr'>quam</span> <span class='ocrx_word' id='word_1_626' title='bbox 2675 4222 2960 4290; x_wconf 80' lang='lat' dir='ltr'>laeserant,</span> <span class='ocrx_word' id='word_1_627' title='bbox 3019 4222 3422 4292; x_wconf 87' lang='lat' dir='ltr'>satisfacerent,</span> <span class='ocrx_word' id='word_1_628' title='bbox 3463 4232 3519 4280; x_wconf 92' lang='lat' dir='ltr'>et</span> <span class='ocrx_word' id='word_1_629' title='bbox 3567 4225 3649 4279; x_wconf 81' lang='lat' dir='ltr'>sic</span> <span class='ocrx_word' id='word_1_630' title='bbox 3680 4224 3779 4279; x_wconf 86' lang='lat' dir='ltr'>de-</span> 
     </span>
    </p>
   </div>
   <div class='ocr_carea' id='block_1_89' title="bbox 2153 4314 3776 4388">
    <p class='ocr_par' dir='ltr' id='par_1_89' title="bbox 2153 4314 3776 4388">
     <span class='ocr_line' id='line_1_89' title="bbox 2153 4314 3776 4388; baseline 0.002 -21"><span class='ocrx_word' id='word_1_631' title='bbox 2153 4329 2300 4368; x_wconf 92' lang='lat' dir='ltr'>mum</span> <span class='ocrx_word' id='word_1_632' title='bbox 2359 4316 2506 4387; x_wconf 91' lang='lat' dir='ltr'>quod</span> <span class='ocrx_word' id='word_1_633' title='bbox 2562 4314 2893 4386; x_wconf 67' lang='lat' dir='ltr'>praecipiunt</span> <span class='ocrx_word' id='word_1_634' title='bbox 2939 4315 3064 4384; x_wconf 89' lang='lat' dir='ltr'>jura</span> <span class='ocrx_word' id='word_1_635' title='bbox 3112 4315 3297 4388; x_wconf 82' lang='lat' dir='ltr'>legum</span> <span class='ocrx_word' id='word_1_636' title='bbox 3355 4316 3723 4371; x_wconf 89' lang='lat' dir='ltr'>mundialium</span> <span class='ocrx_word' id='word_1_637' title='bbox 3760 4359 3776 4385; x_wconf 94' lang='lat'>,</span> 
     </span>
    </p>
   </div>
   <div class='ocr_carea' id='block_1_90' title="bbox 2155 4406 3776 4478">
    <p class='ocr_par' dir='ltr' id='par_1_90' title="bbox 2155 4406 3776 4478">
     <span class='ocr_line' id='line_1_90' title="bbox 2155 4406 3776 4478; baseline 0.003 -19"><span class='ocrx_word' id='word_1_638' title='bbox 2155 4407 2378 4478; x_wconf 86' lang='lat' dir='ltr'>exsequi</span> <span class='ocrx_word' id='word_1_639' title='bbox 2431 4414 2769 4478; x_wconf 89' lang='lat' dir='ltr'>procuraret.</span> <span class='ocrx_word' id='word_1_640' title='bbox 2823 4406 2929 4461; x_wconf 89' lang='lat' dir='ltr'>Sed</span> <span class='ocrx_word' id='word_1_641' title='bbox 2961 4406 3221 4477; x_wconf 89' lang='lat' dir='ltr'>quoniam</span> <span class='ocrx_word' id='word_1_642' title='bbox 3274 4406 3483 4463; x_wconf 89' lang='lat' dir='ltr'>litteras</span> <span class='ocrx_word' id='word_1_643' title='bbox 3511 4416 3728 4464; x_wconf 84' lang='lat' dir='ltr'>vestras</span> <span class='ocrx_word' id='word_1_644' title='bbox 3762 4451 3776 4475; x_wconf 95' lang='lat'>,</span> 
     </span>
    </p>
   </div>
   <div class='ocr_carea' id='block_1_91' title="bbox 441 4479 3777 4572">
    <p class='ocr_par' dir='ltr' id='par_1_91' title="bbox 441 4479 3777 4572">
     <span class='ocr_line' id='line_1_91' title="bbox 441 4479 3777 4572; baseline 0.004 -30"><span class='ocrx_word' id='word_1_645' title='bbox 441 4493 543 4542; x_wconf 89' lang='lat' dir='ltr'>est.</span> <span class='ocrx_word' id='word_1_646' title='bbox 579 4488 734 4543; x_wconf 91' lang='lat' dir='ltr'>Unde</span> <span class='ocrx_word' id='word_1_647' title='bbox 781 4506 871 4545; x_wconf 89' lang='lat' dir='ltr'>rex</span> <span class='ocrx_word' id='word_1_648' title='bbox 903 4491 1129 4547; x_wconf 89' lang='lat' dir='ltr'>Karolus</span> <span class='ocrx_word' id='word_1_649' title='bbox 1180 4490 1476 4562; x_wconf 90' lang='lat' dir='ltr'>episcopos</span> <span class='ocrx_word' id='word_1_650' title='bbox 1515 4506 1576 4546; x_wconf 88' lang='lat' dir='ltr'>ac</span> <span class='ocrx_word' id='word_1_651' title='bbox 1614 4497 1843 4546; x_wconf 64' lang='lat' dir='ltr'>caeteros</span> <span class='ocrx_word' id='word_1_652' title='bbox 1888 4492 2044 4564; x_wconf 85' lang='lat' dir='ltr'>regni</span> <span class='ocrx_word' id='word_1_653' title='bbox 2070 4479 2132 4553; x_wconf 90' lang='lat' dir='ltr'><strong>D</strong></span> <span class='ocrx_word' id='word_1_654' title='bbox 2156 4514 2277 4570; x_wconf 61' lang='lat' dir='ltr'>qum</span> <span class='ocrx_word' id='word_1_655' title='bbox 2307 4500 2435 4556; x_wconf 88' lang='lat' dir='ltr'>inde</span> <span class='ocrx_word' id='word_1_656' title='bbox 2465 4500 2601 4554; x_wconf 90' lang='lat' dir='ltr'>nihil</span> <span class='ocrx_word' id='word_1_657' title='bbox 2636 4507 3035 4571; x_wconf 70' lang='lat' dir='ltr'>przeceperunt,</span> <span class='ocrx_word' id='word_1_658' title='bbox 3068 4499 3178 4554; x_wconf 92' lang='lat' dir='ltr'>imo</span> <span class='ocrx_word' id='word_1_659' title='bbox 3205 4498 3369 4554; x_wconf 88' lang='lat' dir='ltr'>etiam</span> <span class='ocrx_word' id='word_1_660' title='bbox 3402 4500 3607 4556; x_wconf 90' lang='lat' dir='ltr'>nullam</span> <span class='ocrx_word' id='word_1_661' title='bbox 3642 4518 3777 4572; x_wconf 89' lang='lat' dir='ltr'>pro-</span> 
     </span>
    </p>
   </div>
   <div class='ocr_carea' id='block_1_92' title="bbox 441 4578 2049 4653">
    <p class='ocr_par' dir='ltr' id='par_1_92' title="bbox 441 4578 2049 4653">
     <span class='ocr_line' id='line_1_92' title="bbox 441 4578 2049 4653; baseline 0.003 -22"><span class='ocrx_word' id='word_1_662' title='bbox 441 4578 529 4632; x_wconf 89' lang='lat' dir='ltr'>sui</span> <span class='ocrx_word' id='word_1_663' title='bbox 571 4579 847 4648; x_wconf 87' lang='lat' dir='ltr'>primores</span> <span class='ocrx_word' id='word_1_664' title='bbox 875 4581 1192 4647; x_wconf 90' lang='lat' dir='ltr'>consulens,</span> <span class='ocrx_word' id='word_1_665' title='bbox 1227 4590 1350 4652; x_wconf 86' lang='lat' dir='ltr'>post</span> <span class='ocrx_word' id='word_1_666' title='bbox 1392 4582 1690 4636; x_wconf 65' lang='lat' dir='ltr'>mundanae</span> <span class='ocrx_word' id='word_1_667' title='bbox 1740 4581 1878 4653; x_wconf 82' lang='lat' dir='ltr'>legis</span> <span class='ocrx_word' id='word_1_668' title='bbox 1899 4581 2049 4650; x_wconf 90' lang='lat' dir='ltr'>judi-</span> 
     </span>
    </p>
   </div>
   <div class='ocr_carea' id='block_1_93' title="bbox 444 4668 2051 4739">
    <p class='ocr_par' dir='ltr' id='par_1_93' title="bbox 444 4668 2051 4739">
     <span class='ocr_line' id='line_1_93' title="bbox 444 4668 2051 4739; baseline 0.002 -17"><span class='ocrx_word' id='word_1_669' title='bbox 444 4668 609 4731; x_wconf 87' lang='lat' dir='ltr'>cium,</span> <span class='ocrx_word' id='word_1_670' title='bbox 635 4670 957 4724; x_wconf 86' lang='lat' dir='ltr'>canonicam</span> <span class='ocrx_word' id='word_1_671' title='bbox 982 4671 1034 4724; x_wconf 87' lang='lat' dir='ltr'>in</span> <span class='ocrx_word' id='word_1_672' title='bbox 1050 4671 1162 4739; x_wconf 88' lang='lat' dir='ltr'>jam</span> <span class='ocrx_word' id='word_1_673' title='bbox 1185 4670 1395 4726; x_wconf 90' lang='lat' dir='ltr'>dictum</span> <span class='ocrx_word' id='word_1_674' title='bbox 1415 4669 1745 4725; x_wconf 88' lang='lat' dir='ltr'>Balduinum</span> <span class='ocrx_word' id='word_1_675' title='bbox 1760 4679 1815 4725; x_wconf 92' lang='lat' dir='ltr'>et</span> <span class='ocrx_word' id='word_1_676' title='bbox 1835 4670 2051 4736; x_wconf 85' lang='lat' dir='ltr'>Judith,</span> 
     </span>
    </p>
   </div>
   <div class='ocr_carea' id='block_1_94' title="bbox 442 4758 2051 4834">
    <p class='ocr_par' dir='ltr' id='par_1_94' title="bbox 442 4758 2051 4834">
     <span class='ocr_line' id='line_1_94' title="bbox 442 4758 2051 4834; baseline 0.002 -23"><span class='ocrx_word' id='word_1_677' title='bbox 442 4758 745 4813; x_wconf 87' lang='lat' dir='ltr'>secundum</span> <span class='ocrx_word' id='word_1_678' title='bbox 772 4760 917 4813; x_wconf 84' lang='lat' dir='ltr'>edita</span> <span class='ocrx_word' id='word_1_679' title='bbox 944 4759 1089 4814; x_wconf 87' lang='lat' dir='ltr'>beati</span> <span class='ocrx_word' id='word_1_680' title='bbox 1113 4759 1380 4834; x_wconf 80' lang='lat' dir='ltr'>Gregorii,</span> <span class='ocrx_word' id='word_1_681' title='bbox 1399 4759 1469 4815; x_wconf 91' lang='lat' dir='ltr'>ab</span> <span class='ocrx_word' id='word_1_682' title='bbox 1499 4760 1777 4831; x_wconf 89' lang='lat' dir='ltr'>episcopis</span> <span class='ocrx_word' id='word_1_683' title='bbox 1800 4759 2051 4831; x_wconf 91' lang='lat' dir='ltr'>depromi</span> 
     </span>
    </p>
   </div>
   <div class='ocr_carea' id='block_1_95' title="bbox 445 4848 2051 4921">
    <p class='ocr_par' dir='ltr' id='par_1_95' title="bbox 445 4848 2051 4921">
     <span class='ocr_line' id='line_1_95' title="bbox 445 4848 2051 4921; baseline 0.003 -22"><span class='ocrx_word' id='word_1_684' title='bbox 445 4849 777 4903; x_wconf 90' lang='lat' dir='ltr'>sententiam</span> <span class='ocrx_word' id='word_1_685' title='bbox 807 4848 949 4903; x_wconf 84' lang='lat' dir='ltr'>fecit.</span> <span class='ocrx_word' id='word_1_686' title='bbox 979 4849 1053 4903; x_wconf 84' lang='lat' dir='ltr'>De</span> <span class='ocrx_word' id='word_1_687' title='bbox 1088 4849 1315 4904; x_wconf 79' lang='lat' dir='ltr'>Rotliadi</span> <span class='ocrx_word' id='word_1_688' title='bbox 1341 4864 1563 4921; x_wconf 82' lang='lat' dir='ltr'>quoque</span> <span class='ocrx_word' id='word_1_689' title='bbox 1592 4848 1935 4905; x_wconf 62' lang='lat' dir='ltr'>Suessonicaa</span> <span class='ocrx_word' id='word_1_690' title='bbox 1965 4850 2051 4904; x_wconf 92' lang='lat' dir='ltr'>ci-</span> 
     </span>
    </p>
   </div>
   <div class='ocr_carea' id='block_1_96' title="bbox 443 4935 2055 5011">
    <p class='ocr_par' dir='ltr' id='par_1_96' title="bbox 443 4935 2055 5011">
     <span class='ocr_line' id='line_1_96' title="bbox 443 4935 2055 5011; baseline 0.002 -23"><span class='ocrx_word' id='word_1_691' title='bbox 443 4935 623 4990; x_wconf 90' lang='lat' dir='ltr'>vitatis</span> <span class='ocrx_word' id='word_1_692' title='bbox 652 4937 897 5009; x_wconf 88' lang='lat' dir='ltr'>episcopi</span> <span class='ocrx_word' id='word_1_693' title='bbox 921 4939 1256 5008; x_wconf 82' lang='lat' dir='ltr'>dejectione,</span> <span class='ocrx_word' id='word_1_694' title='bbox 1290 4955 1457 5011; x_wconf 92' lang='lat' dir='ltr'>quem</span> <span class='ocrx_word' id='word_1_695' title='bbox 1478 4939 1546 4993; x_wconf 88' lang='lat' dir='ltr'>ab</span> <span class='ocrx_word' id='word_1_696' title='bbox 1568 4938 1871 5010; x_wconf 85' lang='lat' dir='ltr'>episcopali</span> <span class='ocrx_word' id='word_1_697' title='bbox 1895 4937 2055 4993; x_wconf 90' lang='lat' dir='ltr'>mini-</span> 
     </span>
    </p>
   </div>
   <div class='ocr_carea' id='block_1_97' title="bbox 441 5028 2056 5104">
    <p class='ocr_par' dir='ltr' id='par_1_97' title="bbox 441 5028 2056 5104">
     <span class='ocr_line' id='line_1_97' title="bbox 441 5028 2056 5104; baseline 0.004 -23"><span class='ocrx_word' id='word_1_698' title='bbox 441 5028 609 5083; x_wconf 87' lang='lat' dir='ltr'>sterio</span> <span class='ocrx_word' id='word_1_699' title='bbox 634 5029 849 5097; x_wconf 89' lang='lat' dir='ltr'>judicio</span> <span class='ocrx_word' id='word_1_700' title='bbox 900 5039 1207 5087; x_wconf 84' lang='lat' dir='ltr'>removerat</span> <span class='ocrx_word' id='word_1_701' title='bbox 1256 5032 1677 5104; x_wconf 83' lang='lat' dir='ltr'>episcOporum-</span> <span class='ocrx_word' id='word_1_702' title='bbox 1706 5033 1780 5088; x_wconf 90' lang='lat' dir='ltr'>De</span> <span class='ocrx_word' id='word_1_703' title='bbox 1812 5048 2056 5090; x_wconf 88' lang='lat' dir='ltr'>comme-</span> 
     </span>
    </p>
   </div>
   <div class='ocr_carea' id='block_1_98' title="bbox 444 5123 2056 5199">
    <p class='ocr_par' dir='ltr' id='par_1_98' title="bbox 444 5123 2056 5199">
     <span class='ocr_line' id='line_1_98' title="bbox 444 5123 2056 5199; baseline 0.002 -24"><span class='ocrx_word' id='word_1_704' title='bbox 444 5123 750 5178; x_wconf 90' lang='lat' dir='ltr'>moratione</span> <span class='ocrx_word' id='word_1_705' title='bbox 794 5123 959 5177; x_wconf 79' lang='lat' dir='ltr'>ctiam</span> <span class='ocrx_word' id='word_1_706' title='bbox 992 5124 1232 5179; x_wconf 82' lang='lat' dir='ltr'>nominis</span> <span class='ocrx_word' id='word_1_707' title='bbox 1280 5125 1505 5193; x_wconf 90' lang='lat' dir='ltr'>Ebonis,</span> <span class='ocrx_word' id='word_1_708' title='bbox 1540 5136 1704 5199; x_wconf 88' lang='lat' dir='ltr'>atque</span> <span class='ocrx_word' id='word_1_709' title='bbox 1758 5127 1829 5181; x_wconf 91' lang='lat' dir='ltr'>de</span> <span class='ocrx_word' id='word_1_710' title='bbox 1858 5125 2056 5181; x_wconf 87' lang='lat' dir='ltr'>Gothe-</span> 
     </span>
    </p>
   </div>
   <div class='ocr_carea' id='block_1_99' title="bbox 444 5216 2056 5297">
    <p class='ocr_par' dir='ltr' id='par_1_99' title="bbox 444 5216 2056 5297">
     <span class='ocr_line' id='line_1_99' title="bbox 444 5216 2056 5297; baseline 0.004 -26"><span class='ocrx_word' id='word_1_711' title='bbox 444 5216 608 5271; x_wconf 87' lang='lat' dir='ltr'>scalci</span> <span class='ocrx_word' id='word_1_712' title='bbox 639 5217 923 5284; x_wconf 90' lang='lat' dir='ltr'>cujusdam</span> <span class='ocrx_word' id='word_1_713' title='bbox 967 5221 1206 5278; x_wconf 68' lang='lat' dir='ltr'>hazretici</span> <span class='ocrx_word' id='word_1_714' title='bbox 1238 5224 1594 5282; x_wconf 86' lang='lat' dir='ltr'>damnatione</span> <span class='ocrx_word' id='word_1_715' title='bbox 1627 5223 1887 5297; x_wconf 63' lang='lat' dir='ltr'>praefatus</span> <span class='ocrx_word' id='word_1_716' title='bbox 1920 5238 2056 5294; x_wconf 70' lang='lat' dir='ltr'>prae-</span> 
     </span>
    </p>
   </div>
   <div class='ocr_carea' id='block_1_100' title="bbox 443 5312 2057 5388">
    <p class='ocr_par' dir='ltr' id='par_1_100' title="bbox 443 5312 2057 5388">
     <span class='ocr_line' id='line_1_100' title="bbox 443 5312 2057 5388; baseline 0.004 -23"><span class='ocrx_word' id='word_1_717' title='bbox 443 5312 527 5366; x_wconf 90' lang='lat' dir='ltr'>sul</span> <span class='ocrx_word' id='word_1_718' title='bbox 573 5312 887 5380; x_wconf 83' lang='lat' dir='ltr'>hujusmodi</span> <span class='ocrx_word' id='word_1_719' title='bbox 928 5315 1130 5387; x_wconf 87' lang='lat' dir='ltr'>scripta</span> <span class='ocrx_word' id='word_1_720' title='bbox 1162 5317 1429 5373; x_wconf 88' lang='lat' dir='ltr'>direxisse</span> <span class='ocrx_word' id='word_1_721' title='bbox 1460 5318 1527 5372; x_wconf 89' lang='lat' dir='ltr'>ad</span> <span class='ocrx_word' id='word_1_722' title='bbox 1567 5318 1755 5373; x_wconf 91' lang='lat' dir='ltr'>sedem</span> <span class='ocrx_word' id='word_1_723' title='bbox 1784 5316 2057 5388; x_wconf 84' lang='lat' dir='ltr'>reperitur</span> 
     </span>
    </p>
   </div>
   <div class='ocr_carea' id='block_1_101' title="bbox 442 5406 827 5476">
    <p class='ocr_par' dir='ltr' id='par_1_101' title="bbox 442 5406 827 5476">
     <span class='ocr_line' id='line_1_101' title="bbox 442 5406 827 5476; baseline 0.008 -16"><span class='ocrx_word' id='word_1_724' title='bbox 442 5406 827 5476; x_wconf 88' lang='lat' dir='ltr'>apostolicam.</span> 
     </span>
    </p>
   </div>
   <div class='ocr_carea' id='block_1_102' title="bbox 520 5497 2057 5572">
    <p class='ocr_par' dir='ltr' id='par_1_102' title="bbox 520 5497 2057 5572">
     <span class='ocr_line' id='line_1_102' title="bbox 520 5497 2057 5572; baseline 0.005 -25"><span class='ocrx_word' id='word_1_725' title='bbox 520 5517 544 5547; x_wconf 79' lang='grc' dir='ltr'>‹ι</span> <span class='ocrx_word' id='word_1_726' title='bbox 589 5498 797 5554; x_wconf 88' lang='lat' dir='ltr'>Domno</span> <span class='ocrx_word' id='word_1_727' title='bbox 815 5498 975 5554; x_wconf 89' lang='lat' dir='ltr'>unice</span> <span class='ocrx_word' id='word_1_728' title='bbox 988 5497 1454 5572; x_wconf 81' lang='lat' dir='ltr'>singulariterque</span> <span class='ocrx_word' id='word_1_729' title='bbox 1470 5499 1827 5569; x_wconf 89' lang='lat' dir='ltr'>suscipiendo</span> <span class='ocrx_word' id='word_1_730' title='bbox 1838 5498 2057 5555; x_wconf 86' lang='lat' dir='ltr'>Patrum</span> 
     </span>
    </p>
   </div>
   <div class='ocr_carea' id='block_1_103' title="bbox 446 5587 2058 5653">
    <p class='ocr_par' dir='ltr' id='par_1_103' title="bbox 446 5587 2058 5653">
     <span class='ocr_line' id='line_1_103' title="bbox 446 5587 2058 5653; baseline 0.002 -12"><span class='ocrx_word' id='word_1_731' title='bbox 446 5587 695 5653; x_wconf 85' lang='lat' dir='ltr'>Palri,et</span> <span class='ocrx_word' id='word_1_732' title='bbox 747 5604 960 5642; x_wconf 88' lang='lat' dir='ltr'>summa</span> <span class='ocrx_word' id='word_1_733' title='bbox 1013 5590 1367 5644; x_wconf 89' lang='lat' dir='ltr'>veneratione</span> <span class='ocrx_word' id='word_1_734' title='bbox 1422 5590 1746 5644; x_wconf 90' lang='lat' dir='ltr'>honorando</span> <span class='ocrx_word' id='word_1_735' title='bbox 1805 5604 2058 5644; x_wconf 86' lang='lat' dir='ltr'>reveren-</span> 
     </span>
    </p>
   </div>
   <div class='ocr_carea' id='block_1_104' title="bbox 448 5676 2056 5751">
    <p class='ocr_par' dir='ltr' id='par_1_104' title="bbox 448 5676 2056 5751">
     <span class='ocr_line' id='line_1_104' title="bbox 448 5676 2056 5751; baseline 0.003 -20"><span class='ocrx_word' id='word_1_736' title='bbox 448 5676 675 5735; x_wconf 87' lang='lat' dir='ltr'>dissimo</span> <span class='ocrx_word' id='word_1_737' title='bbox 726 5693 884 5751; x_wconf 68' lang='lat' dir='ltr'>papa:</span> <span class='ocrx_word' id='word_1_738' title='bbox 933 5678 1200 5743; x_wconf 77' lang='lat' dir='ltr'>NICOLAO,</span> <span class='ocrx_word' id='word_1_739' title='bbox 1264 5678 1580 5734; x_wconf 71' lang='lat' dir='ltr'>“montanus</span> <span class='ocrx_word' id='word_1_740' title='bbox 1637 5680 1901 5745; x_wconf 88' lang='lat' dir='ltr'>nomine,</span> <span class='ocrx_word' id='word_1_741' title='bbox 1946 5696 2056 5737; x_wconf 90' lang='lat' dir='ltr'>non</span> 
     </span>
    </p>
   </div>
   <div class='ocr_carea' id='block_1_105' title="bbox 2155 4589 3779 4665">
    <p class='ocr_par' dir='ltr' id='par_1_105' title="bbox 2155 4589 3779 4665">
     <span class='ocr_line' id='line_1_105' title="bbox 2155 4589 3779 4665; baseline 0.001 -19"><span class='ocrx_word' id='word_1_742' title='bbox 2155 4592 2471 4648; x_wconf 91' lang='lat' dir='ltr'>telationem</span> <span class='ocrx_word' id='word_1_743' title='bbox 2513 4593 2568 4646; x_wconf 92' lang='lat' dir='ltr'>in</span> <span class='ocrx_word' id='word_1_744' title='bbox 2595 4607 2785 4647; x_wconf 89' lang='lat' dir='ltr'>eorum</span> <span class='ocrx_word' id='word_1_745' title='bbox 2836 4590 3231 4661; x_wconf 89' lang='lat' dir='ltr'>conjunctione</span> <span class='ocrx_word' id='word_1_746' title='bbox 3263 4589 3501 4646; x_wconf 85' lang='lat' dir='ltr'>fiendam</span> <span class='ocrx_word' id='word_1_747' title='bbox 3556 4592 3779 4665; x_wconf 85' lang='lat' dir='ltr'>signiﬁ-</span> 
     </span>
    </p>
   </div>
   <div class='ocr_carea' id='block_1_106' title="bbox 2153 4679 3781 4747">
    <p class='ocr_par' dir='ltr' id='par_1_106' title="bbox 2153 4679 3781 4747">
     <span class='ocr_line' id='line_1_106' title="bbox 2153 4679 3781 4747; baseline 0.001 -11"><span class='ocrx_word' id='word_1_748' title='bbox 2153 4688 2464 4745; x_wconf 91' lang='lat' dir='ltr'>caverunt,</span> <span class='ocrx_word' id='word_1_749' title='bbox 2505 4680 2609 4736; x_wconf 90' lang='lat' dir='ltr'>sibi</span> <span class='ocrx_word' id='word_1_750' title='bbox 2653 4680 2912 4736; x_wconf 86' lang='lat' dir='ltr'>sufficere</span> <span class='ocrx_word' id='word_1_751' title='bbox 2953 4679 3288 4747; x_wconf 89' lang='lat' dir='ltr'>voluerunt,</span> <span class='ocrx_word' id='word_1_752' title='bbox 3338 4686 3394 4735; x_wconf 92' lang='lat' dir='ltr'>et</span> <span class='ocrx_word' id='word_1_753' title='bbox 3421 4681 3543 4736; x_wconf 91' lang='lat' dir='ltr'>sine</span> <span class='ocrx_word' id='word_1_754' title='bbox 3590 4689 3781 4737; x_wconf 86' lang='lat' dir='ltr'>vestra</span> 
     </span>
    </p>
   </div>
   <div class='ocr_carea' id='block_1_107' title="bbox 2154 4771 3780 4846">
    <p class='ocr_par' dir='ltr' id='par_1_107' title="bbox 2154 4771 3780 4846">
     <span class='ocr_line' id='line_1_107' title="bbox 2154 4771 3780 4846; baseline 0.002 -19"><span class='ocrx_word' id='word_1_755' title='bbox 2154 4773 2502 4838; x_wconf 89' lang='lat' dir='ltr'>auctoritate,</span> <span class='ocrx_word' id='word_1_756' title='bbox 2532 4772 2600 4827; x_wconf 91' lang='lat' dir='ltr'>ad</span> <span class='ocrx_word' id='word_1_757' title='bbox 2630 4787 2793 4843; x_wconf 89' lang='lat' dir='ltr'>quam</span> <span class='ocrx_word' id='word_1_758' title='bbox 2844 4771 3234 4837; x_wconf 87' lang='lat' dir='ltr'>clamaverant,</span> <span class='ocrx_word' id='word_1_759' title='bbox 3266 4772 3390 4846; x_wconf 88' lang='lat' dir='ltr'>cogi</span> <span class='ocrx_word' id='word_1_760' title='bbox 3421 4772 3547 4838; x_wconf 90' lang='lat' dir='ltr'>,nisi</span> <span class='ocrx_word' id='word_1_761' title='bbox 3573 4773 3683 4829; x_wconf 89' lang='lat' dir='ltr'>alio</span> <span class='ocrx_word' id='word_1_762' title='bbox 3714 4790 3780 4830; x_wconf 89' lang='lat' dir='ltr'>se</span> 
     </span>
    </p>
   </div>
   <div class='ocr_carea' id='block_1_108' title="bbox 2154 4863 3783 4936">
    <p class='ocr_par' dir='ltr' id='par_1_108' title="bbox 2154 4863 3783 4936">
     <span class='ocr_line' id='line_1_108' title="bbox 2154 4863 3783 4936; baseline 0.002 -17"><span class='ocrx_word' id='word_1_763' title='bbox 2154 4865 2320 4920; x_wconf 90' lang='lat' dir='ltr'>modo</span> <span class='ocrx_word' id='word_1_764' title='bbox 2341 4864 2751 4929; x_wconf 86' lang='lat' dir='ltr'>submitterent,</span> <span class='ocrx_word' id='word_1_765' title='bbox 2775 4879 2887 4919; x_wconf 90' lang='lat' dir='ltr'>non</span> <span class='ocrx_word' id='word_1_766' title='bbox 2905 4863 3241 4918; x_wconf 90' lang='lat' dir='ltr'>debuerunt.</span> <span class='ocrx_word' id='word_1_767' title='bbox 3258 4864 3328 4917; x_wconf 87' lang='lat' dir='ltr'>Ex</span> <span class='ocrx_word' id='word_1_768' title='bbox 3345 4865 3513 4919; x_wconf 89' lang='lat' dir='ltr'>altera</span> <span class='ocrx_word' id='word_1_769' title='bbox 3536 4866 3783 4936; x_wconf 90' lang='lat' dir='ltr'>cpistola</span> 
     </span>
    </p>
   </div>
   <div class='ocr_carea' id='block_1_109' title="bbox 2155 4952 3781 5028">
    <p class='ocr_par' dir='ltr' id='par_1_109' title="bbox 2155 4952 3781 5028">
     <span class='ocr_line' id='line_1_109' title="bbox 2155 4952 3781 5028; baseline 0.001 -18"><span class='ocrx_word' id='word_1_770' title='bbox 2155 4963 2349 5011; x_wconf 67' lang='lat' dir='ltr'>vestrm</span> <span class='ocrx_word' id='word_1_771' title='bbox 2371 4955 2676 5010; x_wconf 88' lang='lat' dir='ltr'>sanctitatis</span> <span class='ocrx_word' id='word_1_772' title='bbox 2705 4954 2786 5008; x_wconf 90' lang='lat' dir='ltr'>eis</span> <span class='ocrx_word' id='word_1_773' title='bbox 2808 4953 2988 5019; x_wconf 92' lang='lat' dir='ltr'>retuli,</span> <span class='ocrx_word' id='word_1_774' title='bbox 3021 4952 3170 5024; x_wconf 91' lang='lat' dir='ltr'>quod</span> <span class='ocrx_word' id='word_1_775' title='bbox 3186 4969 3297 5009; x_wconf 94' lang='lat' dir='ltr'>non</span> <span class='ocrx_word' id='word_1_776' title='bbox 3331 4953 3482 5028; x_wconf 87' lang='lat' dir='ltr'>leges</span> <span class='ocrx_word' id='word_1_777' title='bbox 3511 4956 3781 5011; x_wconf 86' lang='lat' dir='ltr'>ecclesia-</span> 
     </span>
    </p>
   </div>
   <div class='ocr_carea' id='block_1_110' title="bbox 2154 5045 3780 5120">
    <p class='ocr_par' dir='ltr' id='par_1_110' title="bbox 2154 5045 3780 5120">
     <span class='ocr_line' id='line_1_110' title="bbox 2154 5045 3780 5120; baseline 0.001 -17"><span class='ocrx_word' id='word_1_778' title='bbox 2154 5048 2318 5104; x_wconf 90' lang='lat' dir='ltr'>sticas</span> <span class='ocrx_word' id='word_1_779' title='bbox 2346 5047 2695 5114; x_wconf 88' lang='lat' dir='ltr'>dissolvistis,</span> <span class='ocrx_word' id='word_1_780' title='bbox 2748 5045 2845 5100; x_wconf 85' lang='lat' dir='ltr'>sed</span> <span class='ocrx_word' id='word_1_781' title='bbox 2878 5061 3074 5116; x_wconf 90' lang='lat' dir='ltr'>preces</span> <span class='ocrx_word' id='word_1_782' title='bbox 3128 5060 3229 5115; x_wconf 87' lang='lat' dir='ltr'>pro</span> <span class='ocrx_word' id='word_1_783' title='bbox 3281 5061 3348 5100; x_wconf 88' lang='lat' dir='ltr'>eo</span> <span class='ocrx_word' id='word_1_784' title='bbox 3396 5046 3643 5111; x_wconf 88' lang='lat' dir='ltr'>misistis,</span> <span class='ocrx_word' id='word_1_785' title='bbox 3677 5050 3780 5120; x_wconf 89' lang='lat' dir='ltr'>qui</span> 
     </span>
    </p>
   </div>
   <div class='ocr_carea' id='block_1_111' title="bbox 2157 5133 3785 5208">
    <p class='ocr_par' dir='ltr' id='par_1_111' title="bbox 2157 5133 3785 5208">
     <span class='ocr_line' id='line_1_111' title="bbox 2157 5133 3785 5208; baseline 0.001 -17"><span class='ocrx_word' id='word_1_786' title='bbox 2157 5136 2342 5208; x_wconf 86' lang='lat' dir='ltr'>puniri</span> <span class='ocrx_word' id='word_1_787' title='bbox 2373 5135 2678 5191; x_wconf 90' lang='lat' dir='ltr'>secundum</span> <span class='ocrx_word' id='word_1_788' title='bbox 2713 5134 2865 5208; x_wconf 88' lang='lat' dir='ltr'>leges</span> <span class='ocrx_word' id='word_1_789' title='bbox 2894 5133 3207 5187; x_wconf 89' lang='lat' dir='ltr'>mundanas</span> <span class='ocrx_word' id='word_1_790' title='bbox 3238 5141 3469 5204; x_wconf 86' lang='lat' dir='ltr'>poterat,</span> <span class='ocrx_word' id='word_1_791' title='bbox 3502 5142 3785 5206; x_wconf 88' lang='lat' dir='ltr'>quatenus</span> 
     </span>
    </p>
   </div>
   <div class='ocr_carea' id='block_1_112' title="bbox 2156 5220 3786 5295">
    <p class='ocr_par' dir='ltr' id='par_1_112' title="bbox 2156 5220 3786 5295">
     <span class='ocr_line' id='line_1_112' title="bbox 2156 5220 3786 5295; baseline 0.001 -18"><span class='ocrx_word' id='word_1_792' title='bbox 2156 5222 2338 5278; x_wconf 91' lang='lat' dir='ltr'>locum</span> <span class='ocrx_word' id='word_1_793' title='bbox 2369 5221 2678 5294; x_wconf 64' lang='lat' dir='ltr'>paenitendi</span> <span class='ocrx_word' id='word_1_794' title='bbox 2710 5220 2959 5287; x_wconf 87' lang='lat' dir='ltr'>haberet,</span> <span class='ocrx_word' id='word_1_795' title='bbox 2992 5220 3140 5291; x_wconf 90' lang='lat' dir='ltr'>quod</span> <span class='ocrx_word' id='word_1_796' title='bbox 3166 5229 3358 5275; x_wconf 90' lang='lat' dir='ltr'>contra</span> <span class='ocrx_word' id='word_1_797' title='bbox 3388 5221 3539 5295; x_wconf 90' lang='lat' dir='ltr'>leges</span> <span class='ocrx_word' id='word_1_798' title='bbox 3559 5223 3786 5281; x_wconf 86' lang='lat' dir='ltr'>divinas</span> 
     </span>
    </p>
   </div>
   <div class='ocr_carea' id='block_1_113' title="bbox 2156 5313 3786 5384">
    <p class='ocr_par' dir='ltr' id='par_1_113' title="bbox 2156 5313 3786 5384">
     <span class='ocr_line' id='line_1_113' title="bbox 2156 5313 3786 5384; baseline 0.002 -14"><span class='ocrx_word' id='word_1_799' title='bbox 2156 5316 2469 5371; x_wconf 89' lang='lat' dir='ltr'>admiserat.</span> <span class='ocrx_word' id='word_1_800' title='bbox 2526 5315 2614 5370; x_wconf 91' lang='lat' dir='ltr'>Sic</span> <span class='ocrx_word' id='word_1_801' title='bbox 2643 5323 2699 5369; x_wconf 88' lang='lat' dir='ltr'>et</span> <span class='ocrx_word' id='word_1_802' title='bbox 2755 5314 3003 5369; x_wconf 85' lang='lat' dir='ltr'>Salvator</span> <span class='ocrx_word' id='word_1_803' title='bbox 3031 5320 3222 5368; x_wconf 91' lang='lat' dir='ltr'>noster</span> <span class='ocrx_word' id='word_1_804' title='bbox 3244 5356 3257 5379; x_wconf 92' lang='lat'>,</span> <span class='ocrx_word' id='word_1_805' title='bbox 3289 5313 3383 5384; x_wconf 89' lang='lat' dir='ltr'>qui</span> <span class='ocrx_word' id='word_1_806' title='bbox 3433 5314 3548 5369; x_wconf 86' lang='lat' dir='ltr'>vult</span> <span class='ocrx_word' id='word_1_807' title='bbox 3576 5331 3786 5375; x_wconf 89' lang='lat' dir='ltr'>omnes</span> 
     </span>
    </p>
   </div>
   <div class='ocr_carea' id='block_1_114' title="bbox 2160 5402 3781 5477">
    <p class='ocr_par' dir='ltr' id='par_1_114' title="bbox 2160 5402 3781 5477">
     <span class='ocr_line' id='line_1_114' title="bbox 2160 5402 3781 5477; baseline 0.003 -19"><span class='ocrx_word' id='word_1_808' title='bbox 2160 5405 2414 5461; x_wconf 88' lang='lat' dir='ltr'>homines</span> <span class='ocrx_word' id='word_1_809' title='bbox 2438 5404 2618 5460; x_wconf 89' lang='lat' dir='ltr'>salvos</span> <span class='ocrx_word' id='word_1_810' title='bbox 2643 5402 2784 5473; x_wconf 88' lang='lat' dir='ltr'>fieri,</span> <span class='ocrx_word' id='word_1_811' title='bbox 2816 5413 2870 5459; x_wconf 90' lang='lat' dir='ltr'>et</span> <span class='ocrx_word' id='word_1_812' title='bbox 2895 5402 3175 5457; x_wconf 92' lang='lat' dir='ltr'>neminem</span> <span class='ocrx_word' id='word_1_813' title='bbox 3206 5404 3329 5458; x_wconf 86' lang='lat' dir='ltr'>vult</span> <span class='ocrx_word' id='word_1_814' title='bbox 3350 5405 3535 5475; x_wconf 89' lang='lat' dir='ltr'>perire</span> <span class='ocrx_word' id='word_1_815' title='bbox 3557 5408 3605 5477; x_wconf 89' lang='grc' dir='ltr'>(Ι</span> <span class='ocrx_word' id='word_1_816' title='bbox 3633 5408 3781 5463; x_wconf 81' lang='lat' dir='ltr'>Tim.</span> 
     </span>
    </p>
   </div>
   <div class='ocr_carea' id='block_1_115' title="bbox 2160 5490 3787 5566">
    <p class='ocr_par' dir='ltr' id='par_1_115' title="bbox 2160 5490 3787 5566">
     <span class='ocr_line' id='line_1_115' title="bbox 2160 5490 3787 5566; baseline 0.002 -17"><span class='ocrx_word' id='word_1_817' title='bbox 2160 5498 2242 5562; x_wconf 83' lang='grc' dir='ltr'>ιι),</span> <span class='ocrx_word' id='word_1_818' title='bbox 2298 5494 2354 5549; x_wconf 92' lang='lat' dir='ltr'>in</span> <span class='ocrx_word' id='word_1_819' title='bbox 2385 5509 2551 5547; x_wconf 90' lang='lat' dir='ltr'>cruce</span> <span class='ocrx_word' id='word_1_820' title='bbox 2581 5494 2728 5562; x_wconf 88' lang='lat' dir='ltr'>apud</span> <span class='ocrx_word' id='word_1_821' title='bbox 2774 5491 2986 5548; x_wconf 90' lang='lat' dir='ltr'>Patrem</span> <span class='ocrx_word' id='word_1_822' title='bbox 3014 5490 3140 5560; x_wconf 90' lang='lat' dir='ltr'>jure</span> <span class='ocrx_word' id='word_1_823' title='bbox 3178 5492 3484 5548; x_wconf 87' lang='lat' dir='ltr'>sacerdotis</span> <span class='ocrx_word' id='word_1_824' title='bbox 3528 5511 3628 5566; x_wconf 92' lang='lat' dir='ltr'>pro</span> <span class='ocrx_word' id='word_1_825' title='bbox 3657 5498 3787 5553; x_wconf 89' lang='lat' dir='ltr'>suis</span> 
     </span>
    </p>
   </div>
   <div class='ocr_carea' id='block_1_116' title="bbox 2160 5584 3786 5659">
    <p class='ocr_par' dir='ltr' id='par_1_116' title="bbox 2160 5584 3786 5659">
     <span class='ocr_line' id='line_1_116' title="bbox 2160 5584 3786 5659; baseline 0.002 -18"><span class='ocrx_word' id='word_1_826' title='bbox 2160 5584 2933 5658; x_wconf 88' lang='lat' dir='ltr'>persecutoribusintercessit</span> <span class='ocrx_word' id='word_1_827' title='bbox 2955 5587 3099 5645; x_wconf 82' lang='lat' dir='ltr'>(Luc.</span> <span class='ocrx_word' id='word_1_828' title='bbox 3126 5588 3311 5653; x_wconf 68' lang='lat' dir='ltr'>xxru):</span> <span class='ocrx_word' id='word_1_829' title='bbox 3344 5584 3493 5655; x_wconf 92' lang='lat' dir='ltr'>quod</span> <span class='ocrx_word' id='word_1_830' title='bbox 3512 5585 3567 5639; x_wconf 91' lang='lat' dir='ltr'>in</span> <span class='ocrx_word' id='word_1_831' title='bbox 3589 5586 3669 5642; x_wconf 88' lang='lat' dir='ltr'>eis</span> <span class='ocrx_word' id='word_1_832' title='bbox 3680 5589 3786 5659; x_wconf 89' lang='lat' dir='ltr'>qui</span> 
     </span>
    </p>
   </div>
   <div class='ocr_carea' id='block_1_117' title="bbox 2160 5677 3791 5751">
    <p class='ocr_par' dir='ltr' id='par_1_117' title="bbox 2160 5677 3791 5751">
     <span class='ocr_line' id='line_1_117' title="bbox 2160 5677 3791 5751; baseline 0.001 -15"><span class='ocrx_word' id='word_1_833' title='bbox 2160 5684 2286 5751; x_wconf 87' lang='lat' dir='ltr'>post</span> <span class='ocrx_word' id='word_1_834' title='bbox 2300 5678 2617 5751; x_wconf 86' lang='lat' dir='ltr'>passionem</span> <span class='ocrx_word' id='word_1_835' title='bbox 2640 5678 2759 5748; x_wconf 90' lang='lat' dir='ltr'>ejus</span> <span class='ocrx_word' id='word_1_836' title='bbox 2784 5678 3160 5745; x_wconf 89' lang='lat' dir='ltr'>crediderunt,</span> <span class='ocrx_word' id='word_1_837' title='bbox 3180 5683 3237 5733; x_wconf 91' lang='lat' dir='ltr'>et</span> <span class='ocrx_word' id='word_1_838' title='bbox 3261 5677 3579 5748; x_wconf 91' lang='lat' dir='ltr'>compuncti</span> <span class='ocrx_word' id='word_1_839' title='bbox 3596 5682 3791 5751; x_wconf 71' lang='lat' dir='ltr'>poeni-</span> 
     </span>
    </p>
   </div>
  </div>
