4040 6176
346 226 448 283 161

998 224 1317 281 ΗΙΞΤΟΒΙίΕ
1354 224 1702 283 ECCLESIE
1743 226 2077 284 BEMENSIS
2115 227 2294 284 LIBRI
2335 228 2662 294 QUATUOR.
2690 263 2764 273 —
2808 234 2939 291 LIB.
2984 239 3078 295 lll.

3632 251 3739 307 162

346 353 581 410 tentiam
610 361 867 427 egerunt,
922 356 1015 426 qui
1043 371 1163 410 cum
1195 355 1358 411 Patre
1388 358 1577 413 omnia
1632 357 1827 425 donat,
1859 356 1985 412 efﬁ-
2012 365 2063 434 Α
2085 358 2439 430 prasentiam
2469 360 2539 415 ab
2569 362 2679 419 hoc
2710 368 2952 440 negotio
2990 371 3471 445 subducentibus,
3506 379 3733 437 Baldui-

347 442 557 497 caciter
608 443 938 513 impetravit.
995 443 1069 498 Ad
1134 445 1292 515 cujus
1339 445 1533 512 instar,
1595 445 1979 517 apostolorum

345 534 610 603 vicarius,
640 537 708 590 ad
731 551 958 607 quorum
988 537 1174 592 limina
1195 537 1592 610 confugerunt,
1616 546 1672 593 et
1690 538 1981 595 catholica

344 633 516 696 atque
539 625 857 697 apostolica
884 626 1412 694 Ecclesiagsummus
1440 626 1711 698 pontifex,
1741 627 1894 697 quod
1924 627 1980 682 in

343 716 636 771 hominem
656 732 838 790 regem
861 724 914 771 et
935 718 991 772 in
1018 717 1169 792 leges
1198 718 1397 773 mundi
1418 726 1703 789 peccatum
1721 725 1827 799 est,
1852 734 1980 788 per—

339 804 545 859 donari
573 805 877 876 petistis,ut
894 807 1041 877 quod
1061 806 1113 860 in
1137 823 1325 882 regem
1345 807 1539 863 caliet
1552 814 1734 873 terra,
1757 807 1886 862 etin
1904 806 1983 862 le-

337 909 443 966 ges
453 895 703 951 ccelestis
713 896 861 967 regni
873 894 1147 950 offensum
1164 906 1304 963 erat,
1328 896 1597 952 haberent
1610 895 1869 950 inducias
1879 910 1984 965 per

340 985 740 1056 pamitentiam
757 986 1030 1042 abolendi.
1049 987 1290 1045 Econtra
1315 989 1582 1055 carnales,
1596 994 1650 1043 et
1672 987 1840 1042 etiam
1853 985 1980 1056 qui-

334 1076 467 1130 dam
492 1093 716 1144 eorum,
742 1079 827 1150 qui
848 1086 1013 1134 antea
1033 1078 1983 1149 conjunctionihujusmodicontra-

336 1165 638 1234 dicebant,
660 1168 755 1222 hac
768 1167 1110 1236 defensione,
1134 1176 1193 1223 ut
1208 1171 1476 1227 eisvisum
1490 1168 1687 1235 fuerat,
1708 1183 1768 1222 se
1793 1173 1982 1239 prote-

330 1263 567 1330 gentes,
586 1258 705 1325 (sed
720 1258 923 1313 sicutse
945 1259 1115 1315 habet
1142 1261 1362 1327 veritas)
1378 1261 1554 1315 salute
1571 1260 1876 1328 nudantes,
1909 1259 1980 1315 ab

333 1348 504 1403 istius
538 1350 840 1405 novissimae
861 1358 1059 1407 vestrae
1088 1353 1340 1423 epistola
1369 1353 1556 1409 verbis
1572 1353 1844 1408 recedere
1876 1367 1979 1407 no-

332 1440 594 1505 luerunt,
627 1456 782 1511 quam
813 1441 937 1495 sine
984 1443 1359 1513 protelatione
1384 1458 1573 1498 eorum
1619 1441 1980 1511 conjunctio-

332 1544 472 1583 nem
506 1528 716 1583 debere
745 1527 858 1583 fieri
883 1530 1272 1587 demonstrare
1303 1531 1577 1588 dicebant.
1605 1531 1827 1587 Dicenti
1846 1544 1981 1585 vero

332 1621 411 1674 mi
421 1620 506 1687 hi,
530 1620 662 1692 quia
682 1635 775 1691 pro
795 1622 952 1677 nulla
975 1629 1252 1693 potestate
1281 1631 1498 1679 terrena
1523 1624 1674 1696 quod
1705 1622 1779 1677 de
1803 1621 1983 1677 eccle-

2085 463 2188 502 nus
2204 455 2259 502 et
2284 447 2477 504 Judith
2494 450 2834 524 juralegum
2862 461 3234 531 sacularium,
3269 482 3400 536 qua
3423 468 3733 544 elegerunt,

2083 535 2314 607 exsequi
2351 537 2712 593 studuerunt.
2745 540 2996 602 Domnus
3026 549 3190 605 etiam
3220 535 3419 610 noster
3445 535 3559 624 reit,
3593 558 3738 617 filius

2083 634 2290 692 vester,
2325 627 2457 684 huic
2496 630 2935 702 desponsationi
2965 647 3020 694 et
3046 642 3437 714 conjunctioni
3468 648 3735 709 interesse

2084 729 2199 768 non
2237 715 2435 784 voluit,
2471 718 2571 773 sed
2606 717 2804 775 missis
2860 724 3095 795 publica
3134 730 3215 783 rei
3260 733 3559 803 ministris,
3591 739 3734 796 sicut

2083 804 2247 860 vobis
2296 808 2574 877 promisit,
2610 813 2925 870 secundum
2979 815 3129 890 leges
3174 825 3373 879 saculi
3412 842 3508 883 eos
3540 833 3728 887 uxoria

2085 896 2485 965 conjunctione
2500 902 2827 960 adinvicem
2841 908 3087 978 copulari
3112 914 3399 984 permisit,
3417 926 3470 974 et
3491 921 3731 978 honores

2090 990 2364 1047 Balduino
2393 1008 2493 1064 pro
2525 1005 2703 1057 vestra
2728 998 3078 1056 solummodo
3104 1003 3391 1072 petitione
3420 1010 3662 1068 donavit.
3696 1035 3721 1065 ιο

2202 1156 2275 1209 De
2308 1171 2477 1211 causa
2506 1087 3105 1223 RothadCiAgtltJel‘soﬁicii
3121 1168 3371 1239 cpiscOpi
3396 1173 3640 1240 depositi.

2166 1266 2189 1288 ιι
2235 1243 2481 1317 Denique
2497 1248 2567 1301 ad
2590 1247 2882 1320 epistolam
2906 1256 3099 1306 vestra
3118 1259 3471 1314 auctoritatis
3490 1262 3550 1328 (Ν
3559 1278 3721 1330 lCOL.,

2089 1333 2244 1399 epist.
2279 1334 2387 1401 32-,
2420 1334 2488 1390 ad
2518 1352 2683 1407 quam
2723 1354 2809 1393 me
2835 1339 3066 1395 misistis
3106 1342 3445 1403 obedienter
3486 1350 3723 1405 audien-

2091 1422 2239 1489 dam,
2299 1429 2638 1499 generaliter
2675 1430 2937 1486 omnibus
2990 1433 3279 1506 episcopis
3335 1444 3489 1517 regni
3532 1444 3723 1500 domni
3763 1496 3768 1499 .

2094 1514 2267 1568 nostri
2301 1515 2480 1572 Karoli
2528 1519 2678 1589 regis
2709 1519 2962 1591 gloriosi,
2992 1538 3094 1591 pro
3123 1523 3363 1584 Rothadi
3402 1514 3587 1600 causa,
3620 1550 3725 1605 per

2093 1602 2337 1660 Odonem
2372 1609 2694 1680 episcopum
2742 1611 3147 1681 transmissam,
3182 1617 3327 1675 sicut
3376 1622 3573 1679 litteris
3603 1626 3722 1679 exi-

329 1684 583 1764 siasticis
639 1684 832 1783 regulis
892 1684 1268 1786 intelligerem
1324 1684 1602 1769 dimittere
1655 1711 1926 1767 deberem
1958 1730 1976 1766 :
2004 1684 2059 1752 Β
2088 1694 2286 1786 Eun?“
2316 1712 2455 1786 mea?
2486 1698 2715 1786 directis
2743 1700 3008 1754 εαηοῑίιδδ
3036 1712 3223 1760 Vestra
3252 1719 3539 1781 prwceplt.
3571 1728 3715 1768 con-

328 1801 586 1856 maxime
616 1816 733 1855 cum
762 1801 931 1855 etiam
982 1819 1225 1868 mecum,
1256 1804 1365 1859 imo
1395 1820 1520 1860 cum
1561 1806 1700 1870 Deo,
1741 1804 1986 1859 domnus

328 1907 432 1945 rex
465 1896 680 1957 noster,
708 1888 852 1945 ﬁlius
881 1900 1090 1959 vester,
1133 1892 1362 1948 Karolus
1392 1893 1624 1962 faceret,
1659 1893 1816 1965 quasi
1845 1907 1981 1948 con-

334 1980 591 2035 sulendo
638 1979 766 2033 mihi
821 1980 1052 2051 quidam
1095 1982 1199 2037 hoc
1240 1983 1514 2040 dederunt
1544 1983 1868 2048 consilium,
1926 1980 1983 2035 in

336 2088 457 2145 quo
490 2089 607 2129 non
636 2072 790 2139 meis,
822 2072 927 2127 sed
956 2073 1142 2128 verbis
1171 2086 1359 2130 eorum
1385 2084 1527 2143 utar,
1553 2090 1684 2148 qua
1714 2089 1981 2128 mansue-

336 2165 483 2221 tudo
512 2172 715 2231 vestra,
765 2165 919 2219 velut
948 2165 1265 2236 exemplum
1314 2178 1369 2224 et
1397 2168 1617 2225 doctrix
1677 2164 1984 2236 disciplina

340 2257 466 2323 Dei,
498 2255 649 2311 mitis
673 2263 727 2311 et
754 2256 985 2311 humilis
1034 2257 1199 2313 corde
1236 2275 1299 2315 ac
1342 2261 1568 2332 patiens
1598 2256 1987 2331 aquanimiter

337 2348 663 2414 sustinebit,
717 2350 1025 2405 dicentium
1058 2367 1072 2404 :
1106 2356 1164 2405 ut
1208 2351 1336 2422 quia
1370 2368 1485 2409 non
1545 2349 1853 2416 saecularis,
1886 2351 1983 2403 sed

339 2439 722 2495 ecclesiastica
744 2446 991 2512 potestas
1016 2442 1094 2515 de.
1110 2442 1211 2498 hoc
1238 2443 1372 2499 mihi
1393 2442 1631 2519 negotio
1663 2441 1983 2511 imperaret,

342 2529 820 2600 conspirationem
861 2529 1233 2585 resistentium
1279 2531 1694 2606 aliquantulum
1725 2527 1980 2584 declina-

343 2632 488 2685 rem,
512 2634 587 2672 ne
638 2618 936 2690 quisquam
966 2619 1196 2675 amulus
1237 2631 1425 2678 noster
1471 2627 1675 2678 vestrae
1704 2617 1984 2674 sanctitati

344 2720 699 2789 suggereret,
726 2714 888 2785 quasi
943 2713 1000 2767 in
1027 2720 1398 2787 contemptum
1429 2714 1615 2772 sancti
1646 2712 1985 2784 apostolatus

344 2805 537 2870 vestri,
582 2812 640 2862 et
668 2806 818 2861 sedis
862 2805 1178 2877 apostolica
1244 2808 1347 2864 hoc
1376 2809 1647 2884 egissem,
1679 2812 1734 2860 et
1786 2811 1982 2860 vestrae

343 2894 800 2950 mansuetudinis
852 2910 984 2969 erga
1040 2910 1126 2950 me
1181 2897 1423 2954 animum
1484 2903 1885 2959 commoveret,
1928 2898 1983 2947 et

340 3000 745 3057 quamcunque
773 2984 1421 3055 excommunicationem,
1452 2987 1599 3043 sicut
1640 2999 1738 3056 pro
1770 2983 1980 3039 Rotha-

2090 1783 2238 1852 veni,
2262 1791 2317 1839 et
2338 1784 2502 1840 simul
2524 1787 2737 1842 eisdem
2762 1788 3181 1848 venerabilibus
3211 1797 3513 1870 episcopis,
3541 1817 3721 1872 quan-

2090 1881 2204 1929 tum
2237 1891 2305 1930 ex
2336 1892 2421 1931 me
2451 1876 2576 1945 fuit,
2608 1894 2732 1934 mox
2769 1886 3068 1951 antequam
3103 1888 3353 1957 synodus
3383 1893 3715 1963 solveretur,

2086 1971 2324 2019 vestram
2366 1964 2679 2036 jussionem
2710 1968 2781 2024 de
2836 1969 3035 2025 eodem
3090 1973 3368 2044 Rothado,
3430 1997 3500 2035 ne
3529 1982 3718 2055 aliqua

2087 2068 2243 2108 mora
2271 2063 2470 2111 vestra
2500 2059 2898 2130 praeceptionis
2931 2060 3256 2134 implenda,
3291 2078 3386 2126 aut
3416 2071 3486 2127 de
3516 2088 3715 2145 super-

2086 2145 2345 2201 ventione
2374 2164 2743 2222 paganorum,
2776 2158 2868 2206 aut
2899 2152 2969 2208 de
3003 2156 3113 2212 alia
3138 2159 3388 2229 qualibet
3415 2180 3583 2220 causa
3631 2166 3712 2221 in-

2086 2235 2409 2303 terveniret,
2437 2237 2749 2309 adimplere
2788 2242 2998 2311 curavi,
3045 2245 3190 2301 sicut
3228 2259 3283 2304 et
3310 2250 3472 2325 legati
3525 2254 3714 2312 domni

2085 2320 2232 2395 regis
2270 2338 2334 2377 ac
2370 2324 2571 2381 nostri.
2622 2334 2679 2381 et
2726 2326 2923 2383 littera
2973 2331 3221 2401 pleniter
3271 2320 3464 2397 vestra
3518 2351 3709 2400 notum

2084 2408 2290 2466 facient
2315 2415 2614 2471 sanctitati.
2650 2416 2757 2471 Sed
2789 2420 3054 2489 quoniam
3085 2440 3250 2481 causa
3282 2428 3713 2504 interveniente,

2084 2515 2249 2571 quam
2291 2501 2451 2556 vobis
2482 2503 2589 2574 ipsi
2621 2504 2783 2581 legati
2817 2507 3081 2579 referent,
3124 2516 3306 2570 statim
3348 2526 3405 2573 ut
3435 2501 3710 2596 pracepi;

2084 2601 2208 2641 mus
2255 2588 2399 2643 datis
2438 2590 2657 2647 litteris.
2705 2604 2760 2648 et
2789 2594 3095 2672 designatis
3130 2605 3333 2660 nostris
3357 2588 3710 2677 vicariis,-ad

2082 2682 2323 2731 vestram
2351 2680 2707 2748 prasentiam
2770 2699 2895 2739 cum
2937 2688 3135 2743 eodem
3186 2692 3435 2751 Rothado
3467 2697 3550 2752 ire
3597 2715 3707 2756 non

2085 2774 2406 2837 potuerunt,
2437 2778 2493 2826 et
2522 2772 2595 2827 ob
2629 2774 2685 2828 id
2716 2775 2924 2832 diutius
2949 2796 3116 2852 quam
3145 2784 3484 2843 voluerimus
3514 2789 3708 2847 immo-

2083 2855 2187 2910 rati
2216 2856 2485 2928 fuerunt;
2526 2861 2740 2920 interea
2772 2867 2946 2924 Luido
2970 2871 3185 2946 legatus
3206 2875 3394 2932 domui
3430 2881 3600 2935 nostri
3624 2897 3711 2937 re-

2081 2944 2167 3019 gis
2214 2963 2245 3000 a
2301 2954 2482 3003 vestra
2542 2952 2764 3008 rediens
2815 2944 3126 3023 sanctitate,
3187 2961 3368 3032 pridie
3434 2965 3709 3023 Kalendas

342 3035 1985 3144 ἑῖἐᾶὦτῶὲὦᾱλξῶἆιῖᾶἿηέἔῐίοὲῥέῐξξῖὲῶι,
2008 3050 2057 3120 C
2081 3035 2399 3144 Decembris
2429 3048 2639 3098 vestras
2667 3048 3002 3116 apostolicas
3040 3052 3250 3107 litteras
3280 3056 3485 3114 domno
3515 3070 3706 3117 nostro

345 3164 462 3217 nisi
490 3170 762 3235 quantum
803 3163 917 3217 Odo
948 3162 1260 3233 episcOpus,
1292 3169 1346 3219 et
1374 3171 1571 3235 postea
1605 3161 1776 3216 Luido
1836 3176 1981 3227 ,m-s.,

348 3253 569 3316 Laude)
621 3251 839 3319 detulit,
871 3261 1168 3322 antequam
1198 3253 1266 3307 ad
1311 3253 1701 3310 auctoritatem
1746 3260 1981 3307 vestram

347 3349 642 3417 gestorum
698 3343 897 3398 seriem
960 3344 1090 3398 inde
1147 3344 1362 3401 mittere
1416 3345 1834 3412 valuissemus;
1893 3344 1981 3400 vel

350 3434 639 3505 quomodo
669 3450 757 3490 res
782 3442 937 3510 gesta
960 3435 1121 3489 luerit
1146 3451 1242 3506 per
1269 3436 1479 3511 legatos
1506 3442 1723 3493 vestros
1757 3436 1984 3492 rescire-

349 3526 442 3595 tis)
472 3527 786 3582 obtineret:
835 3526 1137 3595 prasertim
1160 3543 1292 3582 cum
1323 3529 1380 3583 in
1438 3530 1544 3586 hac
1593 3527 1827 3598 epistola
1879 3544 1978 3582 ve-

349 3622 482 3671 stra
507 3616 845 3671 auctoritatis
874 3615 1088 3690 legatur
1116 3634 1132 3670 :
1174 3616 1323 3687 quod
1352 3617 1398 3673 si
1431 3616 1593 3672 aliter
1622 3615 1931 3691 egissemus
1966 3656 1980 3683 ,

352 3725 523 3780 quam
571 3709 630 3763 in
670 3724 736 3763 ea
787 3709 1052 3778 scriptum
1108 3714 1208 3775 est,
1256 3710 1431 3783 gratia
1486 3715 1542 3765 et
1585 3710 1981 3766 communione

352 3807 540 3854 vestra
588 3798 693 3853 frui
723 3813 1072 3869 nequaquam
1105 3797 1429 3856 valeremus.
1477 3800 1594 3865 Quo
1621 3805 1811 3855 contra
1843 3800 1980 3855 mihi

354 3886 564 3944 dicenti
596 3887 700 3941 hoc
729 3886 786 3940 in
813 3885 1049 3957 epistola
1077 3893 1255 3941 vestra
1300 3889 1371 3944 ob
1403 3890 1458 3945 id
1491 3889 1764 3961 posuisse,
1798 3907 1870 3945 ne
1900 3889 1980 3944 fe-

356 3975 512 4029 mina
557 3975 651 4029 illa
680 3992 710 4030 a
766 3973 930 4029 nobis
959 3974 1330 4045 deciperetur,
1379 3986 1435 4032 et
1463 3993 1578 4033 non
1632 3977 1704 4030 ob
1738 3979 1865 4048 hoc,
1909 3994 1980 4032 ne

357 4068 613 4122 ecclesia
662 4068 1015 4125 satisfaceret.
1051 4070 1494 4142 Responderunt,
1528 4086 1646 4135 cur,
1679 4069 1838 4125 aliter
1864 4069 1984 4125 vel-

355 4155 470 4210 lem
502 4164 734 4212 vestram
766 4158 1054 4230 epistolam
1097 4159 1426 4236 intelligere,
1479 4174 1644 4230 quam
1676 4159 1837 4215 vobis
1860 4159 1981 4231 pla-

357 4246 476 4302 cuit
498 4263 619 4302 eam
635 4262 992 4320 componere,
1016 4264 1141 4304 cum
1163 4251 1232 4305 de
1252 4252 1307 4306 in
1340 4253 1616 4323 praeterito
1642 4257 1778 4313 mihi
1802 4267 1979 4314 trans-

359 4338 550 4393 missis
593 4339 714 4408 ejus
741 4356 964 4396 sensum
1015 4356 1233 4413 possem
1283 4344 1580 4401 manifeste
1617 4363 1978 4421 cognoscere.

358 4427 710 4500 Quapropter
747 4445 960 4486 memor
996 4432 1398 4501 prateritarum
1439 4435 1800 4505 epistolarum
1844 4439 1977 4494 mihi
2004 4423 2064 4493 D

357 4521 643 4592 episcOpis
697 4521 852 4594 regni
902 4520 1003 4576 ﬁlii
1047 4523 1219 4579 vestri
1270 4524 1458 4581 domni
1522 4526 1702 4584 Karoli
1739 4546 1770 4584 a
1822 4530 1984 4587 vobis

359 4611 678 4680 missarum,
719 4614 1009 4671 attendens
1063 4615 1229 4672 etiam
1266 4633 1392 4690 qua
1448 4621 1505 4676 in
1539 4624 1773 4694 epistola
1805 4643 1985 4698 nuper

362 4718 468 4774 per
521 4703 824 4761 Luidonem
864 4706 1000 4762 mihi
1044 4707 1364 4785 benignitas
1401 4719 1581 4768 vestra
1628 4716 1985 4773 mandaverat

365 4795 513 4862 (hac
547 4795 696 4850 enim
739 4796 796 4852 in
826 4797 1181 4857 Antisiodoro
1212 4810 1337 4874 post
1374 4803 1669 4861 adventum
1716 4807 1985 4865 Luidonis

364 4886 797 4961 ventilabantur)
845 4889 992 4946 inter
1016 4899 1224 4949 metum
1272 4895 1695 4967 prateritarum,
1728 4908 1784 4956 et
1825 4917 1981 4972 spem

366 4976 696 5047 posterioris
723 4978 969 5048 epistola
1008 4980 1145 5036 mihi
1177 4982 1399 5039 mitiora
1427 4988 1809 5055 monstrantis,
1844 5006 1981 5047 con-

370 5065 672 5122 tentionem
703 5067 759 5122 in
786 5068 887 5124 hac
918 5085 1085 5125 causa
1114 5071 1515 5130 dissimulando
1542 5075 1706 5133 vitavi
1764 5085 1820 5134 et
1845 5095 1983 5137 con-

369 5156 789 5215 descensionem
816 5161 972 5233 quasi
993 5162 1049 5216 in
1082 5171 1303 5236 tempus
1333 5166 1479 5221 aliud
1509 5168 1838 5240 differendo,
1870 5175 1985 5231 dis-

370 5245 642 5315 simulavi,
696 5257 1024 5319 exspectans
1052 5258 1112 5306 ut
1143 5251 1200 5306 in
1243 5269 1423 5310 causa
1463 5256 1625 5328 hujus
1663 5275 1786 5331 qua
1819 5262 1986 5329 instat

371 5334 720 5406 depositione
766 5347 968 5406 vestra,
1028 5356 1096 5395 ex
1148 5341 1396 5399 Rothado
1453 5345 1668 5403 discere
1723 5350 1935 5407 valeam
1967 5395 1983 5422 ,

372 5423 609 5495 qualiter
623 5424 693 5479 de
716 5426 934 5499 reliquo
958 5429 1012 5483 in
1036 5430 1351 5498 hujusmodi
1384 5449 1548 5508 agere
1575 5436 1832 5495 debeam.
1861 5442 1984 5499 Sic-

371 5530 480 5586 que
508 5516 649 5572 nihil
675 5518 836 5575 nobis
861 5520 932 5576 de
963 5522 1345 5579 ecclesiastico
1369 5526 1679 5585 ministerio
1704 5531 1788 5587 eis
1810 5532 1985 5591 inter-

369 5602 685 5661 dicentibus
748 5608 846 5663 sed
905 5616 1116 5665 tantum
1177 5611 1328 5683 quod
1382 5614 1676 5685 valuimus,
1735 5631 1981 5683 nostram

2084 3127 2221 3203 regi,
2238 3127 2570 3199 ﬁliovestro,
2589 3133 2645 3189 in
2659 3135 2881 3193 civitate
2897 3140 3246 3200 Antisiodoro
3264 3146 3482 3213 detulit,
3508 3157 3557 3203 et
3576 3152 3706 3222 quia

2084 3216 2232 3275 ﬁlius
2289 3220 2408 3289 ejus
2447 3230 2615 3296 atque
2685 3229 3003 3300 aquivocus
3053 3234 3300 3303 Karolus,
3378 3243 3470 3311 qui
3532 3244 3705 3312 patris

2084 3313 2331 3368 animum
2358 3314 2416 3369 in
2447 3318 2781 3388 quibusdam
2834 3324 3163 3396 offenderat,
3204 3339 3260 3385 et
3289 3331 3360 3387 ob
3402 3332 3453 3385 id
3486 3335 3554 3388 ad
3586 3337 3708 3405 ejus

2084 3405 2459 3476 praesentiam,
2493 3414 2861 3480 quorumdam
2890 3420 3268 3492 suggestione,
3302 3422 3703 3494 aliquantulum

2082 3493 2277 3549 venire
2290 3493 2602 3565 distulerat,
2627 3510 2839 3571 partem
2860 3504 3056 3579 legatis
3099 3509 3216 3564 suis
3234 3511 3417 3581 petiit,
3442 3519 3501 3567 ut
3527 3530 3703 3570 meam

2085 3586 2411 3658 parvitatem
2438 3605 2561 3645 cum
2589 3592 2715 3648 aliis
2744 3596 3077 3668 quibusdam
3099 3600 3216 3656 suis
3240 3600 3502 3658 ﬁdelibus
3522 3622 3623 3675 pro
3636 3623 3703 3663 eo

2083 3679 2150 3734 ad
2178 3680 2352 3751 ipsius
2377 3683 2611 3759 vestigia
2627 3685 2955 3746 deducendo
2986 3694 3397 3762 transmitteret,
3426 3707 3703 3767 quatenus

2083 3776 2276 3824 nostro
2309 3769 2624 3828 interventu
2657 3783 2867 3845 patrem
2889 3779 3302 3848 placabiliorem
3330 3784 3577 3840 invenire
3608 3804 3703 3841 va-

2083 3858 2223 3915 leret
2249 3859 2607 3934 exiguitatem
2652 3864 2980 3922 humilitatis
3010 3886 3148 3925 mea
3178 3871 3417 3926 domnus
3446 3890 3542 3929 rex
3569 3875 3703 3931 illuc

2082 3948 2139 4002 in
2167 3965 2327 4003 suum
2359 3951 2550 4006 venire
2578 3954 2858 4010 servitium
2877 3956 3137 4025 jusserat.
3172 3958 3288 4023 Quo
3321 3976 3444 4015 mox
3467 3971 3527 4016 ut
3548 3964 3700 4030 veni,

2084 4041 2220 4096 mihi
2235 4041 2444 4097 litteras
2460 4051 2670 4100 vestras
2688 4046 2954 4123 legendas
2971 4048 3230 4105 donavit:
3264 4051 3320 4105 in
3344 4052 3547 4123 quibus
3566 4055 3705 4112 licet

2084 4144 2185 4200 pro
2243 4146 2343 4185 sua
2382 4130 2704 4208 dignatione
2745 4135 3058 4193 sublimitas
3113 4148 3291 4195 vestra
3332 4142 3696 4202 humilitatem

2086 4235 2263 4275 meam
2301 4221 2425 4278 sine
2463 4224 2573 4279 ulla
2602 4227 2786 4282 meriti
2827 4232 3185 4302 prarogativa
3225 4231 3467 4309 benigne
3505 4241 3703 4292 tracta-

2085 4313 2244 4380 verit,
2280 4322 2334 4369 et
2362 4331 2394 4370 a
2426 4332 2549 4370 mea
2582 4316 2904 4390 insipientia
2945 4323 3230 4393 sapientia
3269 4332 3463 4381 vestrae
3495 4328 3698 4400 scripta

2086 4416 2254 4473 supra
2276 4402 2328 4457 id
2352 4404 2498 4474 quod
2520 4406 2634 4461 scio
2649 4416 2816 4479 atque
2839 4408 3111 4486 intelligo,
3141 4428 3251 4468 non
3287 4421 3464 4470 tamen
3488 4416 3699 4490 absque

2085 4493 2422 4551 subinducto
2473 4499 2741 4566 cauterio,
2775 4500 2997 4556 laudare
3029 4503 3252 4577 dignata
3283 4506 3481 4562 fuerit:
3516 4515 3698 4565 tamen

2085 4582 2167 4637 eis
2190 4582 2381 4638 videor
2410 4585 2545 4639 mihi
2578 4586 2765 4643 videre
2786 4589 2944 4645 vobis
2974 4591 3383 4665 multiloquium
3415 4613 3597 4652 meum
3621 4599 3699 4654 in-

2084 4688 2350 4730 crescere.
2397 4676 2551 4732 Unde
2582 4678 2843 4754 dignetur
2883 4684 3145 4739 sanctitas
3172 4695 3354 4741 vestra
3406 4688 3700 4763 dignanter

2084 4765 2392 4837 suscipere,
2425 4771 2573 4841 quod
2608 4770 2802 4827 beatus
2847 4775 3184 4849 Augustinus
3216 4778 3286 4833 de
3317 4796 3418 4836 suo
3446 4783 3695 4839 multilo-

2084 4854 2217 4924 quio
2265 4855 2496 4913 Domino
2526 4860 2876 4916 dominorum
2917 4865 3201 4921 audaciter
3232 4867 3374 4938 [ms.,
3417 4871 3694 4944 audacter]

2050 4957 2196 5011 ,non
2256 4944 2529 5003 dubitavit
2583 4949 2813 5018 dicere,
2875 4968 2999 5008 cum
3058 4970 3118 5009 se
3174 4955 3303 5011 inde
3369 4960 3514 5030 apud
3571 4976 3694 5014 cum

2082 5035 2254 5091 voluit
2311 5039 2680 5096 excusabilem
2733 5042 2985 5114 reddere,
3054 5046 3200 5103 inter
3247 5049 3350 5103 alia
3403 5050 3693 5106 scribens:

2083 5123 2256 5197 Loqui
2288 5127 2515 5183 multum
2550 5147 2659 5187 non
2690 5140 2774 5188 est
2811 5134 3064 5204 nimium,
3097 5138 3143 5194 si
3173 5146 3354 5195 tamen
3386 5149 3468 5197 est
3497 5158 3695 5198 neces—

2084 5230 2313 5271 sarium.
3234 5268 3245 5281 ι

2165 5324 2189 5355 ‹‹
2255 5305 2369 5370 Qua
2404 5307 2473 5362 de
2514 5324 2592 5375 re,
2625 5311 2973 5369 sanctissime
3003 5313 3226 5371 domine
3257 5325 3313 5373 et
3342 5318 3500 5373 Pater
3530 5335 3689 5379 reve-

2086 5396 2438 5466 rendissime,
2490 5402 2875 5473 aequanimiter
2919 5407 3187 5463 sustinete
3239 5411 3514 5466 modicum
3560 5410 3689 5482 quid

2084 5485 2423 5558 insipientia
2452 5505 2610 5557 mea,
2642 5492 2741 5547 sed
2769 5501 2824 5548 et
2851 5503 3173 5568 supportate
3204 5514 3293 5553 me
3324 5501 3399 5568 (ΙΙ
3440 5500 3559 5555 Cor.
3594 5501 3689 5564 χι),

2083 5575 2129 5629 si
2157 5576 2336 5632 adhuc
2366 5574 2628 5651 quiddam
2663 5582 2732 5636 de
2754 5581 2987 5639 Rothadi
3016 5601 3180 5640 causa
3204 5585 3362 5641 vobis
3393 5591 3497 5639 tam
3529 5582 3690 5638 suffi-

2083 5665 2294 5722 cienter
2335 5670 2646 5738 notissima,
2677 5671 2835 5742 quasi
2877 5682 3134 5744 repetens
3170 5675 3373 5741 scribo,
3407 5690 3531 5730 cum
3578 5687 3688 5744 quo
