4034 6174
414 469 648 527 vicarios
689 481 922 537 nostros.
975 494 1084 534 non
1129 488 1188 536 ut
1217 491 1564 541 accusatores
1605 488 1672 543 ad
1719 491 2025 567 conﬂigen-

414 561 568 631 dum,
600 567 694 619 sed
729 574 786 620 ut
816 585 845 622 a
878 569 1151 640 Rothado,
1186 582 1350 647 atque
1381 594 1411 631 a
1439 579 1639 635 vicinis
1669 561 2020 658 nostris,vqui
2065 635 2070 638 .

410 666 625 706 causam
661 655 896 723 pleniter
930 676 993 714 ac
1023 665 1290 719 veraciter
1319 674 1411 722 aut
1449 671 1724 740 nesciunt,
1757 682 1851 728 aut
1880 676 2019 734 scire

409 754 518 794 non
547 742 755 811 volunt,
781 749 1039 815 accusati,
1068 753 1218 822 quod
1251 770 1360 809 non
1391 756 1444 810 in
1467 766 1842 832 contemptum
1873 765 2022 820 sedis

406 831 722 898 apostolica).
748 836 1120 905 appellantem
1153 841 1460 899 Rothadum
1492 831 1796 905 secundum
1829 853 2018 908 Sardi-

401 930 598 972 censes
635 936 878 978 canones
909 927 978 995 (4,
1015 926 1065 997 6)
1096 930 1285 986 sedem
1339 937 1728 1004 apostolicam:
1761 941 1859 995 sed
1883 959 2008 996 eum

401 1005 578 1075 quiad
601 1009 902 1067 electorum
928 1015 1200 1083 judicium
1234 1020 1302 1075 de
1333 1023 1495 1078 certis
1523 1027 1781 1097 capitulis
1811 1045 2012 1100 provo-

401 1098 564 1165 cavit,
617 1101 772 1169 juxta
823 1104 1288 1180 Carthaginenses
1345 1124 1399 1168 et
1447 1116 1727 1174 Africanos
1769 1137 2012 1177 canones

400 1189 616 1256 (Concil.
647 1192 782 1258 Afr.
826 1209 872 1248 c.
917 1194 1002 1262 63,
1040 1199 1129 1263 88,
1178 1201 1267 1264 89,
1307 1202 1425 1273 94),
1477 1221 1541 1260 ac
1598 1207 1820 1264 decreta
1868 1211 2012 1266 beati

398 1279 643 1355 Gregorii
675 1285 1001 1358 regulariter
1023 1289 1394 1360 judicavimus
1430 1304 1625 1353 vestrae
1655 1316 1883 1356 summa!
1914 1319 2012 1357 au-

396 1373 634 1426 ctoritati
666 1375 950 1431 humiliter
980 1378 1367 1439 intimandum.
1401 1387 1554 1442 Absit
1581 1390 1728 1444 enim
1761 1407 1791 1445 a
1823 1392 2009 1461 nobis,

395 1466 455 1513 ut
490 1461 841 1538 privilegium
872 1467 1063 1537 prima:
1113 1478 1166 1525 et
1197 1489 1426 1530 summae
1458 1478 1607 1532 sedis
1658 1490 1859 1535 sancta:
1906 1481 2012 1538 Ho-

391 1566 568 1607 manae
587 1554 842 1611 Ecclesiae
864 1560 1144 1629 pontificis
1166 1580 1265 1634 pro
1293 1567 1371 1622 sic
1402 1584 1566 1638 parvo
1598 1573 1926 1642 pendamus,
1949 1582 2008 1629 ut

391 1645 791 1699 controversias
821 1656 875 1701 et
898 1649 1084 1724 jurgia
1120 1659 1225 1706 tam
1258 1656 1580 1726 superioris,
1643 1676 1804 1730 quam
1839 1663 2003 1718 etiam

390 1728 670 1786 inferioris
697 1735 930 1801 ordinis,
967 1755 1088 1809 quae
1117 1741 1306 1796 Niceni
1357 1747 1498 1816 (cap.
1532 1746 1580 1813 5)
1617 1755 1671 1802 et
1701 1751 1884 1804 caeteri
1917 1769 2004 1806 sa-

388 1837 605 1878 crorum
636 1827 997 1884 conciliorum
1030 1848 1292 1901 canones,
1327 1843 1380 1890 et
1411 1839 1719 1896 Innocentii
1748 1845 1916 1918 (epist.
1947 1848 2003 1914 2,

387 1928 432 1967 c.
467 1915 541 1982 5),
575 1924 738 1987 atque
769 1919 1002 1976 aliorum
1047 1934 1249 1980 sanctze
1290 1927 1547 1985 Romana:
1577 1933 1727 1988 sedis
1781 1915 2001 2006 pontifi-

387 2021 508 2060 cum
543 2007 764 2064 decreta
794 2012 849 2065 in
893 2015 1118 2084 synodis
1145 2019 1578 2087 provincialibus
1622 2040 1652 2078 a
1683 2030 2004 2099 metropoli-

385 2094 527 2149 tanis
579 2099 908 2170 praecipiunt
961 2105 1262 2173 terminari,
1319 2109 1387 2162 ad
1444 2117 1678 2168 vestram
1728 2131 1996 2172 summam

383 2188 764 2244 auctoritatem
819 2192 1151 2266 fatigandam
1201 2199 1486 2257 ducamus.
1537 2206 1602 2261 At
1637 2207 1681 2260 si
1739 2208 1879 2263 forte
1926 2211 1996 2266 de

377 2277 655 2352 episc0pis
685 2299 852 2339 causa
901 2297 1025 2341 nata
1057 2289 1241 2358 fuerit,
1272 2295 1421 2349 unde
1465 2305 1614 2353 certa
1645 2308 1697 2356 et
1736 2316 1994 2372 expressa

375 2368 429 2423 in
462 2374 635 2427 sacris
665 2378 870 2451 regulis
900 2396 1010 2436 non
1045 2383 1349 2443 habeamus
1373 2390 1606 2460 judicia,
1641 2402 1696 2450 et
1726 2396 1798 2452 ob
1844 2398 1897 2453 id
1929 2402 1989 2466 it,

370 2463 718 2534 provinciali,
749 2469 833 2524 vel
864 2470 916 2524 in
962 2479 1416 2546 comprovinciali
1465 2484 1705 2556 nequeat
1735 2493 1989 2549 examine

368 2552 618 2624 diffiniri,
643 2561 712 2612 ad
733 2560 981 2618 divinum
1003 2569 1308 2634 oraculum,
1340 2571 1395 2626 id
1426 2581 1510 2628 est
1539 2552 1608 2630 ad
1631 2583 1986 2649 apostolicam

369 2645 557 2702 sedem
609 2650 772 2706 nobis
827 2653 959 2709 inde
1012 2665 1096 2712 est
1137 2667 1550 2722 recurrendum.
1609 2671 1660 2725 Si
1708 2675 1871 2730 etiam
1916 2677 1985 2732 de

371 2729 673 2804 majoribus
693 2740 875 2795 causis
901 2757 933 2796 a
963 2746 1289 2814 provinciali
1310 2753 1572 2826 epiSCOpo
1591 2759 1659 2812 ad
1685 2759 1982 2820 electorum

361 2821 632 2890 judicium
675 2842 786 2882 non
819 2828 984 2886 fuerit
1017 2821 1392 2908 provocatum,
1431 2851 1484 2897 et
1516 2845 1572 2899 in
1603 2847 1790 2919 aliqua
1819 2867 1983 2909 causa

368 2912 516 2969 idem
550 2918 848 2990 episcopus
887 2922 1049 2980 fuerit
1083 2927 1382 3000 judicatus,
1417 2935 1472 2989 id
1503 2946 1588 2992 est
1618 2955 1649 2992 a
1677 2912 1848 3014 gradu
1878 2961 1980 3001 suo

363 3000 418 3054 in
446 3007 895 3075 comprovinciali
916 3016 1128 3083 synodo
1147 3017 1414 3088 dejectus,
1439 3033 1494 3078 et
1515 3000 1752 3096 putat‘se
1777 3030 1975 3088 bonam
1999 3053 2048 3122 ρ

363 3110 580 3122 -.ν-..-ΑΜ
619 3098 820 3122 ι...ι.-μ-
888 3112 927 3122 μ.
1110 3109 1143 3122 n
1285 3113 1314 3122 ..
1433 3116 1444 3122 -
1519 3118 1531 3122 _
1577 3119 1586 3122 _

360 3110 583 3152 causam
619 3098 846 3170 habere,
879 3112 933 3159 et
962 3109 1322 3179 appellaverit
1352 3116 1446 3186 qui
1501 3118 1748 3187 dejectus
1775 3131 1875 3191 est,
1922 3136 1977 3182 et

357 3186 669 3262 confugerit
695 3192 761 3246 ad
783 3194 1102 3266 episcopum
1128 3199 1384 3258 Romanae
1409 3186 1682 3276 Ecclesiae,
1709 3220 1763 3267 et
1785 3216 1976 3271 volue-

358 3275 427 3329 rit
455 3292 514 3332 se
545 3279 748 3346 audiri,
789 3281 834 3335 si
861 3283 1069 3351 justum
1107 3291 1381 3359 putaverit
1411 3303 1471 3350 ut
1497 3307 1790 3355 renovetur
1840 3318 1973 3359 exa-

355 3382 507 3436 men,
530 3370 884 3429 scribendum
910 3384 992 3432 est
1007 3379 1075 3433 ab
1107 3381 1212 3449 his,
1230 3384 1323 3455 qui
1345 3401 1565 3444 causam
1587 3394 1970 3451 examinarunt

355 3461 761 3529 postjudicium
785 3467 1122 3540 episcopale,
1155 3474 1334 3530 eidem
1365 3495 1581 3538 summo
1612 3485 1881 3555 pontifici,
1916 3477 1969 3545 et

350 3549 420 3605 ad
448 3553 596 3608 illius
641 3555 1059 3627 dispositionem
1092 3567 1396 3622 secundum
1452 3549 1749 3643 septimum
1780 3549 1967 3633 Sardi-

349 3644 532 3699 censis
558 3648 779 3702 concilii
831 3652 1126 3722 capitulum
1161 3659 1517 3717 renovabitur
1543 3679 1796 3722 examen.
1832 3669 1963 3724 Nam

348 3738 418 3793 de
450 3743 876 3813 metropolitano
918 3764 1018 3817 per
1047 3766 1232 3806 sacras
1261 3754 1477 3828 regulas
1515 3759 1832 3827 constituto,
1867 3764 1962 3834 qui

345 3843 408 3882 ex
441 3830 667 3902 antiqua
705 3836 1108 3893 consuetudine
1139 3839 1207 3894 ab
1234 3844 1540 3912 apostolica
1569 3847 1702 3902 sede
1732 3830 1958 3920 pallium

343 3922 561 3994 accipit,
616 3926 758 3982 sicut
792 3927 899 3984 Leo
936 3933 1109 4000 (epist.
1145 3933 1234 4000 84,
1269 3951 1313 3990 c.
1360 3937 1406 4006 l)
1465 3939 1532 3993 ad
1563 3940 1911 3998 Anastasium
1944 3985 1958 4012 ,

342 4015 490 4085 quod
521 4023 575 4071 et
603 4017 881 4073 Nicamum
911 4023 1204 4077 concilium
1247 4026 1309 4095 (c.
1346 4027 1395 4097 7)
1429 4028 1644 4097 innuit,
1691 4039 1745 4086 et
1775 4036 1958 4090 caeteri

341 4105 598 4162 Romanae
631 4109 784 4164 sedis
831 4112 1121 4181 pontifices
1153 4114 1207 4168 in
1257 4117 1493 4172 decretis
1524 4123 1640 4176 suis
1678 4140 1743 4177 ex
1788 4127 1958 4181 sacris

337 4198 648 4254 canonibus
696 4209 1029 4272 monstrant,
1059 4205 1208 4260 sedis
1259 4208 1434 4278 ipsius
1465 4211 1745 4280 pontificis
1790 4217 1953 4272 etiam

335 4296 461 4346 ante
487 4291 756 4363 judicium
779 4301 863 4348 est
889 4298 1164 4352 sententia
1191 4301 1576 4369 prwstolanda.
1596 4306 1645 4359 ls
1671 4307 1816 4363 enim
1848 4317 1950 4377 est,

334 4378 429 4449 qui
486 4380 790 4436 secundum
831 4382 1169 4442 Ezechielem
1223 4391 1545 4461 prophetam
1595 4405 1841 4452 moratur
1890 4400 2231 4489 inDritagis
2278 4410 2654 4467 satisfactione
2707 4415 2856 4488 cogit
2889 4418 3226 4473 necessitas:

336 4467 714 4489 _____L__.A_,-
763 4488 768 4489 γ
811 4488 814 4489 ν
884 4473 898 4489 .
1067 4475 1078 4486 .
1122 4477 1152 4489 ..
1226 4478 1235 4488 .

329 4467 722 4540 gazophylacio
751 4473 900 4542 quod
933 4475 1159 4546 respicit
1187 4478 1327 4533 viam
1354 4482 1739 4551 meridianam,
1767 4497 1821 4542 et
1851 4504 1946 4543 ex-

328 4553 492 4611 cubat
521 4557 575 4612 in
609 4559 873 4615 custodiis
909 4564 1099 4634 templi
1130 4566 1335 4636 (Ezech.
1371 4572 1468 4639 xi).
1509 4573 1571 4628 Et
1608 4591 1709 4630 nos
1739 4585 1942 4636 metro-

327 4645 557 4715 politani
589 4647 656 4702 ad
688 4651 1157 4721 comparationem
1190 4656 1337 4712 illius
1377 4676 1588 4730 sumus,
1623 4665 1715 4736 qui
1748 4667 1803 4720 in
1835 4670 1942 4723 mi-

327 4733 553 4791 nisterio
581 4736 785 4806 altaris,
818 4741 966 4811 quod
999 4750 1082 4797 est
1111 4751 1238 4800 ante
1268 4745 1463 4802 faciem
1499 4733 1706 4824 temp-li,
1742 4755 1795 4809 in
1829 4773 1936 4828 quo

322 4837 518 4880 carnes
551 4826 942 4898 incenduntur,
983 4833 1275 4902 servimus,
1307 4843 1361 4891 et
1391 4843 1792 4898 controversias
1818 4861 1935 4900 car-

322 4912 525 4984 nalium
559 4916 616 4970 in
654 4918 881 4987 synodis
912 4921 1346 4991 provincialibus
1373 4925 1689 4986 laborantes
1719 4932 1930 4988 dirimi-

317 5020 462 5074 mus,
493 5015 546 5063 et
573 5008 643 5065 de
673 5011 976 5081 majoribus
1005 5031 1070 5069 ac
1098 5016 1368 5086 majorum
1392 5023 1571 5077 causis
1598 5024 1664 5079 ad
1697 5041 1946 5083 examen

315 5110 546 5154 summae
576 5100 725 5154 sedis
751 5102 1046 5175 pontiﬁcis,
1081 5113 1203 5177 post
1239 5107 1507 5177 judicium
1542 5113 1746 5171 referre
1778 5134 1932 5174 cura-

314 5202 457 5247 mus.
494 5191 755 5248 Homines
793 5195 942 5250 enim
975 5195 1080 5252 sub
1115 5197 1264 5254 illius
1295 5208 1587 5272 potestate,
1629 5208 1730 5262 sub
1765 5211 1928 5266 nobis

311 5278 720 5337 commilitones
734 5282 1003 5341 habemus
1023 5294 1077 5342 et
1092 5287 1328 5344 dicimus
1343 5291 1473 5347 huic
1500 5294 1659 5362 vade,
1679 5306 1734 5353 et
1754 5299 1923 5368 vadit,

309 5375 364 5423 et
393 5368 486 5424 alii
518 5372 666 5441 veni,
700 5383 755 5430 et
778 5377 928 5432 venit
952 5381 1160 5449 (Matth.
1187 5383 1321 5455 vm),
1359 5405 1383 5435 (ι
1416 5387 1706 5458 Quoniam,
1731 5398 1789 5446 ut
1816 5393 1923 5450 Leo

307 5456 458 5526 dicit,
493 5461 632 5532 (cap.
669 5463 754 5534 11)
787 5475 840 5520 et
881 5467 1022 5523 inter
1047 5467 1398 5529 beatissimos
1427 5456 1705 5546 apostolos
1748 5481 1803 5536 in
1845 5484 1923 5538 si-

305 5547 623 5606 militudine
654 5553 882 5610 honoris
908 5555 1012 5613 fuit
1033 5561 1283 5632 quzedam
1319 5563 1580 5623 discretio
1613 5574 1914 5640 potestatis.

301 5643 355 5690 ct
382 5654 504 5694 cum
536 5642 786 5699 omnium
811 5661 912 5718 par
943 5655 1089 5705 esset
1131 5651 1351 5722 electio,
1384 5656 1478 5710 uni
1515 5664 1695 5715 tamen
1730 5662 1917 5722 datum

1528 260 1894 319 FLODOARDI
1939 266 2240 326 CANONlCl
2286 274 2627 335 REMENSIS.

418 379 547 448 quia
568 381 728 436 vobis
753 383 931 454 placet
961 387 1066 456 (cui
1093 399 1290 445 cuncta
1319 391 1466 449 bona
1484 396 1729 471 placent)
1757 401 2025 458 mittimus
2049 409 2098 477 Α
2125 415 2210 463 est
2236 416 2295 465 ut
2335 415 2552 470 caeteris

2606 405 3014 488 praemineret.
3051 428 3123 484 De
3167 448 3275 502 qua
3316 433 3491 492 forma
3520 441 3738 510 episco-

2124 518 2318 572 porum
2345 524 2568 581 quoque
2599 520 2682 569 est
2711 521 2830 572 orta
2857 519 3165 591 distinctio,
3193 534 3248 581 et
3275 544 3476 601 magna
3512 532 3738 590 ordina-

2122 595 2271 652 tione
2303 603 2605 672 provisum,
2646 623 2715 662 ne
2750 624 2942 667 omnes
2980 613 3086 669 sibi
3137 619 3323 674 omnia
3372 621 3733 692 vindicarent,

2123 686 2222 740 sed
2273 698 2463 745 essent
2517 693 2572 747 in
2611 694 2848 770 singulis
2885 702 3185 770 provinciis
3223 707 3448 782 singuli,
3501 729 3736 784 quorum

2123 773 2266 830 inter
2297 777 2491 834 fratres
2522 782 2822 840 haberetur
2848 789 3027 858 prima
3055 773 3350 864 sententia,
3383 808 3436 853 et
3469 773 3571 871 per
3595 820 3738 874 quos

2121 863 2189 916 ad
2221 881 2385 935 quam
2407 867 2556 923 beati
2591 870 2731 926 Petri
2751 875 2941 931 sedem
2963 879 3293 939 universalis
3322 886 3579 944 Ecclesia:
3602 907 3736 948 cura

2120 955 2442 1025 conflueret,
2479 967 2532 1016 et
2561 962 2697 1017 nihil
2733 982 2962 1038 usquam
2991 987 3020 1025 a
3059 988 3160 1029 suo
3191 977 3371 1047 capite
3412 979 3729 1041 dissideret.

2114 1046 2211 1112 Qui
2264 1065 2396 1125 ergo
2436 1053 2539 1108 scit
2569 1070 2628 1108 se
2677 1057 3010 1127 quibusdam
3052 1046 3430 1139 praepositum,
3464 1088 3572 1129 non
3608 1093 3732 1133 mo-

2115 1134 2250 1189 leste
2283 1137 2427 1194 ferre
2472 1141 2637 1199 debet
2675 1147 2914 1218 aliquem
2947 1134 3066 1208 sibi
3106 1134 3226 1212 esse
3264 1134 3588 1230 praelatum:
3631 1167 3730 1221 sed

2113 1225 2487 1286 obedientiam
2548 1251 2716 1306 quam
2755 1240 2944 1314 exigit,
2987 1245 3151 1301 etiam
3193 1225 3311 1320 ipse
3349 1252 3649 1324 dependat.
3699 1281 3720 1309 ι

2113 1317 2282 1382 Quam
2317 1323 2601 1381 Rothadus
2639 1345 2670 1383 a
2699 1331 2817 1387 suis
2863 1335 3085 1410 exigere
3125 1341 3322 1414 magis,
3363 1361 3526 1416 quam
3559 1349 3730 1404 sacris

2114 1409 2320 1479 regulis
2361 1415 2561 1487 sategit
2597 1416 2914 1488 dependere
2947 1409 3096 1495 (cum
3136 1409 3313 1484 etiam
3341 1409 3515 1488 sancti
3544 1437 3724 1510 angeli

2113 1499 2168 1553 in
2206 1503 2346 1558 coelo
2376 1504 2630 1580 legantur
2657 1511 2772 1564 suis
2802 1513 3111 1582 potioribus
3141 1520 3371 1578 obedire
3421 1531 3476 1579 et
3499 1499 3722 1582 ideovad

2110 1589 2215 1645 hoc
2231 1594 2484 1663 pervenit
2515 1605 2572 1651 ut
2600 1597 2764 1667 dejici
2786 1607 3172 1670 promeruerit.
3208 1609 3380 1673 Quem
3411 1629 3510 1684 per
3537 1615 3724 1685 plures

2107 1698 2282 1739 annos
2316 1694 2370 1739 et
2401 1686 2693 1744 beneﬁciis
2734 1691 3020 1763 impensis,
3069 1705 3122 1753 et
3156 1702 3382 1757 monitis
3423 1712 3588 1776 atque
3618 1707 3723 1762 ob-

2107 1775 2533 1844 secrationibus,
2577 1795 2676 1849 per
2730 1797 2816 1837 me
2848 1792 2902 1838 et
2941 1801 3043 1855 per
3093 1775 3582 1863 coepiscoposgac
3622 1813 3721 1866 per

2107 1876 2470 1936 quoscunque
2502 1867 2799 1926 familiares
2825 1873 3002 1944 potui,
3035 1876 3102 1930 ad
3138 1877 3514 1935 obediendum
3547 1885 3718 1938 sacris

2104 1954 2310 2024 regulis
2359 1973 2709 2016 commonere
2767 1965 2972 2020 curavi.
3016 1967 3292 2026 Multoties
3336 1974 3500 2029 etiam
3529 1985 3585 2030 et
3622 1993 3720 2048 per

2101 2043 2314 2102 litteras
2352 2053 2809 2124 metropolitanas
2847 2066 2901 2113 et
2945 2075 3011 2113 ex
3050 2064 3365 2132 apostolicm
3411 2067 3562 2121 sedis
3604 2043 3713 2123 au-

2099 2138 2348 2196 ctoritate
2396 2143 2574 2199 minas
2612 2145 2664 2201 ei
2710 2146 2988 2206 inculcare
3019 2154 3224 2221 curavi,
3271 2165 3325 2211 et
3363 2174 3426 2212 ex
3477 2159 3714 2216 lectione

2098 2226 2519 2301 catholicorum,
2551 2250 2715 2304 quam
2763 2239 3003 2313 graviter
3030 2240 3365 2309 offendebat,
3399 2248 3451 2302 ei
3514 2247 3708 2305 osten-

2094 2314 2228 2370 dere
2256 2317 2466 2376 studui.
2499 2323 2574 2376 Ad
2607 2340 2731 2395 quae
2773 2329 3166 2399 respondebat,
3214 2333 3345 2404 quia
3377 2336 3518 2390 nihil
3557 2338 3707 2394 aliud

2092 2405 2273 2464 facere
2304 2412 2572 2481 sciebam,
2603 2416 2711 2470 nisi
2747 2418 2798 2473 ei
2830 2436 2982 2476 meos
3005 2421 3226 2478 libellos
3253 2432 3365 2480 tota
3397 2427 3489 2482 die
3513 2439 3705 2485 osten-

2090 2500 2240 2556 dere.
2292 2504 2446 2559 Unde
2486 2522 2515 2560 a
2546 2508 2733 2564 multis
2778 2518 2833 2566 et
2871 2511 3321 2584 frequentissime
3375 2521 3706 2593 redargutus

2089 2590 2189 2660 fui,
2223 2609 2320 2648 cur
2351 2595 2782 2672 incorrigibilem
2813 2611 2870 2657 et
2897 2604 3204 2662 ministerio
3237 2625 3394 2666 sacro
3425 2611 3701 2681 inutilem,

2088 2683 2279 2738 tandiu
2328 2684 2567 2741 scienter
2611 2699 2802 2745 contra
2850 2693 2946 2747 Dei
2991 2694 3325 2752 voluntatem
3385 2709 3440 2754 et
3489 2717 3699 2758 sacram

2085 2775 2464 2831 auctoritatem
2490 2788 2787 2848 portarem.
2819 2783 2929 2855 Ego
2955 2801 3087 2841 vero
3119 2790 3370 2857 quamvis
3397 2793 3700 2862 saepissime

2082 2873 2137 2919 et
2184 2882 2393 2940 regem,
2453 2877 2507 2924 et
2540 2873 2904 2944 coepisc0pos
2951 2893 3014 2931 ac
3059 2878 3272 2934 vicinos
3329 2897 3478 2950 suos,
3531 2893 3698 2957 atque

2081 2957 2245 3012 etiam
2269 2977 2356 3014 me
2382 2961 2555 3018 multo
2586 2965 2808 3036 saepius,
2845 2969 3002 3038 quasi
3044 2985 3108 3023 ex
3147 2971 3330 3028 studio
3361 2975 3425 3028 ad
3473 2975 3696 3032 iracun-

2077 3049 2222 3104 diam
2275 3067 2574 3122 provocare
2612 3065 2903 3132 satageret,
2948 3059 3077 3116 lieet
3115 3079 3224 3118 non
3259 3076 3467 3135 posset,
3507 3069 3695 3126 sciens

2077 3139 2608 3208 periculosissimum
2641 3161 2763 3200 esse
2804 3147 2858 3201 in
2917 3151 3204 3207 sacerdote
3235 3155 3608 3223 perturbatam
3641 3169 3695 3213 et

2075 3227 2416 3299 praecipitem
2475 3232 2610 3286 iram
2667 3236 3124 3310 praecipitemque
3182 3242 3430 3312 proferre
3460 3255 3692 3300 senten-

2073 3315 2225 3383 tiam,
2252 3326 2307 3373 et
2343 3323 2794 3390 persecutionum
2826 3326 3084 3397 supplere
3114 3330 3404 3399 saevitiam,
3437 3334 3687 3391 dissimi-

2069 3406 2333 3466 litudines
2388 3428 2602 3468 morum
2661 3418 3037 3474 contumacias
3094 3421 3574 3496 inobedientium,
3632 3440 3686 3485 et

2068 3504 2430 3576 malignarum
2498 3507 2604 3561 tela
2633 3507 2968 3584 linguarum,
3028 3513 3123 3568 diu
3183 3515 3359 3581 illum,
3389 3535 3499 3573 non
3562 3521 3685 3576 sine

2067 3592 2266 3648 timore
2299 3594 2366 3649 de
2415 3596 2666 3665 periculo
2707 3600 3011 3656 animarum
3070 3604 3178 3658 sibi
3232 3609 3680 3678 commissarum,

2067 3685 2300 3754 portavi,
2334 3692 2390 3740 et
2418 3703 2542 3742 cum
2572 3690 2812 3760 amplius
2851 3701 3073 3763 portare
3101 3712 3208 3752 non
3243 3698 3434 3767 debui,
3466 3702 3532 3756 ad
3557 3704 3684 3772 plu-

2064 3774 2326 3829 rimorum
2358 3777 2747 3849 episcoporum
2779 3784 3091 3855 consilium,
3115 3797 3176 3843 ut
3201 3790 3286 3844 vel
3319 3806 3414 3846 eos
3439 3793 3678 3857 audiret,

2062 3865 2214 3920 illum
2266 3867 2493 3924 deduxi.
2545 3871 2784 3934 Quorum
2826 3890 2936 3930 non
2979 3879 3171 3934 audire
3209 3881 3526 3950 consilium,
3580 3887 3677 3941 sed

2062 3954 2352 4011 adversum
2382 3974 2472 4012 me
2510 3961 2789 4030 postulare
2823 3963 3094 4032 judicium
3127 3969 3344 4025 maluit.
3400 3973 3476 4026 Ad
3513 3976 3675 4044 cujus

2060 4043 2413 4113 petitionem,
2445 4055 2505 4102 ut
2534 4048 2584 4102 ei
2618 4049 3016 4120 satisfacerem,
3049 4063 3108 4109 ut
3137 4057 3222 4110 vel
3270 4058 3351 4114 sic
3376 4059 3675 4117 erubesce-

2058 4140 2160 4198 ret,
2199 4142 2253 4188 et
2291 4151 2322 4188 a
2351 4145 2530 4206 ccepta
2579 4152 2640 4192 se
2684 4139 2916 4195 stultitia
2960 4153 3262 4212 revocaret,
3310 4146 3523 4215 judicio
3582 4167 3670 4205 me

2056 4224 2300 4292 devinxi,
2353 4227 2502 4281 velut
2552 4229 2666 4296 jam
2715 4239 2910 4286 vestra:
2957 4235 3234 4290 sanctitati
3275 4239 3495 4308 plenius
3543 4244 3670 4299 aliis

2055 4314 2255 4372 litteris
2288 4319 2536 4373 intimavi
2584 4327 2638 4374 et
2669 4322 2938 4392 replicare
2983 4339 3071 4379 me
3103 4339 3202 4395 pro
3242 4336 3436 4384 vestrae
3479 4339 3668 4388 aucto-

3280 4430 3338 4475 ut
3366 4437 3666 4496 cognosca-

2052 4496 2119 4550 tis
2148 4499 2410 4568 quoniam
2452 4501 2588 4555 nihil
2637 4501 2692 4557 in
2737 4520 2864 4559 eum
2896 4507 2983 4579 egi
3039 4507 3224 4562 animo
3256 4509 3503 4578 inimico,
3562 4516 3661 4569 sed

2044 4586 2162 4641 zelo
2190 4587 2400 4655 divino,
2429 4598 2697 4660 quantum
2731 4593 2785 4646 in
2820 4596 3157 4650 conscientia
3187 4613 3311 4652 mea
3342 4602 3661 4671 perspicere

2042 4676 2216 4732 valeo.
2252 4679 2358 4733 Sed
2407 4689 2460 4734 et
2486 4681 2691 4738 domno
2722 4685 2860 4759 regi,
2890 4702 2953 4740 ac
2997 4687 3279 4758 episcopis
3311 4693 3465 4765 regni
3512 4694 3658 4763 ejus,

2041 4775 2095 4822 et
2127 4771 2570 4842 quamplurimis,
2606 4781 2711 4829 tam
2747 4777 3135 4834 ecclesiasticis
3175 4798 3339 4852 quam
3371 4787 3656 4841 saeculari-

2037 4858 2142 4913 bus
2173 4858 2326 4924 viris,
2362 4862 2480 4916 hinc
2518 4871 2647 4918 sunt
2673 4875 2801 4920 nota
2832 4883 2956 4938 quae
2987 4869 3132 4924 dico.
3177 4871 3303 4926 Post
3351 4873 3656 4945 depositio-

2035 4964 2160 5004 nem
2191 4957 2372 5005 autem
2408 4952 2576 5020 illius,
2620 4954 2836 5011 obtinui
2882 4967 2940 5013 ut
2971 4975 3135 5015 unam
3177 4961 3458 5019 abbatiam
3491 4967 3651 5023 valde

2033 5037 2235 5092 bonam
2268 5040 2318 5094 ei
2349 5041 2585 5096 domnus
2631 5060 2723 5099 rex
2755 5053 2809 5100 et
2841 5047 3088 5119 episcOpi
3121 5053 3534 5110 consentirent:
3595 5067 3650 5112 et

2032 5141 2228 5182 omnes
2258 5143 2359 5184 nos
2389 5129 2470 5183 illi
2503 5131 2645 5187 sicut
2675 5134 2837 5204 patri,
2872 5135 2941 5190 de
2974 5139 3177 5193 nostris
3208 5139 3507 5212 impendiis
3537 5162 3650 5202 ser-

2029 5217 2293 5286 viremus,
2350 5229 2624 5293 quatenus
2669 5227 2762 5296 qui
2824 5227 2879 5282 in
2938 5229 3155 5286 deliciis
3205 5234 3370 5289 vitam
3423 5253 3646 5310 semper

2027 5310 2275 5378 duxerat,
2332 5329 2443 5369 non
2485 5315 2846 5392 frangeretur,
2904 5330 3113 5377 tantum
3155 5332 3212 5379 ut
3242 5327 3541 5384 seditiosus
3589 5339 3643 5386 et

2025 5397 2292 5455 molestus
2326 5401 2604 5470 Ecclesiae,
2637 5407 2724 5462 cui
2777 5408 3073 5479 praefuerat
3127 5429 3248 5469 esse
3297 5431 3406 5472 non
3454 5419 3643 5475 decer-

2023 5496 2164 5546 taret
2214 5492 2369 5557 Quod
2420 5495 2658 5565 primum
2707 5500 2930 5570 quidem
2963 5505 3258 5575 acquievit,
3291 5507 3413 5576 sed,
3446 5518 3506 5566 ut
3553 5512 3640 5567 di-

2021 5579 2264 5650 cuntqui
2296 5581 2401 5636 hoc
2421 5598 2479 5638 se
2501 5585 2642 5641 scire
2675 5593 2958 5656 testantur,
2989 5592 3214 5662 quidam
3246 5597 3632 5671 episcOporum

2020 5673 2176 5748 regni
2234 5675 2473 5733 Lotharii
2525 5681 2643 5737 zelo
2683 5699 2868 5741 amaro
2915 5695 3105 5744 contra
3157 5707 3258 5748 nos
3289 5694 3460 5760 ducti,
3501 5699 3634 5768 quia
