4034 6174
242 230 344 286 165

792 217 795 220 ’
885 227 1209 283 HISTORIA?
1249 228 1578 283 ECCLESUE
1619 227 1949 282 REMENSIS
1991 226 2166 280 LIBRI
2206 224 2531 290 QUATUOR.
2566 257 2636 266 —
2677 226 2804 282 LIB.
2837 225 2929 281 Ill.

3469 224 3570 281 166

238 366 466 421 illorum
504 363 755 419 consiliis
792 363 863 420 de
893 364 1184 419 Waldrada
1233 379 1344 422 non
1369 365 1772 436 acquievimus,
1804 373 1859 420 et
1884 363 2253 436 Ameditatus
2289 377 2411 417 sum
2440 377 2564 417 cum
2605 364 2773 420 corde
2817 379 2964 431 meo,
3014 371 3069 418 et
3097 361 3393 417 conferens
3447 379 3570 418 cum

241 455 413 510 etiam
469 454 638 525 aliqui
688 453 758 510 de
790 454 1102 521 Germania,
1157 463 1217 510 ut
1257 454 1481 527 quidam
1525 453 1737 520 dicunt,
1790 453 1859 507 ad

243 547 510 602 Ludovici
539 546 623 601 sui
654 547 802 621 regis
833 547 1172 618 suasionem,
1205 547 1464 618 quoniam
1497 562 1619 602 cum
1651 561 1717 602 eo
1750 561 1859 601 non

241 640 350 696 feci
380 639 523 695 sicut
555 639 858 704 Rothadus,
913 639 969 693 in
1000 639 1182 695 fratris
1210 639 1296 694 sui
1353 639 1423 694 de
1450 653 1622 714 regno
1663 638 1862 710 expul-

239 730 426 794 sione,
478 734 874 799 persuaserunt
917 727 1096 783 eidem
1138 727 1409 794 Rothado,
1461 735 1522 782 ut
1565 743 1676 783 non
1721 744 1782 784 se
1831 744 1863 783 a

237 819 520 874 seditione
550 817 825 873 movenda
863 818 1223 874 concrederet
1257 835 1270 871 :
1322 826 1378 874 et
1423 818 1526 890 ipsi
1569 819 1716 889 apud
1763 833 1862 874 vos

240 910 582 976 obtinerent,
615 919 674 966 ut
704 912 1110 968 restitueretur.
1153 913 1308 968 Nunc
1337 921 1544 981 autem,
1578 914 1719 969 sicut
1741 914 1864 983 jus-

237 999 415 1062 sistis,
452 1000 520 1054 ad
565 1007 800 1055 vestram
848 1002 1199 1072 pra-sentiam
1243 1011 1299 1058 et
1338 1003 1765 1074 dispositionem
1798 1004 1866 1058 il-

237 1088 357 1143 lnm
388 1089 639 1160 perduci,
672 1091 818 1161 apud
858 1091 1123 1146 domnum
1155 1102 1404 1148 nostrum
1454 1109 1638 1167 regem
1690 1091 1863 1150 ﬁlium

238 1190 485 1235 vestrum
530 1183 895 1250 obtinuimus,
945 1184 1236 1239 credentes
1268 1185 1398 1256 quia
1452 1187 1599 1257 quod
1632 1186 1862 1241 Domino

238 1271 373 1326 inde
407 1273 736 1344 placabilius
767 1275 892 1346 erit,
924 1276 1079 1331 cordi
1116 1283 1297 1332 vestro
1355 1277 1626 1348 inspirare
1669 1277 1866 1352 digna-

238 1362 421 1418 bitur.

321 1475 342 1500 ς
389 1452 466 1506 De
486 1467 618 1524 quo,
652 1453 781 1524 quia
803 1452 1204 1527 benignissima
1234 1455 1486 1530 dignatio
1516 1465 1698 1512 vestra
1725 1457 1862 1512 mihi

239 1559 405 1599 servo
436 1551 618 1599 vestro
646 1560 745 1615 per
775 1544 1080 1601 Luidonem
1121 1547 1348 1619 dignata
1375 1554 1459 1603 est
1506 1550 1774 1618 scribere,
1807 1558 1868 1607 ut

235 1639 441 1706 juncto
473 1637 609 1691 mihi
633 1636 849 1710 integro
877 1637 1116 1712 collegio
1141 1637 1390 1707 fratrum,
1415 1643 1719 1697 secundum
1747 1659 1867 1700 mo-

241 1727 378 1781 dum
413 1727 624 1782 ibidem
665 1727 1031 1798 descriptum,
1075 1736 1255 1784 vestra
1284 1730 1587 1801 apostolica
1639 1748 1874 1788 censura

245 1818 450 1882 fretus,
479 1819 760 1874 studerem
795 1819 944 1874 illam
982 1819 1216 1890 pristino
1248 1821 1622 1897 redintegrare
1665 1824 1874 1880 decen-

244 1919 332 1965 ter
359 1911 570 1967 oiﬁcio.
626 1913 773 1968 Sciat
805 1914 1270 1970 reverendissima
1299 1922 1356 1970 et
1381 1917 1756 1974 amantissime
1787 1935 1876 1975 co-

243 1997 418 2054 lenda
450 2001 772 2056 dulcissima
818 2011 997 2058 vestra
1027 2005 1356 2075 paternitas,
1408 2005 1510 2062 hoc
1564 2023 1653 2062 me
1707 2024 1874 2082 agere

246 2092 596 2163 nequivisse,
622 2109 723 2164 pro
778 2095 865 2149 his
894 2095 990 2166 qui
1021 2096 1375 2152 continentur
1406 2098 1461 2152 in
1488 2098 1762 2154 subditis:
1792 2099 1875 2154 vi-

247 2183 461 2239 delicet
501 2185 634 2256 quia
673 2203 797 2241 cum
837 2187 1036 2243 litteris
1088 2189 1156 2243 ad
1209 2200 1445 2245 vestram
1491 2192 1872 2247 auctoritatem

248 2273 574 2329 deferendis
612 2275 760 2330 idem
793 2276 1078 2332 Rothadus
1110 2279 1224 2347 jam
1257 2279 1586 2335 commissus
1616 2291 1735 2336 erat
1771 2281 1873 2348 eis,

246 2364 346 2434 qui
381 2365 453 2418 ad
510 2373 744 2420 vestram
787 2367 1141 2436 praesentiam
1199 2367 1351 2422 illum
1405 2368 1769 2437 deducerent,
1821 2380 1877 2427 ct

247 2456 392 2510 mihi
425 2471 536 2511 non
567 2465 685 2511 erat
713 2457 981 2528 possibile
1013 2458 1287 2534 integrum
1322 2459 1546 2516 fratrum
1578 2462 1874 2535 collegium

247 2563 610 2612 convocare;
666 2550 949 2620 quoniam,
983 2557 1043 2605 ut
1091 2567 1258 2622 supra
1293 2553 1512 2623 scripsi,
1558 2571 1591 2609 a
1646 2554 1874 2610 dioecesi

251 2646 448 2692 nostra
484 2636 710 2710 longius
763 2653 912 2693 eram
946 2646 1210 2708 remotus,
1260 2640 1315 2694 in
1363 2640 1463 2695 ﬁlii
1502 2643 1670 2698 vestri
1732 2643 1877 2718 regis

248 2725 433 2781 nostri
491 2726 737 2782 servitio.
771 2727 837 2782 Et
894 2729 1155 2799 quoniam
1187 2729 1308 2786 sine
1368 2731 1588 2787 illorum
1639 2733 1874 2802 judicio,

248 2817 354 2888 qui
384 2817 442 2872 in
473 2819 593 2886 ejus
623 2818 972 2889 depositione
993 2819 1226 2886 fuerant,
1261 2830 1317 2878 et
1347 2823 1551 2894 quibus
1581 2825 1710 2880 inde
1741 2826 1879 2881 scri-

249 2907 467 2978 psistis,
503 2909 720 2963 restitui
753 2910 1081 2984 regulariter
1110 2927 1222 2967 non
1251 2911 1491 2979 valebat,
1536 2921 1590 2968 et
1629 2916 1877 2987 episcOpi

1898 1687 1949 1754 Β

1961 456 2282 512 ﬁdelissimo
2312 453 2426 511 ﬁlio
2446 462 2626 511 vestro
2657 456 2861 513 domno
2899 472 3024 513 meo
3051 473 3182 531 rege
3219 456 3481 530 glorioso,
3515 459 3571 512 in

1962 546 2064 602 hac
2093 561 2258 601 causa
2296 544 2532 616 providi,
2574 553 2767 600 vestra:
2806 547 3226 618 sapientissimae
3262 548 3570 603 auctoritati

1960 638 2206 693 scribere
2224 637 2452 712 dignum
2479 636 2639 691 duxi:
2673 636 2728 691 id
2756 645 2856 702 est,
2889 639 3017 710 quia
3043 639 3169 694 licet
3185 640 3356 695 fretus
3375 648 3572 694 vestrae

1963 727 2298 783 auctoritatis
2353 726 2551 782 litteris
2599 742 2699 798 per
2736 726 3037 782 Luidonem
3087 743 3224 783 mea
3287 729 3572 801 exiguitati

1963 815 2206 882 directis,
2271 832 2502 888 quarum
2551 815 2888 871 mentionem
2955 815 3162 870 fecistis
3227 816 3281 870 in
3345 817 3577 888 epistola

1965 925 2128 980 quam
2162 907 2276 964 ﬁlio
2304 919 2487 965 vestro
2519 910 2724 966 domno
2756 915 2944 964 nostro
2977 908 3092 983 regi
3122 908 3367 975 misistis,
3401 926 3572 980 quas-

1963 1015 2071 1072 que
2101 998 2177 1053 illi
2206 999 2398 1070 relegi,
2426 998 2570 1069 apud
2598 1014 2723 1053 eum
2754 997 3009 1053 obtinere
3039 1013 3280 1068 possem,
3305 1006 3363 1053 ut
3396 999 3580 1058 missis

1963 1091 2098 1157 suis,
2151 1091 2245 1162 qui
2277 1091 2585 1146 Rothadum
2635 1089 2704 1144 ad
2733 1096 2970 1145 vestram
3011 1089 3401 1144 deducendum
3433 1107 3578 1161 pra:-

1963 1181 2198 1236 sentiam
2247 1189 2634 1251 susceperunt,
2667 1179 2974 1245 mandaret,
3025 1186 3300 1251 quatenus
3329 1181 3396 1233 ab
3444 1180 3580 1235 arri-

1965 1269 2170 1340 piendo
2199 1270 2426 1325 Romam
2458 1269 2658 1324 itinere
2678 1276 3081 1339 exspectarent,
3109 1269 3288 1324 donec
3310 1279 3580 1341 Opportu-

1965 1375 2093 1413 num
2127 1366 2343 1430 tempus
2372 1359 2666 1431 episcOpos
2705 1359 2995 1434 regionum
3029 1365 3341 1414 nostrarum
3373 1375 3579 1415 convo-

1967 1448 2128 1502 candi
2157 1448 2441 1504 adveniret
2472 1466 2485 1503 :
2527 1449 2658 1518 quia
2687 1464 2798 1504 non
2829 1456 2947 1503 erat
2978 1449 3136 1516 ratio,
3192 1456 3250 1504 ut
3285 1450 3405 1505 aliis
3436 1452 3584 1507 noti-

1968 1533 2244 1604 ﬁcaretur,
2279 1553 2378 1592 cur
2416 1537 2650 1593 Rothadi
2679 1538 3022 1592 transmissio
3052 1539 3384 1610 tardaretur,
3416 1549 3582 1596 ante-

1968 1640 2132 1696 quam
2170 1627 2448 1698 episcOpis
2493 1634 2688 1683 vestrm
2719 1628 3060 1682 auctoritatis
3107 1629 3344 1699 epistola
3373 1629 3592 1703 legere-

1974 1721 2092 1769 tur:
2123 1724 2337 1786 poterat
2362 1715 2504 1785 ﬁeri,
2537 1725 2595 1772 ut
2622 1717 2717 1788 qui
2759 1732 2846 1770 me
2875 1715 3060 1772 divina
3088 1718 3379 1774 clementia
3408 1727 3462 1774 et
3489 1735 3590 1775 sua

1973 1807 2316 1883 benignitate
2347 1820 2403 1867 et
2447 1813 2651 1868 amoris
2680 1815 2977 1870 devotione
3030 1815 3243 1881 colunt,
3277 1823 3332 1869 et
3377 1814 3583 1885 aliquid

1972 1901 2248 1956 aestimant
2300 1917 2444 1970 esse,
2500 1919 2626 1958 cum
2669 1903 2805 1958 nihil
2842 1904 2966 1968 sim.
3005 1912 3405 1979 cognoscentes
3458 1920 3584 1961 meo

1972 1991 2204 2047 obtentu
2241 1992 2296 2046 id
2329 1993 2616 2060 accidisse,
2675 1995 2729 2049 in
2779 2011 2866 2050 me
2900 1994 3218 2050 scandalum
3250 2002 3590 2066 paterentur,

1976 2087 2134 2158 quasi
2173 2088 2454 2144 contemni
2485 2097 2579 2143 aut
2625 2089 2830 2164 negligi
2871 2089 3106 2144 facerem
3147 2098 3387 2145 vestram
3435 2106 3592 2146 com-

1974 2183 2415 2250 mendationem,
2445 2182 2540 2254 qui
2572 2182 2715 2237 intra
2745 2184 3080 2239 constitutos
3110 2201 3141 2238 a
3181 2184 3340 2239 vobis
3384 2184 3507 2240 dies
3538 2185 3590 2239 in

1976 2274 2210 2344 epistola
2237 2289 2336 2345 per
2363 2273 2608 2328 Odonem
2641 2273 2967 2345 episcOpum
3002 2274 3188 2342 missa,
3217 2275 3285 2328 ad
3323 2275 3598 2331 obedien-

1978 2365 2110 2420 dum
2155 2374 2390 2420 vestram
2447 2363 2738 2419 accelerari
2808 2363 3055 2431 fecerim,
3103 2372 3370 2435 quantum
3419 2367 3594 2437 potui,

1971 2459 2328 2529 jusssionem.
2359 2458 2425 2513 Et
2451 2459 2498 2512 si
2530 2459 2752 2530 quando
2781 2459 2835 2512 in
2868 2474 3038 2514 unum
3079 2460 3445 2514 convenirent
3472 2460 3598 2531 epi-

1977 2553 2151 2623 scopi,
2184 2553 2277 2624 qui
2319 2553 2521 2618 sciunt,
2562 2558 2617 2606 et
2647 2567 2735 2606 me
2783 2567 2891 2605 una
2929 2567 3053 2606 cum
3085 2551 3165 2606 eis
3203 2550 3346 2607 scire
3387 2558 3593 2606 norunt

1978 2645 2212 2700 Rothadi
2247 2644 2661 2718 negligentiam,
2711 2650 2765 2698 et
2803 2644 3072 2699 diutinam
3123 2645 3177 2698 in
3217 2660 3374 2701 sacro
3417 2644 3592 2698 mini-

1977 2736 2146 2791 sterio
2186 2736 2562 2802 inutilitatem,
2596 2735 2665 2790 de
2710 2735 2831 2803 ejus
2870 2736 3219 2791 restitutione
3257 2736 3590 2808 alloquerer,

1979 2845 2175 2884 omnes
2213 2845 2302 2884 me
2325 2828 2707 2894 exsufﬂarent,
2736 2837 2789 2883 et
2827 2837 3102 2884 amentem
3134 2830 3356 2901 penitus
3379 2830 3597 2898 judica-

1980 2930 2104 2976 rent
2132 2939 2146 2987 ;
2179 2923 2262 2976 sic
2291 2921 2508 2976 etiamsi
2541 2911 2812 2987 Rothado,
2847 2929 2906 2976 ut
2952 2938 3014 2977 se
3043 2923 3404 2978 concrederet
3429 2921 3598 2992 (quod

247 2995 491 3051 aliarum
540 2997 971 3068 provinciarum,
1018 3015 1117 3070 per
1180 3017 1357 3055 meam
1399 3004 1874 3071 convocationem,
1909 3010 2089 3079 Cnon
2129 3027 2242 3066 sum
2293 3010 2486 3065 salutis
2516 3009 2717 3065 intuitu
2752 3009 2934 3078 faciet)
2981 3009 3252 3066 beneﬁcia
3292 3026 3393 3066 nos
3421 3017 3601 3081 impe-

248 3090 314 3144 in
344 3089 538 3145 multis
564 3091 838 3161 occupati,
870 3093 1199 3167 congregari
1232 3108 1343 3148 non
1375 3103 1652 3166 poterant.
1687 3097 1796 3152 Sed
1823 3106 1878 3154 et

249 3182 575 3254 coepisc0pi
605 3183 898 3238 Remorum
933 3185 1255 3254 provinciae,
1289 3185 1357 3240 ab
1397 3187 1517 3257 ipsa
1546 3189 1778 3260 synodo,
1824 3191 1878 3244 in

250 3292 364 3347 qua
397 3276 693 3347 epistolam
720 3278 1024 3334 sanctitatis
1079 3287 1274 3334 vestra;
1327 3281 1657 3350 audivimus,
1715 3299 1879 3338 causa

252 3368 556 3422 resistendi
584 3369 912 3424 Normannis
941 3370 1012 3424 ad
1055 3386 1184 3425 suas
1213 3372 1378 3427 sedes
1409 3372 1670 3429 festinare
1701 3382 1880 3431 matu-

253 3463 539 3511 raverunt.
569 3457 731 3512 Pauci
759 3458 923 3513 etiam
963 3475 1199 3515 numero
1231 3461 1500 3532 episcOpi,
1534 3463 1629 3534 qni
1662 3479 1878 3520 mecum

255 3546 314 3600 in
362 3543 467 3600 ﬁlii
500 3547 665 3602 vestri
697 3547 846 3622 regis
890 3549 1061 3604 nostri
1103 3556 1260 3604 erant
1288 3550 1582 3622 obsequio,
1623 3569 1747 3608 cum
1798 3555 1880 3609 eis

255 3635 629 3710 benignitatis
670 3646 870 3692 vestra:
912 3640 1447 3696 commendationem
1503 3641 1574 3696 de
1632 3642 1880 3699 Rothado

257 3727 457 3802 relegi,
494 3729 902 3800 responderunt
929 3745 1039 3786 non
1071 3748 1131 3786 se
1152 3731 1295 3787 scire
1329 3733 1492 3788 talem
1524 3733 1689 3790 vitam
1718 3742 1881 3808 atque

259 3816 705 3891 intelligentiam,
747 3817 966 3890 taleque
1021 3820 1264 3875 studium
1309 3823 1450 3878 sacri
1498 3823 1790 3880 ministerii
1825 3825 1881 3880 in

257 3921 326 3961 eo
355 3905 559 3971 fuisse,
592 3914 650 3960 ut
681 3907 735 3960 in
763 3907 868 3962 hoc
888 3923 949 3962 se
979 3908 1211 3964 miscere
1243 3910 1546 3966 auderent:
1577 3913 1880 3982 praesertim

260 4013 386 4052 cum
413 3999 481 4065 is,
510 3998 607 4070 qui
635 4005 795 4054 antea
817 3999 1057 4071 aliquam
1084 4001 1451 4058 reverentiam
1483 4003 1553 4058 de
1575 4005 1884 4073 dejectione

262 4104 363 4142 sua
392 4087 659 4157 habebat,
691 4097 745 4144 et
772 4105 996 4161 semper
1029 4090 1364 4146 inobediens
1393 4099 1447 4147 et
1474 4094 1648 4149 sacris
1679 4094 1887 4170 regulis

263 4188 318 4234 et
348 4182 520 4255 regia
538 4181 818 4256 dignitati,
841 4191 896 4238 et
924 4183 1350 4254 metrOpolitano
1371 4185 1665 4260 privilegio
1687 4186 1883 4256 fuerat,

263 4289 412 4329 nunc
439 4273 762 4330 effrenatius
793 4275 862 4330 ad
893 4277 1190 4332 multorum
1234 4277 1435 4332 malum
1466 4280 1806 4350 exemplum,
1834 4289 1889 4336 et

1980 3109 2220 3160 traturos
2271 3104 2767 3174 promitteremus:
2803 3103 3064 3174 quoniam
3113 3119 3255 3174 pene
3286 3119 3482 3158 omnes
3541 3102 3596 3156 in

1979 3195 2101 3250 istis
2132 3196 2430 3267 provinciis
2459 3197 2662 3262 sciunt,
2692 3197 2823 3268 quia
2853 3196 3158 3251 secundum
3195 3196 3599 3266 Carthaginen-

1979 3302 2070 3342 ses
2104 3294 2160 3343 et
2201 3287 2486 3344 Africanos
2535 3304 2777 3344 canones
2810 3289 2917 3358 (63,
2965 3289 3057 3355 88,
3104 3290 3194 3354 89,
3239 3289 3348 3355 94,)
3398 3296 3453 3343 et
3497 3289 3599 3343 de-

1980 3383 2128 3431 creta
2150 3376 2299 3432 beati
2327 3376 2596 3452 Gregorii,
2631 3378 2931 3434 electorum
2963 3393 3024 3433 se
3054 3377 3327 3434 commisit
3349 3377 3599 3447 judicio;

1981 3476 2037 3523 et
2066 3468 2305 3539 amplius
2336 3486 2500 3541 quam
2538 3469 2826 3545 quingenti
2861 3469 3233 3526 interfuerunt
3271 3469 3472 3525 diversi
3509 3485 3602 3524 or-

1981 3557 2127 3611 dinis
2165 3557 2288 3624 viri,
2317 3558 2572 3613 videntes
2610 3559 2834 3630 quando
2876 3559 3015 3614 calix
3045 3575 3248 3614 aureus
3287 3575 3410 3614 cum
3449 3574 3606 3634 gem-

1982 3647 2090 3700 mis
2119 3663 2150 3700 a
2197 3662 2449 3718 caupone
2488 3654 2544 3702 et
2573 3648 2889 3703 tabernaria
2919 3664 3020 3719 per
3072 3649 3302 3704 missum
3333 3649 3478 3724 regis
3533 3647 3602 3703 de

1984 3734 2130 3790 illius
2179 3737 2412 3809 pignore
2477 3745 2752 3808 sumptus,
2790 3754 2854 3793 ac
2919 3738 3136 3792 delatus
3211 3738 3312 3793 fuit
3384 3739 3440 3792 in
3509 3753 3604 3808 sy-

1983 3825 2212 3891 nodum,
2254 3833 2309 3880 et
2338 3827 2580 3881 scientes
2606 3841 2841 3882 coronas
2880 3833 3170 3897 argenteas
3201 3843 3231 3880 a
3267 3826 3480 3890 Judaeo,
3513 3825 3602 3880 cui

1984 3913 2108 3967 illas
2155 3914 2405 3980 dederat,
2478 3922 2804 3984 resumptas,
2864 3923 2919 3968 et
2995 3913 3285 3968 facultates
3342 3913 3604 3967 ecclesia-

1985 4006 2152 4060 sticas
2175 4005 2245 4060 ab
2297 4021 2365 4061 eo
2408 4021 2755 4077 suppressas,
2787 4014 2844 4060 et
2881 4006 3116 4061 latenter
3166 4005 3603 4070 commendatas,

1987 4095 2231 4168 indeque
2287 4105 2538 4167 receptas
2593 4104 2648 4151 et
2678 4094 2934 4151 Ecclesia;
2964 4093 3206 4150 redditas
3285 4103 3340 4149 ct
3386 4093 3607 4148 vascula

1988 4192 2274 4256 argentea,
2331 4202 2456 4257 quae
2513 4201 2624 4241 non
2671 4185 2829 4256 pauci
2875 4184 3138 4256 ponderis
3167 4200 3198 4238 a
3255 4183 3422 4258 longo
3468 4190 3610 4238 tem-

1989 4294 2124 4349 pore
2155 4279 2210 4332 in
2245 4278 2507 4333 ecclesias
2530 4279 2919 4350 pependerunt
2971 4277 3079 4332 Sed
3119 4285 3174 4332 et
3212 4276 3316 4330 alia
3374 4292 3494 4348 qum
3521 4276 3607 4331 sui

261 4364 636 4434 plurimorum
662 4366 1108 4424 benevolentium
1156 4369 1477 4424 scandalum
1509 4370 1801 4437 deszevire,
1833 4380 1888 4426 et
1909 4381 1969 4450 D
1989 4367 2314 4423 decessores
2352 4383 2414 4422 ac
2446 4367 2906 4438 praedecessores,
2934 4366 3233 4438 caeterique
3261 4365 3475 4433 ﬁdeles,
3510 4381 3609 4436 pro

263 4455 648 4529 negligentius
676 4465 842 4526 atque
869 4456 1237 4527 perniciosius
1268 4457 1476 4526 vivere,
1509 4459 1888 4516 voluntatibus

262 4545 385 4598 suis
415 4545 688 4608 serviens,
713 4562 838 4601 cum
871 4545 1125 4602 libertate
1146 4547 1394 4602 deberet.

341 4658 372 4687 ι
413 4637 491 4691 De
517 4652 588 4692 eo
608 4644 790 4693 autem
813 4638 964 4709 quod
985 4637 1305 4714 benignitas
1329 4639 1499 4694 animi
1531 4641 1720 4706 vestri,
1749 4659 1889 4712 pen-

266 4744 524 4784 sansnon
556 4729 889 4798 belluinum,
912 4730 1008 4785 sed
1037 4731 1341 4786 humanum
1371 4731 1612 4786 hominis
1640 4733 1888 4789 animum

267 4821 494 4893 scripsit
522 4820 754 4876 dicens:
797 4820 1045 4876 Fortasse
1083 4828 1379 4896 cognoscet
1407 4821 1669 4876 delictum
1701 4839 1885 4888 suum,

271 4922 330 4967 et
349 4928 447 4968 sua
462 4919 665 4984 sponte
681 4912 736 4966 in
743 4912 975 4981 judicio.
996 4928 1106 4984 quo
1116 4913 1396 4982 judicatus
1413 4921 1516 4978 est,
1533 4930 1890 4985 perseverare

272 5005 500 5081 deliget.
520 5006 679 5072 Quod
689 5006 735 5060 si
751 5005 965 5074 fecerit,
983 5007 1130 5077 apud
1145 5022 1328 5082 regem
1345 5006 1622 5073 Karolum,
1647 5008 1891 5063 dilectis-

274 5101 476 5155 simum
507 5098 772 5154 videlicet
803 5098 975 5154 ﬁlium
1007 5105 1245 5154 vestrum
1296 5099 1571 5174 agendum
1605 5108 1707 5168 est,
1740 5107 1806 5156 ut-
1829 5100 1898 5154 li-

276 5191 569 5247 beralitate
593 5207 694 5246 sua
713 5191 896 5246 eidem
925 5207 1166 5264 congrua
1188 5190 1483 5254 beneﬁcia,
1519 5191 1724 5262 quibus
1743 5191 1900 5247 suffi-

276 5284 492 5340 cienter
549 5300 677 5339 cum
715 5284 832 5339 suis
879 5284 1197 5349 sustentari,
1230 5299 1293 5338 ac
1347 5282 1648 5339 henoriﬁce
1699 5284 1900 5358 degere

278 5373 474 5444 possit,
515 5373 764 5447 benigno
792 5372 1001 5428 mentis
1049 5372 1315 5448 largiatur
1342 5373 1540 5428 aﬁectu
1576 5392 1589 5428 :
1646 5374 1784 5429 sciat
1814 5373 1898 5427 di-

275 5466 466 5539 gnatio
501 5476 704 5532 vestra,
739 5480 850 5520 non
890 5465 1044 5519 illum
1070 5480 1191 5520 esse
1221 5465 1538 5534 hujusmodi
1579 5473 1897 5536 temperan-

278 5554 393 5608 tiae.
426 5554 559 5609 Nam
597 5553 669 5608 ab
699 5569 767 5609 eo
805 5555 955 5626 quod
982 5555 1170 5626 etrapit
1199 5571 1483 5626 nunquam
1513 5555 1691 5626 potuit
1741 5568 1898 5609 revo-

274 5643 417 5699 cari.
446 5643 574 5709 Quae
607 5643 773 5700 etiam
809 5658 914 5717 ego
953 5642 1190 5700 famulus
1222 5650 1418 5699 vestrae
1474 5642 1892 5704 dominationis,

1989 4460 2239 4515 remedio
2270 4459 2466 4514 animae
2497 4475 2610 4514 sua}
2642 4459 2823 4514 eidem
2860 4459 3116 4514 Ecclesia:
3155 4459 3498 4525 obtulerunt,
3539 4459 3608 4512 ab

1990 4565 2058 4604 eo
2082 4550 2202 4603 sine
2220 4564 2496 4604 consensu
2519 4547 2931 4618 metropolitani
2961 4563 3024 4601 ac
3051 4547 3526 4616 coepiscoporum,
3557 4553 3612 4600 et

1990 4641 2109 4696 sine
2137 4640 2435 4707 (economi,
2457 4656 2521 4694 ac
2544 4639 2994 4711 presbyterorum
3026 4647 3080 4693 et
3110 4639 3467 4694 diaconorum
3495 4654 3608 4694 suae

1991 4733 2241 4788 ecclesiae
2270 4749 2500 4787 assensu
2552 4747 2650 4804 pro
2683 4731 2839 4786 libitu
2871 4747 2971 4787 suo
3010 4732 3232 4787 donata.
3280 4731 3410 4786 Cum
3444 4730 3608 4786 etiam

1989 4821 2186 4877 beatus
2214 4821 2508 4896 Gregorius
2564 4821 2841 4876 multoties
2896 4819 2950 4874 in
2982 4820 3232 4892 epistolis
3260 4820 3375 4874 suis
3407 4836 3473 4874 ex
3525 4836 3613 4874 sa-

1991 4913 2098 4966 cris
2129 4910 2438 4967 canonibus
2490 4910 2695 4965 scribat
2725 4928 2737 4964 :
2779 4925 3127 4982 quaecunque
3160 4909 3460 4980 episcopus
3491 4919 3615 4980 post

1995 5002 2400 5058 ordinationem
2450 5003 2801 5073 episcopatus
2856 5001 3194 5074 acquisierit,
3252 5001 3437 5057 omnia
3494 5017 3614 5056 esse

1999 5095 2255 5151 Ecclesia:
2314 5095 2369 5148 in
2400 5111 2508 5166 qua
2552 5095 2758 5150 exstitit
2812 5095 3116 5150 ordinatus.
3179 5093 3330 5148 Unde
3375 5099 3610 5159 constat,

2001 5183 2130 5255 quia
2161 5199 2263 5238 nec
2293 5183 2412 5254 ipse
2438 5183 2558 5239 sine
2596 5199 2885 5256 oeconomo
2916 5192 2970 5238 et
2991 5181 3328 5238 conscientia
3385 5183 3617 5238 clerico-

2001 5293 2117 5330 rum
2149 5275 2245 5330 illa
2284 5276 2485 5331 debeat
2514 5276 2858 5346 dispensare.
2890 5275 2998 5330 Sed
3027 5282 3082 5328 et
3112 5289 3306 5330 omnes
3337 5274 3490 5329 urbis
3531 5275 3618 5328 in-

1997 5366 2132 5421 colae
2163 5381 2225 5420 ac
2263 5365 2474 5436 populi,
2511 5365 2755 5436 quicum
2784 5381 2914 5437 rege
2943 5381 3006 5420 ac
3037 5363 3318 5436 episcopis
3350 5363 3418 5418 ad
3449 5378 3619 5433 syno-

1998 5457 2128 5512 dum
2156 5466 2554 5530 convenerunt,
2587 5467 2642 5513 et
2671 5465 2731 5513 ut
2759 5475 2952 5514 revera
2981 5457 3048 5512 ad
3088 5457 3461 5530 spectaculum
3491 5472 3618 5510 cur-

1998 5558 2205 5618 rentes,
2277 5565 2405 5604 eum
2461 5549 2718 5605 viderunt
2795 5565 2970 5621 usque
3029 5548 3094 5602 ad
3167 5547 3369 5603 ostium
3422 5543 3617 5615 synodi

1999 5639 2336 5708 venientem,
2369 5649 2424 5695 et
2460 5639 2589 5694 inde
2617 5648 2677 5695 ut
2725 5637 3080 5695 maniaticum
3125 5636 3472 5701 redeuntem,
3525 5637 3620 5703 qui
