4010 6162
455 175 558 229 167

1563 169 1928 227 FLODOARDI
1972 168 2272 226 CANONICI
2314 171 2648 228 REMENSIS

3678 183 3781 239 168

455 317 564 371 que
595 301 774 355 sciunt
824 306 1080 371 quantam
1115 296 1515 370 benignitatem
1559 296 1704 369 regis
1753 304 1806 351 et
1838 296 2060 352 fratrum
2089 299 2140 365 Α
2163 297 2371 352 dicunt.
2402 306 2456 351 et
2485 313 2679 352 omnes
2707 299 3042 372 generaliter
3063 301 3265 366 sciunt,
3301 303 3560 374 quoniam
3597 314 3780 360 vestra

453 412 744 466 spernens,
797 395 1035 465 qualiter
1064 393 1133 447 de
1175 393 1339 448 certis
1389 392 1662 462 capitulis,
1719 392 1867 446 unde
1923 391 2062 446 sacri

453 503 698 544 canones
753 501 1008 555 expressa
1073 485 1433 538 decreverunt
1487 482 1716 550 judicia,
1762 483 2058 550 judicatus,

455 576 888 648 lacrymantibus
910 593 1038 648 rege
1068 586 1121 630 et
1147 575 1442 647 episcopis,
1475 575 1668 629 durior
1712 591 1840 630 saxo
1873 591 2060 631 reces-

452 673 604 737 serit,
641 679 899 742 putarent
930 687 1054 736 nos,
1088 670 1182 742 qui
1231 686 1356 724 eum
1388 670 1690 724 secundum
1745 685 1930 726 sacros
1974 687 2066 725 ca-

453 779 628 818 nones
651 763 790 817 sicut
812 778 908 817 eos
936 761 1732 829 intelleximus,judicavimus,
1765 771 1820 815 et
1853 769 2060 832 postea,

450 862 509 908 ut
540 853 646 923 ipsi
697 854 1022 924 praecipiunt
1061 869 1321 917 canones,
1383 868 1482 923 per
1514 853 1903 924 coepiscopum
1963 869 2065 907 no-

452 957 650 1013 strum,
687 948 782 1018 qui
825 948 1002 1001 eidem
1045 946 1253 1015 judicio
1291 945 1556 1009 interfuit,
1604 946 1756 1016 prius
1793 945 2062 1014 judicium

451 1050 720 1104 nostrum.
779 1041 846 1095 de
879 1056 945 1095 eo
977 1040 1202 1104 referre,
1237 1047 1291 1094 et
1330 1056 1476 1094 nunc
1517 1039 1667 1092 illum
1727 1039 1904 1109 ipsum
1937 1055 2060 1093 cum

455 1135 656 1189 nostris
713 1134 908 1187 litteris
963 1143 1129 1205 atque
1177 1134 1414 1199 vicariis,
1475 1134 1616 1190 sicut
1662 1134 1926 1203 jussistis,
1995 1133 2062 1188 ad

451 1227 805 1296 apostolicam
835 1226 1046 1289 sedem,
1095 1241 1215 1296 quae
1258 1234 1517 1296 paternos
1572 1241 1814 1280 canones
1840 1239 2065 1278 servan-

451 1318 556 1371 dus
595 1316 901 1383 confirmat,
934 1326 988 1371 et
1034 1316 1386 1372 confirmatos
1439 1333 1502 1370 ac
1541 1315 1913 1371 observandos
1963 1331 2060 1370 sua

450 1406 838 1461 observatione
871 1407 1230 1471 demonstrat,
1261 1406 1499 1480 dirigere
1527 1405 1962 1477 procuravimus,
1991 1405 2061 1459 de

447 1509 642 1556 vestrae
694 1502 1033 1556 auctoritatis
1077 1501 1291 1569 justitia
1349 1511 1403 1555 et
1452 1501 1728 1573 aequitatis
1768 1500 2059 1554 libramine

448 1592 738 1648 dubitare:
783 1603 840 1646 et
889 1593 1014 1648 ideo
1056 1602 1116 1646 ut
1173 1609 1232 1647 se
1270 1593 1633 1647 concrederet
1687 1591 1952 1651 locarium
2007 1591 2057 1646 ei
2085 1612 2135 1680 Β

449 1684 786 1753 promittere,
827 1684 1017 1755 sicque
1075 1701 1174 1740 nos
1204 1691 1262 1738 ut
1294 1683 1515 1740 insanos
1569 1684 1764 1738 merito
1822 1683 2056 1736 denota-

448 1784 590 1843 rent,
619 1794 740 1832 cum
773 1777 938 1832 etiam
985 1778 1028 1831 si
1062 1777 1179 1831 fieri
1213 1783 1402 1847 posset
1430 1777 1608 1847 (quod
1647 1776 1716 1830 ab
1745 1775 1836 1828 illa
1884 1773 2059 1844 prima

449 1878 506 1922 et
529 1879 716 1924 sancta
745 1870 878 1924 sede
919 1887 980 1924 ac
1009 1885 1223 1924 summo
1262 1870 1568 1940 apostolatu
1596 1877 1775 1924 vestro
1815 1866 2056 1921 flendum

451 1973 562 2013 non
603 1960 861 2027 creditur)
888 1967 947 2014 ut
974 1959 1093 2014 talis
1121 1977 1151 2012 a
1181 1959 1338 2014 vobis
1363 1960 1639 2033 cognitus,
1682 1959 1963 2013 restitutus
2000 1957 2057 2010 in

446 2053 642 2108 ordine
674 2055 1008 2121 nominetur,
1034 2054 1192 2109 nulla
1221 2055 1289 2109 de
1317 2063 1516 2110 caetero
1539 2054 1697 2109 nobis
1721 2052 2058 2109 conscientia

445 2146 515 2201 de
545 2148 651 2202 sibi
682 2165 713 2202 a
744 2149 901 2203 vobis
919 2149 1224 2202 commissis
1249 2148 1538 2204 animabus
1556 2155 1701 2202 esset
1726 2147 2054 2218 periculum.

447 2240 510 2294 Et
539 2256 663 2295 cum
703 2256 896 2295 omnes
928 2241 982 2294 in
1017 2241 1134 2295 istis
1167 2241 1492 2316 regionibus
1519 2243 1714 2306 sciant,
1756 2256 1920 2312 quam
1961 2253 2060 2292 ne-

441 2333 656 2404 gligens
685 2341 741 2387 et
769 2339 1118 2404 contemptor
1145 2348 1429 2388 sacrorum
1460 2349 1757 2400 canonum,
1789 2342 1843 2388 et
1876 2350 2057 2404 quan-

442 2427 558 2491 diu,
590 2443 867 2505 quamque
909 2427 1185 2498 patienter
1233 2434 1394 2497 atque
1425 2427 1668 2501 benigne
1699 2425 1865 2481 fuerit
1917 2427 2060 2482 tole-

444 2527 612 2582 ratus,
644 2525 698 2572 et
728 2535 758 2572 a
797 2535 959 2589 quam
993 2518 1199 2584 invitis,
1261 2519 1414 2589 (quia
1452 2535 1511 2573 se
1551 2518 1828 2592 corrigere
1859 2519 2054 2585 noluit,

443 2611 750 2668 secundum
797 2627 982 2665 sacras
1039 2611 1274 2681 regulas,
1340 2612 1481 2666 sicut
1527 2627 1620 2667 eas
1665 2612 2054 2681 intelleximus)

445 2703 623 2758 fuerat
644 2702 945 2770 judicatus,
992 2701 1197 2755 nullam
1228 2701 1428 2757 habere
1461 2717 1748 2772 possemus
1775 2718 2052 2757 verecun-

447 2796 592 2850 diam
623 2797 692 2850 de
745 2796 1090 2851 restitutione
1131 2795 1316 2850 illius:
1367 2795 1412 2849 si
1447 2795 1590 2850 foret
1639 2793 1780 2850 facta
1817 2812 1847 2850 a
1887 2796 2055 2850 vestri

443 2891 642 2945 summi
671 2889 1020 2961 pontificatus
1041 2898 1334 2960 potestate.
1362 2889 1497 2954 Quia
1526 2906 1720 2945 omnes
1743 2906 1906 2944 senes
1931 2906 2054 2945 cum

437 2981 754 3050 junioribus
806 2981 1030 3048 scimus,
1064 2990 1277 3035 nostras
1333 2980 1602 3035 Ecclesias
1640 2980 1890 3036 subditas
1933 2997 2056 3036 esse

445 3074 706 3129 Romanae
736 3073 1210 3137 Ecclesize,etnos
1240 3072 1532 3143 episcopos
1555 3071 1612 3125 in
1644 3072 1878 3141 primatu
1909 3072 2056 3127 beati

445 3166 588 3221 Petri
611 3167 891 3236 subjectos
921 3181 1042 3220 esse
1075 3165 1319 3220 Romano
1337 3165 1604 3235 pontifici,
1636 3170 1691 3218 et
1719 3163 1790 3218 ob
1825 3163 1877 3218 id
1909 3165 2060 3218 salva

445 3258 574 3324 fide,
604 3277 725 3332 quae
784 3262 835 3315 in
866 3260 958 3314 illa
988 3259 1230 3314 Ecclesia
1269 3275 1490 3329 semper
1519 3259 1710 3333 viguit,
1747 3266 1800 3314 et
1829 3259 2057 3313 Domino

445 3361 780 3423 cooperante
807 3350 1030 3406 florebit
1083 3349 1244 3405 nobis
1273 3358 1360 3404 est
1386 3356 1580 3405 vestra:
1607 3350 1920 3420 apostolica:
1950 3366 2052 3405 au~

444 3443 681 3498 ctoritati
722 3442 1122 3498 obediendum.
1171 3442 1336 3496 Nobis
1365 3442 1570 3513 quippe
1601 3457 1725 3497 cum
1767 3442 1888 3496 aliis
1927 3443 2056 3513 qui-

442 3533 659 3605 busque
687 3534 954 3604 scriptum
985 3542 1087 3601 est,
1139 3532 1270 3604 quia
1297 3533 1458 3588 Jesus
1505 3541 1622 3590 erat
1653 3534 1913 3588 subditus
1957 3551 2056 3604 pa-

441 3629 694 3684 rentibus
722 3629 836 3683 suis
864 3631 1010 3694 (Luc.
1049 3631 1125 3696 ιι).
1161 3627 1432 3699 nobisque
1472 3628 1603 3684 item
1639 3629 1900 3697 scriptum
1929 3639 2011 3683 est
2040 3647 2052 3683 :

441 3719 672 3775 Obedite
721 3717 1034 3788 prwpositis
1063 3717 1283 3782 vestris,
1332 3726 1388 3773 et
1416 3717 1699 3786 subjacete
1752 3719 1832 3773 eis
1870 3719 2051 3787 (Hebr.

437 3815 576 3885 xm).
624 3815 686 3869 Et
717 3814 791 3868 nil
819 3828 915 3884 per
942 3813 1378 3880 contentionem,
1437 3829 1615 3885 neque
1676 3830 1776 3884 per
1833 3813 2054 3868 inanem

436 3906 664 3980 gloriam
699 3907 859 3978 (Phil.
890 3907 990 3973 m.)
1019 3904 1082 3959 Et
1111 3905 1158 3958 si
1187 3904 1311 3976 quis
1340 3904 1454 3958 vult
1485 3904 1871 3960 contentiosus
1910 3919 2052 3971 esse,

437 4014 538 4055 nos
581 3999 743 4052 talem
772 3995 1231 4052 consuetudinem
1259 4011 1371 4050 non
1415 3995 1704 4059 habemus,
1741 4010 1922 4066 neque
1954 3995 2055 4050 Ec-

435 4095 606 4149 clesia
653 4094 749 4147 Dei
783 4095 829 4162 (Ι
877 4093 996 4147 Cor.
1031 4094 1131 4161 x1).
1177 4093 1472 4159 Pr0pterea
1500 4091 1716 4145 locutus
1747 4107 1871 4144 cum
1913 4089 2054 4145 fide-

434 4184 642 4238 lissimo
704 4182 817 4237 filio
848 4190 1050 4249 vestro,
1107 4183 1313 4237 domno
1338 4197 1462 4235 meo
1507 4197 1634 4253 rege
1662 4180 1925 4254 glorioso,
1975 4181 2050 4234 illi

434 4273 717 4345 replicavi,
744 4275 891 4346 quod
919 4291 1065 4346 saepe
1089 4273 1377 4341 inculcavi,
1402 4274 1664 4346 quodque
1685 4273 2052 4329 libentissime

433 4369 670 4440 accepit,
730 4377 785 4424 et
811 4370 1116 4441 adimplere
1156 4371 1328 4441 cupit,
1372 4369 1499 4441 quia
1553 4369 1694 4423 sicut
1724 4368 1937 4424 Domini
1969 4377 2132 4472 estD

432 4470 579 4518 terra
606 4470 661 4519 et
699 4463 990 4536 plenitudo
1031 4464 1171 4534 ejus,
1215 4463 1367 4520 orbis
1405 4473 1669 4520 terrarum
1716 4471 1770 4519 et
1809 4463 2051 4519 universi

434 4559 528 4630 qui
587 4559 836 4615 habitant
893 4559 948 4613 in
983 4575 1070 4623 eo,
1099 4560 1266 4627 (Psal.
1313 4565 1458 4624 xxm)
1490 4577 1502 4614 :
1545 4567 1599 4615 et
1638 4558 1811 4630 ipsius
1842 4567 1924 4614 est
1962 4575 2054 4614 re-

431 4668 624 4726 gnum,
669 4661 723 4708 et
751 4651 838 4707 cui
880 4650 1123 4707 voluerit
1168 4651 1323 4707 dabit
1362 4653 1496 4706 illud
1528 4652 1729 4722 (Matth
1800 4653 1946 4720 xvi):
1977 4651 2052 4705 ita

432 4740 550 4812 ipse
605 4758 772 4813 supra
821 4740 1242 4796 fundamentum
1296 4741 1610 4811 apostolica:
1671 4748 1842 4812 petrae
1892 4757 2045 4795 suam

429 4827 684 4884 fundavit
736 4829 1031 4884 Ecclesiam
1067 4831 1243 4888 (Joan.
1279 4829 1392 4896 xx),
1443 4845 1606 4900 quam
1654 4838 1708 4884 et
1751 4837 1875 4885 ante
1920 4846 2046 4900 pas-

430 4922 670 4987 sionem,
705 4930 758 4976 et
791 4931 914 4992 post
963 4920 1426 4977 resurrectionem
1453 4937 1607 4976 suam
1657 4922 1881 4992 speciali
1915 4939 2046 4977 cura

429 5021 487 5069 et
517 5012 784 5087 singulari
832 5011 1124 5087 privilegio
1172 5013 1336 5068 beato
1375 5013 1553 5074 Petro,
1605 5021 1659 5067 et
1693 5013 1748 5066 in
1797 5013 2044 5068 illosuis

426 5103 703 5160 commisit
724 5101 946 5158 vicariis
975 5119 988 5155 :
1024 5103 1181 5171 cujus
1211 5103 1428 5170 sedem,
1471 5118 1699 5173 suaeque
1731 5101 1880 5155 sedis
1907 5117 2042 5173 pon-

428 5193 633 5248 tiﬁcem
667 5192 761 5264 qui
812 5192 1067 5258 honorat,
1111 5192 1263 5248 illum
1309 5193 1544 5247 honorat
1597 5192 1690 5263 qui
1737 5191 1905 5246 dixit:
1940 5191 2039 5256 Qui

425 5286 627 5358 accipit
658 5287 702 5342 si
733 5301 898 5358 quem
946 5287 1169 5354 misero,
1223 5302 1310 5340 me
1341 5285 1543 5356 accipit
1587 5286 1760 5356 (Joan.
1800 5290 1933 5352 χιιι).
1980 5285 2041 5339 Et

424 5377 493 5432 ab
518 5377 640 5449 ipso
665 5377 1032 5434 honorabitur
1061 5378 1282 5433 dicente
1316 5394 1328 5430 :
1373 5377 1716 5433 Honorantes
1747 5393 1834 5431 me
1864 5377 2042 5432 hono-

421 5465 676 5533 rificabo,
722 5473 776 5522 et
839 5466 936 5539 qui
988 5473 1348 5522 contemnunt
1403 5483 1489 5521 me
1547 5474 1711 5522 erunt
1767 5466 2044 5539 ignobiles

426 5559 471 5626 (Ι
522 5560 652 5625 Reg.
697 5559 774 5622 ιι).
828 5557 1038 5613 Idcirco
1078 5558 1205 5631 quia
1243 5558 1398 5614 multi
1440 5557 1643 5624 sciunt,
1699 5558 1939 5630 qualiter
1981 5577 2040 5616 se

431 5647 664 5703 Rothadi
704 5648 1023 5703 reclamatio
1064 5648 1285 5713 habeat,
1325 5655 1381 5702 et
1415 5647 1639 5720 quidam
1685 5647 1815 5703 inde
1859 5648 2037 5713 aliter,

2163 391 2483 449 auctoritate
2515 391 2666 446 illum
2699 408 2820 446 cum
2854 393 3057 448 nostris
3095 395 3316 449 vicariis
3342 395 3411 450 ad
3437 413 3598 450 suum
3633 414 3776 468 prae-

2165 485 2598 556 cepitdestinari
2621 485 2914 553 judicium,
2958 485 3185 559 dignum
3218 493 3273 540 et
3311 486 3520 554 justum
3581 495 3686 551 est,
3721 494 3780 541 ut

2165 589 2553 644 quemcunque
2609 574 2929 645 episcopum
2978 574 3268 630 Romanus
3321 575 3565 646 pontifex
3597 576 3663 630 ad
3719 591 3779 629 se

2165 667 2390 721 Romam
2445 665 2634 720 venire
2673 667 3035 730 mandaverit,
3074 667 3118 721 si
3173 667 3482 733 infirmitas,
3524 669 3611 722 vel
3653 684 3780 738 gra-

2163 756 2284 810 vior
2314 771 2702 826 quemcunque
2731 756 3032 810 necessitas
3058 757 3140 810 vel
3174 756 3613 826 impossibilitas,
3637 756 3778 811 sicut

2163 849 2302 903 sacri
2318 847 2609 922 przeﬁgunt
2625 863 2886 912 canones,
2908 865 3030 904 cum
3058 864 3168 904 non
3191 849 3510 917 detinuerit,
3532 849 3601 903 ad
3623 849 3774 904 illum

2164 940 2356 994 venire
2376 940 2614 1007 studeat,
2644 941 2818 996 multo
2852 941 3028 1015 magis
3057 941 3222 996 etiam
3256 941 3322 1007 is,
3356 958 3520 1012 quem
3563 957 3664 1012 pro
3686 943 3776 996 tali

2164 1029 2388 1098 querela
2408 1029 2475 1083 ad
2499 1045 2556 1083 se
2580 1045 2910 1100 quocunque
2935 1031 3101 1086 modo
3119 1031 3445 1084 clamantem
3464 1030 3776 1100 praesentire

2163 1133 2276 1172 suae
2292 1118 2908 1187 judicatexhibendum.
2936 1122 2996 1175 Et
3013 1121 3331 1192 quicunque
3352 1121 3550 1175 viderit
3569 1120 3658 1174 vel
3681 1135 3775 1174 au-

2165 1211 2349 1276 dierit,
2375 1212 2520 1283 quod
2544 1229 2636 1266 rex
2652 1222 2706 1268 et
2729 1207 3311 1284 episcOpiapostolicze
3330 1212 3480 1268 sedis
3499 1228 3773 1266 summum

2166 1299 2483 1372 pontificem
2517 1310 2770 1373 prompte
2807 1303 3134 1368 obaudiunt,
3168 1310 3222 1356 et
3263 1303 3556 1367 honorant,
3592 1317 3777 1371 prom-

2164 1393 2310 1454 ptius
2339 1403 2394 1447 et
2417 1394 2680 1448 humilius
2725 1395 2807 1449 eis
2835 1395 3067 1464 subjecti
3106 1394 3191 1449 sui
3225 1393 3508 1449 obedient.
3556 1393 3686 1446 Nam
3719 1403 3776 1447 ut

2163 1479 2359 1536 beatus
2381 1481 2676 1555 Gregorius
2707 1483 2838 1538 dicit
2866 1501 2878 1537 :
2922 1484 3072 1538 Sicut
3105 1484 3403 1558 languente
3433 1481 3613 1553 capite
3645 1481 3779 1536 sub-

2157 1573 2303 1641 jecta
2333 1575 2580 1629 membra
2611 1575 2667 1629 in
2723 1593 2936 1631 cassum
2972 1577 3195 1649 vigent;
3240 1576 3315 1630 ita
3345 1575 3523 1648 gloria
3566 1581 3621 1628 et
3671 1575 3773 1628 ho-

2163 1681 2298 1720 nore
2341 1675 2622 1732 coronato,
2657 1669 2710 1721 id
2740 1676 2823 1723 est
2867 1666 3230 1723 honoriﬁcato
3262 1685 3326 1723 ac
3377 1668 3636 1722 decorato
3684 1682 3779 1719 ca-

2161 1753 2296 1824 pite,
2354 1755 2604 1827 subjecta
2646 1757 2893 1812 membra
2941 1758 3063 1826 ejus
3102 1759 3312 1812 honore
3361 1763 3528 1828 atque
3575 1755 3776 1809 decore

2160 1844 2470 1916 fulgebunt.
2503 1848 2564 1901 Et
2610 1848 2861 1904 Rothado
2908 1849 2964 1902 in
3005 1849 3158 1904 nullo
3198 1854 3412 1919 poterat
3444 1845 3641 1900 melius
3686 1861 3780 1899 sa-

2160 1933 2374 2000 tisfieri,
2411 1952 2572 2006 quam
2625 1937 2670 1991 si
2710 1938 2777 1992 ad
2808 1946 3046 1992 vestram
3093 1946 3346 2012 pergeret
3401 1935 3774 2007 praesentiam,

2162 2032 2216 2077 et
2256 2023 2307 2078 ei
2351 2032 2626 2080 tantorum
2673 2027 3180 2099 subscriptionibus
3227 2026 3636 2097 episcoporum,
3679 2023 3776 2095 qui

2159 2112 2270 2168 Deo
2313 2121 2368 2168 et
2396 2115 2555 2170 vobis
2606 2118 2828 2172 mentiri
2881 2118 3074 2172 nolunt
3115 2125 3170 2170 et
3227 2112 3652 2189 allegationibus
3695 2122 3776 2168 tot

2159 2203 2488 2260 vicariorum
2525 2209 2848 2263 eorumdum
2905 2209 3294 2281 episcoporum
3345 2207 3556 2272 fuerit,
3618 2205 3772 2260 illum

2161 2293 2362 2352 bonam
2390 2315 2608 2355 causam
2629 2318 2977 2373 nequaquam
3009 2301 3235 2368 habere,
3267 2310 3568 2358 ostensum.

2236 2457 2252 2481 ι
2300 2432 2666 2497 Quamobrem
2680 2433 2786 2488 sibi
2811 2433 2938 2504 ipsi,
2957 2443 3011 2489 et
3024 2448 3135 2489 non
3152 2433 3312 2489 vobis
3329 2441 3584 2504 reputare.
3599 2431 3777 2487 debe-

2159 2524 2262 2589 bit,
2286 2524 2418 2595 quia
2445 2525 2564 2580 sine
2593 2525 2739 2580 bona
2761 2541 2923 2580 causa
2949 2541 3008 2580 se
3039 2533 3094 2580 et
3115 2526 3317 2580 multos
3341 2526 3479 2580 alios
3500 2524 3774 2598 fatigavit.

2161 2613 2317 2668 Unde
2340 2613 2494 2667 illum
2516 2622 2698 2668 vestra
2721 2614 3119 2669 discretissima
3146 2615 3344 2684 pietas,
3367 2630 3490 2684 quae
3514 2629 3773 2684 compas-

2158 2707 2373 2763 sionem
2401 2710 2672 2780 proximo,
2698 2718 2752 2765 et
2779 2710 3166 2765 rectitudinem
3192 2709 3400 2765 debere
3419 2709 3568 2762 vitiis
3598 2707 3773 2772 novit,

2158 2801 2271 2856 suis
2311 2803 2633 2872 apostolicis
2658 2802 2858 2857 litteris
2887 2802 3230 2857 sufficienter
3255 2800 3601 2873 praemonuit.
3636 2799 3776 2864 Qui-

2159 2909 2266 2965 que
2307 2894 2450 2949 inter
2481 2895 2618 2949 alias
2649 2894 2930 2950 secordias
2972 2895 3026 2965 [i,
3073 2893 3370 2964 socordias]
3406 2902 3568 2947 tantae
3615 2892 3776 2944 duri-

2161 2984 2250 3038 tia:
2280 2983 2648 3058 dignoscitur,
2682 2993 2741 3040 ut
2770 3001 2891 3040 cum
2924 2985 3206 3040 multoties
3232 2984 3353 3038 sine
3379 2983 3490 3038 ullo
3521 2989 3777 3052 respectu

2160 3073 2372 3129 timoris
2398 3073 2486 3128 vel
2536 3075 2740 3130 amoris
2796 3074 2991 3139 divini,
3040 3080 3096 3128 et
3125 3071 3334 3144 absque
3392 3071 3504 3126 ulla
3533 3071 3777 3124 humana

2157 3167 2512 3230 verecundia,
2548 3183 2646 3238 per
2693 3174 2772 3222 tot
2798 3183 2974 3222 annos
3001 3172 3057 3220 et
3095 3167 3148 3220 in
3188 3165 3354 3220 tantis
3382 3163 3582 3229 causis,
3610 3163 3778 3217 toties

2157 3262 2326 3317 sacris
2355 3261 2684 3326 canonibus,
2715 3271 2770 3316 et
2816 3260 3054 3316 decretis
3082 3266 3285 3314 sanctae
3332 3259 3483 3314 sedis
3514 3259 3777 3312 Romana}

2159 3349 2508 3422 pontificum,
2542 3358 2598 3406 et
2624 3366 2737 3405 suae
2758 3349 3083 3421 metropolis
3109 3349 3421 3424 privilegio,
3448 3363 3511 3403 ac
3529 3347 3777 3417 synoda-

2157 3445 2305 3500 libus
2326 3444 2553 3515 judiciis
2578 3443 2948 3510 resultaverit,
2971 3452 3026 3498 et
3049 3458 3146 3514 per
3167 3449 3348 3498 tantos
3377 3456 3570 3505 annos,
3605 3447 3776 3511 atque

2157 3555 2187 3592 a
2215 3538 2383 3592 tantis
2410 3537 2778 3608 pertoleratus
2809 3553 2838 3590 a
2865 3552 2962 3590 sua
2996 3535 3230 3590 stultitia
3259 3551 3319 3588 se
3351 3549 3607 3588 revocare
3638 3547 3779 3586 con-

2159 3625 2466 3697 tempserit,
2500 3641 2532 3679 a
2553 3640 2682 3699 rege
2712 3631 2767 3678 et
2796 3623 3074 3696 episcopis
3115 3621 3498 3693 multipliciter
3521 3620 3782 3675 obsecra-

2159 3723 2267 3782 tus,
2291 3715 2346 3769 in
2377 3716 2482 3772 hoc
2511 3713 2708 3769 adduci
2736 3729 2844 3769 non
2870 3712 3070 3783 potuit,
3091 3719 3151 3766 ut
3180 3711 3352 3765 sacris
3380 3709 3691 3764 canonibus
3722 3717 3778 3763 et

2158 3805 2395 3860 decretis
2424 3813 2627 3860 sanctae
2657 3803 2806 3859 sedis
2830 3803 3090 3858 Romanae
3121 3798 3468 3872 pontificum,
3497 3808 3777 3855 etsecun-

2157 3900 2285 3954 dum
2314 3917 2378 3955 ea
2409 3917 2522 3955 sua)
2553 3899 2875 3970 metropolis
2900 3897 3188 3970 privilegio
3215 3897 3283 3952 de
3311 3906 3510 3952 caetero
3535 3912 3596 3950 se
3623 3895 3770 3950 obe-

2156 3994 2402 4048 diturum
2427 3993 2804 4049 subscriberet
2821 3991 3098 4064 (quoniam
3127 3989 3248 4044 sine
3279 3990 3476 4044 horum
3503 3988 3772 4044 observa-

2153 4085 2306 4140 tione
2345 4100 2509 4140 nemo
2541 4091 2788 4140 nostrum
2840 4088 3024 4153 potest
3083 4097 3204 4136 esse
3233 4078 3547 4152 episcopus)
3606 4087 3659 4133 et
3690 4079 3771 4134 sic

2152 4190 2287 4245 pace
2321 4173 2560 4228 fraterna
2603 4173 2660 4226 in
2691 4171 2956 4228 omnibus
3005 4172 3295 4244 potiretur.
3335 4173 3529 4229 Postea
3582 4179 3769 4226 autem

2153 4278 2251 4317 sua
2283 4271 2481 4332 sponte
2523 4261 2577 4315 in
2611 4261 2799 4317 libello
2831 4277 2943 4316 suae
2966 4261 3353 4332 professionis,
3387 4276 3486 4332 per
3506 4276 3668 4331 quem
3701 4261 3768 4314 ad

2155 4353 2454 4407 electorum
2493 4353 2763 4422 judicium
2818 4353 3154 4424 provocavit,
3187 4353 3303 4407 haec
3355 4368 3416 4407 se
3447 4352 3770 4407 observasse

2156 4442 2528 4514 impudenter,
2559 4444 2689 4516 quia
2717 4444 3020 4500 scientibus
3048 4444 3262 4499 cunctis
3288 4443 3650 4509 mendaciter,
3680 4460 3773 4514 sy-

2156 4533 2302 4588 nodo
2333 4533 2499 4599 misit,
2534 4541 2588 4588 et
2625 4533 2705 4589 sic
2752 4533 2820 4587 ad
2845 4532 3117 4602 judicium
3162 4533 3498 4603 provocavit,
3528 4547 3654 4603 quae
3713 4547 3770 4586 sc

2154 4639 2494 4685 servaturum
2537 4647 2606 4685 ne
2631 4630 2993 4699 judicaretur,
3035 4627 3387 4684 subscribere
3416 4629 3764 4685 detrectavit.

2153 4721 2304 4786 Quod
2335 4721 2482 4786 ideo,
2519 4721 2660 4775 sicut
2690 4729 2882 4791 postea
2913 4719 3076 4775 nobis
3103 4720 3381 4788 dixerunt,
3415 4722 3510 4792 qui
3541 4721 3610 4775 ab
3645 4721 3769 4793 ipso

2148 4812 2462 4879 audierunt,
2493 4812 2841 4867 subscribere
2867 4811 3065 4877 noluit,
3098 4813 3246 4882 quod
3290 4820 3344 4867 et
3378 4826 3478 4868 nos
3510 4814 3770 4884 percepi-

2148 4921 2289 4970 mus,
2320 4920 2390 4959 ne
2425 4904 2740 4960 vinceretur
2771 4921 2783 4958 :
2817 4905 2913 4960 sed
2941 4903 2986 4958 si
3016 4903 3072 4958 in
3102 4912 3289 4958 nostra
3313 4919 3406 4958 rex
3435 4911 3489 4959 et
3517 4903 3768 4974 episcOpi

2146 5013 2602 5069 permaneremus
2653 4998 2951 5062 sententia,
3017 4998 3243 5052 Romam
3303 4997 3411 5052 iret
3469 5004 3766 5070 antequam

2141 5093 2468 5160 vinceretur,
2503 5102 2556 5149 et
2587 5093 2805 5165 quando
2843 5093 2974 5148 illuc
3017 5093 3250 5156 veniret,
3285 5092 3370 5146 his
3399 5108 3501 5164 per
3529 5102 3766 5148 vestram

2137 5188 2468 5258 jussionem,
2489 5204 2612 5243 cum
2645 5205 2674 5242 a
2705 5187 2861 5243 vobis
2891 5187 3029 5243 foret
3051 5187 3215 5243 nobis
3246 5187 3570 5243 nolentibus
3600 5187 3768 5244 abso-

2144 5281 2312 5345 lutus,
2345 5279 2736 5334 subscriberet.
2776 5280 2893 5335 Non
2925 5279 3264 5354 intelligens,
3315 5280 3424 5334 imo
3452 5279 3766 5354 intelligere

2145 5384 2255 5424 non
2275 5369 2464 5423 valens
2489 5369 2808 5435 (cxcazcavit
2833 5370 2978 5424 enim
3001 5386 3124 5424 eum
3152 5369 3362 5423 malitia
3383 5371 3504 5436 sua)
3526 5376 3764 5424 vestram

2144 5463 2524 5518 auctoritatem
2541 5463 2950 5534 sapientissime
2971 5463 3301 5538 intelligam,
3317 5479 3487 5536 quare
3500 5463 3768 5520 Dominus

2143 5556 2213 5612 de
2244 5555 2383 5610 ccelo
2411 5555 2699 5627 alloquens
2732 5557 2958 5613 Paulum
2991 5567 3045 5613 et
3075 5559 3280 5614 dicenti
3318 5578 3330 5613 :
3375 5557 3515 5623 Quid
3548 5575 3638 5614 me
3663 5559 3765 5628 ju-

2144 5653 2260 5720 bes,
2279 5651 2530 5717 Domine,
2545 5652 2764 5708 facere?
2788 5655 2928 5721 (Act.
2957 5655 3046 5720 Ix).
3068 5669 3178 5710 non
3199 5654 3382 5709 omnia
3405 5668 3529 5724 qua!
3545 5652 3764 5726 agenda
