4010 6162
201 274 304 331 169

847 272 1173 330 HISTORIA?
1213 273 1543 329 ECCLESIIE
1585 273 1910 330 REMENSIS
1951 274 2126 328 LIBRI
2167 274 2474 338 QUATUOR
2531 307 2600 320 —
2628 274 2754 329 LIB.
2799 274 2890 328 Ill.

3437 275 3542 330 170

201 412 356 459 erant
396 403 654 474 exposuit
688 403 830 458 :sed
875 403 942 457 ad
970 403 1254 470 Ananiam,
1289 420 1319 458 a
1344 419 1452 474 quo
1485 404 1698 477 agenda
1723 419 1825 458 au-
1849 410 1897 476 Α
1924 402 2210 456 interitum
2255 403 2453 465 carnis,
2505 403 2740 468 Satante,
2790 409 2848 456 ut
2886 401 3114 472 spiritus
3159 401 3342 456 salvus
3378 402 3450 457 sit
3487 403 3540 456 in

198 495 417 551 diturus
443 501 499 549 et
547 501 878 566 accepturus
899 503 1036 564 erat,
1056 495 1209 549 illum
1264 495 1484 549 direxit.
1518 495 1606 549 Sic
1629 504 1684 550 et
1713 512 1818 550 an-

201 583 357 658 gelus
400 585 745 651 Cornelium,
795 590 1083 655 postquam
1116 584 1270 639 illum
1336 586 1654 640 exauditam
1699 602 1821 641 esse

200 673 572 739 denuntiavit,
603 672 672 727 ad
718 673 864 727 Petri
912 673 1221 728 doctrinam
1254 681 1416 745 atque
1443 674 1819 729 obedientiam

198 762 346 816 misit
375 764 494 829 (Act
564 767 636 831 x).
683 762 853 826 Quem
901 762 1032 816 licet
1062 772 1190 817 ante
1221 763 1558 833 baptismum
1605 771 1818 830 sancto,

201 859 258 905 ut
277 851 355 905 ita
378 851 654 917 dicamus,
685 850 893 922 Spiritu
925 851 1286 922 baptizatum,
1316 852 1513 907 beatus
1543 852 1734 906 Petrus
1760 852 1822 906 il-

199 942 308 996 lius
337 943 702 1014 baptismate,
751 942 847 1014 qui
890 943 1134 1014 baptizat
1185 944 1238 997 in
1281 943 1487 1015 Spiritu
1526 951 1738 1008 sancto,
1769 951 1824 999 et

201 1037 256 1089 in
295 1049 412 1106 quo
453 1034 800 1089 credentium
826 1034 993 1090 corda
1020 1034 1129 1089 ﬁde
1149 1034 1532 1105 puriﬁcantur,
1554 1034 1822 1104 baptizari

201 1128 468 1200 praecepit
498 1130 642 1196 (Act.
675 1128 769 1198 χι).
800 1128 956 1183 Unde
991 1127 1134 1182 facta
1153 1127 1461 1198 quaestione
1492 1135 1681 1183 contra
1695 1143 1821 1181 eum

201 1221 367 1274 etiam
402 1236 432 1273 a
462 1219 776 1275 minoribus
805 1219 1147 1283 suis,tamen
1179 1217 1459 1285 ﬁdelibus,
1481 1233 1578 1272 cur
1603 1218 1668 1272 ad
1681 1233 1822 1292 gen-

203 1318 286 1364 tes
318 1311 633 1378 intraverit,
666 1311 841 1364 isdem
865 1311 1239 1382 apostolorum
1283 1311 1542 1381 princeps
1580 1324 1826 1365 summo-

203 1415 324 1452 rum
355 1399 537 1472 gratia
579 1399 850 1454 donorum
906 1399 1153 1471 repletus
1217 1408 1273 1454 et
1336 1397 1824 1453 innumerabilium

204 1491 603 1546 miraculorum
666 1498 934 1562 potestate
985 1491 1262 1557 suffultus,
1331 1492 1572 1562 querelae
1611 1504 1724 1544 non
1760 1505 1823 1544 ex

207 1589 502 1652 potestate,
535 1583 633 1637 sed
658 1599 722 1637 ex
776 1583 988 1638 ratione
1019 1583 1330 1654 respondit,
1363 1597 1696 1652 causamque
1727 1597 1828 1651 per

207 1673 462 1728 ordinem
501 1689 568 1727 ea
595 1673 1021 1727 mansuetudine
1066 1673 1346 1744 exposuit,
1380 1689 1486 1744 qua
1518 1671 1827 1727 humilitate

210 1767 440 1839 praefato
459 1767 714 1822 Cornelio
745 1782 804 1820 se
835 1766 1066 1821 adorare
1110 1767 1317 1822 volenti
1363 1766 1541 1822 dixit:
1582 1769 1718 1822 Vide
1757 1783 1827 1822 ne

211 1859 434 1914 feceris.
485 1858 620 1912 Nam
674 1864 730 1911 et
786 1872 889 1931 ego
935 1857 1053 1927 ipse
1104 1857 1268 1911 homo
1315 1873 1462 1924 sum,
1511 1856 1654 1912 sicut
1681 1864 1736 1912 et
1772 1863 1831 1910 tu

211 1948 353 2017 (Act.
391 1947 465 2014 χ).
501 1945 558 1999 Si
583 1944 729 1999 enim
766 1945 823 1998 in
851 1945 1078 2015 querela
1138 1944 1408 2010 ﬁdelium,
1457 1953 1518 2000 ut
1541 1943 1833 2017 Gregorius

211 2038 366 2102 dicit,
427 2036 640 2108 aliquid
687 2037 755 2091 de
813 2052 911 2090 sua
963 2043 1238 2106 potestate
1299 2035 1529 2100 diceret,
1587 2035 1831 2106 profecto

207 2128 408 2182 doctor
433 2124 878 2180 mansuetudinis
909 2139 1020 2179 non
1075 2123 1289 2179 fuisset.
1325 2124 1528 2178 Humili
1573 2139 1704 2198 ergo
1733 2139 1830 2180 eos

209 2217 429 2271 ratione
457 2214 714 2285 placavit,
746 2223 911 2284 atque
942 2213 996 2266 in
1025 2229 1187 2268 causa
1239 2212 1692 2283 reprehensionis
1718 2228 1832 2267 sute

209 2304 501 2359 humiliter
529 2303 800 2358 rationem
849 2301 1113 2367 reddidit,
1173 2309 1229 2356 et
1272 2301 1435 2356 etiam
1478 2309 1645 2356 testes
1675 2301 1833 2355 adhi-

210 2396 351 2462 buit,
387 2395 585 2449 dicens
614 2412 628 2448 :
658 2394 937 2448 Venerunt
961 2401 1143 2447 autem
1177 2406 1392 2447 mecum
1424 2399 1479 2446 et
1512 2408 1605 2447 sex
1639 2391 1832 2447 fratres

213 2487 299 2543 isti
328 2488 476 2556 (Act.
502 2488 599 2553 χι).
643 2486 809 2555 Cujus
835 2486 1100 2541 humilem
1143 2486 1547 2552 auctoritatem,
1571 2493 1629 2540 et
1677 2501 1833 2538 man-

211 2576 590 2632 suetissimam
630 2582 980 2646 potestatem,
1037 2584 1093 2629 et
1159 2574 1517 2629 rectissimam
1565 2574 1834 2644 praedica-

212 2667 428 2721 tionem
455 2664 732 2719 dicentis:
766 2665 883 2719 Non
913 2663 1266 2719 dominantes
1297 2664 1354 2717 in
1385 2665 1554 2730 clero,
1594 2663 1691 2718 sed
1722 2663 1835 2717 for-

212 2775 308 2813 ma
349 2757 485 2812 facti
517 2757 669 2830 gregi
700 2758 743 2826 (I
759 2757 900 2811 Petr.
927 2759 1006 2823 v),
1033 2763 1259 2811 secutus
1289 2757 1348 2809 Β.
1372 2755 1694 2810 Gelasiusin
1727 2755 1831 2809 de—

211 2846 387 2900 cretis
421 2844 540 2899 suis
569 2847 744 2914 (epist.
772 2843 826 2910 9)
852 2843 919 2898 ad
939 2858 1133 2899 omnes
1147 2844 1458 2914 episcopos,
1475 2843 1544 2897 de
1566 2842 1836 2897 institutis

211 2936 613 2992 ecclesiasticis
633 2936 769 2991 dicit
795 2954 806 2989 :
837 2935 1081 3007 Cumque
1115 2935 1276 2991 nobis
1300 2943 1490 2990 contra
1515 2934 1838 2988 salutarium

213 3029 589 3085 reverentiam
611 3028 943 3102 regularium
959 3028 1250 3099 cupiamus
1271 3034 1478 3082 temere
1497 3026 1633 3080 nihil
1651 3027 1838 3082 licere:

1924 493 2016 547 die
2036 493 2247 547 Domini
2285 494 2334 563 (Ι
2363 495 2481 550 Cor.
2538 499 2612 559 v).
2659 493 2767 564 lpsi
2798 493 2944 547 enim
2976 493 3386 548 Corinthiorum
3419 509 3542 548 rec-

1923 592 2070 640 tores
2097 576 2263 639 ‘illum
2296 585 2644 640 tradiderunt
2670 585 2725 639 in
2761 584 3040 639 interitum
3091 585 3272 640 carnis
3302 585 3537 652 Satanae,

1921 686 1975 734 et
2006 679 2448 752 Pauluscognito
2498 679 2618 746 ejus
2675 694 2866 749 opere,
2920 694 3020 733 sua
3065 679 3385 734 auctoritate
3415 696 3537 734 cum

1921 766 2068 821 illis:
2099 773 2153 821 et
2184 774 2466 838 comperta
2514 767 2634 835 ejus
2684 758 3039 836 poenitentia,
3087 766 3190 836 ipsi
3222 782 3345 820 eum
3379 767 3542 821 resti-

1922 865 2164 924 tuerunt,
2228 864 2281 912 et
2327 857 2528 912 Paulus
2572 873 2671 911 sua
2719 856 3042 911 auctoritate
3094 872 3217 910 cum
3251 857 3401 910 illis:
3439 857 3534 912 Cui

1923 949 2200 1020 inquiens,
2235 948 2445 1019 aliquid
2503 948 2769 1015 donastis,
2828 954 2880 1001 et
2939 962 3062 1020 ego.
3122 947 3252 1000 Nam
3296 957 3472 1022 etego
3495 949 3539 1002 si

1922 1041 2054 1111 quid
2075 1040 2272 1094 donavi
2293 1048 2520 1111 propter
2544 1055 2641 1095 vos
2660 1039 2714 1093 in
2744 1054 2978 1110 persona
3006 1038 3201 1092 Christi
3222 1040 3297 1105 (II
3313 1039 3426 1093 Cor.
3464 1043 3542 1107 ιι).

1926 1128 2061 1182 Hinc
2098 1128 2296 1183 beatus
2339 1127 2637 1202 Gregorius
2694 1129 2812 1194 (lib.
2872 1143 3039 1181 χχχιιι
3095 1128 3287 1181 Morel.
3341 1143 3463 1196 cap.
3490 1125 3544 1192 8,

1927 1220 1975 1274 al
2001 1220 2088 1285 11)
2133 1237 2145 1273 :
2181 1221 2218 1273 A
2249 1219 2418 1284 bono,
2445 1220 2648 1291 inquit,
2679 1226 2861 1273 vestro
2893 1235 3001 1273 non
3035 1217 3304 1273 dissentio
3361 1218 3546 1271 Meum

1927 1309 1998 1363 sit
2029 1308 2175 1378 quod
2211 1308 2316 1379 ipsi
2349 1307 2577 1364 fecistis.
2617 1308 2710 1366 Cui
2767 1307 2919 1362 velut
2950 1307 2995 1361 si
3029 1307 3214 1362 dicere
3243 1322 3546 1378 praesuma-

1927 1417 2070 1468 mus,
2105 1416 2273 1472 quare
2316 1401 2391 1455 ita
2421 1409 2582 1456 caute
2642 1399 2935 1471 discipulis
2957 1405 3010 1454 te
3039 1399 3268 1469 copulas
3303 1397 3331 1450 ?
3376 1414 3547 1469 quare

1927 1493 2012 1548 vel
2046 1499 2098 1548 te
2131 1493 2372 1560 illorum,
2406 1493 2648 1559 vel_illos
2675 1493 2785 1547 tuis
2825 1491 3139 1546 actionibus
3170 1499 3274 1546 tam
3315 1490 3550 1545 sollicita

1930 1595 2113 1641 mente
2135 1587 2447 1642 conformas
2481 1585 2509 1639 ?
2540 1595 2600 1642 ut
2637 1602 2746 1642 nou
2789 1583 3310 1647 circumveniamur,
3346 1583 3546 1654 inquit,

1929 1697 1959 1734 a
1989 1680 2186 1734 Satana
2221 1698 2234 1734 :
2270 1696 2379 1735 non
2437 1680 2584 1734 enim
2654 1681 2974 1753 ignoramus
3031 1677 3398 1751 cogitationes
3428 1677 3549 1744 ejus

1930 1769 1985 1823 id
2013 1778 2114 1835 est,
2146 1786 2213 1824 ne
2237 1770 2341 1825 hoc
2363 1770 2510 1841 quod
2569 1769 2715 1824 bene
2748 1784 2904 1823 mens
2931 1767 3156 1822 inchoat
3184 1766 3304 1837 ipse
3335 1766 3393 1819 in
3425 1781 3549 1819 ma-

1931 1859 2062 1914 litite
2089 1858 2255 1913 finem
2303 1865 2498 1922 vertat,
2548 1859 2607 1913 Et
2649 1857 3006 1913 Innocentius
3063 1857 3243 1927 (epist,
3275 1872 3445 1921 xxvn,
3479 1855 3553 1908 ad

1930 1953 2090 2019 epist.
2145 1950 2377 2018 Maced,)
2421 1949 2577 2002 :Haec
2635 1948 2702 2002 ad
2761 1947 3076 2003 Coriuthios
3116 1946 3418 2017 apostolica
3466 1953 3550 1999 est

1931 2040 2208 2096 declarata
2238 2040 2577 2113 benignitas,
2626 2049 2685 2095 ut
2736 2039 2791 2093 in
2844 2055 2954 2094 uno
3011 2037 3210 2109 spiritu
3233 2036 3453 2091 ductam
3488 2053 3550 2090 ac

1932 2132 2216 2187 reductam
2257 2133 2590 2187 sententiam
2622 2131 2756 2187 boni
2786 2147 3005 2202 semper
3054 2127 3438 2184 indifferenter
3460 2143 3551 2182 se-

1933 2229 2189 2295 quantur.

2008 2338 2028 2358 ιι
2056 2311 2119 2365 Et
2145 2311 2251 2366 Leo
2272 2326 2337 2364 ex
2377 2310 2637 2380 Apostolo
2689 2313 2862 2378 (epist,
2918 2309 2987 2363 84
3047 2325 3165 2378 cap.
3200 2309 3284 2378 11)
3325 2329 3344 2357 ι
3381 2308 3552 2362 Nemo

1933 2402 2080 2473 quod
2111 2418 2270 2456 suum
2302 2408 2384 2454 est
2412 2408 2639 2472 quaerat,
2684 2401 2781 2454 sed
2823 2401 2969 2472 quod
3000 2399 3248 2463 alterius,
3284 2406 3337 2453 et
3373 2415 3550 2453 unus-

1931 2490 2165 2562 quisque
2193 2489 2443 2560 proximo
2473 2504 2573 2543 suo
2606 2488 2818 2558 placeat
2869 2488 2921 2542 in
2951 2487 3098 2543 bono
3127 2486 3194 2541 ad
3217 2486 3550 2542 aediﬁcatio-

1934 2595 2059 2632 nem
2085 2578 2124 2646 (1
2148 2579 2265 2634 Cor.
2302 2580 2374 2647 χ).
2435 2577 2552 2632 Νοιι
2607 2576 2755 2630 enim
2807 2576 3010 2646 poterit
3059 2575 3290 2630 unitatis
3352 2584 3554 2630 nostra:

1935 2671 2090 2725 ﬁrma
2107 2686 2228 2725 esse
2259 2685 2547 2744 compago,
2581 2668 2691 2723 nisi
2727 2683 2828 2723 nos
2868 2669 2936 2723 ad
2968 2667 3397 2738 inseparabilem
3423 2667 3558 2720 soli-

1936 2761 2163 2816 ditatem
2217 2759 2498 2815 vinculum
2556 2757 2844 2813 charitatis
2893 2757 3228 2811 astrinxerit.
3288 2755 3555 2820 Quoniam

1939 2854 2082 2909 sicut
2105 2855 2159 2908 in
2179 2868 2288 2908 uno
2319 2867 2550 2923 corpore
2579 2851 2751 2905 multa
2776 2849 3022 2905 membra
3050 2849 3344 2915 habemus,
3373 2847 3557 2902 omnia

1941 2950 2123 2998 autem
2181 2939 2431 2997 membra
2476 2957 2588 2996 non
2641 2940 2898 2994 eumdem
2952 2947 3133 2994 actum
3195 2938 3403 2993 habent
3439 2955 3451 2991 :
3486 2928 3588 2992 ita,

1943 3035 2099 3090 multi
2128 3050 2297 3089 unum
2320 3048 2521 3104 corpus
2549 3047 2741 3085 sumus
2772 3030 2827 3084 in
2863 3030 3098 3098 Christo,
3132 3029 3339 3101 singuli
3373 3034 3559 3082 autem

211 3128 268 3174 et
296 3135 430 3174 cum
460 3119 624 3174 sedes
638 3093 941 3190 apostolica
960 3093 1129 3189 super
1159 3120 1290 3187 [or..
1322 3117 1594 3189 superior]
1628 3117 1844 3173 hisom-
1873 3093 1922 3162 ί)
1945 3127 2086 3182 alter
2114 3126 2342 3181 alterius
2370 3093 2618 3181 membra
2657 3125 2704 3194 (ι
2730 3123 2853 3179 Cor.
2900 3124 3014 3193 xu).
3081 3093 3362 3178 Connexio
3395 3119 3562 3176 totius

215 3210 412 3275 nibus,
445 3209 663 3266 favente
690 3210 942 3275 Domino,
963 3225 1086 3282 quae
1117 3209 1363 3281 paternis
1381 3209 1692 3266 eanonibus
1715 3217 1844 3263 sunt

214 3301 470 3372 prmﬁxa,
514 3301 627 3372 pio,
660 3301 976 3373 devotoque
1021 3302 1241 3357 studeat
1285 3309 1476 3357 tenere
1532 3301 1838 3372 proposito.

214 3390 355 3444 satis
408 3389 697 3462 indignum
756 3396 862 3458 est,
889 3405 1224 3461 quemquam
1256 3391 1342 3446 vel
1388 3389 1730 3461 pontiﬁcum,
1755 3389 1840 3444 vel

216 3479 486 3534 ordinum
549 3478 1037 3550 subsequentium,
1093 3479 1236 3534 hanc
1297 3478 1706 3534 observantiam
1751 3493 1844 3532 re-

219 3566 426 3632 futare,
457 3583 622 3638 quam
656 3567 712 3620 Β.
749 3566 894 3621 Petri
922 3566 1136 3632 sedem,
1161 3576 1217 3621 et
1257 3567 1416 3638 sequi
1447 3566 1704 3622 videatet
1733 3565 1842 3621 do-

218 3675 389 3714 cere:
420 3658 670 3730 satisque
713 3659 1052 3715 conveniens
1097 3659 1253 3714 situt
1287 3675 1488 3730 corpus
1531 3659 1630 3730 [or.
1663 3659 1842 3713 addit.

219 3748 419 3818 totum]
466 3747 721 3803 Ecclesiae
778 3748 830 3802 in
873 3749 976 3804 hac
1031 3747 1256 3803 sibimet
1293 3747 1684 3804 observatione
1709 3761 1846 3802 con-

217 3838 436 3902 cordet,
471 3853 634 3907 quam
701 3836 782 3890 illi
812 3837 1002 3911 vigere
1052 3836 1381 3908 conSpiciet,
1428 3837 1526 3892 ubi
1582 3836 1848 3893 Dominus

218 3925 486 3981 Ecclesiae
511 3924 679 3979 totius
709 3924 895 3995 posuit
924 3924 1297 3995 principatum
1327 3925 1469 3993 (Gal.
1502 3926 1568 3994 ι).
1599 3925 1674 3978 De
1706 3924 1843 3976 Bar-

219 4013 368 4068 naba
427 4028 654 4084 quoque
711 4021 767 4068 et
825 4013 991 4068 Saulo
1039 4013 1260 4068 dicente
1329 4012 1617 4079 veraciter,
1650 4011 1849 4066 Paulus

219 4106 511 4178 apostolus
555 4121 666 4161 non
705 4105 774 4160 ab
820 4105 1161 4172 hominibus,
1205 4122 1386 4177 neque
1417 4122 1516 4178 per
1543 4103 1845 4170 hominem,

219 4199 318 4252 sed
347 4214 452 4268 per
478 4196 668 4252 Jesum
701 4197 975 4254 Christum
1036 4205 1089 4254 et
1146 4199 1441 4253 Dominum
1472 4197 1711 4252 Patrem.
1743 4196 1842 4260 Qui

221 4295 523 4357 postquam
547 4284 756 4342 diutius
778 4286 935 4342 fruiti
967 4294 1096 4343 sunt
1124 4288 1500 4358 apostolorum
1540 4285 1841 4353 consortio,

225 4393 338 4433 non
359 4378 496 4449 ipsis
522 4379 810 4449 apostolis,
861 4380 960 4434 sed
1002 4379 1158 4449 juxta
1187 4378 1352 4435 ﬁdem
1378 4395 1546 4435 sacrae
1577 4378 1839 4442 historiae,

1943 3218 2190 3289 corporis
2251 3233 2417 3272 unam
2495 3216 2806 3277 sanitatem,
2869 3231 3033 3269 unam
3091 3213 3559 3285 pulchritudinem

1941 3310 2089 3365 facit.
2123 3309 2319 3364 Ethaec
2359 3307 2584 3378 quidem
2644 3307 2916 3362 connexio
2945 3306 3114 3361 totius
3146 3305 3398 3376 corporis
3421 3320 3563 3358 una-

1944 3401 2252 3456 nimitatem
2270 3399 2524 3470 requirit,
2552 3398 2649 3453 sed
2684 3398 2964 3469 pmcipue
2996 3397 3167 3473 exigit
3209 3395 3562 3452 concordiam

1942 3494 2312 3550 sacerdotum.
2381 3490 2600 3558 Quibus
2639 3489 2740 3545 etsi
2801 3490 2936 3545 ordo
2983 3497 3067 3544 est
3101 3488 3397 3563 generalis,
3454 3501 3563 3541 non

1943 3592 2128 3640 tamen
2154 3581 2466 3638 communis
2511 3588 2597 3635 est
2633 3579 2877 3654 dignitas
2915 3579 3190 3634 omnibus.
3230 3602 3250 3630 ιι
3303 3578 3424 3632 Haec
3469 3593 3564 3631 au-

1943 3683 2076 3740 tem,
2111 3681 2323 3730 servata
2359 3671 2539 3728 altiori
2580 3671 2968 3739 intelligentia,
3006 3670 3150 3724 circa
3183 3686 3349 3741 supra
3390 3669 3566 3723 dictos

1945 3774 2074 3821 sunt
2124 3774 2264 3831 acta,
2317 3773 2373 3818 et
2423 3779 2454 3818 a
2512 3761 2794 3833 prtedictis
2852 3761 3032 3826 docta,
3083 3769 3142 3814 ut
3201 3767 3567 3832 cognoscatur

1949 3853 2186 3926 qualiter
2210 3853 2456 3907 minores
2484 3849 2795 3921 potioribus
2825 3848 3067 3901 debeant
3093 3847 3346 3912 obedire,
3382 3853 3437 3899 et
3466 3861 3568 3916 po-

1949 3945 2118 4000 tiores
2145 3942 2456 3998 minoribus
2477 3938 2791 4012 providere,
2827 3945 2881 3993 et
2903 3937 3039 3993 ordo
3066 3937 3226 3992 aDeo
3261 3936 3565 4007 dispositus

1948 4037 2018 4092 ab
2046 4037 2326 4102 omnibus,
2351 4043 2405 4090 et
2434 4034 2492 4089 in
2543 4032 2803 4089 omnibus
2833 4033 3016 4087 valeat
3042 4046 3376 4087 conservari.
3411 4030 3564 4085 Unde

1950 4142 2197 4181 summus
2225 4125 2478 4180 Ecclesia;
2532 4131 2719 4196 pastor
2757 4124 2918 4179 docet
2951 4141 2963 4177 :
2993 4122 3046 4177 Si
3097 4122 3223 4194 quis
3270 4121 3563 4187 ministrat,

1948 4222 2211 4286 tanquam
2244 4230 2309 4268 ex
2375 4214 2574 4269 virtute
2621 4229 2786 4284 quam
2838 4210 3184 4266 administrat
3222 4211 3390 4276 Deus,
3425 4211 3564 4265 utin

1944 4305 2202 4363 omnibus
2253 4303 2657 4361 honoriﬁcetur
2701 4305 2846 4359 Deus
2875 4303 2920 4374 (Ι
2944 4305 3087 4358 Petr.
3138 4303 3232 4372 IV),
3267 4302 3360 4372 qui
3394 4302 3568 4356 servis

1943 4399 2060 4454 suis
2090 4396 2367 4453 commisit
2422 4395 2647 4468 negotia
2672 4412 2792 4455 sua,
2827 4405 2881 4449 et
2925 4394 3225 4464 unicuique
3257 4392 3563 4447 secundum

223 4471 677 4525 ministrantibus
702 4471 935 4526 Domino
971 4471 1260 4542 prophetis
1305 4478 1361 4527 et
1399 4471 1720 4528 doctoribus
1749 4471 1844 4543 qui
1869 4460 1926 4529 D
1947 4486 2228 4558 propriam
2260 4460 2528 4540 virtutem“
2554 4485 2768 4553 (Matth,
2795 4483 2916 4551 χχν)
2953 4460 3220 4548 micat—et
3247 4482 3316 4535 de
3357 4479 3564 4551 spiritu

227 4573 385 4618 erant
410 4565 738 4630 Antiochiae,
800 4565 940 4620 dixit
985 4565 1225 4636 Spiritus
1281 4573 1504 4621 sanctus
1546 4565 1849 4636 :Separate

230 4654 363 4707 mihi
394 4653 700 4708 Barnabam
741 4661 798 4709 et
842 4654 1065 4710 Saulum
1121 4655 1177 4709 in
1230 4671 1372 4726 opus
1427 4653 1746 4719 ministerii,
1780 4652 1849 4707 ad

231 4746 380 4816 quod
411 4747 689 4818 assumpsi
740 4762 837 4802 eos
886 4748 1028 4816 (Act.
1081 4748 1218 4819 xm),
1272 4746 1766 4815 Tuncjejunantes
1795 4752 1850 4801 et

232 4845 477 4899 orantes,
509 4836 974 4909 imponentesque
1001 4839 1084 4894 eis
1113 4855 1328 4906 manus,
1359 4837 1846 4894 dimiseruntillos.

238 4927 298 4982 Et
327 4928 432 4998 ipsi
454 4929 686 4998 quidem
718 4929 873 4984 missi
897 4946 928 4984 a
957 4930 1167 5001 Spiritu
1181 4940 1372 4986 sancto
1391 4929 1648 4985 abierunt
1668 4929 1846 4984 vocati

239 5019 498 5088 apostoli,
527 5028 584 5074 et
614 5020 668 5074 in
700 5022 954 5092 sequenti
980 5038 1146 5085 anno,
1180 5023 1238 5076 id
1268 5031 1351 5077 est
1377 5024 1447 5076 M
1485 5029 1607 5093 post
1637 5022 1855 5093 passio-

243 5124 364 5164 nem
391 5111 638 5179 Domini,
671 5112 804 5168 licet
825 5114 919 5185 qui
949 5121 1211 5185 Operatus
1231 5124 1315 5170 est
1346 5115 1505 5172 Petro
1529 5116 1586 5170 in
1632 5123 1856 5188 aposto—

243 5198 404 5253 latnm
455 5200 920 5270 circumcisionis,
972 5212 1234 5274 operatus
1275 5205 1345 5260 sit
1388 5214 1443 5261 et
1487 5206 1654 5262 Paulo
1713 5206 1860 5260 inter

243 5301 455 5362 gentes,
504 5301 691 5349 tamen
751 5296 903 5364 juxta
957 5296 1274 5352 condictum
1323 5299 1538 5366 Jacobi,
1591 5299 1860 5369 Cephaeet

236 5379 487 5446 Joannis,
535 5382 1216 5459 gentium'magisterium
1277 5403 1387 5442 una
1433 5405 1557 5443 cum
1613 5385 1862 5441 Barnaba

238 5468 442 5524 Paulus
473 5472 707 5543 accepit.
733 5475 884 5529 Idem
907 5489 1128 5547 quoque
1160 5475 1356 5532 Paulus
1385 5477 1530 5548 apud
1551 5475 1864 5532 Corinthios

239 5562 660 5636 negligentibus
676 5566 985 5622 rectoribus
1005 5568 1074 5621 de
1093 5568 1412 5625 incestuoso
1425 5569 1646 5641 scripsit
1683 5586 1695 5622 :
1723 5568 1866 5623 Con-

237 5651 489 5725 gregatis
508 5651 690 5722 vobis,
731 5661 786 5710 et
814 5671 940 5712 meo
991 5657 1219 5728 spiritu,
1261 5659 1521 5716 traditum
1544 5658 1863 5728 hujusmodi

538 5751 819 5816 PATROL.
868 5754 1204 5821 CXXXV.

1950 4583 2141 4631 sancto
2162 4574 2426 4644 scriptum
2449 4581 2554 4639 est,
2590 4572 2737 4642 quod
2761 4571 2907 4626 dona
2926 4570 3123 4624 dividit
3147 4569 3382 4642 singulis
3410 4577 3572 4638 prout

1949 4668 2065 4722 vult
2098 4669 2147 4727 (Ι
2165 4667 2282 4723 Cor.
2313 4665 2429 4732 xu).
2463 4665 2525 4718 Et
2543 4663 2850 4731 hincjuxta
2897 4661 3222 4716 Sardicense
3263 4660 3562 4715 concilium

1953 4757 2092 4826 (cap.
2120 4756 2174 4825 7)
2218 4769 2504 4809 :summus
2539 4753 2730 4822 primae
2759 4758 2814 4806 et
2869 4758 3071 4806 sanctae
3103 4751 3254 4804 sedis
3312 4749 3572 4804 Romana}

1951 4845 2223 4918 pontifex,
2252 4861 2352 4916 pro
2370 4843 2639 4900 examinis
2669 4843 3028 4897 renovatione
3059 4841 3127 4895 ad
3148 4856 3208 4895 se
3223 4835 3574 4894 reclamantis

1957 4943 2012 4992 et
2039 4933 2410 5006 confugientis
2438 4949 2560 4989 cum
2619 4948 2717 4986 sua
2757 4929 3084 4986 clamatione
3115 4928 3318 4997 dejecti
3348 4925 3574 4998 provin-

1955 5027 2114 5084 cialis
2140 5025 2409 5097 episc0pi,
2438 5040 2550 5080 non
2572 5023 2752 5078 statim
2781 5021 3163 5094 singularitate
3191 5017 3493 5092 privilegii,
3521 5024 3575 5069 et

1957 5117 2306 5175 auctoritatis
2358 5132 2472 5171 sua;
2528 5115 2813 5182 restituit;
2857 5115 2955 5169 sed
3013 5113 3301 5168 remittens
3350 5125 3476 5164 eum
3506 5108 3575 5163 ad

1959 5205 2319 5279 provinciam,
2363 5204 2459 5259 ubi
2503 5220 2667 5259 causa
2723 5209 2935 5273 patrata
2983 5201 3181 5267 fuerat,
3244 5205 3298 5253 et
3345 5198 3401 5251 in
3471 5211 3579 5267 qua

1957 5297 2111 5366 juxta
2142 5292 2602 5368 Carthaginenses
2649 5305 2892 5347 canones
2950 5291 3129 5361 (Cone.
3184 5289 3445 5355 Carthag.
3479 5301 3578 5339 seu

1962 5388 2143 5454 Afric.
2179 5385 2274 5440 ubi
2302 5384 2512 5456 supra),
2551 5392 2605 5438 et
2628 5383 2756 5451 jura
2780 5381 2918 5453 legis
2947 5382 3224 5446 Romanae,
3284 5395 3451 5435 causa
3480 5391 3582 5446 po-

1966 5485 2073 5533 test
2103 5477 2402 5552 diligenter
2427 5474 2654 5546 inquiri,
2675 5481 2730 5529 et
2767 5474 2912 5546 quod
2927 5489 3039 5529 non
3073 5473 3144 5527 sit
3174 5471 3584 5526 difﬁciletestes

1966 5568 2297 5640 producere,
2323 5567 2532 5623 veritas
2563 5565 2798 5622 inveniri
2831 5583 2846 5630 ;
2893 5574 2986 5621 aut
3018 5562 3267 5617 ﬁnitimis
3307 5554 3586 5630 episcopis

1971 5659 2231 5732 dignatur
2256 5659 2527 5727 scribere,
2577 5664 2673 5713 aut
2699 5672 2730 5711 e
2772 5657 2942 5712 latere
2999 5669 3101 5710 suo
3131 5652 3318 5721 mittit,
3350 5646 3442 5718 qui
3483 5647 3586 5699 ha-

3258 5750 3296 5811 6
