4010 6162
471 255 567 309 171

1580 233 1948 292 FLODOARDI
1988 232 2292 287 CANONlCl
2334 233 2659 288 REMENSIS

3691 236 3794 289 1⁸72

472 378 668 432 bentes
698 374 818 442 ejus
845 368 1222 425 auctoritatem
1283 346 1582 436 praesentes
1629 378 1751 416 cum
1786 359 2086 431 'episc0pis
2107 363 2159 429 Α
2185 359 2240 412 in
2259 359 2531 429 synodum
2556 359 2755 414 deduci
2788 358 3162 429 permisimus,
3198 360 3548 430 parvipensis
3591 369 3647 414 et
3677 362 3798 414 sine

467 466 737 534 judicent,
769 469 823 516 et
852 460 1150 532 diligenter
1178 471 1398 510 causam
1431 452 1752 524 inquisitam
1785 448 2078 503 difﬁniant:

475 560 567 606 aut
597 552 852 623 dignatur
881 547 1109 602 credere
1132 544 1428 616 episcopos
1465 541 1743 604 sufficere,
1770 547 1833 594 ut
1861 537 2082 612 negotio

475 639 768 695 terminum
804 635 1016 706 possint
1056 635 1362 704 imponere.
1401 631 1461 685 Et
1502 629 1862 684 Innocentius
1905 626 2078 696 (epist.

473 733 528 797 2,
561 747 586 785 c
637 731 690 797 3)
726 747 738 783 :
770 756 791 774 σε
823 728 877 781 Si
913 742 1037 798 quas
1054 741 1233 780 causa:
1264 724 1349 779 vel
1369 721 1759 778 contentiones
1789 720 1934 774 inter
1963 718 2082 772 cle-

477 823 619 878 ricos
645 830 754 876 tam
798 816 1105 889 superioris
1134 815 1365 879 ordinis,
1418 830 1581 885 quam
1610 812 1772 866 etiam
1804 809 2088 865 inferioris

478 911 685 966 fuerint
750 916 972 972 exortae,
1045 904 1388 978 congregatis
1446 900 1752 956 secundum
1815 897 2088 969 synodum

481 1001 754 1054 Nicaanam
787 999 938 1066 (Syn.
971 997 1089 1052 Nic.
1135 1011 1183 1048 c.
1234 995 1282 1063 5)
1334 991 1583 1060 ejusdem
1631 986 1929 1060 provincia
1959 985 2086 1054 epi-

483 1092 666 1162 scopis
717 1089 960 1163 jurgium
1016 1086 1268 1156 praecipit
1318 1083 1618 1140 terminari.
1681 1081 1744 1135 Et
1783 1078 2096 1135 Bonifacius

484 1183 585 1250 (ep.
614 1180 668 1246 2)
719 1179 787 1231 de
810 1176 1042 1231 Maximo
1073 1173 1286 1238 scribit,
1319 1182 1378 1226 ut
1405 1171 1472 1225 ad
1517 1169 1854 1241 provinciam
1907 1166 2096 1221 venire

485 1277 730 1340 cogatur,
764 1273 819 1321 et
850 1265 965 1319 illic
995 1280 1053 1317 se
1081 1261 1380 1316 constituto
1423 1265 1759 1330 praesentare
1782 1255 2017 1324 judicio,
2045 1260 2099 1308 et

488 1359 759 1431 quidquid
792 1358 861 1410 de
889 1357 982 1410 illo
1012 1353 1275 1409 duxerint
1306 1350 1603 1422 provinciae
1625 1348 1871 1420 episcOpi
1901 1347 2096 1401 decer—

488 1451 754 1515 nendum,
785 1465 909 1503 cum
932 1447 998 1502 ad
1029 1462 1153 1500 eum
1200 1445 1430 1498 relatum
1475 1442 1633 1506 foret,
1660 1457 1758 1495 sua
1789 1439 2098 1493 firmaretur

488 1543 812 1597 auctoritate
846 1559 857 1594 :
890 1547 1183 1612 quatenus,
1241 1544 1301 1592 ut
1332 1537 1478 1591 idem
1503 1535 1678 1604 (epist.
1713 1533 1765 1598 3,
1799 1548 1919 1586 can.
1944 1530 1994 1601 6)
2028 1530 2092 1583 ad

491 1633 751 1687 Hilarium
785 1631 998 1694 scribit,
1023 1626 1434 1699 metropolitani
1463 1625 1546 1679 sui
1589 1636 1932 1694 unaquaeque
1965 1635 2095 1690 pro-

2183 445 2368 516 aliqua
2389 449 2730 503 correctione
2780 447 3022 502 dimissis
3066 448 3151 502 eis
3181 449 3458 519 capitulis,
3481 449 3797 504 auctoritati

2181 543 2378 588 vestrm
2405 535 2507 590 sub
2559 535 2685 590 ﬁdei
2736 537 3126 607 astipulatione
3182 537 3428 604 directis,
3463 554 3558 608 pro
3590 538 3800 608 quibus

2185 624 2364 678 fuerat
2392 624 2671 692 judicatus
2701 626 2767 679 ab
2793 626 3091 698 episc0pis,
3150 628 3219 682 ad
3264 645 3497 698 quorum
3524 628 3797 696 judicium

2189 720 2598 779 provocaverat,
2656 715 2960 768 secundum
3019 731 3278 786 expressa
3311 733 3590 772 sacrorum
3623 732 3797 770 cano-

2191 819 2322 857 num
2349 804 2739 874 etapostolicae
2782 806 2932 861 sedis
2973 807 3216 874 decreta,
3257 807 3553 863 Caelestino
3572 807 3797 862 dicente

2193 896 2368 962 (epist.
2392 892 2446 960 3)
2480 911 2492 946 :
2544 913 2568 943 α
2596 893 2722 958 Quae
2739 894 2887 949 enim
2919 911 2948 948 a
2971 895 3132 950 nobis
3161 912 3249 950 res
3271 896 3440 971 digna
3467 896 3801 958 servabitur,

2193 987 2238 1040 si
2268 986 2626 1040 decretalium
2649 1002 2840 1042 norma
2878 989 3300 1044 constitutorum
3353 1004 3450 1060 pro
3490 990 3803 1060 aliquorum

2196 1076 2358 1131 libitu
2381 1077 2605 1132 licentia
2659 1078 2878 1148 p0pulis
2935 1080 3223 1148 permissa,
3277 1080 3602 1151 frangatur?
3633 1102 3656 1130 ι)
3687 1081 3806 1134 Mox

2197 1176 2393 1224 vestrae
2425 1170 2679 1240 potestati
2725 1169 3164 1239 placueritillum
3185 1172 3496 1238 restituere,
3528 1181 3586 1226 ut
3619 1171 3810 1241 prima?

2199 1263 2349 1317 sedis
2372 1271 2426 1317 et
2482 1263 2672 1318 matris
2701 1280 2765 1318 ac
2829 1265 3102 1337 magistra
3158 1265 3408 1320 omnium
3440 1265 3808 1319 Ecclesiarum

2198 1353 2496 1425 pontificis,
2527 1362 2961 1427 cunctorumque
3003 1357 3388 1427 episc0porum
3436 1356 3606 1426 patris
3645 1365 3811 1427 atque

2199 1450 2443 1524 magistri
2509 1452 2757 1524 regulare
2812 1451 3080 1520 judicium
3133 1450 3275 1505 ferre
3324 1451 3601 1515 convenit,
3649 1467 3810 1522 aequo

2199 1542 2380 1596 animo
2403 1540 2593 1595 feram.
2635 1541 2808 1596 Credo
2851 1548 3034 1596 tamen
3074 1541 3554 1615 diligentissimam
3597 1543 3810 1597 discre-

2203 1633 2408 1687 tionem
2467 1628 3090 1702 vestram'provisuram
3157 1639 3534 1701 contemptum
3591 1647 3812 1686 accou-

786 1679 998 1694 w------,
1404 1679 1407 1680 ν
1723 1679 1734 1694 .
1846 1679 1859 1692 .
1968 1679 1980 1690 .
2205 1679 2408 1687 -.ν-ν.--
2479 1679 2703 1686 .-ν-ω..-
2751 1679 3090 1702 νηηηη---
3161 1679 3534 1701 ---ην-τη---
3592 1679 3654 1686 ..ν
3679 1679 3782 1686 ----

489 1720 669 1774 vincia
690 1719 741 1772 in
773 1719 1033 1773 omnibus
1071 1717 1237 1770 rebus
1293 1712 1701 1768 ordinationem
1749 1723 1969 1778 semper
2006 1723 2103 1761 ex»
2129 1679 2182 1745 B
2203 1723 2494 1779 tumaciam
2528 1722 2898 1791 subjecjorum
2927 1737 3055 1792 erga
3097 1721 3351 1792 ριεεειειοε
3380 1736 3531 1786 suos,
3562 1732 3617 1776 οι
3644 1723 3817 1776 liber-

492 1820 723 1882 spectet,
744 1812 886 1865 sicut
905 1811 1169 1880 scriptum
1199 1807 1349 1862 estin
1369 1806 1588 1860 Nicaeno
1607 1802 1844 1858 concilio
1866 1803 2000 1870 (can.
2021 1801 2098 1871 5),

494 1905 712 1960 utsicut
741 1904 888 1974 apud
919 1900 1323 1966 Alexandriam,
1353 1898 1484 1970 quia
1504 1907 1558 1952 et
1583 1896 1739 1951 urbis
1771 1895 1953 1949 Roma:
1973 1893 2099 1963 epi-

493 2012 660 2067 scopo
691 1994 879 2066 parilis
907 2009 1026 2047 mos
1055 1999 1154 2045 est.
1198 1991 1459 2044 Similiter
1485 1997 1540 2043 et
1559 1988 1704 2059 apud
1738 1985 2100 2050 Antiochiam,

492 2096 830 2157 caeterasque
859 2082 1192 2154 provincias,
1224 2081 1337 2135 suis
1366 2079 1654 2151 privilegia
1681 2085 1971 2132 serventur
2000 2076 2103 2129 Ec-

493 2180 694 2235 clesiis.
724 2202 748 2223 »
781 2199 805 2224 α
828 2176 981 2230 Unde
1027 2174 1172 2228 bene
1222 2173 1424 2244 placuit
1456 2173 1469 2241 (
1498 2173 1667 2237 1bid.,
1709 2187 1830 2224 can.
1867 2168 1915 2234 5)
1947 2167 2105 2221 annis

493 2269 729 2344 singulis
761 2284 859 2339 per
887 2279 1334 2335 unamquamque
1364 2263 1704 2334 provinciam
1741 2263 1826 2317 bis
1877 2264 1931 2316 in
1961 2277 2105 2317 anno

493 2359 726 2415 concilia
781 2355 1074 2420 celebrari,
1139 2361 1198 2408 ut
1255 2353 1625 2408 communiter
1653 2353 1913 2408 omnibus
1940 2352 2104 2405 simul

492 2446 772 2518 episc0pis
797 2443 1148 2517 congregatis
1166 2441 1485 2513 provincia,
1510 2441 1881 2497 discutiantur
1909 2441 2107 2509 hujus-

492 2536 642 2592 modi
682 2534 1031 2605 quaestiones.
1064 2552 1089 2582 »

570 2649 592 2678 ι
627 2628 690 2681 Et
707 2628 822 2680 haec
837 2621 1279 2694 dico,non,quod
1300 2621 1464 2687 absit,
1491 2621 1858 2691 praejudicans
1878 2635 2106 2675 summae

492 2720 640 2776 sedis
666 2717 1006 2790 apostolicae,
1049 2721 1103 2769 et
1152 2713 1327 2768 sancti
1356 2714 1698 2783 apostolatus
1723 2713 1890 2768 vestri
1925 2713 1981 2766 in
2008 2713 2109 2767 ali-

491 2825 602 2880 quo
633 2813 981 2879 potestatem,
1017 2803 1102 2858 cui
1166 2802 1222 2855 in
1254 2801 1514 2856 omnibus
1544 2816 1688 2868 sum,
1715 2801 1858 2856 sicut
1895 2808 2106 2856 rectum

493 2909 596 2965 est,
626 2897 856 2955 obedire
905 2903 1142 2966 paratus.
1203 2893 1309 2948 Sed
1378 2892 1508 2963 quia
1537 2907 1766 2947 summa;
1794 2892 2106 2947 auctoritati

494 2995 686 3044 vestra:
714 2984 1045 3055 obsequium
1096 2989 1354 3054 praestare
1417 2996 1503 3034 me
1553 2987 1706 3052 puto,
1740 2997 1864 3035 cum
1890 2997 1954 3035 ea
1985 2997 2107 3052 qum

2206 1825 2370 1872 tatem
2389 1817 2616 1887 impune
2633 1815 2996 1887 delinquendi
3014 1824 3202 1870 contra
3223 1831 3466 1870 canones
3481 1832 3819 1887 sacrosque

2207 1905 2332 1959 hinc
2361 1905 2413 1958 in
2445 1906 2648 1960 nostris
2702 1904 3021 1976 regionibus
3073 1910 3331 1974 poterunt
3375 1906 3452 1974 (ut
3482 1905 3821 1976 quibusdam

2203 2002 2440 2070 videtur)
2463 2002 2653 2056 noxias
2694 2001 2839 2056 vires
2882 2000 3173 2070 accipere:
3205 1999 3512 2070 praesertim
3560 2016 3686 2055 cum
3731 2018 3823 2054 sa-

2206 2091 2561 2162 pientissimae
2594 2090 2905 2146 auctoritati
2955 2097 3148 2144 vestrae
3196 2098 3409 2145 constet
3441 2106 3562 2146 esse
3586 2093 3819 2147 notissi-

2208 2195 2377 2246 mum,
2397 2180 2778 2234 demonstrare
2829 2177 3153 2232 Sardicense
3183 2177 3477 2232 concilium
3499 2177 3555 2230 in
3581 2175 3822 2245 septimo

2207 2285 2306 2325 suo
2331 2269 2568 2340 capitulo
2594 2286 2606 2321 :
2635 2267 2873 2340 qualiter
2895 2264 3095 2335 dejecti
3115 2272 3169 2320 et
3207 2265 3276 2319 ad
3293 2281 3352 2320 se
3378 2265 3668 2320 clamantis
3690 2264 3820 2335 epi—

2206 2359 2359 2430 scopi
2383 2357 2766 2424 restitutionis,
2811 2356 2898 2412 vel
2943 2356 2998 2410 in
3033 2354 3382 2425 depositione
3417 2355 3829 2425 permansionis

2211 2449 2508 2515 exsecutio,
2531 2465 2654 2504 cum
2683 2447 3044 2502 indemnitate
3075 2445 3404 2516 simpliciter
3449 2446 3822 2514 judicantium

2210 2544 2278 2597 ab
2300 2543 2599 2614 apostolica
2641 2543 2772 2597 sede
2825 2541 3028 2596 debeat
3055 2539 3347 2596 celebrari.
3381 2539 3534 2603 Quod
3557 2548 3612 2595 et
3655 2542 3825 2595 Inno-

2209 2639 2442 2704 centius,
2469 2654 2532 2693 ac
2573 2637 2906 2704 Bonifacius,
2959 2651 3146 2691 verum
3171 2634 3295 2689 ‘Leo
3349 2634 3402 2688 in
3449 2635 3692 2689 decretis
3717 2637 3830 2704 {ubi

2208 2730 2420 2798 supra),
2445 2735 2499 2782 et
2516 2725 2814 2799 Gregorius
2843 2723 3159 2779 exidcntius
3197 2721 3252 2774 in
3277 2721 3529 2790 epistolis
3565 2720 3687 2774 suis
3727 2721 3828 2774 de-

2211 2826 2536 2887 monstrant,
2571 2817 3016 2891 Carthaginensis
3037 2814 3281 2880 concilii,
3334 2813 3443 2868 imo
3502 2813 3829 2883 apostolica?

2208 2915 2387 2980 Sedis,
2417 2929 2537 2985 qua:
2564 2912 2622 2966 in
2661 2912 2778 2967 suis
2822 2911 3004 2966 eidem
3063 2908 3324 2980 prmsedit
3352 2906 3574 2962 vicariis
3603 2906 3832 2960 decreta

2207 3012 2506 3076 sequentes
2534 3005 2707 3073 (Cone.
2747 3001 2932 3057 ϐαι-τὴ.
2992 3015 3070 3063 ιιι,
3113 3014 3234 3054 can.
3272 2998 3354 3068 10)
3394 3015 3406 3051 :
3449 3017 3474 3048 oi
3503 2996 3774 3050 Videlicet
3799 3013 3832 3049 a

495 3079 700 3146 sentio,
733 3084 826 3132 aut
873 3076 942 3131 ad
991 3074 1396 3146 probationem,
1459 3079 1552 3127 aut
1584 3072 1652 3127 ad
1707 3073 2102 3127 correctionem

2208 3045 2506 3076 ecquos“...
2535 3045 2707 3073 \wm.
2749 3045 2932 3057 υν..
3115 3045 3233 3054 π...
3277 3045 3353 3068 _-,
3394 3045 3406 3051 -
3454 3045 3474 3048 --
3518 3045 3773 3050 --_-__---
3801 3045 3832 3049 _

2210 3095 2634 3167 quibuscunque
2648 3082 2935 3162 judicibus
2956 3088 3346 3145 ecclesiasticis
3357 3087 3425 3143 ad
3445 3087 3584 3143 alios
3604 3087 3835 3155 judices

496 3173 780 3228 humiliter
808 3168 1099 3240 sapientiae
1125 3167 1292 3222 vestri
1325 3164 1625 3239 magisterii
1655 3164 1838 3234 pando
1871 3180 1885 3232 ;
1920 3173 1974 3219 et
2003 3165 2111 3220 Ro-

494 3260 644 3315 thadi
683 3274 867 3314 mores
897 3256 1055 3312 vobis
1106 3255 1363 3309 intimare
1395 3268 1651 3324 procuro,
1686 3269 1756 3307 ne
1787 3270 1909 3308 mea
1931 3254 2111 3326 negli-

493 3350 702 3426 gentia,
730 3348 825 3426 qui
859 3363 956 3403 eos
974 3347 1123 3413 novi,
1156 3361 1253 3400 vos
1278 3345 1507 3412 lateant,
1567 3351 1842 3414 quatenus
1902 3345 2108 3400 certius

493 3424 642 3517 quod
671 3424 828 3499 vobis
858 3441 1129 3512 placuerit
1154 3440 1223 3494 de
1281 3440 1375 3494 illo
1427 3455 1560 3494 vera
1591 3438 1891 3494 auctoritas
1920 3440 2113 3495 decer-

494 3547 627 3587 nere
649 3532 843 3586 valeat.
897 3529 1068 3592 Quem
1113 3528 1158 3582 si
1181 3543 1328 3583 nunc
1357 3527 1411 3580 in
1445 3526 1813 3596 dispositione
1839 3527 2110 3595 judicium

493 3631 737 3679 vestrum
776 3637 1001 3676 manere
1044 3619 1378 3684 decreverit,
1433 3618 1642 3673 scimus
1666 3618 1735 3673 de
1767 3619 2112 3693 benignitate

494 3722 550 3770 et
573 3713 842 3770 modestia
882 3728 945 3767 ac
970 3712 1176 3782 pietate
1226 3710 1321 3764 ﬁlii
1376 3709 1541 3766 vestri
1588 3710 1776 3765 domui
1808 3710 1978 3765 nostri
2008 3711 2112 3765 Ka-

491 3804 616 3869 roli,
650 3802 914 3874 quoniam
962 3799 1233 3870 quidquid
1275 3798 1345 3852 de
1378 3797 1471 3853 illo
1528 3797 1750 3868 praefato
1779 3796 1895 3853 filio
1927 3807 2109 3854 vestro

492 3894 868 3967 praeceperitis
889 3899 944 3947 et
975 3890 1378 3946 rationabiliter
1406 3889 1950 3960 poteritadimplere,
1987 3891 2108 3945 sine

492 3988 604 4041 ulla
642 3984 1030 4040 retractatione
1069 3982 1312 4036 obediet.
1357 3981 1464 4034 Sed
1497 3988 1552 4035 et
1577 3981 1896 4052 coepisc0pi
1930 3982 2106 4037 nostri

492 4075 562 4127 de
594 4073 959 4127 Ecclesiarum
1017 4085 1241 4123 suarum
1286 4068 1584 4138 stipendiis
1627 4069 2106 4125 abundantissime

493 4162 573 4216 illi
596 4161 938 4231 impendent.
969 4158 1085 4211 Mea
1115 4157 1280 4210 etiam
1298 4156 1590 4228 exiguitas,
1635 4157 1779 4211 sicut
1825 4175 2107 4230 nunquam

493 4253 563 4306 ad
591 4249 1014 4305 retributionem
1065 4248 1192 4300 mali
1250 4252 1477 4316 propter
1515 4255 1861 4316 contemptus
1891 4257 1945 4304 et
1975 4265 2113 4304 con-

493 4343 746 4398 tumelias
784 4342 852 4396 ab
895 4341 988 4396 illo
1035 4340 1168 4393 mihi
1228 4339 1406 4393 illatas
1465 4340 1753 4410 pervenire
1808 4340 1957 4396 volui
1992 4359 2006 4407 ;
2039 4343 2110 4398 ita

2212 3186 2635 3253 ecclesiasticos,
2657 3184 2753 3239 ubi
2780 3190 2865 3238 est
2922 3182 3098 3250 major
3149 3181 3469 3247 auctoritas,
3499 3179 3667 3234 fuerit
3699 3195 3834 3249 pro-

2211 3288 2483 3346 vocatum,
2509 3294 2618 3334 non
2647 3277 2729 3332 eis
2744 3277 2908 3343 obsit,
2942 3289 3176 3346 quorum
3210 3272 3376 3328 fuerit
3403 3272 3584 3328 soluta
3609 3281 3837 3326 senten-

2213 3368 2310 3434 tia,
2331 3367 2374 3422 si
2406 3366 2659 3422 convinci
2707 3380 2818 3420 non
2867 3362 3174 3434 potuerint,
3224 3361 3311 3417 vel
3362 3361 3589 3416 inimico
3639 3361 3835 3414 animo

2209 3459 2512 3529 judicas‘se,
2569 3457 2653 3512 vel
2709 3456 2894 3527 aliqua
2950 3454 3255 3525 cupiditate
3289 3459 3382 3507 aut
3413 3452 3590 3527 gratia
3622 3451 3835 3522 depra-

2213 3551 2349 3608 vari.
2373 3571 2397 3603 ι)
2430 3550 2584 3606 Unde
2607 3549 2767 3605 nobis
2795 3556 2851 3603 et
2885 3545 3225 3603 conscientia
3279 3543 3832 3612 testimoniumper—

2214 3642 2388 3709 hibet,
2441 3649 2495 3696 et
2524 3640 2786 3696 omnibus
2831 3639 2924 3710 qui
2973 3636 3345 3692 interfuerunt
3391 3643 3580 3691 notum
3622 3633 3828 3688 factum

2210 3733 2380 3789 fuisse
2429 3732 2794 3806 dignoscitur,
2849 3729 3112 3802 quoniam
3171 3728 3325 3782 illum
3380 3741 3602 3782 servare
3658 3742 3831 3797 quam

2204 3823 2458 3892 judicare
2511 3819 2882 3887 maluimus,si
2937 3835 3038 3890 pro
3083 3832 3362 3873 sacrorum
3423 3830 3698 3870 canonum
3734 3831 3836 3869 ne-

2209 3913 2389 3988 glectu
2415 3927 2604 3967 eorum
2630 3908 2863 3979 judicio,
2890 3923 2990 3979 per
3018 3922 3158 3979 quos
3185 3905 3394 3976 Spiritu
3419 3912 3609 3960 sancto
3640 3904 3826 3975 inspi-

2210 4012 2362 4058 rante
2387 3999 2716 4072 promulgati
2747 4007 2895 4062 sunt,
2947 4013 3071 4052 cum
3105 4012 3172 4051 eo
3218 4011 3383 4067 quem
3412 3994 3692 4065 corrigere
3724 4012 3823 4049 ne-

2210 4092 2526 4164 quibamus,
2559 4088 2807 4144 damnari
2840 4086 3048 4158 pariter
3116 4099 3228 4140 non
3259 4084 3597 4139 timeremus.
3635 4083 3698 4138 Et
3729 4084 3822 4139 id-

2209 4182 2357 4237 circo
2416 4179 2566 4234 nullo
2623 4177 2849 4232 inimico
2894 4174 3101 4241 animo,
3154 4174 3307 4228 nulla
3360 4173 3664 4242 cupiditate
3725 4182 3820 4227 aut

2211 4273 2389 4346 gratia
2419 4271 2722 4343 depravati,
2752 4269 2953 4324 ﬂentes
2980 4268 3132 4322 illius
3165 4264 3603 4338 incorrigibilem
3632 4281 3824 4322 socor-

2214 4363 2380 4429 diam,
2437 4369 2492 4416 et
2545 4358 2961 4415 irrevocabilem
3017 4356 3400 4427 pertinaciam,
3464 4356 3824 4429 regulariain

493 4433 763 4506 quidquid
793 4430 1156 4507 benignitatis
1186 4437 1398 4523 potero,
1424 4429 1790 4486 libentissime
1814 4431 2106 4488 abundan-
2126 4414 2185 4483 D
2209 4414 2574 4523 vindicia
2601 4414 2842 4507 exsecuti
2881 4414 3092 4515 sumtis,
3143 4464 3264 4520 qua,
3285 4447 3353 4501 ab
3383 4414 3450 4502 ξεο
3477 4414 3828 4517 εξερθηάρη

495 4527 604 4582 tius
623 4528 810 4593 etiam,
860 4541 1022 4597 quam
1051 4540 1292 4596 unquam
1344 4522 1590 4592 fecerim,
1629 4525 1951 4596 impendere
1979 4541 2109 4597 pro-

493 4619 717 4674 curabo.
765 4618 819 4673 Si
861 4633 992 4673 vero
1021 4617 1141 4671 sine
1171 4618 1284 4672 ulla
1340 4616 1716 4672 satisfactione
1745 4625 1854 4672 tam
1909 4618 2105 4674 diutini

493 4719 842 4783 contemptus
879 4726 1159 4767 sacrorum
1215 4726 1512 4775 canonum,
1538 4711 1761 4766 etsedis
1790 4712 2107 4783 apostolicae

493 4805 864 4868 decretorum,
896 4818 960 4856 ac
984 4817 1097 4856 sua:
1147 4801 1470 4872 metropolis
1501 4801 1796 4876 privilegii,
1823 4811 1987 4873 atque
2018 4818 2110 4873 sy-

493 4895 772 4949 nodalium
801 4893 1162 4962 judiciorum,
1191 4891 1395 4964 quibus
1452 4909 1555 4948 nec
1619 4893 1873 4962 obedire,
1917 4909 2020 4950 nec
2045 4911 2107 4949 se

493 4986 843 5041 obediturum
878 4985 944 5039 de
971 4994 1171 5040 caetero
1199 4984 1444 5054 profiteri
1486 4984 1571 5039 vel
1615 4984 1970 5040 subscribere
2000 4999 2104 5040 vo-

492 5077 688 5146 luit,et
743 5075 950 5147 absque
1019 5073 1524 5146 professione,‘vel
1569 5074 1935 5145 suscriptione
1991 5090 2106 5129 suae

492 5168 850 5223 correctionis
908 5175 960 5222 et
1009 5165 1366 5234 obedientiae,
1442 5181 1626 5222 coram
1669 5164 1931 5220 fratribus
1970 5165 2105 5232 suis,

492 5277 726 5332 quorum
760 5261 1038 5316 multotics
1091 5260 1364 5333 regularia
1395 5267 1680 5330 spreverat
1710 5259 1938 5326 monita,
1979 5275 2105 5315 cum

492 5353 622 5407 inde
645 5351 929 5422 pluraliter
958 5352 1013 5404 in
1063 5351 1264 5406 Leonis
1309 5357 1364 5404 et
1394 5349 1641 5423 Gregorii
1670 5349 1922 5420 epistolis
1963 5350 2106 5404 rele-

488 5452 666 5517 gatur.
691 5445 745 5499 Si
775 5445 960 5511 etiam,
995 5452 1051 5498 ut
1081 5444 1172 5497 illa
1225 5450 1617 5515 praetereamus
1646 5459 1770 5514 quae
1809 5442 1880 5498 ob
1910 5457 2101 5497 sacer-

488 5533 626 5589 dotii
674 5533 1065 5588 verecundiam
1105 5539 1159 5587 et
1187 5531 1552 5603 Opprobrium
1602 5531 1968 5590 saecularium.
2004 5546 2101 5585 se-

490 5637 726 5700 quentes
753 5627 1063 5684 Africanum
1091 5627 1409 5696 concilium,
1440 5643 1542 5683 nec
1571 5627 1641 5682 ad
1663 5625 2100 5682 nominationem

2209 4543 2420 4598 diutius
2445 4556 2557 4596 non
2587 4537 3061 4611 prazsumpsimus.

2287 4653 2307 4680 ε
2336 4632 2527 4686 Vestra
2553 4629 2719 4684 etiam
2750 4636 2806 4682 et
2825 4642 3040 4682 summa
3053 4623 3352 4680 auctoritas
3374 4623 3433 4677 in
3463 4622 3830 4680 decernendo

2209 4723 2457 4779 attendet
2507 4721 2827 4792 Apostolum
2878 4719 3192 4782 docentem,
3269 4715 3402 4786 quia
3457 4716 3828 4786 quorumdam

2209 4823 2434 4886 peccata
2464 4810 2834 4883 praecedentia
2863 4816 2992 4863 sunt
3021 4807 3088 4862 ad
3131 4805 3428 4876 judicium,
3459 4806 3831 4877 quorumdam

2208 4904 2374 4958 etiam
2404 4908 2460 4957 et
2487 4901 2904 4972 subsequuntur
2924 4898 2971 4968 (Ι
3001 4900 3136 4952 Tim.
3171 4898 3240 4966 v).
3268 4897 3418 4961 Quae,
3451 4895 3596 4950 sicut
3630 4895 3830 4950 beatus

2208 4991 2434 5063 exponit
2454 4988 2774 5044 Ambrosius
2805 4987 2917 5054 (lib.
2952 5003 2968 5040 1
2999 4989 3072 5040 De
3099 4987 3248 5055 apol.
3277 4984 3473 5049 David,
3504 4999 3552 5038 c.
3587 4984 3667 5054 6),
3700 4999 3765 5039 ac
3785 4983 3828 5036 si

2209 5083 2389 5155 posita
2417 5083 2474 5136 in
2496 5082 2733 5147 bilance,
2753 5080 2812 5134 in
2827 5077 3042 5148 judicio
3072 5086 3202 5132 sunt
3232 5074 3621 5140 examinanda,
3640 5082 3827 5130 utrum

2209 5173 2356 5228 bona
2393 5187 2564 5242 Opera
2592 5170 2830 5242 amplius
2870 5168 3156 5240 pensando
3186 5163 3590 5221 remuneranda
3618 5179 3828 5235 praece-

2211 5265 2363 5332 dant,
2393 5272 2448 5319 et
2495 5264 2639 5319 male
2685 5263 2828 5318 facta
2879 5261 3112 5318 minima
3158 5256 3598 5314 misericorditer
3636 5255 3828 5310 dimit-

2207 5356 2372 5412 tenda
2401 5356 2784 5412 demonstrent
2817 5371 2830 5408 :
2855 5369 2924 5408 an
2947 5353 3092 5408 male
3122 5351 3262 5406 facta
3281 5349 3519 5419 amplius
3537 5348 3828 5418 pensando

2205 5447 2539 5519 praecedant,
2597 5453 2657 5503 ut
2699 5452 3019 5501 mereantur
3049 5440 3421 5498 damnationis
3445 5439 3746 5508 judicium,
3776 5447 3827 5492 et

2205 5535 2352 5590 bona
2395 5536 2629 5607 paucula
2681 5533 2973 5590 suﬂ‘ocent.
3033 5531 3171 5597 Quia
3204 5538 3260 5587 et
3316 5545 3416 5586 nos
3464 5543 3565 5599 pro
3599 5527 3826 5584 modulo

2205 5634 2393 5682 nostro
2417 5640 2528 5682 non
2546 5624 2724 5682 solum
2763 5623 3144 5690 inutilitatem,
3176 5636 3368 5677 verum
3396 5628 3451 5674 et
3487 5617 3823 5674 noxietatem
