4012 6164
198 297 289 350 173

833 299 1158 356 1118ΤοΒ1ᾹΞ
1198 304 1526 360 ECCI.ESI/E
1566 307 1804 362 REMEN!

1932 311 2105 365 LIBRI
2149 313 2469 377 QUATUOR.
2499 347 2569 355 —
2609 318 2732 371 LIB.
2778 319 2865 372 III.

3409 327 3510 382 174

197 425 245 517 in
283 424 537 517 Iiothado
579 441 704 517 cum
757 426 914 483 factis
964 431 1078 484 suis
1119 435 1517 502 pensavimus:
1559 446 1613 490 et
1651 438 1872 511 velutA
1896 441 2200 496 secundum
2248 444 2491 512 Apostoli
2526 445 2902 517 Evangelium,
2938 447 3278 504 redditurum
3326 453 3511 508 Domi-

198 513 482 569 ﬁculneam
522 514 943 583 infructuosam,
995 526 1191 574 terram
1229 523 1546 577 rationalem
1594 525 1803 580 diutius

199 606 460 660 inutiliter
495 617 881 678 occupantem,
916 622 970 665 et
1000 612 1163 666 etiam
1188 623 1312 684 post
1342 615 1499 685 plura
1531 624 1801 687 tempora,

197 699 487 771 pluresque
519 701 950 770 admonitiones,
975 705 1132 776 quasi
1153 707 1424 777 cophinos
1445 708 1804 782 pinguedinis

197 795 290 850 sibi
319 797 608 867 appositos
638 812 747 854 non
779 801 1164 872 recipientem,
1188 806 1285 859 sed
1313 805 1555 860 sterilem
1584 823 1804 876 perma-

197 896 432 954 nentem,
457 904 571 943 non
593 888 712 943 sine
735 890 927 946 dolore
948 893 1128 947 cordis
1149 895 1539 951 succidendum
1569 885 1806 968 providi-

198 995 327 1032 mus.
355 979 422 1032 Et
451 994 575 1033 cum
603 979 720 1033 haec
751 979 822 1034 ite
853 998 911 1035 se
943 982 1202 1047 habeant,
1221 985 1430 1057 absque
1460 988 1805 1044 dubitatione

196 1065 432 1130 confido,
466 1067 595 1136 quia
626 1066 784 1133 illud,
815 1068 962 1140 quod
1007 1072 1058 1125 in
1099 1073 1322 1142 praefato
1363 1074 1807 1150 Carthaginensis

195 1159 408 1214 concilii
431 1161 614 1228 (Cone.
638 1160 671 1213 3
690 1161 876 1215 Carth.
901 1178 1021 1217 can.
1037 1166 1123 1219 10.
1144 1173 1197 1219 et
1217 1169 1531 1234 Afric.can.
1555 1170 1638 1235 89)
1655 1170 1804 1240 capi-

197 1252 302 1306 tulo
334 1252 458 1306 sine
487 1253 600 1306 ulla
632 1251 1078 1324 interpellatione
1112 1259 1488 1331 subsequitur,
1522 1262 1803 1317 decretum

197 1341 362 1394 vestri
396 1344 794 1399 moderaminis
822 1362 1172 1418 nequaquam
1206 1351 1509 1420 praeteriet:
1533 1352 1696 1418 Sane,
1718 1352 1804 1406 in-

197 1435 330 1505 quit,
363 1437 412 1490 si
454 1453 522 1490 ex
558 1453 828 1493 consensu
858 1439 1094 1509 partium
1125 1442 1288 1496 electi
1330 1442 1534 1497 fuerint
1565 1445 1805 1512 judices,

195 1527 348 1581 etiam
379 1545 412 1582 a
432 1529 690 1598 pauciore
713 1547 968 1597 numero,
993 1548 1157 1603 quam
1180 1535 1539 1590 constitutum
1571 1544 1674 1604 est,
1694 1553 1806 1593 non

195 1622 348 1678 liceat
379 1626 688 1695 provocari.
723 1627 820 1692 Qui
847 1645 1111 1684 numerus
1141 1632 1471 1688 constitutus
1501 1633 1554 1686 in
1583 1633 1804 1688 duode-

194 1714 327 1769 cimo
359 1717 637 1787 superiori
670 1719 913 1790 capitulo
945 1722 1377 1790 demonstratus,
1412 1731 1463 1778 et
1503 1740 1806 1781 consensus

194 1811 428 1878 partium
459 1811 756 1880 expetitus,
802 1813 858 1866 in
892 1814 1287 1883 dijudicatione
1315 1818 1550 1873 Rothadi
1591 1827 1805 1875 constat

193 1899 356 1953 tuisse
384 1901 712 1971 completus.
755 1901 992 1966 Quorum
1026 1911 1081 1958 et
1120 1905 1166 1958 si
1193 1905 1464 1973 judicium
1506 1924 1604 1977 pro
1664 1926 1804 1981 qua-

192 2006 408 2063 cunque
447 2008 612 2047 causa
653 1992 794 2049 forte
840 1997 1272 2065 rationabiliore,
1319 2008 1372 2056 et
1424 2001 1604 2057 adhuc
1643 2003 1805 2058 nobis

191 2083 496 2157 incOgnita,
546 2093 741 2140 vestra:
771 2102 999 2140 summa),
1045 2091 1377 2154 auctoritati,
1412 2109 1573 2163 quam
1634 2095 1803 2149 multa

190 2175 346 2229 nobis
396 2177 613 2231 occulta
660 2193 771 2232 non
833 2187 1135 2246 transeunt,
1198 2182 1467 2253 placuerit
1516 2183 1798 2257 refragari,

186 2267 307 2336 quia
335 2282 524 2321 meum
554 2273 637 2322 est
668 2285 788 2323 mea
821 2270 978 2326 vobis
1003 2271 1319 2327 obediendo
1347 2274 1710 2341 committere,
1744 2283 1798 2330 et

187 2373 288 2412 non
332 2360 551 2428 judicia
579 2369 761 2417 vestra
811 2363 1108 2431 discutere,
1155 2367 1466 2436 sustinebo,
1514 2350 1567 2424 et
1606 2377 1796 2425 contra

183 2464 418 2510 vestram
475 2457 781 2531 regularem
832 2460 1260 2525 restitutionem,
1330 2464 1377 2518 si
1426 2464 1566 2520 forte
1621 2466 1675 2520 in
1729 2484 1794 2524 eo

183 2550 400 2621 agenda
437 2549 558 2602 visa
588 2548 748 2604 fuerit
799 2549 873 2618 (in
915 2568 1021 2622 qua
1051 2561 1229 2608 vestra
1269 2555 1525 2626 disponet
1554 2559 1795 2614 auctori-

181 2646 281 2705 tas,
315 2639 563 2711 qualiter
593 2639 739 2694 idem
771 2642 964 2709 victor,
1015 2651 1076 2697 ut
1127 2645 1288 2712 solet,
1333 2654 1387 2701 et
1424 2647 1533 2702 voti
1573 2665 1800 2720 compos

182 2745 299 2800 quae
327 2739 464 2785 sunt
495 2731 739 2802 episcOpi
771 2733 838 2786 de
878 2734 1095 2805 reliquo
1134 2735 1312 2805 faciat)
1344 2754 1451 2794 non
1487 2741 1800 2796 recalcitra-

180 2821 271 2881 bo,
305 2823 528 2875 ducens
556 2837 658 2891 pro
689 2838 911 2894 magno,
940 2824 986 2878 si
1013 2841 1044 2879 a
1071 2825 1299 2881 diutinis
1331 2835 1385 2882 et
1411 2829 1601 2883 multis
1631 2830 1807 2886 mole-

181 2913 324 2978 stiis,
365 2928 510 2982 quas
539 2911 609 2966 ab
631 2913 724 2968 illo
747 2922 801 2967 et
822 2929 921 2983 pro
944 2914 1038 2970 illo
1062 2931 1255 2985 passus
1276 2932 1420 2982 sum,
1439 2917 1550 2986 jam
1585 2918 1802 2972 tandem

179 3007 488 3077 aliquando
512 3007 720 3061 valeam
751 3009 1022 3079 respirare
1055 3027 1066 3062 :
1101 3020 1155 3065 et
1186 3027 1466 3083 nunquam
1497 3013 1634 3067 mihi
1664 3029 1804 3068 con-

179 3099 359 3172 tingat
407 3099 642 3154 ulterius
672 3105 863 3155 contra
911 3102 1064 3156 illius
1094 3103 1508 3174 inquietudines
1541 3107 1808 3162 inutiliter

177 3190 458 3246 labOrare.
504 3191 567 3246 Et
605 3193 750 3263 quod
791 3208 902 3248 non
933 3194 1108 3248 solum
1141 3195 1210 3248 ab
1243 3197 1635 3252 ecclesiasticis
1666 3215 1800 3270 per-

175 3283 350 3347 sonis,
409 3299 602 3337 verum
647 3291 701 3338 et
741 3285 912 3340 multo
944 3286 1119 3360 magis
1157 3287 1322 3342 etiam
1363 3305 1391 3342 a
1446 3289 1801 3344 saecularibus

175 3385 376 3429 nostra
403 3374 618 3442 judicia
646 3385 1097 3446 contemnuntur,
1139 3388 1193 3433 et
1233 3396 1330 3450 pro
1371 3381 1543 3436 nihilo
1588 3381 1800 3437 ducun-

172 3471 279 3529 tur,
317 3463 650 3519 dicentibus
680 3466 784 3533 eis,
813 3473 867 3520 et
895 3467 962 3521 ad
993 3467 1234 3522 medium
1267 3469 1666 3526 devocantibus
1692 3473 1804 3542 illa,

172 3571 298 3624 quae
334 3555 481 3609 mihi
513 3563 708 3611 vestrae
739 3557 1053 3613 auctoritati
1084 3574 1194 3613 non
1223 3568 1352 3615 sunt
1373 3562 1721 3630 ascribenda,
1749 3575 1810 3619 ut

175 3663 284 3701 non
339 3649 597 3702 animum
629 3648 938 3704 dulcedinis
992 3657 1188 3706 vestrae
1219 3652 1276 3706 in
1305 3653 1492 3725 aliquo
1532 3671 1805 3723 moveam,

171 3741 324 3811 quod
372 3757 737 3812 summopere
790 3758 982 3798 cavere
1028 3744 1304 3800 desidero.
1339 3746 1393 3799 Si
1442 3747 1536 3818 qui
1569 3748 1624 3801 in
1674 3765 1806 3818 pro-

171 3830 360 3884 vincia
389 3837 604 3895 nostra,
638 3846 872 3901 quorum
913 3832 1139 3903 querela
1169 3833 1284 3901 (illo
1316 3834 1677 3902 restituto)ad
1709 3852 1805 3892 vos

170 3923 359 3976 valeat
387 3922 711 3992 pervenire,
754 3923 1056 3992 majoribus
1096 3925 1278 3980 causis
1306 3927 1374 3980 de
1419 3935 1618 3982 caetero
1649 3945 1802 4000 quae-

171 4013 298 4066 dam
363 4013 772 4078 commiserint,
804 4015 947 4070 sicut
1001 4016 1070 4070 de
1110 4017 1443 4087 quibusdam
1496 4019 1663 4073 rebus
1693 4020 1806 4074 fre-

170 4103 452 4172 quentius
529 4102 585 4154 in
664 4102 804 4169 istis,
869 4120 1033 4174 quam
1111 4106 1394 4161 retroactis
1467 4108 1808 4178 temporibus

170 4195 631 4260 committuntur,
683 4211 751 4250 ne
803 4214 836 4251 a
898 4198 1009 4253 Deo
1087 4199 1316 4254 damner
1404 4202 1650 4271 silentio,
1711 4219 1807 4258 eos

169 4301 547 4344 commonere
621 4289 878 4356 studebo,
912 4299 967 4345 et
1021 4292 1066 4347 si
1112 4293 1386 4368 corrigere
1431 4311 1492 4350 se
1533 4296 1808 4351 voluerint

167 4376 581 4450 congaudebo.
632 4378 727 4431 Sin
755 4386 958 4447 autem,
1019 4381 1086 4435 ad
1118 4389 1361 4437 vestrum
1407 4399 1504 4439 eos
1536 4385 1807 4452 judicium

168 4467 528 4537 provocabo.
592 4468 690 4532 Qui
723 4469 767 4522 si
814 4470 892 4524 ire
950 4470 1245 4539 voluerint,
1285 4480 1460 4526 vestra
1487 4483 1676 4528 sancta
1722 4490 1812 4528 sa-

166 4559 395 4626 pientia
455 4558 592 4629 quid
643 4558 771 4612 inde
813 4559 1020 4614 melius
1067 4560 1286 4628 viderit,
1329 4562 1630 4616 decernere
1685 4579 1812 4633 pro-

164 4651 425 4704 curabit.
478 4650 532 4703 Si
566 4657 746 4704 autem
789 4651 868 4705 ire
916 4652 1216 4719 noluerint,
1269 4652 1471 4708 facient
1505 4654 1653 4725 quod
1702 4655 1809 4709 sibi

162 4740 306 4794 utile
353 4739 759 4808 judicaverint.
809 4741 888 4795 Me
942 4742 1152 4796 utinam
1182 4743 1310 4797 hinc
1351 4760 1381 4797 a
1427 4743 1611 4798 divina
1658 4743 1806 4797 dam-

165 4829 413 4884 natione
468 4829 750 4884 sententia
779 4831 952 4885 sancti
994 4831 1267 4888 Ambrosii
1310 4832 1527 4895 liberet,
1572 4849 1679 4904 qua
1718 4832 1804 4888 di-

162 4919 240 4972 cit
269 4937 282 4972 :
320 4919 414 4984 Si,
454 4916 736 4988 inquiens,
765 4920 891 4990 quis
920 4928 1247 4990 potestatem
1281 4937 1389 4976 non
1423 4921 1610 4989 habet,
1642 4939 1805 4993 quam

165 5011 275 5064 scit
308 5027 482 5064 reum
505 5009 768 5078 abjicere,
813 5011 1164 5082 autprobare
1204 5030 1313 5069 non
1348 5014 1513 5080 valet,
1549 5014 1810 5070 immunis

165 5113 272 5158 est.
328 5103 549 5173 Sicque
594 5111 654 5157 ut
693 5111 849 5175 puto,
902 5106 1031 5175 quia
1072 5106 1127 5160 in
1161 5107 1346 5161 multis
1389 5117 1709 5178 occupatus,
1756 5117 1810 5162 et

163 5194 409 5250 itineris
470 5194 814 5267 longitudine
861 5205 1022 5270 atque
1065 5199 1120 5252 in
1183 5198 1460 5254 soliditate
1515 5199 1810 5255 obstrictus

159 5285 233 5339 de
266 5283 583 5352 omnibus,
614 5293 911 5356 antequam
952 5286 1310 5342 insolentium
1342 5287 1567 5358 querela
1603 5289 1672 5343 ad
1713 5305 1813 5343 vos

153 5377 502 5448 perveniat,
534 5376 603 5430 ad
637 5377 992 5447 apostolicam
1023 5379 1211 5433 sedem
1242 5379 1450 5434 referre
1493 5394 1604 5434 non
1634 5381 1810 5447 valeo,

155 5467 514 5523 inﬁmitate
552 5475 831 5540 gravatus,
882 5478 937 5522 et
987 5468 1211 5542 (gratias
1250 5470 1384 5536 Deo)
1428 5469 1663 5525 termino
1700 5471 1812 5538 jam

1905 549 2033 585 num
2081 533 2380 605 unicuique
2429 536 2731 590 secundum
2768 553 2933 608 Opera
2968 543 3088 608 ejus
3127 541 3215 611 (ΙΙ
3263 543 3382 599 Cor.
3439 548 3507 614 v),

1904 621 2281 676 testimonium
2327 623 2595 678 reddente
2647 624 2753 678 illis
2809 628 3149 684 conscientia
3203 633 3374 698 (Rom.
3431 636 3511 704 ιι),

1903 719 1958 766 et
1987 711 2130 766 inter
2173 729 2232 767 se
2275 713 2510 769 invicem
2557 716 2948 789 cogitationum
2979 722 3376 788 accusantium,
3420 735 3514 781 aut

1904 803 2068 858 etiam
2101 805 2538 874 defendentium,
2585 807 2641 860 in
2701 807 2792 861 die
2839 824 2947 880 qua
2990 809 3264 878 judicabit
3304 816 3514 870 occulta

1906 896 2210 951 hominum.
2247 897 2309 952 Et
2346 903 2405 970 ut
2445 898 2550 952 Leo
2581 898 2716 954 dicit
2747 916 2760 952 :
2816 898 2868 952 Si
2908 900 3041 970 quid
3073 918 3171 971 per
3196 906 3512 962 servitutem

1907 993 2147 1040 nostram
2207 986 2463 1040 videlicet
2517 987 2934 1055 sacerdotalem,
2997 987 3143 1044 bono
3208 993 3404 1047 ordine
3461 1002 3516 1048 et

1906 1077 2233 1150 gratulando
2280 1077 2540 1148 impletur
2592 1077 2811 1146 aﬂ‘ectu,
2860 1094 2968 1134 non
3027 1081 3369 1155 ambigamus
3421 1101 3518 1154 per

1905 1165 2167 1236 Spiritum
2207 1173 2454 1221 sanctum
2488 1166 2648 1222 nobis
2696 1167 2869 1223 fuisse
2918 1170 3224 1235 donatum;
3285 1181 3340 1226 et
3370 1175 3518 1242 quod

1905 1270 2068 1309 secus
2111 1254 2295 1323 fuerit,
2328 1263 2504 1310 ratum
2539 1271 2660 1310 esse
2687 1272 2795 1310 non
2830 1259 3032 1328 poterit
3059 1277 3072 1312 :
3131 1261 3312 1314 modis
3339 1263 3522 1316 omni-

1905 1345 2033 1413 bus,
2077 1353 2344 1417 quantum
2388 1346 2506 1417 ipse
2535 1347 2841 1412 donaverit,
2883 1366 2912 1402 a
2947 1365 3056 1420 quo
3086 1357 3168 1404 est
3213 1367 3378 1406 omne
3424 1353 3523 1407 da—

1911 1443 2022 1490 tum
2070 1437 2338 1507 Optimum
2371 1443 2426 1491 et
2479 1453 2645 1492 omne
2691 1438 2895 1493 donum
2936 1439 3239 1510 perfectum
3270 1444 3402 1508 (Jac.
3460 1448 3519 1508 l),

1909 1525 2198 1594 providere
2229 1525 2488 1591 studebo,
2521 1541 2592 1579 ne
2621 1542 2652 1580 a
2694 1527 3084 1582 communione
3115 1528 3265 1582 sedis
3295 1539 3521 1599 aposto-

1908 1613 2027 1668 licae
2051 1615 2216 1684 (quod
2245 1613 2406 1683 absit)
2424 1615 2850 1683 quolibetmodo
2867 1623 3138 1670 extorrem
3177 1634 3266 1671 me
3297 1619 3522 1674 ultimus

1907 1704 2045 1759 dies.
2081 1705 2172 1775 qui
2209 1703 2344 1758 mihi
2379 1704 2622 1760 incertus
2661 1712 2766 1772 est,
2802 1713 2856 1761 et
2885 1705 3071 1761 subito
3098 1708 3290 1762 venire
3315 1716 3518 1778 potest,

1832 1764 1881 1831 B
1906 1795 2168 1851 inveniat.
2215 1796 2323 1851 Erit
2360 1796 2530 1863 enim,
2561 1797 2812 1868 quamvis
2849 1798 3061 1853 tardius
3099 1815 3262 1870 quam
3296 1816 3523 1855 necesse

1904 1891 1994 1957 sit,
2050 1891 2312 1963 quoniam
2365 1907 2469 1964 ego
2519 1892 2700 1964 gravis
2748 1900 3045 1964 peccator,
3105 1895 3255 1969 gravi
3303 1911 3522 1951 carcere

1905 1984 2154 2054 corporis
2211 1984 2304 2039 diu
2365 1984 2611 2040 inclusus
2671 1993 2902 2053 teneor,
2963 1988 3162 2043 merito
3222 1990 3274 2043 in
3333 1990 3522 2044 multis

1903 2080 2162 2148 afﬂictus,
2221 2081 2716 2152 providentissimo
2770 2080 3002 2136 Domino
3060 2081 3408 2152 providente,
3467 2091 3521 2137 et

1903 2177 2140 2239 tempus,
2187 2177 2245 2223 et
2275 2187 2514 2240 persona
2545 2170 2600 2224 in
2632 2170 2933 2224 Remorum
2983 2170 3242 2236 Ecclesia,
3274 2171 3518 2242 quando,

1901 2266 1956 2313 et
1987 2259 2041 2312 in
2077 2275 2184 2329 qua
2207 2258 2276 2312 ab
2309 2261 2610 2330 apostolica
2641 2259 2963 2315 auctoritate
2995 2260 3345 2332 privilegium
3381 2261 3522 2315 inte-

1895 2364 2109 2427 gratum
2168 2355 2274 2410 sibi
2328 2372 2392 2410 ex
2428 2355 2658 2427 antiqua
2700 2353 3107 2410 consuetudine
3163 2357 3419 2410 collatum
3465 2365 3520 2410 et

1896 2458 2277 2505 conservatum
2344 2450 2678 2504 habebitur:

1904 2540 2150 2596 Romano
2180 2539 2464 2612 pontifice,
2524 2540 2811 2610 primatem
2864 2539 3077 2606 habuit,
3122 2540 3230 2593 nisi
3272 2540 3518 2611 quandiu

1904 2636 2082 2701 ejecto
2113 2633 2236 2687 sine
2266 2632 2380 2687 ullo
2412 2631 2641 2686 crimine
2668 2631 2737 2685 ab
2769 2647 2834 2686 ea
2856 2647 2956 2686 suo
2996 2629 3279 2702 pontifice,
3307 2632 3521 2686 violen-

1904 2723 1980 2778 tia
2022 2717 2242 2794 tyranni
2295 2722 2534 2788 Milonis,
2584 2729 2831 2792 tempore
2881 2721 3059 2776 [Caroli
3101 2721 3369 2792 principis
3421 2739 3521 2793 pa-

2746 2465 2869 2520 qum
2925 2465 3227 2520 nunquam,
3289 2456 3518 2520 excepto

1909 2819 2057 2866 store
2113 2827 2333 2874 vacans,
2403 2809 2678 2865 Bonifacio
2740 2809 3055 2880 apostolicae
3112 2811 3262 2864 sedis
3317 2811 3522 2882 legato,

1908 2903 2250 2974 aliquandiu,
2281 2903 2424 2957 sicut
2462 2910 2516 2956 et
2552 2901 2796 2956 Ecclesia
2825 2901 3201 2964 Treverensis,
3232 2902 3522 2956 commissa

1910 2999 2028 3055 fuit.
2067 3002 2217 3055 [nter
2245 3016 2403 3071 quas,
2439 2999 2766 3054 Remensem
2803 2999 3013 3053 scilicet
3042 3007 3096 3052 et
3124 2998 3520 3053 Treverensem

1910 3093 2204 3149 Ecclesiam
2240 3093 2356 3164 (bas
2401 3092 2551 3147 enim
2583 3091 2723 3146 duas
2775 3098 2985 3146 tantum
3045 3090 3355 3161 provincias
3402 3091 3525 3144 Bel-

1910 3186 2034 3260 gica
2069 3185 2222 3258 regio
2270 3184 2461 3256 habet)
2492 3185 2608 3239 haec
2647 3199 2866 3254 semper
2909 3182 3194 3237 distinctio
3227 3182 3351 3249 fuit,
3380 3182 3524 3237 sicut

1913 3283 1967 3336 in
1994 3279 2378 3336 ecclesiasticis
2406 3278 2782 3334 monumentis
2810 3277 3145 3342 invenimus,
3178 3285 3232 3330 et
3262 3277 3523 3331 vetustis-

1910 3378 2103 3432 simam
2144 3376 2605 3431 consuetudinem
2636 3390 2856 3444 semper
2899 3371 3211 3428 obtinuisse
3242 3372 3522 3442 comperi-

1909 3482 2056 3533 mus,
2097 3471 2158 3518 ut
2212 3464 2384 3519 isdem
2423 3463 2721 3534 episcopus
2777 3476 2888 3516 non
2930 3460 3054 3527 loci,
3104 3460 3200 3515 sed
3257 3460 3526 3534 dignitate

1909 3559 2121 3616 ordinis
2165 3558 2316 3630 prior
2361 3557 2664 3614 secundum
2713 3573 2897 3612 sacras
2951 3556 3168 3630 regulas
3210 3555 3526 3611 haberetur.

1911 3655 2004 3727 qui
2033 3654 2176 3710 foret
2206 3653 2262 3707 in
2294 3653 2542 3724 qualibet
2572 3652 2795 3707 istarum
2839 3651 3204 3706 Ecclesiarum
3234 3650 3524 3720 metropoli

1905 3757 2066 3805 antea
2113 3750 2417 3804 ordinatus.
2453 3748 2583 3803 Mihi
2612 3762 2746 3802 vero
2782 3742 3012 3801 neceSse
3051 3747 3177 3811 erit,
3229 3761 3314 3798 me
3347 3745 3530 3798 taliter

1886 3857 2120 3921 gerere,
2165 3857 2234 3896 ne
2274 3840 2439 3895 toties
2492 3837 2833 3894 auctoritatis
2871 3845 3066 3892 vestrae
3116 3835 3380 3906 epistolas
3427 3851 3525 3888 ex-

1903 3935 2436 3992 communicationes
2457 3933 2797 3988 intentantes
2828 3939 2882 3986 et
2909 3929 3363 4004 objurgationes;
3390 3944 3527 3999 quas

1907 4041 2028 4081 raro
2072 4031 2127 4080 et
2156 4041 2356 4097 magna
2399 4023 2729 4079 necessitate
2769 4020 2984 4076 ﬁendas
3024 4022 3080 4075 in
3140 4019 3521 4091 apostolorum

1905 4115 2150 4171 virorum
2195 4112 2396 4168 litteris
2442 4111 2700 4187 legimus,
2761 4109 3004 4164 ferentes
3058 4109 3126 4163 de
3178 4108 3393 4179 reliquo
3435 4123 3527 4162 ac-

1910 4202 2133 4274 cipiam,
2155 4201 2297 4256 sicut
2327 4201 2446 4255 istis
2467 4198 2830 4271 temporibus,
2873 4198 3112 4269 peccatis
3142 4198 3284 4252 meis
3305 4213 3528 4252 meren-

1909 4294 2058 4348 tibus
2107 4293 2425 4364 frequenter
2473 4292 2682 4362 accepi.
2726 4290 2879 4355 Quod
2934 4291 2978 4344 si
3020 4289 3292 4344 sanctitati
3333 4297 3526 4344 vestrae

1909 4382 2200 4453 placuerit,
2226 4397 2336 4436 non
2365 4380 2525 4435 vobis
2573 4395 2714 4451 opus
2740 4395 2904 4453 agere
2935 4379 2990 4432 in
3019 4378 3364 4448 postmodum
3403 4379 3523 4444 erit,

1911 4471 2091 4526 donec
2119 4469 2424 4539 apostolica
2452 4475 2632 4523 vestra
2665 4468 2842 4535 jussio
2885 4483 2972 4521 me
3013 4466 3429 4521 inobedientem
3472 4466 3527 4518 in

1912 4559 2099 4629 aliquo
2129 4566 2320 4612 contra
2350 4557 2571 4629 regulas
2599 4572 2781 4610 sacras
2812 4572 2914 4626 per
2943 4562 3342 4626 contemptum,
3378 4554 3526 4626 quod

1912 4648 2075 4714 absit,
2112 4647 2403 4703 invenerit.
2438 4647 2537 4710 Qui
2570 4647 2717 4701 enim
2758 4663 2928 4717 quare
2961 4645 3225 4700 Dominus
3255 4645 3309 4698 in
3351 4645 3530 4698 Evan-

1909 4741 2056 4814 gelio
2085 4739 2427 4794 centurionis
2458 4737 2623 4793 ﬁdem
2655 4740 2794 4806 (sub.
2820 4737 3148 4805 laudaverit,
3181 4739 3264 4791 vel
3288 4737 3424 4806 quid
3455 4739 3532 4790 si-

1905 4836 2071 4903 mile),
2105 4834 2384 4889 dicentis:
2431 4833 2526 4889 Dic
2574 4833 2746 4889 verbo
2781 4842 2835 4888 et
2875 4832 3159 4887 sanabitur
3199 4847 3334 4904 puer
3373 4847 3532 4885 meus

1908 4931 2123 4998 (Matth.
2143 4928 2278 4997 vin),
2300 4927 2564 5000 intelligit
2584 4943 2748 4998 quam
2767 4926 3140 4998 operatorium
3170 4925 3240 4980 sit
3257 4925 3528 4996 epiSCOpi,

1911 5017 2022 5073 imo
2069 5017 2212 5072 sicut
2270 5018 2325 5070 in
2377 5016 2541 5071 Paulo
2607 5016 2662 5070 in
2724 5031 2782 5070 se
2840 5014 3117 5086 loquentis
3182 5013 3380 5068 Christi
3445 5014 3538 5084 (ΙΙ

1913 5109 2035 5164 Cor.
2073 5109 2212 5180 xm},
2253 5108 2474 5180 quando
2510 5107 2687 5181 magis
2725 5104 3005 5178 pontificis
3031 5104 3349 5176 apostolicae
3381 5103 3534 5158 sedis

1911 5203 2164 5266 verbum,
2199 5212 2254 5259 et
2299 5220 2469 5276 quam
2519 5201 2834 5258 obedienda
2863 5201 2935 5256 sit
2982 5200 3157 5271 ipsius
3210 5199 3532 5270 praeceptio,

1913 5296 2077 5351 etiam
2123 5298 2245 5350 sine
2285 5295 2396 5349 ulla
2428 5293 2796 5362 adjurationis
2845 5292 3177 5362 adjectione,
3225 5289 3528 5366 cognoscit.

1917 5390 2070 5455 Quod
2103 5398 2156 5446 et
2198 5389 2503 5445 scientibus
2549 5387 2846 5455 inculcare,
2889 5396 2944 5442 et
2974 5385 3353 5442 nescientibus
3404 5383 3538 5438 inti—

1913 5500 2086 5550 mare,
2125 5484 2473 5555 sapientibus
2511 5490 2566 5538 et
2606 5483 2999 5555 insipientibus
3037 5482 3324 5537 debitores
3363 5479 3538 5533 debe-

151 5558 426 5619 vicinus,
465 5563 660 5625 potero
691 5572 1023 5628 praecavere,
1066 5573 1135 5612 ne
1166 5574 1198 5612 a
1228 5573 1560 5630 quocunque
1609 5558 1816 5613 sancti-

145 5648 292 5702 tatis
343 5651 562 5699 vestrze
611 5644 829 5700 animus
865 5661 994 5718 erga
1043 5661 1130 5701 me
1176 5655 1483 5715 moveatur,
1534 5654 1595 5702 ut
1630 5647 1813 5719 aliqua

150 5735 300 5790 mihi
351 5733 866 5790 excommunicatio
926 5735 1246 5791 intentetur.
1289 5735 1349 5790 Et
1391 5736 1522 5790 licet
1561 5736 1810 5792 noverim

1914 5591 2044 5629 mus
2069 5574 2335 5646 epiSCOpi.
2366 5573 2573 5639 Quibus
2602 5573 2646 5628 si
2680 5574 2750 5629 de
2781 5574 2995 5644 reliquo
3026 5571 3194 5627 verba
3221 5557 3536 5640 iniquorum

1914 5664 2307 5736 praevaluerint
2359 5663 2651 5719 adversum
2693 5677 2817 5729 nos,
2860 5661 3002 5715 sicut
3057 5658 3314 5729 jactitant
3362 5653 3540 5726 profe-

1917 5763 2123 5824 rentes,
2155 5769 2263 5809 non
2295 5754 2397 5809 erit
2438 5769 2664 5808 necesse
2705 5753 2772 5806 de
2813 5749 3247 5822 provincialibus
3286 5744 3538 5820 synodis:
