  <div class='ocr_page' id='page_1' title='image "/cluster/home/n/w/nwhite01/storage/ocr_20150623/135/hvd.32044054759956/093.png"; bbox 0 0 4012 6164; ppageno 0'>
   <div class='ocr_carea' id='block_1_1' title="bbox 517 272 622 326">
    <p class='ocr_par' dir='ltr' id='par_1_1' title="bbox 517 272 622 326">
     <span class='ocr_line' id='line_1_1' title="bbox 517 272 622 326; baseline -0.019 0"><span class='ocrx_word' id='word_1_1' title='bbox 517 272 622 326; x_wconf 76' lang='lat'>175</span> 
     </span>
    </p>
   </div>
   <div class='ocr_carea' id='block_1_2' title="bbox 1640 264 2719 322">
    <p class='ocr_par' dir='ltr' id='par_1_2' title="bbox 1640 264 2719 322">
     <span class='ocr_line' id='line_1_2' title="bbox 1640 264 2719 322; baseline 0.002 -2"><span class='ocrx_word' id='word_1_2' title='bbox 1640 264 2003 321; x_wconf 81' lang='lat' dir='ltr'>FLODOARDI</span> <span class='ocrx_word' id='word_1_3' title='bbox 2047 264 2347 320; x_wconf 78' lang='lat' dir='ltr'>CANONICI</span> <span class='ocrx_word' id='word_1_4' title='bbox 2389 266 2719 322; x_wconf 84' lang='lat' dir='ltr'>REMENSIS</span> 
     </span>
    </p>
   </div>
   <div class='ocr_carea' id='block_1_3' title="bbox 3734 275 3830 328">
    <p class='ocr_par' dir='ltr' id='par_1_3' title="bbox 3734 275 3830 328">
     <span class='ocr_line' id='line_1_3' title="bbox 3734 275 3830 328; baseline 0.01 -1"><span class='ocrx_word' id='word_1_5' title='bbox 3734 275 3830 328; x_wconf 83' lang='grc'>1⁸76</span> 
     </span>
    </p>
   </div>
   <div class='ocr_carea' id='block_1_4' title="bbox 517 401 3832 480">
    <p class='ocr_par' dir='ltr' id='par_1_4' title="bbox 517 401 3832 480">
     <span class='ocr_line' id='line_1_4' title="bbox 517 401 3832 480; baseline 0 -16"><span class='ocrx_word' id='word_1_6' title='bbox 517 411 573 464; x_wconf 90' lang='lat' dir='ltr'>in</span> <span class='ocrx_word' id='word_1_7' title='bbox 611 407 813 480; x_wconf 87' lang='lat' dir='ltr'>quibus</span> <span class='ocrx_word' id='word_1_8' title='bbox 852 406 1117 460; x_wconf 79' lang='lat' dir='ltr'>hactenus</span> <span class='ocrx_word' id='word_1_9' title='bbox 1161 403 1550 470; x_wconf 84' lang='lat' dir='ltr'>laboravimus,</span> <span class='ocrx_word' id='word_1_10' title='bbox 1598 418 1931 478; x_wconf 82' lang='lat' dir='ltr'>magnopere</span> <span class='ocrx_word' id='word_1_11' title='bbox 1975 401 2130 457; x_wconf 90' lang='lat' dir='ltr'>labo-</span> <span class='ocrx_word' id='word_1_12' title='bbox 2156 407 2204 473; x_wconf 83' lang='grc' dir='ltr'>Α</span> <span class='ocrx_word' id='word_1_13' title='bbox 2230 404 2498 459; x_wconf 77' lang='lat' dir='ltr'>hactenus</span> <span class='ocrx_word' id='word_1_14' title='bbox 2532 419 2782 460; x_wconf 85' lang='lat' dir='ltr'>servasse</span> <span class='ocrx_word' id='word_1_15' title='bbox 2807 409 3084 475; x_wconf 81' lang='lat' dir='ltr'>putamus.</span> <span class='ocrx_word' id='word_1_16' title='bbox 3125 405 3232 460; x_wconf 89' lang='lat' dir='ltr'>Vos</span> <span class='ocrx_word' id='word_1_17' title='bbox 3269 405 3529 462; x_wconf 86' lang='lat' dir='ltr'>videbitis</span> <span class='ocrx_word' id='word_1_18' title='bbox 3548 407 3678 478; x_wconf 91' lang='lat' dir='ltr'>quid</span> <span class='ocrx_word' id='word_1_19' title='bbox 3708 408 3832 465; x_wconf 90' lang='lat' dir='ltr'>inde</span> 
     </span>
    </p>
   </div>
   <div class='ocr_carea' id='block_1_5' title="bbox 519 492 2129 569">
    <p class='ocr_par' dir='ltr' id='par_1_5' title="bbox 519 492 2129 569">
     <span class='ocr_line' id='line_1_5' title="bbox 519 492 2129 569; baseline -0.006 -14"><span class='ocrx_word' id='word_1_20' title='bbox 519 516 678 555; x_wconf 90' lang='lat' dir='ltr'>rare:</span> <span class='ocrx_word' id='word_1_21' title='bbox 730 497 935 569; x_wconf 91' lang='lat' dir='ltr'>quippe</span> <span class='ocrx_word' id='word_1_22' title='bbox 999 496 1263 566; x_wconf 91' lang='lat' dir='ltr'>quoniam</span> <span class='ocrx_word' id='word_1_23' title='bbox 1317 495 1424 549; x_wconf 89' lang='lat' dir='ltr'>erit</span> <span class='ocrx_word' id='word_1_24' title='bbox 1496 504 1551 550; x_wconf 92' lang='lat' dir='ltr'>et</span> <span class='ocrx_word' id='word_1_25' title='bbox 1603 495 1688 548; x_wconf 87' lang='lat' dir='ltr'>lex</span> <span class='ocrx_word' id='word_1_26' title='bbox 1743 501 1798 548; x_wconf 89' lang='lat' dir='ltr'>et</span> <span class='ocrx_word' id='word_1_27' title='bbox 1845 509 1972 565; x_wconf 86' lang='lat' dir='ltr'>spes</span> <span class='ocrx_word' id='word_1_28' title='bbox 2024 492 2129 547; x_wconf 90' lang='lat' dir='ltr'>sibi</span> 
     </span>
    </p>
   </div>
   <div class='ocr_carea' id='block_1_6' title="bbox 517 583 2130 662">
    <p class='ocr_par' dir='ltr' id='par_1_6' title="bbox 517 583 2130 662">
     <span class='ocr_line' id='line_1_6' title="bbox 517 583 2130 662; baseline -0.004 -18"><span class='ocrx_word' id='word_1_29' title='bbox 517 590 768 662; x_wconf 89' lang='lat' dir='ltr'>quisque.</span> <span class='ocrx_word' id='word_1_30' title='bbox 830 587 986 651; x_wconf 85' lang='lat' dir='ltr'>Quod</span> <span class='ocrx_word' id='word_1_31' title='bbox 1048 586 1278 658; x_wconf 82' lang='lat' dir='ltr'>quidem</span> <span class='ocrx_word' id='word_1_32' title='bbox 1334 593 1514 640; x_wconf 90' lang='lat' dir='ltr'>vestra</span> <span class='ocrx_word' id='word_1_33' title='bbox 1579 583 1870 639; x_wconf 82' lang='lat' dir='ltr'>humilitati</span> <span class='ocrx_word' id='word_1_34' title='bbox 1930 590 2130 638; x_wconf 53' lang='lat' dir='ltr'>nostra?</span> 
     </span>
    </p>
   </div>
   <div class='ocr_carea' id='block_1_7' title="bbox 515 676 2127 752">
    <p class='ocr_par' dir='ltr' id='par_1_7' title="bbox 515 676 2127 752">
     <span class='ocr_line' id='line_1_7' title="bbox 515 676 2127 752; baseline -0.004 -16"><span class='ocrx_word' id='word_1_35' title='bbox 515 681 733 752; x_wconf 83' lang='lat' dir='ltr'>scripsit</span> <span class='ocrx_word' id='word_1_36' title='bbox 769 679 1103 744; x_wconf 87' lang='lat' dir='ltr'>sublimitas,</span> <span class='ocrx_word' id='word_1_37' title='bbox 1160 677 1340 748; x_wconf 89' lang='lat' dir='ltr'>primo</span> <span class='ocrx_word' id='word_1_38' title='bbox 1389 693 1486 732; x_wconf 90' lang='lat' dir='ltr'>vos</span> <span class='ocrx_word' id='word_1_39' title='bbox 1539 684 1843 732; x_wconf 91' lang='lat' dir='ltr'>commotos</span> <span class='ocrx_word' id='word_1_40' title='bbox 1883 691 2008 730; x_wconf 90' lang='lat' dir='ltr'>esse</span> <span class='ocrx_word' id='word_1_41' title='bbox 2061 676 2127 729; x_wconf 92' lang='lat' dir='ltr'>ad</span> 
     </span>
    </p>
   </div>
   <div class='ocr_carea' id='block_1_8' title="bbox 517 767 2127 841">
    <p class='ocr_par' dir='ltr' id='par_1_8' title="bbox 517 767 2127 841">
     <span class='ocr_line' id='line_1_8' title="bbox 517 767 2127 841; baseline -0.003 -15"><span class='ocrx_word' id='word_1_42' title='bbox 517 773 750 828; x_wconf 82' lang='lat' dir='ltr'>Rothadi</span> <span class='ocrx_word' id='word_1_43' title='bbox 803 787 1022 827; x_wconf 88' lang='lat' dir='ltr'>causam</span> <span class='ocrx_word' id='word_1_44' title='bbox 1069 770 1475 841; x_wconf 84' lang='lat' dir='ltr'>inquirendam,</span> <span class='ocrx_word' id='word_1_45' title='bbox 1517 784 1666 835; x_wconf 89' lang='lat' dir='ltr'>cura,</span> <span class='ocrx_word' id='word_1_46' title='bbox 1733 784 1843 840; x_wconf 89' lang='lat' dir='ltr'>qua</span> <span class='ocrx_word' id='word_1_47' title='bbox 1873 783 1970 838; x_wconf 87' lang='lat' dir='ltr'>pro</span> <span class='ocrx_word' id='word_1_48' title='bbox 2001 767 2127 822; x_wconf 87' lang='lat' dir='ltr'>uni-</span> 
     </span>
    </p>
   </div>
   <div class='ocr_carea' id='block_1_9' title="bbox 515 856 2129 931">
    <p class='ocr_par' dir='ltr' id='par_1_9' title="bbox 515 856 2129 931">
     <span class='ocr_line' id='line_1_9' title="bbox 515 856 2129 931; baseline -0.004 -16"><span class='ocrx_word' id='word_1_49' title='bbox 515 860 998 925; x_wconf 88' lang='lat' dir='ltr'>versis_fratribus</span> <span class='ocrx_word' id='word_1_50' title='bbox 1033 858 1227 913; x_wconf 83' lang='lat' dir='ltr'>vestris</span> <span class='ocrx_word' id='word_1_51' title='bbox 1271 857 1736 931; x_wconf 79' lang='lat' dir='ltr'>constringimini,</span> <span class='ocrx_word' id='word_1_52' title='bbox 1787 873 1911 912; x_wconf 93' lang='lat' dir='ltr'>cum</span> <span class='ocrx_word' id='word_1_53' title='bbox 1969 856 2129 910; x_wconf 90' lang='lat' dir='ltr'>debi-</span> 
     </span>
    </p>
   </div>
   <div class='ocr_carea' id='block_1_10' title="bbox 518 946 2130 1024">
    <p class='ocr_par' dir='ltr' id='par_1_10' title="bbox 518 946 2130 1024">
     <span class='ocr_line' id='line_1_10' title="bbox 518 946 2130 1024; baseline -0.002 -19"><span class='ocrx_word' id='word_1_54' title='bbox 518 957 573 1005; x_wconf 90' lang='lat' dir='ltr'>ta</span> <span class='ocrx_word' id='word_1_55' title='bbox 634 952 940 1006; x_wconf 90' lang='lat' dir='ltr'>reverentia</span> <span class='ocrx_word' id='word_1_56' title='bbox 993 956 1273 1024; x_wconf 89' lang='lat' dir='ltr'>gratanter</span> <span class='ocrx_word' id='word_1_57' title='bbox 1327 947 1560 1019; x_wconf 88' lang='lat' dir='ltr'>accepi:</span> <span class='ocrx_word' id='word_1_58' title='bbox 1622 947 1937 1022; x_wconf 84' lang='lat' dir='ltr'>intelligens</span> <span class='ocrx_word' id='word_1_59' title='bbox 1999 946 2130 1017; x_wconf 86' lang='lat' dir='ltr'>quia</span> 
     </span>
    </p>
   </div>
   <div class='ocr_carea' id='block_1_11' title="bbox 521 1039 2137 1112">
    <p class='ocr_par' dir='ltr' id='par_1_11' title="bbox 521 1039 2137 1112">
     <span class='ocr_line' id='line_1_11' title="bbox 521 1039 2137 1112; baseline -0.002 -16"><span class='ocrx_word' id='word_1_60' title='bbox 521 1043 576 1096; x_wconf 90' lang='lat' dir='ltr'>in</span> <span class='ocrx_word' id='word_1_61' title='bbox 635 1057 867 1096; x_wconf 92' lang='lat' dir='ltr'>numero</span> <span class='ocrx_word' id='word_1_62' title='bbox 906 1041 1146 1096; x_wconf 78' lang='lat' dir='ltr'>fratrum</span> <span class='ocrx_word' id='word_1_63' title='bbox 1202 1056 1304 1097; x_wconf 83' lang='lat' dir='ltr'>nos</span> <span class='ocrx_word' id='word_1_64' title='bbox 1356 1041 1770 1112; x_wconf 88' lang='lat' dir='ltr'>qualescunque</span> <span class='ocrx_word' id='word_1_65' title='bbox 1819 1039 2137 1110; x_wconf 87' lang='lat' dir='ltr'>metrOpoli-</span> 
     </span>
    </p>
   </div>
   <div class='ocr_carea' id='block_1_12' title="bbox 436 1132 2135 1204">
    <p class='ocr_par' dir='ltr' id='par_1_12' title="bbox 436 1132 2135 1204">
     <span class='ocr_line' id='line_1_12' title="bbox 436 1132 2135 1204; baseline -0.002 -16"><span class='ocrx_word' id='word_1_66' title='bbox 436 1141 444 1148; x_wconf 88' lang='lat'>&#39;</span> <span class='ocrx_word' id='word_1_67' title='bbox 521 1135 634 1188; x_wconf 92' lang='lat' dir='ltr'>tani</span> <span class='ocrx_word' id='word_1_68' title='bbox 691 1133 993 1204; x_wconf 87' lang='lat' dir='ltr'>computari</span> <span class='ocrx_word' id='word_1_69' title='bbox 1053 1133 1342 1188; x_wconf 90' lang='lat' dir='ltr'>debemus.</span> <span class='ocrx_word' id='word_1_70' title='bbox 1388 1133 1463 1187; x_wconf 88' lang='lat' dir='ltr'>Ea</span> <span class='ocrx_word' id='word_1_71' title='bbox 1503 1140 1726 1203; x_wconf 89' lang='lat' dir='ltr'>propter</span> <span class='ocrx_word' id='word_1_72' title='bbox 1764 1132 1906 1187; x_wconf 92' lang='lat' dir='ltr'>sicut</span> <span class='ocrx_word' id='word_1_73' title='bbox 1943 1139 2135 1188; x_wconf 66' lang='lat' dir='ltr'>vestrae</span> 
     </span>
    </p>
   </div>
   <div class='ocr_carea' id='block_1_13' title="bbox 527 1221 2137 1295">
    <p class='ocr_par' dir='ltr' id='par_1_13' title="bbox 527 1221 2137 1295">
     <span class='ocr_line' id='line_1_13' title="bbox 527 1221 2137 1295; baseline -0.001 -17"><span class='ocrx_word' id='word_1_74' title='bbox 527 1225 845 1280; x_wconf 88' lang='lat' dir='ltr'>discretioni</span> <span class='ocrx_word' id='word_1_75' title='bbox 887 1224 1288 1295; x_wconf 89' lang='lat' dir='ltr'>providendum</span> <span class='ocrx_word' id='word_1_76' title='bbox 1323 1231 1426 1292; x_wconf 90' lang='lat' dir='ltr'>est,</span> <span class='ocrx_word' id='word_1_77' title='bbox 1468 1240 1538 1278; x_wconf 92' lang='lat' dir='ltr'>ne</span> <span class='ocrx_word' id='word_1_78' title='bbox 1568 1223 1804 1293; x_wconf 89' lang='lat' dir='ltr'>subjecti</span> <span class='ocrx_word' id='word_1_79' title='bbox 1836 1221 2083 1293; x_wconf 90' lang='lat' dir='ltr'>episcopi</span> <span class='ocrx_word' id='word_1_80' title='bbox 2107 1238 2137 1276; x_wconf 91' lang='lat' dir='ltr'>a</span> 
     </span>
    </p>
   </div>
   <div class='ocr_carea' id='block_1_14' title="bbox 525 1313 2134 1389">
    <p class='ocr_par' dir='ltr' id='par_1_14' title="bbox 525 1313 2134 1389">
     <span class='ocr_line' id='line_1_14' title="bbox 525 1313 2134 1389; baseline -0.001 -20"><span class='ocrx_word' id='word_1_81' title='bbox 525 1316 962 1386; x_wconf 87' lang='lat' dir='ltr'>metropolitanis</span> <span class='ocrx_word' id='word_1_82' title='bbox 1002 1317 1377 1389; x_wconf 88' lang='lat' dir='ltr'>irregulariter</span> <span class='ocrx_word' id='word_1_83' title='bbox 1415 1316 1893 1371; x_wconf 88' lang='lat' dir='ltr'>condemnentur:</span> <span class='ocrx_word' id='word_1_84' title='bbox 1935 1315 2012 1368; x_wconf 91' lang='lat' dir='ltr'>ita</span> <span class='ocrx_word' id='word_1_85' title='bbox 2042 1313 2134 1368; x_wconf 63' lang='lat' dir='ltr'>ni»</span> 
     </span>
    </p>
   </div>
   <div class='ocr_carea' id='block_1_15' title="bbox 524 1401 2133 1474">
    <p class='ocr_par' dir='ltr' id='par_1_15' title="bbox 524 1401 2133 1474">
     <span class='ocr_line' id='line_1_15' title="bbox 524 1401 2133 1474; baseline -0.001 -18"><span class='ocrx_word' id='word_1_86' title='bbox 524 1403 822 1459; x_wconf 88' lang='lat' dir='ltr'>hilominus</span> <span class='ocrx_word' id='word_1_87' title='bbox 844 1403 1243 1474; x_wconf 91' lang='lat' dir='ltr'>providendum</span> <span class='ocrx_word' id='word_1_88' title='bbox 1266 1410 1369 1469; x_wconf 90' lang='lat' dir='ltr'>est,</span> <span class='ocrx_word' id='word_1_89' title='bbox 1399 1412 1458 1457; x_wconf 92' lang='lat' dir='ltr'>ut</span> <span class='ocrx_word' id='word_1_90' title='bbox 1475 1402 1883 1474; x_wconf 88' lang='lat' dir='ltr'>metropolitani</span> <span class='ocrx_word' id='word_1_91' title='bbox 1905 1418 1935 1455; x_wconf 88' lang='lat' dir='ltr'>a</span> <span class='ocrx_word' id='word_1_92' title='bbox 1952 1401 2133 1470; x_wconf 85' lang='lat' dir='ltr'>subje-</span> 
     </span>
    </p>
   </div>
   <div class='ocr_carea' id='block_1_16' title="bbox 524 1496 2137 1573">
    <p class='ocr_par' dir='ltr' id='par_1_16' title="bbox 524 1496 2137 1573">
     <span class='ocr_line' id='line_1_16' title="bbox 524 1496 2137 1573; baseline -0.001 -23"><span class='ocrx_word' id='word_1_93' title='bbox 524 1497 626 1551; x_wconf 92' lang='lat' dir='ltr'>ctis</span> <span class='ocrx_word' id='word_1_94' title='bbox 657 1498 937 1568; x_wconf 77' lang='lat' dir='ltr'>episcopis</span> <span class='ocrx_word' id='word_1_95' title='bbox 963 1513 1074 1554; x_wconf 88' lang='lat' dir='ltr'>non</span> <span class='ocrx_word' id='word_1_96' title='bbox 1103 1498 1478 1573; x_wconf 87' lang='lat' dir='ltr'>irregulariter</span> <span class='ocrx_word' id='word_1_97' title='bbox 1506 1504 1946 1554; x_wconf 87' lang='lat' dir='ltr'>contemnantur.</span> <span class='ocrx_word' id='word_1_98' title='bbox 1980 1496 2137 1550; x_wconf 89' lang='lat' dir='ltr'>Dein-</span> 
     </span>
    </p>
   </div>
   <div class='ocr_carea' id='block_1_17' title="bbox 524 1584 2134 1658">
    <p class='ocr_par' dir='ltr' id='par_1_17' title="bbox 524 1584 2134 1658">
     <span class='ocr_line' id='line_1_17' title="bbox 524 1584 2134 1658; baseline -0.002 -18"><span class='ocrx_word' id='word_1_99' title='bbox 524 1586 592 1640; x_wconf 88' lang='lat' dir='ltr'>de</span> <span class='ocrx_word' id='word_1_100' title='bbox 616 1587 765 1657; x_wconf 91' lang='lat' dir='ltr'>quod</span> <span class='ocrx_word' id='word_1_101' title='bbox 788 1587 1234 1658; x_wconf 88' lang='lat' dir='ltr'>perspectissime</span> <span class='ocrx_word' id='word_1_102' title='bbox 1251 1586 1550 1658; x_wconf 88' lang='lat' dir='ltr'>scripsistis</span> <span class='ocrx_word' id='word_1_103' title='bbox 1575 1586 1841 1651; x_wconf 90' lang='lat' dir='ltr'>secundo,</span> <span class='ocrx_word' id='word_1_104' title='bbox 1875 1584 2134 1658; x_wconf 90' lang='lat' dir='ltr'>quoniam</span> 
     </span>
    </p>
   </div>
   <div class='ocr_carea' id='block_1_18' title="bbox 2231 495 3833 564">
    <p class='ocr_par' dir='ltr' id='par_1_18' title="bbox 2231 495 3833 564">
     <span class='ocr_line' id='line_1_18' title="bbox 2231 495 3833 564; baseline 0.003 -15"><span class='ocrx_word' id='word_1_105' title='bbox 2231 495 2372 552; x_wconf 87' lang='lat' dir='ltr'>facto</span> <span class='ocrx_word' id='word_1_106' title='bbox 2403 497 2600 552; x_wconf 91' lang='lat' dir='ltr'>melius</span> <span class='ocrx_word' id='word_1_107' title='bbox 2622 497 2745 562; x_wconf 91' lang='lat' dir='ltr'>erit,</span> <span class='ocrx_word' id='word_1_108' title='bbox 2770 505 2824 552; x_wconf 90' lang='lat' dir='ltr'>et</span> <span class='ocrx_word' id='word_1_109' title='bbox 2853 496 3016 552; x_wconf 91' lang='lat' dir='ltr'>nobis</span> <span class='ocrx_word' id='word_1_110' title='bbox 3039 497 3091 550; x_wconf 92' lang='lat' dir='ltr'>in</span> <span class='ocrx_word' id='word_1_111' title='bbox 3105 497 3315 564; x_wconf 89' lang='lat' dir='ltr'>judicio</span> <span class='ocrx_word' id='word_1_112' title='bbox 3343 505 3524 552; x_wconf 91' lang='lat' dir='ltr'>vestro</span> <span class='ocrx_word' id='word_1_113' title='bbox 3546 498 3833 554; x_wconf 90' lang='lat' dir='ltr'>videndum</span> 
     </span>
    </p>
   </div>
   <div class='ocr_carea' id='block_1_19' title="bbox 2231 587 3837 661">
    <p class='ocr_par' dir='ltr' id='par_1_19' title="bbox 2231 587 3837 661">
     <span class='ocr_line' id='line_1_19' title="bbox 2231 587 3837 661; baseline 0.003 -20"><span class='ocrx_word' id='word_1_114' title='bbox 2231 593 2333 652; x_wconf 92' lang='lat' dir='ltr'>est,</span> <span class='ocrx_word' id='word_1_115' title='bbox 2363 588 2495 656; x_wconf 91' lang='lat' dir='ltr'>quid</span> <span class='ocrx_word' id='word_1_116' title='bbox 2514 589 2658 642; x_wconf 89' lang='lat' dir='ltr'>Deus</span> <span class='ocrx_word' id='word_1_117' title='bbox 2684 587 2815 643; x_wconf 85' lang='lat' dir='ltr'>velit</span> <span class='ocrx_word' id='word_1_118' title='bbox 2841 605 2855 654; x_wconf 89' lang='lat'><strong>;</strong></span> <span class='ocrx_word' id='word_1_119' title='bbox 2887 589 3146 659; x_wconf 89' lang='lat' dir='ltr'>quoniam</span> <span class='ocrx_word' id='word_1_120' title='bbox 3174 589 3375 658; x_wconf 88' lang='lat' dir='ltr'>injusta</span> <span class='ocrx_word' id='word_1_121' title='bbox 3407 605 3527 644; x_wconf 89' lang='lat' dir='ltr'>esse</span> <span class='ocrx_word' id='word_1_122' title='bbox 3547 606 3658 646; x_wconf 87' lang='lat' dir='ltr'>non</span> <span class='ocrx_word' id='word_1_123' title='bbox 3689 599 3837 661; x_wconf 88' lang='lat' dir='ltr'>pote-</span> 
     </span>
    </p>
   </div>
   <div class='ocr_carea' id='block_1_20' title="bbox 2230 682 3836 754">
    <p class='ocr_par' dir='ltr' id='par_1_20' title="bbox 2230 682 3836 754">
     <span class='ocr_line' id='line_1_20' title="bbox 2230 682 3836 754; baseline 0.001 -18"><span class='ocrx_word' id='word_1_124' title='bbox 2230 690 2356 736; x_wconf 90' lang='lat' dir='ltr'>runt</span> <span class='ocrx_word' id='word_1_125' title='bbox 2402 682 2587 737; x_wconf 91' lang='lat' dir='ltr'>divina</span> <span class='ocrx_word' id='word_1_126' title='bbox 2644 682 2873 751; x_wconf 87' lang='lat' dir='ltr'>judicia,</span> <span class='ocrx_word' id='word_1_127' title='bbox 2917 683 3047 754; x_wconf 91' lang='lat' dir='ltr'>quia</span> <span class='ocrx_word' id='word_1_128' title='bbox 3086 699 3117 736; x_wconf 89' lang='lat' dir='ltr'>a</span> <span class='ocrx_word' id='word_1_129' title='bbox 3148 683 3424 738; x_wconf 88' lang='lat' dir='ltr'>soliditate</span> <span class='ocrx_word' id='word_1_130' title='bbox 3483 683 3836 739; x_wconf 88' lang='lat' dir='ltr'>confessionis</span> 
     </span>
    </p>
   </div>
   <div class='ocr_carea' id='block_1_21' title="bbox 2229 771 3834 845">
    <p class='ocr_par' dir='ltr' id='par_1_21' title="bbox 2229 771 3834 845">
     <span class='ocr_line' id='line_1_21' title="bbox 2229 771 3834 845; baseline 0.001 -19"><span class='ocrx_word' id='word_1_131' title='bbox 2229 773 2542 844; x_wconf 76' lang='lat' dir='ltr'>apostolicae</span> <span class='ocrx_word' id='word_1_132' title='bbox 2599 779 2786 843; x_wconf 69' lang='lat' dir='ltr'>petrze,</span> <span class='ocrx_word' id='word_1_133' title='bbox 2835 774 3099 831; x_wconf 89' lang='lat' dir='ltr'>adversus</span> <span class='ocrx_word' id='word_1_134' title='bbox 3144 790 3307 845; x_wconf 89' lang='lat' dir='ltr'>quam</span> <span class='ocrx_word' id='word_1_135' title='bbox 3349 771 3512 828; x_wconf 85' lang='lat' dir='ltr'>inferi</span> <span class='ocrx_word' id='word_1_136' title='bbox 3564 783 3756 845; x_wconf 71' lang='lat' dir='ltr'>portae,</span> <span class='ocrx_word' id='word_1_137' title='bbox 3788 775 3834 829; x_wconf 91' lang='lat' dir='ltr'>id</span> 
     </span>
    </p>
   </div>
   <div class='ocr_carea' id='block_1_22' title="bbox 2229 865 3837 939">
    <p class='ocr_par' dir='ltr' id='par_1_22' title="bbox 2229 865 3837 939">
     <span class='ocr_line' id='line_1_22' title="bbox 2229 865 3837 939; baseline 0 -20"><span class='ocrx_word' id='word_1_138' title='bbox 2229 871 2334 930; x_wconf 88' lang='lat' dir='ltr'>est,</span> <span class='ocrx_word' id='word_1_139' title='bbox 2360 865 2744 939; x_wconf 90' lang='lat' dir='ltr'>suggestiones</span> <span class='ocrx_word' id='word_1_140' title='bbox 2773 865 2859 920; x_wconf 89' lang='lat' dir='ltr'>vel</span> <span class='ocrx_word' id='word_1_141' title='bbox 2891 866 3241 935; x_wconf 89' lang='lat' dir='ltr'>operationes</span> <span class='ocrx_word' id='word_1_142' title='bbox 3269 882 3451 936; x_wconf 85' lang='lat' dir='ltr'>pravae</span> <span class='ocrx_word' id='word_1_143' title='bbox 3493 881 3600 922; x_wconf 91' lang='lat' dir='ltr'>non</span> <span class='ocrx_word' id='word_1_144' title='bbox 3639 882 3837 936; x_wconf 69' lang='lat' dir='ltr'>praeva-</span> 
     </span>
    </p>
   </div>
   <div class='ocr_carea' id='block_1_23' title="bbox 2235 955 3843 1028">
    <p class='ocr_par' dir='ltr' id='par_1_23' title="bbox 2235 955 3843 1028">
     <span class='ocr_line' id='line_1_23' title="bbox 2235 955 3843 1028; baseline 0.001 -19"><span class='ocrx_word' id='word_1_145' title='bbox 2235 955 2425 1011; x_wconf 90' lang='lat' dir='ltr'>lebunt</span> <span class='ocrx_word' id='word_1_146' title='bbox 2471 959 2688 1023; x_wconf 83' lang='lat' dir='ltr'>(Matth.</span> <span class='ocrx_word' id='word_1_147' title='bbox 2740 961 2869 1024; x_wconf 76' lang='lat' dir='ltr'>xw),</span> <span class='ocrx_word' id='word_1_148' title='bbox 2922 957 3163 1012; x_wconf 86' lang='lat' dir='ltr'>dictante</span> <span class='ocrx_word' id='word_1_149' title='bbox 3214 957 3428 1026; x_wconf 91' lang='lat' dir='ltr'>justitia</span> <span class='ocrx_word' id='word_1_150' title='bbox 3481 957 3843 1028; x_wconf 84' lang='lat' dir='ltr'>proferentur.</span> 
     </span>
    </p>
   </div>
   <div class='ocr_carea' id='block_1_24' title="bbox 2239 1047 3842 1118">
    <p class='ocr_par' dir='ltr' id='par_1_24' title="bbox 2239 1047 3842 1118">
     <span class='ocr_line' id='line_1_24' title="bbox 2239 1047 3842 1118; baseline 0.001 -17"><span class='ocrx_word' id='word_1_151' title='bbox 2239 1047 2531 1117; x_wconf 87' lang='lat' dir='ltr'>Epistolam</span> <span class='ocrx_word' id='word_1_152' title='bbox 2564 1064 2726 1118; x_wconf 91' lang='lat' dir='ltr'>quam</span> <span class='ocrx_word' id='word_1_153' title='bbox 2749 1048 2885 1102; x_wconf 91' lang='lat' dir='ltr'>mihi</span> <span class='ocrx_word' id='word_1_154' title='bbox 2916 1049 3212 1104; x_wconf 87' lang='lat' dir='ltr'>auctoritas</span> <span class='ocrx_word' id='word_1_155' title='bbox 3233 1058 3432 1116; x_wconf 90' lang='lat' dir='ltr'>vestra,</span> <span class='ocrx_word' id='word_1_156' title='bbox 3457 1065 3578 1104; x_wconf 92' lang='lat' dir='ltr'>cum</span> <span class='ocrx_word' id='word_1_157' title='bbox 3607 1049 3842 1103; x_wconf 89' lang='lat' dir='ltr'>obtesta-</span> 
     </span>
    </p>
   </div>
   <div class='ocr_carea' id='block_1_25' title="bbox 2237 1136 3844 1213">
    <p class='ocr_par' dir='ltr' id='par_1_25' title="bbox 2237 1136 3844 1213">
     <span class='ocr_line' id='line_1_25' title="bbox 2237 1136 3844 1213; baseline 0.002 -23"><span class='ocrx_word' id='word_1_158' title='bbox 2237 1136 2386 1191; x_wconf 92' lang='lat' dir='ltr'>tione</span> <span class='ocrx_word' id='word_1_159' title='bbox 2408 1139 2670 1209; x_wconf 68' lang='lat' dir='ltr'>prazcepit</span> <span class='ocrx_word' id='word_1_160' title='bbox 2699 1139 2949 1194; x_wconf 83' lang='lat' dir='ltr'>Rothado</span> <span class='ocrx_word' id='word_1_161' title='bbox 2976 1139 3238 1213; x_wconf 85' lang='lat' dir='ltr'>dirigere,</span> <span class='ocrx_word' id='word_1_162' title='bbox 3262 1140 3501 1194; x_wconf 91' lang='lat' dir='ltr'>domnus</span> <span class='ocrx_word' id='word_1_163' title='bbox 3533 1146 3720 1195; x_wconf 88' lang='lat' dir='ltr'>noster</span> <span class='ocrx_word' id='word_1_164' title='bbox 3736 1155 3844 1201; x_wconf 85' lang='lat' dir='ltr'>rex,</span> 
     </span>
    </p>
   </div>
   <div class='ocr_carea' id='block_1_26' title="bbox 2239 1224 3844 1300">
    <p class='ocr_par' dir='ltr' id='par_1_26' title="bbox 2239 1224 3844 1300">
     <span class='ocr_line' id='line_1_26' title="bbox 2239 1224 3844 1300; baseline 0.002 -22"><span class='ocrx_word' id='word_1_165' title='bbox 2239 1224 2385 1280; x_wconf 84' lang='lat' dir='ltr'>filius</span> <span class='ocrx_word' id='word_1_166' title='bbox 2418 1233 2621 1296; x_wconf 86' lang='lat' dir='ltr'>vester,</span> <span class='ocrx_word' id='word_1_167' title='bbox 2679 1243 2804 1283; x_wconf 87' lang='lat' dir='ltr'>mox</span> <span class='ocrx_word' id='word_1_168' title='bbox 2843 1235 2904 1283; x_wconf 88' lang='lat' dir='ltr'>ut</span> <span class='ocrx_word' id='word_1_169' title='bbox 2949 1228 3017 1282; x_wconf 90' lang='lat' dir='ltr'>ad</span> <span class='ocrx_word' id='word_1_170' title='bbox 3059 1245 3185 1283; x_wconf 89' lang='lat' dir='ltr'>eum</span> <span class='ocrx_word' id='word_1_171' title='bbox 3239 1228 3407 1294; x_wconf 87' lang='lat' dir='ltr'>venit,</span> <span class='ocrx_word' id='word_1_172' title='bbox 3449 1245 3546 1300; x_wconf 89' lang='lat' dir='ltr'>per</span> <span class='ocrx_word' id='word_1_173' title='bbox 3599 1230 3844 1284; x_wconf 87' lang='lat' dir='ltr'>abbatem</span> 
     </span>
    </p>
   </div>
   <div class='ocr_carea' id='block_1_27' title="bbox 2239 1319 2932 1375">
    <p class='ocr_par' dir='ltr' id='par_1_27' title="bbox 2239 1319 2932 1375">
     <span class='ocr_line' id='line_1_27' title="bbox 2239 1319 2932 1375; baseline 0.003 -3"><span class='ocrx_word' id='word_1_174' title='bbox 2239 1334 2398 1372; x_wconf 90' lang='lat' dir='ltr'>suum</span> <span class='ocrx_word' id='word_1_175' title='bbox 2431 1319 2682 1375; x_wconf 85' lang='lat' dir='ltr'>Rothado</span> <span class='ocrx_word' id='word_1_176' title='bbox 2714 1320 2932 1375; x_wconf 84' lang='lat' dir='ltr'>direxit.</span> 
     </span>
    </p>
   </div>
   <div class='ocr_carea' id='block_1_28' title="bbox 2313 1427 3847 1501">
    <p class='ocr_par' dir='ltr' id='par_1_28' title="bbox 2313 1427 3847 1501">
     <span class='ocr_line' id='line_1_28' title="bbox 2313 1427 3847 1501; baseline 0 -19"><span class='ocrx_word' id='word_1_177' title='bbox 2313 1449 2334 1477; x_wconf 72' lang='grc' dir='ltr'><strong>ε</strong></span> <span class='ocrx_word' id='word_1_178' title='bbox 2378 1428 2645 1484; x_wconf 84' lang='lat' dir='ltr'>Rodulfus</span> <span class='ocrx_word' id='word_1_179' title='bbox 2657 1444 2900 1501; x_wconf 91' lang='lat' dir='ltr'>quoque,</span> <span class='ocrx_word' id='word_1_180' title='bbox 2919 1429 3170 1497; x_wconf 85' lang='lat' dir='ltr'>ejusdem</span> <span class='ocrx_word' id='word_1_181' title='bbox 3187 1427 3282 1483; x_wconf 87' lang='lat' dir='ltr'>filii</span> <span class='ocrx_word' id='word_1_182' title='bbox 3295 1431 3463 1485; x_wconf 90' lang='lat' dir='ltr'>vestri</span> <span class='ocrx_word' id='word_1_183' title='bbox 3478 1429 3668 1484; x_wconf 91' lang='lat' dir='ltr'>domni</span> <span class='ocrx_word' id='word_1_184' title='bbox 3681 1431 3847 1484; x_wconf 89' lang='lat' dir='ltr'>nostri</span> 
     </span>
    </p>
   </div>
   <div class='ocr_carea' id='block_1_29' title="bbox 2236 1516 3846 1589">
    <p class='ocr_par' dir='ltr' id='par_1_29' title="bbox 2236 1516 3846 1589">
     <span class='ocr_line' id='line_1_29' title="bbox 2236 1516 3846 1589; baseline -0.001 -17"><span class='ocrx_word' id='word_1_185' title='bbox 2236 1517 2381 1589; x_wconf 91' lang='lat' dir='ltr'>regis</span> <span class='ocrx_word' id='word_1_186' title='bbox 2402 1516 2726 1583; x_wconf 90' lang='lat' dir='ltr'>avunculus,</span> <span class='ocrx_word' id='word_1_187' title='bbox 2751 1533 2810 1571; x_wconf 89' lang='grc' dir='ltr'>ιιι</span> <span class='ocrx_word' id='word_1_188' title='bbox 2843 1517 2971 1572; x_wconf 91' lang='lat' dir='ltr'>ldus</span> <span class='ocrx_word' id='word_1_189' title='bbox 3004 1532 3152 1572; x_wconf 90' lang='lat' dir='ltr'>nunc</span> <span class='ocrx_word' id='word_1_190' title='bbox 3173 1517 3345 1587; x_wconf 89' lang='lat' dir='ltr'>elapsi</span> <span class='ocrx_word' id='word_1_191' title='bbox 3377 1516 3588 1582; x_wconf 88' lang='lat' dir='ltr'>mensis</span> <span class='ocrx_word' id='word_1_192' title='bbox 3612 1517 3846 1571; x_wconf 85' lang='lat' dir='ltr'>Decem-</span> 
     </span>
    </p>
   </div>
   <div class='ocr_carea' id='block_1_30' title="bbox 2236 1608 3846 1682">
    <p class='ocr_par' dir='ltr' id='par_1_30' title="bbox 2236 1608 3846 1682">
     <span class='ocr_line' id='line_1_30' title="bbox 2236 1608 3846 1682; baseline -0.001 -20"><span class='ocrx_word' id='word_1_193' title='bbox 2236 1608 2351 1663; x_wconf 89' lang='lat' dir='ltr'>bris</span> <span class='ocrx_word' id='word_1_194' title='bbox 2399 1609 2467 1663; x_wconf 91' lang='lat' dir='ltr'>ab</span> <span class='ocrx_word' id='word_1_195' title='bbox 2506 1608 2782 1664; x_wconf 89' lang='lat' dir='ltr'>Ludovico</span> <span class='ocrx_word' id='word_1_196' title='bbox 2841 1608 3142 1663; x_wconf 75' lang='lat' dir='ltr'>Germani-ae</span> <span class='ocrx_word' id='word_1_197' title='bbox 3189 1623 3315 1682; x_wconf 88' lang='lat' dir='ltr'>rege</span> <span class='ocrx_word' id='word_1_198' title='bbox 3380 1615 3686 1673; x_wconf 86' lang='lat' dir='ltr'>revertens,</span> <span class='ocrx_word' id='word_1_199' title='bbox 3725 1624 3846 1663; x_wconf 92' lang='lat' dir='ltr'>cum</span> 
     </span>
    </p>
   </div>
   <div class='ocr_carea' id='block_1_31' title="bbox 521 1677 2133 1772">
    <p class='ocr_par' dir='ltr' id='par_1_31' title="bbox 521 1677 2132 1748">
     <span class='ocr_line' id='line_1_31' title="bbox 521 1677 2132 1748; baseline -0.001 -16"><span class='ocrx_word' id='word_1_200' title='bbox 521 1678 709 1732; x_wconf 89' lang='lat' dir='ltr'>sedem</span> <span class='ocrx_word' id='word_1_201' title='bbox 768 1678 1125 1748; x_wconf 89' lang='lat' dir='ltr'>apostolicam</span> <span class='ocrx_word' id='word_1_202' title='bbox 1170 1679 1453 1733; x_wconf 78' lang='lat' dir='ltr'>Rothadus</span> <span class='ocrx_word' id='word_1_203' title='bbox 1509 1678 1753 1734; x_wconf 91' lang='lat' dir='ltr'>noscitur</span> <span class='ocrx_word' id='word_1_204' title='bbox 1801 1677 2132 1748; x_wconf 88' lang='lat' dir='ltr'>appellasse,</span> 
     </span>
    </p>
   </div>
   <div class='ocr_carea' id='block_1_32' title="bbox 2237 1677 3851 1772">
    <p class='ocr_par' dir='ltr' id='par_1_32' title="bbox 2237 1697 3851 1772">
     <span class='ocr_line' id='line_1_32' title="bbox 2237 1697 3851 1772; baseline -0.001 -17"><span class='ocrx_word' id='word_1_205' title='bbox 2237 1699 2393 1755; x_wconf 89' lang='lat' dir='ltr'>valde</span> <span class='ocrx_word' id='word_1_206' title='bbox 2422 1700 2635 1770; x_wconf 85' lang='lat' dir='ltr'>vesperi</span> <span class='ocrx_word' id='word_1_207' title='bbox 2665 1716 2695 1754; x_wconf 88' lang='lat' dir='ltr'>a</span> <span class='ocrx_word' id='word_1_208' title='bbox 2723 1707 2873 1754; x_wconf 90' lang='lat' dir='ltr'>corte</span> <span class='ocrx_word' id='word_1_209' title='bbox 2908 1699 3056 1772; x_wconf 86' lang='lat' dir='ltr'>regis</span> <span class='ocrx_word' id='word_1_210' title='bbox 3086 1697 3261 1754; x_wconf 90' lang='lat' dir='ltr'>nostri</span> <span class='ocrx_word' id='word_1_211' title='bbox 3294 1699 3360 1752; x_wconf 90' lang='lat' dir='ltr'>ad</span> <span class='ocrx_word' id='word_1_212' title='bbox 3394 1699 3714 1753; x_wconf 88' lang='lat' dir='ltr'>mansiones</span> <span class='ocrx_word' id='word_1_213' title='bbox 3751 1715 3851 1754; x_wconf 90' lang='lat' dir='ltr'>no-</span> 
     </span>
    </p>
   </div>
   <div class='ocr_carea' id='block_1_33' title="bbox 524 1769 2132 1840">
    <p class='ocr_par' dir='ltr' id='par_1_33' title="bbox 524 1769 2132 1840">
     <span class='ocr_line' id='line_1_33' title="bbox 524 1769 2132 1840; baseline -0.002 -15"><span class='ocrx_word' id='word_1_214' title='bbox 524 1777 578 1825; x_wconf 92' lang='lat' dir='ltr'>et</span> <span class='ocrx_word' id='word_1_215' title='bbox 641 1787 710 1825; x_wconf 93' lang='lat' dir='ltr'>ne</span> <span class='ocrx_word' id='word_1_216' title='bbox 762 1770 1063 1825; x_wconf 86' lang='lat' dir='ltr'>videamini</span> <span class='ocrx_word' id='word_1_217' title='bbox 1129 1770 1382 1825; x_wconf 68' lang='lat' dir='ltr'>Ecclesiae</span> <span class='ocrx_word' id='word_1_218' title='bbox 1456 1777 1649 1825; x_wconf 63' lang='lat' dir='ltr'>vestrm</span> <span class='ocrx_word' id='word_1_219' title='bbox 1723 1769 2132 1840; x_wconf 84' lang='lat' dir='ltr'>privilegiorum</span> 
     </span>
    </p>
   </div>
   <div class='ocr_carea' id='block_1_34' title="bbox 527 1863 2132 1935">
    <p class='ocr_par' dir='ltr' id='par_1_34' title="bbox 527 1863 2132 1935">
     <span class='ocr_line' id='line_1_34' title="bbox 527 1863 2132 1935; baseline -0.002 -17"><span class='ocrx_word' id='word_1_220' title='bbox 527 1865 854 1919; x_wconf 88' lang='lat' dir='ltr'>detrimenta</span> <span class='ocrx_word' id='word_1_221' title='bbox 907 1865 1102 1919; x_wconf 90' lang='lat' dir='ltr'>diebus</span> <span class='ocrx_word' id='word_1_222' title='bbox 1158 1864 1354 1919; x_wconf 86' lang='lat' dir='ltr'>vestris</span> <span class='ocrx_word' id='word_1_223' title='bbox 1419 1863 1804 1935; x_wconf 68' lang='lat' dir='ltr'>aequanimiter</span> <span class='ocrx_word' id='word_1_224' title='bbox 1860 1863 2132 1918; x_wconf 89' lang='lat' dir='ltr'>tolerare:</span> 
     </span>
    </p>
   </div>
   <div class='ocr_carea' id='block_1_35' title="bbox 529 1954 2137 2022">
    <p class='ocr_par' dir='ltr' id='par_1_35' title="bbox 529 1954 2137 2022">
     <span class='ocr_line' id='line_1_35' title="bbox 529 1954 2137 2022; baseline -0.002 -12"><span class='ocrx_word' id='word_1_225' title='bbox 529 1962 584 2010; x_wconf 90' lang='lat' dir='ltr'>et</span> <span class='ocrx_word' id='word_1_226' title='bbox 645 1957 748 2011; x_wconf 88' lang='lat' dir='ltr'>hoc</span> <span class='ocrx_word' id='word_1_227' title='bbox 803 1956 1164 2011; x_wconf 92' lang='lat' dir='ltr'>nihilominus</span> <span class='ocrx_word' id='word_1_228' title='bbox 1218 1972 1249 2010; x_wconf 93' lang='lat' dir='ltr'>a</span> <span class='ocrx_word' id='word_1_229' title='bbox 1305 1955 1485 2022; x_wconf 89' lang='lat' dir='ltr'>nobis,</span> <span class='ocrx_word' id='word_1_230' title='bbox 1528 1963 1582 2010; x_wconf 91' lang='lat' dir='ltr'>et</span> <span class='ocrx_word' id='word_1_231' title='bbox 1634 1955 1702 2009; x_wconf 92' lang='lat' dir='ltr'>ab</span> <span class='ocrx_word' id='word_1_232' title='bbox 1742 1954 2001 2010; x_wconf 92' lang='lat' dir='ltr'>omnibus</span> <span class='ocrx_word' id='word_1_233' title='bbox 2056 1960 2137 2008; x_wconf 92' lang='lat' dir='ltr'>est</span> 
     </span>
    </p>
   </div>
   <div class='ocr_carea' id='block_1_36' title="bbox 529 2046 2138 2118">
    <p class='ocr_par' dir='ltr' id='par_1_36' title="bbox 529 2046 2138 2118">
     <span class='ocr_line' id='line_1_36' title="bbox 529 2046 2138 2118; baseline -0.001 -18"><span class='ocrx_word' id='word_1_234' title='bbox 529 2048 833 2101; x_wconf 86' lang='lat' dir='ltr'>rectissime</span> <span class='ocrx_word' id='word_1_235' title='bbox 863 2047 1302 2118; x_wconf 88' lang='lat' dir='ltr'>suscipiendum,</span> <span class='ocrx_word' id='word_1_236' title='bbox 1330 2055 1385 2101; x_wconf 93' lang='lat' dir='ltr'>et</span> <span class='ocrx_word' id='word_1_237' title='bbox 1409 2046 1773 2102; x_wconf 87' lang='lat' dir='ltr'>solertissime</span> <span class='ocrx_word' id='word_1_238' title='bbox 1804 2061 2138 2102; x_wconf 90' lang='lat' dir='ltr'>conservan-</span> 
     </span>
    </p>
   </div>
   <div class='ocr_carea' id='block_1_37' title="bbox 529 2133 2136 2208">
    <p class='ocr_par' dir='ltr' id='par_1_37' title="bbox 529 2133 2136 2208">
     <span class='ocr_line' id='line_1_37' title="bbox 529 2133 2136 2208; baseline -0.001 -20"><span class='ocrx_word' id='word_1_239' title='bbox 529 2134 677 2188; x_wconf 91' lang='lat' dir='ltr'>dum.</span> <span class='ocrx_word' id='word_1_240' title='bbox 715 2135 868 2200; x_wconf 87' lang='lat' dir='ltr'>Quod</span> <span class='ocrx_word' id='word_1_241' title='bbox 894 2141 949 2190; x_wconf 92' lang='lat' dir='ltr'>et</span> <span class='ocrx_word' id='word_1_242' title='bbox 979 2150 1081 2208; x_wconf 94' lang='lat' dir='ltr'>ego</span> <span class='ocrx_word' id='word_1_243' title='bbox 1111 2149 1210 2205; x_wconf 94' lang='lat' dir='ltr'>pro</span> <span class='ocrx_word' id='word_1_244' title='bbox 1238 2134 1465 2190; x_wconf 91' lang='lat' dir='ltr'>modulo</span> <span class='ocrx_word' id='word_1_245' title='bbox 1495 2149 1620 2190; x_wconf 91' lang='lat' dir='ltr'>meo</span> <span class='ocrx_word' id='word_1_246' title='bbox 1651 2133 1984 2189; x_wconf 87' lang='lat' dir='ltr'>servandum</span> <span class='ocrx_word' id='word_1_247' title='bbox 2015 2147 2136 2186; x_wconf 89' lang='lat' dir='ltr'>esse</span> 
     </span>
    </p>
   </div>
   <div class='ocr_carea' id='block_1_38' title="bbox 528 2227 2137 2296">
    <p class='ocr_par' dir='ltr' id='par_1_38' title="bbox 528 2227 2137 2296">
     <span class='ocr_line' id='line_1_38' title="bbox 528 2227 2137 2296; baseline 0.001 -17"><span class='ocrx_word' id='word_1_248' title='bbox 528 2229 696 2294; x_wconf 91' lang='lat' dir='ltr'>volui,</span> <span class='ocrx_word' id='word_1_249' title='bbox 729 2237 784 2284; x_wconf 89' lang='lat' dir='ltr'>et</span> <span class='ocrx_word' id='word_1_250' title='bbox 812 2229 959 2296; x_wconf 89' lang='lat' dir='ltr'>volo,</span> <span class='ocrx_word' id='word_1_251' title='bbox 999 2237 1054 2283; x_wconf 90' lang='lat' dir='ltr'>et</span> <span class='ocrx_word' id='word_1_252' title='bbox 1092 2228 1311 2283; x_wconf 87' lang='lat' dir='ltr'>favente</span> <span class='ocrx_word' id='word_1_253' title='bbox 1342 2228 1574 2284; x_wconf 91' lang='lat' dir='ltr'>Domino</span> <span class='ocrx_word' id='word_1_254' title='bbox 1614 2229 1671 2282; x_wconf 92' lang='lat' dir='ltr'>in</span> <span class='ocrx_word' id='word_1_255' title='bbox 1710 2230 1814 2284; x_wconf 91' lang='lat' dir='ltr'>hac</span> <span class='ocrx_word' id='word_1_256' title='bbox 1842 2227 2137 2282; x_wconf 89' lang='lat' dir='ltr'>devotione</span> 
     </span>
    </p>
   </div>
   <div class='ocr_carea' id='block_1_39' title="bbox 527 2319 2138 2392">
    <p class='ocr_par' dir='ltr' id='par_1_39' title="bbox 527 2319 2138 2392">
     <span class='ocr_line' id='line_1_39' title="bbox 527 2319 2138 2392; baseline 0.001 -20"><span class='ocrx_word' id='word_1_257' title='bbox 527 2319 782 2381; x_wconf 89' lang='lat' dir='ltr'>manebo,</span> <span class='ocrx_word' id='word_1_258' title='bbox 837 2319 1018 2374; x_wconf 90' lang='lat' dir='ltr'>sciens</span> <span class='ocrx_word' id='word_1_259' title='bbox 1081 2319 1429 2392; x_wconf 88' lang='lat' dir='ltr'>privilegium</span> <span class='ocrx_word' id='word_1_260' title='bbox 1495 2319 1932 2389; x_wconf 66' lang='lat' dir='ltr'>metropolitanze</span> <span class='ocrx_word' id='word_1_261' title='bbox 1989 2319 2138 2373; x_wconf 89' lang='lat' dir='ltr'>sedis</span> 
     </span>
    </p>
   </div>
   <div class='ocr_carea' id='block_1_40' title="bbox 525 2408 2135 2482">
    <p class='ocr_par' dir='ltr' id='par_1_40' title="bbox 525 2408 2135 2482">
     <span class='ocr_line' id='line_1_40' title="bbox 525 2408 2135 2482; baseline -0.001 -18"><span class='ocrx_word' id='word_1_262' title='bbox 525 2410 958 2479; x_wconf 82' lang='lat' dir='ltr'>Remorum,(cui</span> <span class='ocrx_word' id='word_1_263' title='bbox 986 2426 1074 2463; x_wconf 93' lang='lat' dir='ltr'>me</span> <span class='ocrx_word' id='word_1_264' title='bbox 1106 2408 1292 2463; x_wconf 89' lang='lat' dir='ltr'>divina</span> <span class='ocrx_word' id='word_1_265' title='bbox 1312 2408 1560 2482; x_wconf 89' lang='lat' dir='ltr'>dignatio</span> <span class='ocrx_word' id='word_1_266' title='bbox 1581 2409 1790 2464; x_wconf 89' lang='lat' dir='ltr'>servire</span> <span class='ocrx_word' id='word_1_267' title='bbox 1820 2408 2135 2481; x_wconf 86' lang='lat' dir='ltr'>disposuit),</span> 
     </span>
    </p>
   </div>
   <div class='ocr_carea' id='block_1_41' title="bbox 527 2503 2139 2578">
    <p class='ocr_par' dir='ltr' id='par_1_41' title="bbox 527 2503 2139 2578">
     <span class='ocr_line' id='line_1_41' title="bbox 527 2503 2139 2578; baseline 0 -20"><span class='ocrx_word' id='word_1_268' title='bbox 527 2505 582 2558; x_wconf 93' lang='lat' dir='ltr'>in</span> <span class='ocrx_word' id='word_1_269' title='bbox 618 2519 832 2559; x_wconf 89' lang='lat' dir='ltr'>summo</span> <span class='ocrx_word' id='word_1_270' title='bbox 865 2503 1154 2578; x_wconf 90' lang='lat' dir='ltr'>privilegio</span> <span class='ocrx_word' id='word_1_271' title='bbox 1183 2511 1386 2558; x_wconf 80' lang='lat' dir='ltr'>sanctae</span> <span class='ocrx_word' id='word_1_272' title='bbox 1423 2503 1574 2558; x_wconf 91' lang='lat' dir='ltr'>sedis</span> <span class='ocrx_word' id='word_1_273' title='bbox 1603 2503 1862 2558; x_wconf 82' lang='lat' dir='ltr'>Romanae</span> <span class='ocrx_word' id='word_1_274' title='bbox 1891 2518 2139 2572; x_wconf 85' lang='lat' dir='ltr'>manere,</span> 
     </span>
    </p>
   </div>
   <div class='ocr_carea' id='block_1_42' title="bbox 523 2598 2141 2674">
    <p class='ocr_par' dir='ltr' id='par_1_42' title="bbox 523 2598 2141 2674">
     <span class='ocr_line' id='line_1_42' title="bbox 523 2598 2141 2674; baseline 0.001 -21"><span class='ocrx_word' id='word_1_275' title='bbox 523 2608 579 2654; x_wconf 91' lang='lat' dir='ltr'>et</span> <span class='ocrx_word' id='word_1_276' title='bbox 600 2599 949 2674; x_wconf 85' lang='lat' dir='ltr'>privilegium</span> <span class='ocrx_word' id='word_1_277' title='bbox 978 2615 1100 2654; x_wconf 91' lang='lat' dir='ltr'>esse</span> <span class='ocrx_word' id='word_1_278' title='bbox 1121 2599 1270 2654; x_wconf 90' lang='lat' dir='ltr'>sedis</span> <span class='ocrx_word' id='word_1_279' title='bbox 1301 2599 1582 2666; x_wconf 57' lang='lat' dir='ltr'>Romana,</span> <span class='ocrx_word' id='word_1_280' title='bbox 1615 2598 1660 2652; x_wconf 92' lang='lat' dir='ltr'>si</span> <span class='ocrx_word' id='word_1_281' title='bbox 1687 2615 1785 2653; x_wconf 89' lang='lat' dir='ltr'>sua</span> <span class='ocrx_word' id='word_1_282' title='bbox 1816 2599 2141 2654; x_wconf 90' lang='lat' dir='ltr'>auctoritate</span> 
     </span>
    </p>
   </div>
   <div class='ocr_carea' id='block_1_43' title="bbox 525 2685 2139 2762">
    <p class='ocr_par' dir='ltr' id='par_1_43' title="bbox 525 2685 2139 2762">
     <span class='ocr_line' id='line_1_43' title="bbox 525 2685 2139 2762; baseline -0.001 -20"><span class='ocrx_word' id='word_1_283' title='bbox 525 2687 877 2761; x_wconf 84' lang='lat' dir='ltr'>privilegium</span> <span class='ocrx_word' id='word_1_284' title='bbox 943 2687 1047 2741; x_wconf 91' lang='lat' dir='ltr'>sibi</span> <span class='ocrx_word' id='word_1_285' title='bbox 1113 2687 1384 2762; x_wconf 72' lang='lat' dir='ltr'>subjectae</span> <span class='ocrx_word' id='word_1_286' title='bbox 1445 2686 1594 2740; x_wconf 90' lang='lat' dir='ltr'>sedis</span> <span class='ocrx_word' id='word_1_287' title='bbox 1677 2685 1869 2740; x_wconf 87' lang='lat' dir='ltr'>fecerit</span> <span class='ocrx_word' id='word_1_288' title='bbox 1930 2686 2139 2760; x_wconf 88' lang='lat' dir='ltr'>vigere,</span> 
     </span>
    </p>
   </div>
   <div class='ocr_carea' id='block_1_44' title="bbox 524 2772 2142 2845">
    <p class='ocr_par' dir='ltr' id='par_1_44' title="bbox 524 2772 2142 2845">
     <span class='ocr_line' id='line_1_44' title="bbox 524 2772 2142 2845; baseline 0.001 -17"><span class='ocrx_word' id='word_1_289' title='bbox 524 2781 580 2829; x_wconf 90' lang='lat' dir='ltr'>et</span> <span class='ocrx_word' id='word_1_290' title='bbox 613 2775 887 2830; x_wconf 87' lang='lat' dir='ltr'>studuerit</span> <span class='ocrx_word' id='word_1_291' title='bbox 916 2772 1266 2831; x_wconf 86' lang='lat' dir='ltr'>confirmare.</span> <span class='ocrx_word' id='word_1_292' title='bbox 1300 2775 1375 2829; x_wconf 91' lang='lat' dir='ltr'>De</span> <span class='ocrx_word' id='word_1_293' title='bbox 1397 2789 1463 2829; x_wconf 89' lang='lat' dir='ltr'>eo</span> <span class='ocrx_word' id='word_1_294' title='bbox 1492 2789 1623 2829; x_wconf 88' lang='lat' dir='ltr'>vero</span> <span class='ocrx_word' id='word_1_295' title='bbox 1654 2774 1800 2845; x_wconf 91' lang='lat' dir='ltr'>quod</span> <span class='ocrx_word' id='word_1_296' title='bbox 1830 2775 1990 2832; x_wconf 86' lang='lat' dir='ltr'>tertio</span> <span class='ocrx_word' id='word_1_297' title='bbox 2020 2774 2142 2829; x_wconf 92' lang='lat' dir='ltr'>loco</span> 
     </span>
    </p>
   </div>
   <div class='ocr_carea' id='block_1_45' title="bbox 526 2868 2142 2939">
    <p class='ocr_par' dir='ltr' id='par_1_45' title="bbox 526 2868 2142 2939">
     <span class='ocr_line' id='line_1_45' title="bbox 526 2868 2142 2939; baseline 0.001 -17"><span class='ocrx_word' id='word_1_298' title='bbox 526 2868 595 2922; x_wconf 90' lang='lat' dir='ltr'>ad</span> <span class='ocrx_word' id='word_1_299' title='bbox 626 2869 874 2924; x_wconf 91' lang='lat' dir='ltr'>medium</span> <span class='ocrx_word' id='word_1_300' title='bbox 906 2869 1235 2935; x_wconf 90' lang='lat' dir='ltr'>devocastis,</span> <span class='ocrx_word' id='word_1_301' title='bbox 1266 2868 1511 2924; x_wconf 90' lang='lat' dir='ltr'>scribere</span> <span class='ocrx_word' id='word_1_302' title='bbox 1541 2868 1690 2923; x_wconf 90' lang='lat' dir='ltr'>aliud</span> <span class='ocrx_word' id='word_1_303' title='bbox 1709 2868 1850 2922; x_wconf 90' lang='lat' dir='ltr'>nihil</span> <span class='ocrx_word' id='word_1_304' title='bbox 1876 2885 2142 2939; x_wconf 77' lang='lat' dir='ltr'>przesum-</span> 
     </span>
    </p>
   </div>
   <div class='ocr_carea' id='block_1_46' title="bbox 524 2957 2140 3030">
    <p class='ocr_par' dir='ltr' id='par_1_46' title="bbox 524 2957 2140 3030">
     <span class='ocr_line' id='line_1_46' title="bbox 524 2957 2140 3030; baseline 0.001 -20"><span class='ocrx_word' id='word_1_305' title='bbox 524 2958 631 3027; x_wconf 91' lang='lat' dir='ltr'>psi,</span> <span class='ocrx_word' id='word_1_306' title='bbox 678 2957 785 3013; x_wconf 90' lang='lat' dir='ltr'>nisi</span> <span class='ocrx_word' id='word_1_307' title='bbox 838 2959 968 3030; x_wconf 89' lang='lat' dir='ltr'>quia</span> <span class='ocrx_word' id='word_1_308' title='bbox 997 2975 1162 3014; x_wconf 90' lang='lat' dir='ltr'>causa</span> <span class='ocrx_word' id='word_1_309' title='bbox 1213 2957 1446 3014; x_wconf 83' lang='lat' dir='ltr'>Rothadi</span> <span class='ocrx_word' id='word_1_310' title='bbox 1495 2973 1526 3011; x_wconf 90' lang='lat' dir='ltr'>a</span> <span class='ocrx_word' id='word_1_311' title='bbox 1564 2957 1748 3013; x_wconf 89' lang='lat' dir='ltr'>causis</span> <span class='ocrx_word' id='word_1_312' title='bbox 1791 2957 2033 3026; x_wconf 90' lang='lat' dir='ltr'>illorum,</span> <span class='ocrx_word' id='word_1_313' title='bbox 2071 2957 2140 3011; x_wconf 90' lang='lat' dir='ltr'>de</span> 
     </span>
    </p>
   </div>
   <div class='ocr_carea' id='block_1_47' title="bbox 2238 1789 3851 1864">
    <p class='ocr_par' dir='ltr' id='par_1_47' title="bbox 2238 1789 3851 1864">
     <span class='ocr_line' id='line_1_47' title="bbox 2238 1789 3851 1864; baseline -0.001 -19"><span class='ocrx_word' id='word_1_314' title='bbox 2238 1798 2378 1846; x_wconf 88' lang='lat' dir='ltr'>stras</span> <span class='ocrx_word' id='word_1_315' title='bbox 2409 1807 2577 1862; x_wconf 90' lang='lat' dir='ltr'>super</span> <span class='ocrx_word' id='word_1_316' title='bbox 2613 1790 2838 1846; x_wconf 88' lang='lat' dir='ltr'>fluvium</span> <span class='ocrx_word' id='word_1_317' title='bbox 2868 1791 3123 1864; x_wconf 87' lang='lat' dir='ltr'>Ligerim,</span> <span class='ocrx_word' id='word_1_318' title='bbox 3165 1805 3325 1845; x_wconf 89' lang='lat' dir='ltr'>secus</span> <span class='ocrx_word' id='word_1_319' title='bbox 3353 1789 3659 1844; x_wconf 86' lang='lat' dir='ltr'>conﬁnium</span> <span class='ocrx_word' id='word_1_320' title='bbox 3698 1791 3851 1864; x_wconf 80' lang='lat' dir='ltr'>regni</span> 
     </span>
    </p>
   </div>
   <div class='ocr_carea' id='block_1_48' title="bbox 2237 1877 3853 1950">
    <p class='ocr_par' dir='ltr' id='par_1_48' title="bbox 2237 1877 3853 1950">
     <span class='ocr_line' id='line_1_48' title="bbox 2237 1877 3853 1950; baseline -0.002 -18"><span class='ocrx_word' id='word_1_321' title='bbox 2237 1879 2540 1950; x_wconf 67' lang='lat' dir='ltr'>Aquitania:</span> <span class='ocrx_word' id='word_1_322' title='bbox 2562 1878 2966 1944; x_wconf 89' lang='lat' dir='ltr'>festinaremus,</span> <span class='ocrx_word' id='word_1_323' title='bbox 2991 1878 3139 1932; x_wconf 90' lang='lat' dir='ltr'>misit</span> <span class='ocrx_word' id='word_1_324' title='bbox 3166 1877 3234 1931; x_wconf 89' lang='lat' dir='ltr'>ad</span> <span class='ocrx_word' id='word_1_325' title='bbox 3257 1892 3344 1930; x_wconf 90' lang='lat' dir='ltr'>me</span> <span class='ocrx_word' id='word_1_326' title='bbox 3369 1877 3647 1931; x_wconf 90' lang='lat' dir='ltr'>hominem</span> <span class='ocrx_word' id='word_1_327' title='bbox 3670 1893 3853 1936; x_wconf 87' lang='lat' dir='ltr'>suum,</span> 
     </span>
    </p>
   </div>
   <div class='ocr_carea' id='block_1_49' title="bbox 2238 1963 3852 2036">
    <p class='ocr_par' dir='ltr' id='par_1_49' title="bbox 2238 1963 3852 2036">
     <span class='ocr_line' id='line_1_49' title="bbox 2238 1963 3852 2036; baseline -0.002 -17"><span class='ocrx_word' id='word_1_328' title='bbox 2238 1966 2460 2020; x_wconf 91' lang='lat' dir='ltr'>nomine</span> <span class='ocrx_word' id='word_1_329' title='bbox 2492 1965 2806 2032; x_wconf 83' lang='lat' dir='ltr'>Rodulfum,</span> <span class='ocrx_word' id='word_1_330' title='bbox 2847 1966 3118 2020; x_wconf 88' lang='lat' dir='ltr'>mandans</span> <span class='ocrx_word' id='word_1_331' title='bbox 3155 1965 3285 2036; x_wconf 90' lang='lat' dir='ltr'>quia</span> <span class='ocrx_word' id='word_1_332' title='bbox 3313 1963 3573 2034; x_wconf 69' lang='lat' dir='ltr'>prazfatus</span> <span class='ocrx_word' id='word_1_333' title='bbox 3615 1979 3708 2018; x_wconf 84' lang='lat' dir='ltr'>rex</span> <span class='ocrx_word' id='word_1_334' title='bbox 3743 1965 3852 2017; x_wconf 87' lang='lat' dir='ltr'>Lu-</span> 
     </span>
    </p>
   </div>
   <div class='ocr_carea' id='block_1_50' title="bbox 2238 2056 3860 2129">
    <p class='ocr_par' dir='ltr' id='par_1_50' title="bbox 2238 2056 3860 2129">
     <span class='ocr_line' id='line_1_50' title="bbox 2238 2056 3860 2129; baseline -0.003 -17"><span class='ocrx_word' id='word_1_335' title='bbox 2238 2059 2464 2114; x_wconf 90' lang='lat' dir='ltr'>dovicus</span> <span class='ocrx_word' id='word_1_336' title='bbox 2491 2057 2781 2129; x_wconf 88' lang='lat' dir='ltr'>quemdam</span> <span class='ocrx_word' id='word_1_337' title='bbox 2824 2057 3102 2112; x_wconf 89' lang='lat' dir='ltr'>hominem</span> <span class='ocrx_word' id='word_1_338' title='bbox 3153 2056 3408 2119; x_wconf 84' lang='lat' dir='ltr'>Rothadi,</span> <span class='ocrx_word' id='word_1_339' title='bbox 3444 2073 3570 2111; x_wconf 92' lang='lat' dir='ltr'>cum</span> <span class='ocrx_word' id='word_1_340' title='bbox 3608 2056 3860 2126; x_wconf 84' lang='lat' dir='ltr'>epistolis</span> 
     </span>
    </p>
   </div>
   <div class='ocr_carea' id='block_1_51' title="bbox 2236 2148 3855 2216">
    <p class='ocr_par' dir='ltr' id='par_1_51' title="bbox 2236 2148 3855 2216">
     <span class='ocr_line' id='line_1_51' title="bbox 2236 2148 3855 2216; baseline -0.004 -9"><span class='ocrx_word' id='word_1_341' title='bbox 2236 2158 2429 2207; x_wconf 65' lang='lat' dir='ltr'>vestra:</span> <span class='ocrx_word' id='word_1_342' title='bbox 2482 2150 2808 2216; x_wconf 87' lang='lat' dir='ltr'>sanctitatis,</span> <span class='ocrx_word' id='word_1_343' title='bbox 2851 2150 3061 2216; x_wconf 91' lang='lat' dir='ltr'>manui,</span> <span class='ocrx_word' id='word_1_344' title='bbox 3109 2156 3161 2204; x_wconf 89' lang='lat' dir='ltr'>et</span> <span class='ocrx_word' id='word_1_345' title='bbox 3217 2148 3347 2204; x_wconf 84' lang='lat' dir='ltr'>ﬁdei</span> <span class='ocrx_word' id='word_1_346' title='bbox 3394 2165 3505 2203; x_wconf 66' lang='lat' dir='ltr'>sum</span> <span class='ocrx_word' id='word_1_347' title='bbox 3545 2149 3855 2204; x_wconf 84' lang='lat' dir='ltr'>commisit:</span> 
     </span>
    </p>
   </div>
   <div class='ocr_carea' id='block_1_52' title="bbox 2236 2236 3856 2311">
    <p class='ocr_par' dir='ltr' id='par_1_52' title="bbox 2236 2236 3856 2311">
     <span class='ocr_line' id='line_1_52' title="bbox 2236 2236 3856 2311; baseline -0.002 -17"><span class='ocrx_word' id='word_1_348' title='bbox 2236 2245 2510 2311; x_wconf 91' lang='lat' dir='ltr'>quatenus</span> <span class='ocrx_word' id='word_1_349' title='bbox 2543 2239 2617 2293; x_wconf 91' lang='lat' dir='ltr'>ita</span> <span class='ocrx_word' id='word_1_350' title='bbox 2647 2238 2713 2292; x_wconf 91' lang='lat' dir='ltr'>ad</span> <span class='ocrx_word' id='word_1_351' title='bbox 2746 2237 3098 2308; x_wconf 68' lang='lat' dir='ltr'>praesentiam</span> <span class='ocrx_word' id='word_1_352' title='bbox 3139 2236 3330 2293; x_wconf 91' lang='lat' dir='ltr'>domni</span> <span class='ocrx_word' id='word_1_353' title='bbox 3371 2236 3543 2291; x_wconf 91' lang='lat' dir='ltr'>nostri</span> <span class='ocrx_word' id='word_1_354' title='bbox 3584 2237 3736 2309; x_wconf 90' lang='lat' dir='ltr'>regis</span> <span class='ocrx_word' id='word_1_355' title='bbox 3760 2237 3856 2291; x_wconf 82' lang='lat' dir='ltr'>Ka-</span> 
     </span>
    </p>
   </div>
   <div class='ocr_carea' id='block_1_53' title="bbox 2237 2326 3856 2397">
    <p class='ocr_par' dir='ltr' id='par_1_53' title="bbox 2237 2326 3856 2397">
     <span class='ocr_line' id='line_1_53' title="bbox 2237 2326 3856 2397; baseline -0.002 -15"><span class='ocrx_word' id='word_1_356' title='bbox 2237 2328 2337 2382; x_wconf 88' lang='lat' dir='ltr'>roli</span> <span class='ocrx_word' id='word_1_357' title='bbox 2383 2345 2506 2383; x_wconf 91' lang='lat' dir='ltr'>cum</span> <span class='ocrx_word' id='word_1_358' title='bbox 2539 2327 2747 2382; x_wconf 85' lang='lat' dir='ltr'>eisdem</span> <span class='ocrx_word' id='word_1_359' title='bbox 2781 2326 3057 2397; x_wconf 87' lang='lat' dir='ltr'>episcOpis</span> <span class='ocrx_word' id='word_1_360' title='bbox 3095 2342 3221 2380; x_wconf 91' lang='lat' dir='ltr'>eum</span> <span class='ocrx_word' id='word_1_361' title='bbox 3252 2326 3602 2396; x_wconf 88' lang='lat' dir='ltr'>perduceret,</span> <span class='ocrx_word' id='word_1_362' title='bbox 3641 2333 3700 2379; x_wconf 90' lang='lat' dir='ltr'>ut</span> <span class='ocrx_word' id='word_1_363' title='bbox 3734 2327 3856 2381; x_wconf 86' lang='lat' dir='ltr'>uul-</span> 
     </span>
    </p>
   </div>
   <div class='ocr_carea' id='block_1_54' title="bbox 2237 2414 3856 2485">
    <p class='ocr_par' dir='ltr' id='par_1_54' title="bbox 2237 2414 3856 2485">
     <span class='ocr_line' id='line_1_54' title="bbox 2237 2414 3856 2485; baseline -0.001 -15"><span class='ocrx_word' id='word_1_364' title='bbox 2237 2415 2348 2470; x_wconf 93' lang='lat' dir='ltr'>lum</span> <span class='ocrx_word' id='word_1_365' title='bbox 2379 2416 2583 2469; x_wconf 90' lang='lat' dir='ltr'>malum</span> <span class='ocrx_word' id='word_1_366' title='bbox 2615 2415 2665 2469; x_wconf 92' lang='lat' dir='ltr'>ei</span> <span class='ocrx_word' id='word_1_367' title='bbox 2697 2414 2942 2469; x_wconf 85' lang='lat' dir='ltr'>inferret.</span> <span class='ocrx_word' id='word_1_368' title='bbox 2973 2414 3065 2468; x_wconf 91' lang='lat' dir='ltr'>Est</span> <span class='ocrx_word' id='word_1_369' title='bbox 3095 2414 3244 2468; x_wconf 90' lang='lat' dir='ltr'>enim</span> <span class='ocrx_word' id='word_1_370' title='bbox 3275 2415 3422 2485; x_wconf 91' lang='lat' dir='ltr'>apud</span> <span class='ocrx_word' id='word_1_371' title='bbox 3450 2414 3716 2469; x_wconf 89' lang='lat' dir='ltr'>domnum</span> <span class='ocrx_word' id='word_1_372' title='bbox 3753 2431 3856 2469; x_wconf 87' lang='lat' dir='ltr'>n0-</span> 
     </span>
    </p>
   </div>
   <div class='ocr_carea' id='block_1_55' title="bbox 2240 2502 3858 2577">
    <p class='ocr_par' dir='ltr' id='par_1_55' title="bbox 2240 2502 3858 2577">
     <span class='ocr_line' id='line_1_55' title="bbox 2240 2502 3858 2577; baseline -0.001 -20"><span class='ocrx_word' id='word_1_373' title='bbox 2240 2512 2411 2558; x_wconf 90' lang='lat' dir='ltr'>strum</span> <span class='ocrx_word' id='word_1_374' title='bbox 2444 2518 2628 2577; x_wconf 88' lang='lat' dir='ltr'>regem</span> <span class='ocrx_word' id='word_1_375' title='bbox 2660 2503 2806 2558; x_wconf 91' lang='lat' dir='ltr'>idem</span> <span class='ocrx_word' id='word_1_376' title='bbox 2837 2503 3000 2558; x_wconf 91' lang='lat' dir='ltr'>homo</span> <span class='ocrx_word' id='word_1_377' title='bbox 3032 2509 3337 2565; x_wconf 89' lang='lat' dir='ltr'>accusatus,</span> <span class='ocrx_word' id='word_1_378' title='bbox 3372 2503 3518 2575; x_wconf 90' lang='lat' dir='ltr'>quod</span> <span class='ocrx_word' id='word_1_379' title='bbox 3552 2502 3771 2557; x_wconf 87' lang='lat' dir='ltr'>furatus</span> <span class='ocrx_word' id='word_1_380' title='bbox 3793 2504 3858 2556; x_wconf 87' lang='lat' dir='ltr'>sit</span> 
     </span>
    </p>
   </div>
   <div class='ocr_carea' id='block_1_56' title="bbox 2241 2594 3863 2665">
    <p class='ocr_par' dir='ltr' id='par_1_56' title="bbox 2241 2594 3863 2665">
     <span class='ocr_line' id='line_1_56' title="bbox 2241 2594 3863 2665; baseline -0.001 -17"><span class='ocrx_word' id='word_1_381' title='bbox 2241 2611 2329 2649; x_wconf 92' lang='lat' dir='ltr'>res</span> <span class='ocrx_word' id='word_1_382' title='bbox 2358 2602 2413 2649; x_wconf 91' lang='lat' dir='ltr'>et</span> <span class='ocrx_word' id='word_1_383' title='bbox 2460 2597 2778 2650; x_wconf 88' lang='lat' dir='ltr'>thesaurum</span> <span class='ocrx_word' id='word_1_384' title='bbox 2824 2594 3100 2657; x_wconf 76' lang='lat' dir='ltr'>Ecclesiae,</span> <span class='ocrx_word' id='word_1_385' title='bbox 3136 2601 3190 2649; x_wconf 91' lang='lat' dir='ltr'>et</span> <span class='ocrx_word' id='word_1_386' title='bbox 3219 2602 3343 2665; x_wconf 92' lang='lat' dir='ltr'>post</span> <span class='ocrx_word' id='word_1_387' title='bbox 3387 2594 3691 2664; x_wconf 73' lang='lat' dir='ltr'>periurium</span> <span class='ocrx_word' id='word_1_388' title='bbox 3730 2595 3863 2647; x_wconf 82' lang='lat' dir='ltr'>inde</span> 
     </span>
    </p>
   </div>
   <div class='ocr_carea' id='block_1_57' title="bbox 2241 2685 3863 2761">
    <p class='ocr_par' dir='ltr' id='par_1_57' title="bbox 2241 2685 3863 2761">
     <span class='ocr_line' id='line_1_57' title="bbox 2241 2685 3863 2761; baseline -0.002 -19"><span class='ocrx_word' id='word_1_389' title='bbox 2241 2687 2612 2753; x_wconf 90' lang='lat' dir='ltr'>commissum,</span> <span class='ocrx_word' id='word_1_390' title='bbox 2644 2686 2773 2761; x_wconf 89' lang='lat' dir='ltr'>fuga</span> <span class='ocrx_word' id='word_1_391' title='bbox 2799 2688 3004 2757; x_wconf 88' lang='lat' dir='ltr'>lapsus,</span> <span class='ocrx_word' id='word_1_392' title='bbox 3035 2685 3101 2740; x_wconf 90' lang='lat' dir='ltr'>ad</span> <span class='ocrx_word' id='word_1_393' title='bbox 3138 2687 3474 2742; x_wconf 87' lang='lat' dir='ltr'>Ludovicum</span> <span class='ocrx_word' id='word_1_394' title='bbox 3505 2702 3692 2759; x_wconf 88' lang='lat' dir='ltr'>regem</span> <span class='ocrx_word' id='word_1_395' title='bbox 3730 2703 3863 2756; x_wconf 85' lang='lat' dir='ltr'>per-</span> 
     </span>
    </p>
   </div>
   <div class='ocr_carea' id='block_1_58' title="bbox 2242 2773 3866 2848">
    <p class='ocr_par' dir='ltr' id='par_1_58' title="bbox 2242 2773 3866 2848">
     <span class='ocr_line' id='line_1_58' title="bbox 2242 2773 3866 2848; baseline -0.001 -20"><span class='ocrx_word' id='word_1_396' title='bbox 2242 2774 2464 2829; x_wconf 86' lang='lat' dir='ltr'>rexerit.</span> <span class='ocrx_word' id='word_1_397' title='bbox 2503 2774 2654 2829; x_wconf 91' lang='lat' dir='ltr'>Unde</span> <span class='ocrx_word' id='word_1_398' title='bbox 2702 2773 2852 2828; x_wconf 91' lang='lat' dir='ltr'>idem</span> <span class='ocrx_word' id='word_1_399' title='bbox 2896 2773 3166 2829; x_wconf 82' lang='lat' dir='ltr'>Rodulfus</span> <span class='ocrx_word' id='word_1_400' title='bbox 3212 2773 3392 2844; x_wconf 90' lang='lat' dir='ltr'>petiit,</span> <span class='ocrx_word' id='word_1_401' title='bbox 3443 2778 3502 2826; x_wconf 89' lang='lat' dir='ltr'>ut</span> <span class='ocrx_word' id='word_1_402' title='bbox 3547 2789 3650 2848; x_wconf 90' lang='lat' dir='ltr'>ego</span> <span class='ocrx_word' id='word_1_403' title='bbox 3707 2773 3866 2827; x_wconf 90' lang='lat' dir='ltr'>illum</span> 
     </span>
    </p>
   </div>
   <div class='ocr_carea' id='block_1_59' title="bbox 2240 2865 3867 2940">
    <p class='ocr_par' dir='ltr' id='par_1_59' title="bbox 2240 2865 3867 2940">
     <span class='ocr_line' id='line_1_59' title="bbox 2240 2865 3867 2940; baseline -0.001 -19"><span class='ocrx_word' id='word_1_404' title='bbox 2240 2867 2388 2921; x_wconf 91' lang='lat' dir='ltr'>unde</span> <span class='ocrx_word' id='word_1_405' title='bbox 2413 2865 2559 2937; x_wconf 91' lang='lat' dir='ltr'>apud</span> <span class='ocrx_word' id='word_1_406' title='bbox 2587 2866 2871 2922; x_wconf 90' lang='lat' dir='ltr'>dominum</span> <span class='ocrx_word' id='word_1_407' title='bbox 2903 2874 3152 2922; x_wconf 89' lang='lat' dir='ltr'>nostrum</span> <span class='ocrx_word' id='word_1_408' title='bbox 3201 2881 3385 2940; x_wconf 91' lang='lat' dir='ltr'>regem</span> <span class='ocrx_word' id='word_1_409' title='bbox 3418 2865 3774 2936; x_wconf 87' lang='lat' dir='ltr'>adjuvarem:</span> <span class='ocrx_word' id='word_1_410' title='bbox 3810 2877 3867 2919; x_wconf 88' lang='lat' dir='ltr'>ut</span> 
     </span>
    </p>
   </div>
   <div class='ocr_carea' id='block_1_60' title="bbox 2240 2952 3864 3026">
    <p class='ocr_par' dir='ltr' id='par_1_60' title="bbox 2240 2952 3864 3026">
     <span class='ocr_line' id='line_1_60' title="bbox 2240 2952 3864 3026; baseline -0.002 -16"><span class='ocrx_word' id='word_1_411' title='bbox 2240 2955 2501 3026; x_wconf 90' lang='lat' dir='ltr'>quoniam</span> <span class='ocrx_word' id='word_1_412' title='bbox 2533 2955 2857 3026; x_wconf 66' lang='lat' dir='ltr'>praedictum</span> <span class='ocrx_word' id='word_1_413' title='bbox 2886 2954 3171 3010; x_wconf 90' lang='lat' dir='ltr'>hominem</span> <span class='ocrx_word' id='word_1_414' title='bbox 3195 2953 3248 3008; x_wconf 92' lang='lat' dir='ltr'>in</span> <span class='ocrx_word' id='word_1_415' title='bbox 3281 2970 3381 3008; x_wconf 90' lang='lat' dir='ltr'>sua</span> <span class='ocrx_word' id='word_1_416' title='bbox 3405 2952 3513 3008; x_wconf 83' lang='lat' dir='ltr'>ﬁde</span> <span class='ocrx_word' id='word_1_417' title='bbox 3544 2964 3864 3024; x_wconf 88' lang='lat' dir='ltr'>acceperat,</span> 
     </span>
    </p>
   </div>
   <div class='ocr_carea' id='block_1_61' title="bbox 525 3045 3866 3158">
    <p class='ocr_par' dir='ltr' id='par_1_61' title="bbox 525 3045 3866 3158">
     <span class='ocr_line' id='line_1_61' title="bbox 525 3045 3866 3158; baseline -0.001 -55"><span class='ocrx_word' id='word_1_418' title='bbox 525 3049 731 3119; x_wconf 91' lang='lat' dir='ltr'>quibus</span> <span class='ocrx_word' id='word_1_419' title='bbox 766 3049 1082 3121; x_wconf 88' lang='lat' dir='ltr'>scripsistis,</span> <span class='ocrx_word' id='word_1_420' title='bbox 1119 3058 1203 3105; x_wconf 93' lang='lat' dir='ltr'>est</span> <span class='ocrx_word' id='word_1_421' title='bbox 1227 3064 1372 3120; x_wconf 90' lang='lat' dir='ltr'>pene</span> <span class='ocrx_word' id='word_1_422' title='bbox 1402 3047 1458 3102; x_wconf 90' lang='lat' dir='ltr'>in</span> <span class='ocrx_word' id='word_1_423' title='bbox 1498 3048 1710 3104; x_wconf 89' lang='lat' dir='ltr'>cunctis</span> <span class='ocrx_word' id='word_1_424' title='bbox 1730 3047 2031 3104; x_wconf 90' lang='lat' dir='ltr'>dissimilis.</span> <span class='ocrx_word' id='word_1_425' title='bbox 2064 3049 2140 3103; x_wconf 92' lang='lat' dir='ltr'>De</span> <span class='ocrx_word' id='word_1_426' title='bbox 2169 3047 2453 3158; x_wconf 86' lang='lat' dir='ltr'>Cnullum</span> <span class='ocrx_word' id='word_1_427' title='bbox 2495 3046 2699 3102; x_wconf 91' lang='lat' dir='ltr'>malum</span> <span class='ocrx_word' id='word_1_428' title='bbox 2747 3046 3002 3102; x_wconf 89' lang='lat' dir='ltr'>haberet.</span> <span class='ocrx_word' id='word_1_429' title='bbox 3052 3045 3149 3101; x_wconf 89' lang='lat' dir='ltr'>Cui</span> <span class='ocrx_word' id='word_1_430' title='bbox 3191 3045 3479 3116; x_wconf 89' lang='lat' dir='ltr'>respondi,</span> <span class='ocrx_word' id='word_1_431' title='bbox 3537 3053 3596 3100; x_wconf 90' lang='lat' dir='ltr'>ut</span> <span class='ocrx_word' id='word_1_432' title='bbox 3644 3055 3866 3101; x_wconf 86' lang='lat' dir='ltr'>teneret</span> 
     </span>
    </p>
   </div>
   <div class='ocr_carea' id='block_1_62' title="bbox 525 3136 2140 3214">
    <p class='ocr_par' dir='ltr' id='par_1_62' title="bbox 525 3136 2140 3214">
     <span class='ocr_line' id='line_1_62' title="bbox 525 3136 2140 3214; baseline 0.001 -21"><span class='ocrx_word' id='word_1_433' title='bbox 525 3154 592 3194; x_wconf 92' lang='lat' dir='ltr'>eo</span> <span class='ocrx_word' id='word_1_434' title='bbox 622 3139 770 3211; x_wconf 89' lang='lat' dir='ltr'>quod</span> <span class='ocrx_word' id='word_1_435' title='bbox 822 3139 1044 3194; x_wconf 89' lang='lat' dir='ltr'>tandem</span> <span class='ocrx_word' id='word_1_436' title='bbox 1084 3139 1386 3211; x_wconf 91' lang='lat' dir='ltr'>apostolica</span> <span class='ocrx_word' id='word_1_437' title='bbox 1422 3146 1605 3195; x_wconf 91' lang='lat' dir='ltr'>vestra</span> <span class='ocrx_word' id='word_1_438' title='bbox 1631 3136 1943 3214; x_wconf 88' lang='lat' dir='ltr'>benignitas</span> <span class='ocrx_word' id='word_1_439' title='bbox 1994 3138 2140 3194; x_wconf 88' lang='lat' dir='ltr'>indi-</span> 
     </span>
    </p>
   </div>
   <div class='ocr_carea' id='block_1_63' title="bbox 525 3229 2137 3306">
    <p class='ocr_par' dir='ltr' id='par_1_63' title="bbox 525 3229 2137 3306">
     <span class='ocr_line' id='line_1_63' title="bbox 525 3229 2137 3306; baseline 0 -22"><span class='ocrx_word' id='word_1_440' title='bbox 525 3229 718 3305; x_wconf 89' lang='lat' dir='ltr'>gnitati</span> <span class='ocrx_word' id='word_1_441' title='bbox 756 3247 893 3286; x_wconf 58' lang='lat' dir='ltr'>mea;</span> <span class='ocrx_word' id='word_1_442' title='bbox 933 3231 1178 3286; x_wconf 89' lang='lat' dir='ltr'>scribere</span> <span class='ocrx_word' id='word_1_443' title='bbox 1210 3235 1293 3286; x_wconf 90' lang='lat' dir='ltr'>est</span> <span class='ocrx_word' id='word_1_444' title='bbox 1323 3230 1567 3306; x_wconf 89' lang='lat' dir='ltr'>dignata,</span> <span class='ocrx_word' id='word_1_445' title='bbox 1607 3237 1668 3284; x_wconf 92' lang='lat' dir='ltr'>ut</span> <span class='ocrx_word' id='word_1_446' title='bbox 1707 3230 1824 3286; x_wconf 77' lang='lat' dir='ltr'>haec</span> <span class='ocrx_word' id='word_1_447' title='bbox 1852 3230 2137 3286; x_wconf 87' lang='lat' dir='ltr'>vobiscum</span> 
     </span>
    </p>
   </div>
   <div class='ocr_carea' id='block_1_64' title="bbox 523 3322 2137 3394">
    <p class='ocr_par' dir='ltr' id='par_1_64' title="bbox 523 3322 2137 3394">
     <span class='ocr_line' id='line_1_64' title="bbox 523 3322 2137 3394; baseline 0.001 -17"><span class='ocrx_word' id='word_1_448' title='bbox 523 3323 781 3394; x_wconf 83' lang='lat' dir='ltr'>cogitem,</span> <span class='ocrx_word' id='word_1_449' title='bbox 820 3331 875 3377; x_wconf 91' lang='lat' dir='ltr'>et</span> <span class='ocrx_word' id='word_1_450' title='bbox 903 3322 1052 3394; x_wconf 92' lang='lat' dir='ltr'>quod</span> <span class='ocrx_word' id='word_1_451' title='bbox 1093 3323 1162 3377; x_wconf 90' lang='lat' dir='ltr'>de</span> <span class='ocrx_word' id='word_1_452' title='bbox 1203 3323 1454 3379; x_wconf 84' lang='lat' dir='ltr'>Rothado</span> <span class='ocrx_word' id='word_1_453' title='bbox 1485 3323 1783 3378; x_wconf 88' lang='lat' dir='ltr'>decernitis</span> <span class='ocrx_word' id='word_1_454' title='bbox 1810 3323 2137 3394; x_wconf 90' lang='lat' dir='ltr'>approbem,</span> 
     </span>
    </p>
   </div>
   <div class='ocr_carea' id='block_1_65' title="bbox 521 3417 2135 3494">
    <p class='ocr_par' dir='ltr' id='par_1_65' title="bbox 521 3417 2135 3494">
     <span class='ocr_line' id='line_1_65' title="bbox 521 3417 2135 3494; baseline 0.001 -22"><span class='ocrx_word' id='word_1_455' title='bbox 521 3426 577 3472; x_wconf 91' lang='lat' dir='ltr'>et</span> <span class='ocrx_word' id='word_1_456' title='bbox 607 3432 718 3474; x_wconf 92' lang='lat' dir='ltr'>non</span> <span class='ocrx_word' id='word_1_457' title='bbox 746 3418 814 3472; x_wconf 87' lang='lat' dir='ltr'>ad</span> <span class='ocrx_word' id='word_1_458' title='bbox 847 3418 958 3474; x_wconf 90' lang='lat' dir='ltr'>mei</span> <span class='ocrx_word' id='word_1_459' title='bbox 1009 3417 1264 3488; x_wconf 90' lang='lat' dir='ltr'>injuriam</span> <span class='ocrx_word' id='word_1_460' title='bbox 1296 3418 1352 3473; x_wconf 91' lang='lat' dir='ltr'>id</span> <span class='ocrx_word' id='word_1_461' title='bbox 1381 3434 1479 3475; x_wconf 90' lang='lat' dir='ltr'>vos</span> <span class='ocrx_word' id='word_1_462' title='bbox 1524 3418 1704 3494; x_wconf 90' lang='lat' dir='ltr'>egisse</span> <span class='ocrx_word' id='word_1_463' title='bbox 1733 3419 2135 3490; x_wconf 89' lang='lat' dir='ltr'>aliquantulum</span> 
     </span>
    </p>
   </div>
   <div class='ocr_carea' id='block_1_66' title="bbox 522 3507 2136 3581">
    <p class='ocr_par' dir='ltr' id='par_1_66' title="bbox 522 3507 2136 3581">
     <span class='ocr_line' id='line_1_66' title="bbox 522 3507 2136 3581; baseline 0.002 -21"><span class='ocrx_word' id='word_1_464' title='bbox 522 3514 822 3581; x_wconf 91' lang='lat' dir='ltr'>autumem,</span> <span class='ocrx_word' id='word_1_465' title='bbox 856 3515 1120 3581; x_wconf 90' lang='lat' dir='ltr'>quantum</span> <span class='ocrx_word' id='word_1_466' title='bbox 1153 3507 1308 3563; x_wconf 90' lang='lat' dir='ltr'>valeo</span> <span class='ocrx_word' id='word_1_467' title='bbox 1330 3509 1460 3564; x_wconf 90' lang='lat' dir='ltr'>totis</span> <span class='ocrx_word' id='word_1_468' title='bbox 1489 3507 1748 3564; x_wconf 90' lang='lat' dir='ltr'>medullis</span> <span class='ocrx_word' id='word_1_469' title='bbox 1779 3509 1982 3570; x_wconf 90' lang='lat' dir='ltr'>cordis.</span> <span class='ocrx_word' id='word_1_470' title='bbox 2013 3525 2136 3566; x_wconf 90' lang='lat' dir='ltr'>cum</span> 
     </span>
    </p>
   </div>
   <div class='ocr_carea' id='block_1_67' title="bbox 521 3580 2136 3672">
    <p class='ocr_par' dir='ltr' id='par_1_67' title="bbox 521 3580 2136 3672">
     <span class='ocr_line' id='line_1_67' title="bbox 521 3580 2136 3672; baseline 0.001 -17"><span class='ocrx_word' id='word_1_471' title='bbox 521 3600 672 3655; x_wconf 90' lang='lat' dir='ltr'>omni</span> <span class='ocrx_word' id='word_1_472' title='bbox 707 3580 1111 3672; x_wconf 80' lang='lat' dir='ltr'>supplicatione</span> <span class='ocrx_word' id='word_1_473' title='bbox 1144 3608 1199 3655; x_wconf 92' lang='lat' dir='ltr'>et</span> <span class='ocrx_word' id='word_1_474' title='bbox 1229 3599 1417 3654; x_wconf 90' lang='lat' dir='ltr'>debita</span> <span class='ocrx_word' id='word_1_475' title='bbox 1439 3616 1503 3656; x_wconf 90' lang='lat' dir='ltr'>ac</span> <span class='ocrx_word' id='word_1_476' title='bbox 1527 3600 1799 3656; x_wconf 90' lang='lat' dir='ltr'>submissa</span> <span class='ocrx_word' id='word_1_477' title='bbox 1825 3601 2136 3657; x_wconf 90' lang='lat' dir='ltr'>humilitate</span> 
     </span>
    </p>
   </div>
   <div class='ocr_carea' id='block_1_68' title="bbox 522 3689 2134 3764">
    <p class='ocr_par' dir='ltr' id='par_1_68' title="bbox 522 3689 2134 3764">
     <span class='ocr_line' id='line_1_68' title="bbox 522 3689 2134 3764; baseline 0 -20"><span class='ocrx_word' id='word_1_478' title='bbox 522 3691 820 3744; x_wconf 90' lang='lat' dir='ltr'>immensas</span> <span class='ocrx_word' id='word_1_479' title='bbox 880 3689 1178 3764; x_wconf 90' lang='lat' dir='ltr'>gratiarum</span> <span class='ocrx_word' id='word_1_480' title='bbox 1239 3689 1485 3744; x_wconf 91' lang='lat' dir='ltr'>actiones</span> <span class='ocrx_word' id='word_1_481' title='bbox 1559 3698 1747 3745; x_wconf 91' lang='lat' dir='ltr'>sancto</span> <span class='ocrx_word' id='word_1_482' title='bbox 1803 3691 2134 3760; x_wconf 90' lang='lat' dir='ltr'>apostolatui</span> 
     </span>
    </p>
   </div>
   <div class='ocr_carea' id='block_1_69' title="bbox 520 3778 2134 3850">
    <p class='ocr_par' dir='ltr' id='par_1_69' title="bbox 520 3778 2134 3850">
     <span class='ocr_line' id='line_1_69' title="bbox 520 3778 2134 3850; baseline 0.001 -18"><span class='ocrx_word' id='word_1_483' title='bbox 520 3786 704 3835; x_wconf 91' lang='lat' dir='ltr'>vestro</span> <span class='ocrx_word' id='word_1_484' title='bbox 737 3779 1004 3850; x_wconf 90' lang='lat' dir='ltr'>rependo,</span> <span class='ocrx_word' id='word_1_485' title='bbox 1037 3794 1161 3834; x_wconf 92' lang='lat' dir='ltr'>cum</span> <span class='ocrx_word' id='word_1_486' title='bbox 1192 3778 1374 3834; x_wconf 91' lang='lat' dir='ltr'>omnis</span> <span class='ocrx_word' id='word_1_487' title='bbox 1405 3778 1694 3834; x_wconf 89' lang='lat' dir='ltr'>inceritate</span> <span class='ocrx_word' id='word_1_488' title='bbox 1725 3778 1897 3834; x_wconf 90' lang='lat' dir='ltr'>animi</span> <span class='ocrx_word' id='word_1_489' title='bbox 1931 3781 2134 3835; x_wconf 88' lang='lat' dir='ltr'>rescri-</span> 
     </span>
    </p>
   </div>
   <div class='ocr_carea' id='block_1_70' title="bbox 520 3869 2138 3945">
    <p class='ocr_par' dir='ltr' id='par_1_70' title="bbox 520 3869 2138 3945">
     <span class='ocr_line' id='line_1_70' title="bbox 520 3869 2138 3945; baseline 0.001 -22"><span class='ocrx_word' id='word_1_490' title='bbox 520 3869 682 3940; x_wconf 86' lang='lat' dir='ltr'>bens,</span> <span class='ocrx_word' id='word_1_491' title='bbox 715 3870 845 3942; x_wconf 88' lang='lat' dir='ltr'>quia</span> <span class='ocrx_word' id='word_1_492' title='bbox 873 3870 1017 3925; x_wconf 93' lang='lat' dir='ltr'>sicut</span> <span class='ocrx_word' id='word_1_493' title='bbox 1059 3870 1193 3925; x_wconf 90' lang='lat' dir='ltr'>mihi</span> <span class='ocrx_word' id='word_1_494' title='bbox 1227 3869 1472 3925; x_wconf 91' lang='lat' dir='ltr'>scribere</span> <span class='ocrx_word' id='word_1_495' title='bbox 1509 3870 1720 3945; x_wconf 87' lang='lat' dir='ltr'>dignati</span> <span class='ocrx_word' id='word_1_496' title='bbox 1750 3871 1904 3939; x_wconf 91' lang='lat' dir='ltr'>estis,</span> <span class='ocrx_word' id='word_1_497' title='bbox 1936 3869 2008 3926; x_wconf 91' lang='lat' dir='ltr'>ita</span> <span class='ocrx_word' id='word_1_498' title='bbox 2037 3887 2138 3942; x_wconf 75' lang='lat' dir='ltr'>per</span> 
     </span>
    </p>
   </div>
   <div class='ocr_carea' id='block_1_71' title="bbox 518 3962 2130 4037">
    <p class='ocr_par' dir='ltr' id='par_1_71' title="bbox 518 3962 2130 4037">
     <span class='ocr_line' id='line_1_71' title="bbox 518 3962 2130 4037; baseline -0.001 -18"><span class='ocrx_word' id='word_1_499' title='bbox 518 3964 708 4019; x_wconf 89' lang='lat' dir='ltr'>omnia</span> <span class='ocrx_word' id='word_1_500' title='bbox 735 3963 921 4018; x_wconf 93' lang='lat' dir='ltr'>credo.</span> <span class='ocrx_word' id='word_1_501' title='bbox 957 3964 1019 4017; x_wconf 89' lang='lat' dir='ltr'>Et</span> <span class='ocrx_word' id='word_1_502' title='bbox 1040 3963 1170 4034; x_wconf 90' lang='lat' dir='ltr'>quia</span> <span class='ocrx_word' id='word_1_503' title='bbox 1198 3962 1548 4037; x_wconf 88' lang='lat' dir='ltr'>privilegium</span> <span class='ocrx_word' id='word_1_504' title='bbox 1581 3963 1747 4018; x_wconf 88' lang='lat' dir='ltr'>vestri</span> <span class='ocrx_word' id='word_1_505' title='bbox 1774 3963 1972 4018; x_wconf 90' lang='lat' dir='ltr'>summi</span> <span class='ocrx_word' id='word_1_506' title='bbox 1993 3979 2130 4034; x_wconf 90' lang='lat' dir='ltr'>pon-</span> 
     </span>
    </p>
   </div>
   <div class='ocr_carea' id='block_1_72' title="bbox 518 4053 2128 4121">
    <p class='ocr_par' dir='ltr' id='par_1_72' title="bbox 518 4053 2128 4121">
     <span class='ocr_line' id='line_1_72' title="bbox 518 4053 2128 4121; baseline 0.001 -13"><span class='ocrx_word' id='word_1_507' title='bbox 518 4054 777 4119; x_wconf 79' lang='lat' dir='ltr'>tificatus,</span> <span class='ocrx_word' id='word_1_508' title='bbox 810 4061 870 4107; x_wconf 91' lang='lat' dir='ltr'>ut</span> <span class='ocrx_word' id='word_1_509' title='bbox 907 4053 1196 4119; x_wconf 87' lang='lat' dir='ltr'>condecet,</span> <span class='ocrx_word' id='word_1_510' title='bbox 1231 4060 1285 4106; x_wconf 89' lang='lat' dir='ltr'>et</span> <span class='ocrx_word' id='word_1_511' title='bbox 1311 4068 1505 4108; x_wconf 91' lang='lat' dir='ltr'>omnes</span> <span class='ocrx_word' id='word_1_512' title='bbox 1531 4054 1930 4121; x_wconf 90' lang='lat' dir='ltr'>desideramus,</span> <span class='ocrx_word' id='word_1_513' title='bbox 1964 4054 2128 4109; x_wconf 88' lang='lat' dir='ltr'>evin-</span> 
     </span>
    </p>
   </div>
   <div class='ocr_carea' id='block_1_73' title="bbox 519 4145 2135 4216">
    <p class='ocr_par' dir='ltr' id='par_1_73' title="bbox 519 4145 2135 4216">
     <span class='ocr_line' id='line_1_73' title="bbox 519 4145 2135 4216; baseline 0.002 -15"><span class='ocrx_word' id='word_1_514' title='bbox 519 4148 759 4202; x_wconf 90' lang='lat' dir='ltr'>dicatum</span> <span class='ocrx_word' id='word_1_515' title='bbox 792 4145 1031 4211; x_wconf 87' lang='lat' dir='ltr'>habetis,</span> <span class='ocrx_word' id='word_1_516' title='bbox 1064 4147 1212 4216; x_wconf 92' lang='lat' dir='ltr'>quod</span> <span class='ocrx_word' id='word_1_517' title='bbox 1253 4161 1417 4201; x_wconf 90' lang='lat' dir='ltr'>nemo</span> <span class='ocrx_word' id='word_1_518' title='bbox 1441 4155 1686 4201; x_wconf 91' lang='lat' dir='ltr'>nostrum</span> <span class='ocrx_word' id='word_1_519' title='bbox 1727 4149 2135 4204; x_wconf 84' lang='lat' dir='ltr'>contradixerat</span> 
     </span>
    </p>
   </div>
   <div class='ocr_carea' id='block_1_74' title="bbox 520 4239 2133 4311">
    <p class='ocr_par' dir='ltr' id='par_1_74' title="bbox 520 4239 2133 4311">
     <span class='ocr_line' id='line_1_74' title="bbox 520 4239 2133 4311; baseline 0.001 -16"><span class='ocrx_word' id='word_1_520' title='bbox 520 4242 578 4295; x_wconf 92' lang='lat' dir='ltr'>in</span> <span class='ocrx_word' id='word_1_521' title='bbox 603 4241 940 4295; x_wconf 90' lang='lat' dir='ltr'>deductione</span> <span class='ocrx_word' id='word_1_522' title='bbox 969 4239 1403 4306; x_wconf 83' lang='lat' dir='ltr'>Rothadi,sicuti</span> <span class='ocrx_word' id='word_1_523' title='bbox 1436 4240 1780 4311; x_wconf 72' lang='lat' dir='ltr'>praecepistis</span> <span class='ocrx_word' id='word_1_524' title='bbox 1805 4242 1872 4296; x_wconf 90' lang='lat' dir='ltr'>ad</span> <span class='ocrx_word' id='word_1_525' title='bbox 1899 4252 2133 4298; x_wconf 89' lang='lat' dir='ltr'>vestram</span> 
     </span>
    </p>
   </div>
   <div class='ocr_carea' id='block_1_75' title="bbox 521 4335 2135 4408">
    <p class='ocr_par' dir='ltr' id='par_1_75' title="bbox 521 4335 2135 4408">
     <span class='ocr_line' id='line_1_75' title="bbox 521 4335 2135 4408; baseline -0.001 -16"><span class='ocrx_word' id='word_1_526' title='bbox 521 4335 901 4408; x_wconf 63' lang='lat' dir='ltr'>praesentiam:</span> <span class='ocrx_word' id='word_1_527' title='bbox 932 4342 992 4390; x_wconf 93' lang='lat' dir='ltr'>ut</span> <span class='ocrx_word' id='word_1_528' title='bbox 1021 4335 1330 4406; x_wconf 89' lang='lat' dir='ltr'>perdonare</span> <span class='ocrx_word' id='word_1_529' title='bbox 1361 4335 1570 4408; x_wconf 88' lang='lat' dir='ltr'>dignati</span> <span class='ocrx_word' id='word_1_530' title='bbox 1603 4335 1754 4402; x_wconf 88' lang='lat' dir='ltr'>estis,</span> <span class='ocrx_word' id='word_1_531' title='bbox 1778 4335 1964 4392; x_wconf 90' lang='lat' dir='ltr'>videre</span> <span class='ocrx_word' id='word_1_532' title='bbox 1989 4338 2135 4392; x_wconf 91' lang='lat' dir='ltr'>desi-</span> 
     </span>
    </p>
   </div>
   <div class='ocr_carea' id='block_1_76' title="bbox 2240 3138 3862 3212">
    <p class='ocr_par' dir='ltr' id='par_1_76' title="bbox 2240 3138 3862 3212">
     <span class='ocr_line' id='line_1_76' title="bbox 2240 3138 3862 3212; baseline -0.001 -18"><span class='ocrx_word' id='word_1_533' title='bbox 2240 3140 2422 3212; x_wconf 89' lang='lat' dir='ltr'>ipsum</span> <span class='ocrx_word' id='word_1_534' title='bbox 2473 3139 2752 3195; x_wconf 92' lang='lat' dir='ltr'>hominem</span> <span class='ocrx_word' id='word_1_535' title='bbox 2792 3155 3003 3207; x_wconf 91' lang='lat' dir='ltr'>secum,</span> <span class='ocrx_word' id='word_1_536' title='bbox 3053 3155 3126 3194; x_wconf 91' lang='lat' dir='ltr'>ne</span> <span class='ocrx_word' id='word_1_537' title='bbox 3165 3139 3384 3194; x_wconf 89' lang='lat' dir='ltr'>interim</span> <span class='ocrx_word' id='word_1_538' title='bbox 3433 3138 3606 3194; x_wconf 92' lang='lat' dir='ltr'>ullum</span> <span class='ocrx_word' id='word_1_539' title='bbox 3645 3140 3862 3194; x_wconf 89' lang='lat' dir='ltr'>malum</span> 
     </span>
    </p>
   </div>
   <div class='ocr_carea' id='block_1_77' title="bbox 2239 3231 3862 3303">
    <p class='ocr_par' dir='ltr' id='par_1_77' title="bbox 2239 3231 3862 3303">
     <span class='ocr_line' id='line_1_77' title="bbox 2239 3231 3862 3303; baseline -0.002 -15"><span class='ocrx_word' id='word_1_540' title='bbox 2239 3241 2558 3303; x_wconf 89' lang='lat' dir='ltr'>pateretur,</span> <span class='ocrx_word' id='word_1_541' title='bbox 2599 3233 2780 3288; x_wconf 92' lang='lat' dir='ltr'>donec</span> <span class='ocrx_word' id='word_1_542' title='bbox 2823 3233 2892 3288; x_wconf 87' lang='lat' dir='ltr'>ad</span> <span class='ocrx_word' id='word_1_543' title='bbox 2931 3239 3138 3288; x_wconf 89' lang='lat' dir='ltr'>cortem</span> <span class='ocrx_word' id='word_1_544' title='bbox 3181 3231 3440 3298; x_wconf 81' lang='lat' dir='ltr'>redirem,</span> <span class='ocrx_word' id='word_1_545' title='bbox 3486 3241 3540 3285; x_wconf 90' lang='lat' dir='ltr'>et</span> <span class='ocrx_word' id='word_1_546' title='bbox 3584 3240 3862 3302; x_wconf 89' lang='lat' dir='ltr'>quantum</span> 
     </span>
    </p>
   </div>
   <div class='ocr_carea' id='block_1_78' title="bbox 2239 3323 3865 3395">
    <p class='ocr_par' dir='ltr' id='par_1_78' title="bbox 2239 3323 3865 3395">
     <span class='ocr_line' id='line_1_78' title="bbox 2239 3323 3865 3395; baseline -0.002 -15"><span class='ocrx_word' id='word_1_547' title='bbox 2239 3340 2459 3395; x_wconf 83' lang='lat' dir='ltr'>possem</span> <span class='ocrx_word' id='word_1_548' title='bbox 2490 3323 2620 3378; x_wconf 90' lang='lat' dir='ltr'>inde</span> <span class='ocrx_word' id='word_1_549' title='bbox 2650 3323 2803 3379; x_wconf 92' lang='lat' dir='ltr'>illum</span> <span class='ocrx_word' id='word_1_550' title='bbox 2836 3325 3095 3393; x_wconf 89' lang='lat' dir='ltr'>adjuvare</span> <span class='ocrx_word' id='word_1_551' title='bbox 3126 3339 3397 3378; x_wconf 88' lang='lat' dir='ltr'>curarem.</span> <span class='ocrx_word' id='word_1_552' title='bbox 3442 3324 3625 3394; x_wconf 87' lang='lat' dir='ltr'>Ipsum</span> <span class='ocrx_word' id='word_1_553' title='bbox 3672 3332 3865 3378; x_wconf 85' lang='lat' dir='ltr'>autem</span> 
     </span>
    </p>
   </div>
   <div class='ocr_carea' id='block_1_79' title="bbox 2238 3413 3871 3484">
    <p class='ocr_par' dir='ltr' id='par_1_79' title="bbox 2238 3413 3871 3484">
     <span class='ocr_line' id='line_1_79' title="bbox 2238 3413 3871 3484; baseline -0.001 -16"><span class='ocrx_word' id='word_1_554' title='bbox 2238 3415 2520 3470; x_wconf 91' lang='lat' dir='ltr'>hominem</span> <span class='ocrx_word' id='word_1_555' title='bbox 2552 3431 2658 3470; x_wconf 90' lang='lat' dir='ltr'>nec</span> <span class='ocrx_word' id='word_1_556' title='bbox 2689 3422 2841 3482; x_wconf 89' lang='lat' dir='ltr'>tunc,</span> <span class='ocrx_word' id='word_1_557' title='bbox 2875 3429 2980 3468; x_wconf 91' lang='lat' dir='ltr'>nec</span> <span class='ocrx_word' id='word_1_558' title='bbox 3001 3420 3192 3484; x_wconf 91' lang='lat' dir='ltr'>postea</span> <span class='ocrx_word' id='word_1_559' title='bbox 3210 3413 3344 3477; x_wconf 91' lang='lat' dir='ltr'>vidi,</span> <span class='ocrx_word' id='word_1_560' title='bbox 3369 3429 3472 3468; x_wconf 93' lang='lat' dir='ltr'>nec</span> <span class='ocrx_word' id='word_1_561' title='bbox 3500 3428 3611 3484; x_wconf 93' lang='lat' dir='ltr'>quo</span> <span class='ocrx_word' id='word_1_562' title='bbox 3631 3414 3871 3469; x_wconf 86' lang='lat' dir='ltr'>absces-</span> 
     </span>
    </p>
   </div>
   <div class='ocr_carea' id='block_1_80' title="bbox 2237 3503 3868 3578">
    <p class='ocr_par' dir='ltr' id='par_1_80' title="bbox 2237 3503 3868 3578">
     <span class='ocr_line' id='line_1_80' title="bbox 2237 3503 3868 3578; baseline -0.004 -16"><span class='ocrx_word' id='word_1_563' title='bbox 2237 3508 2368 3562; x_wconf 89' lang='lat' dir='ltr'>serit</span> <span class='ocrx_word' id='word_1_564' title='bbox 2405 3524 2530 3563; x_wconf 92' lang='lat' dir='ltr'>cum</span> <span class='ocrx_word' id='word_1_565' title='bbox 2579 3506 2851 3578; x_wconf 90' lang='lat' dir='ltr'>epistolis,</span> <span class='ocrx_word' id='word_1_566' title='bbox 2900 3504 3106 3560; x_wconf 89' lang='lat' dir='ltr'>audivi.</span> <span class='ocrx_word' id='word_1_567' title='bbox 3154 3503 3280 3569; x_wconf 64' lang='lat' dir='ltr'>Quae</span> <span class='ocrx_word' id='word_1_568' title='bbox 3321 3503 3529 3560; x_wconf 90' lang='lat' dir='ltr'>idcirco</span> <span class='ocrx_word' id='word_1_569' title='bbox 3578 3504 3868 3558; x_wconf 85' lang='lat' dir='ltr'>sanctitati</span> 
     </span>
    </p>
   </div>
   <div class='ocr_carea' id='block_1_81' title="bbox 2235 3597 3871 3669">
    <p class='ocr_par' dir='ltr' id='par_1_81' title="bbox 2235 3597 3871 3669">
     <span class='ocr_line' id='line_1_81' title="bbox 2235 3597 3871 3669; baseline -0.002 -13"><span class='ocrx_word' id='word_1_570' title='bbox 2235 3606 2430 3656; x_wconf 61' lang='lat' dir='ltr'>vestra;</span> <span class='ocrx_word' id='word_1_571' title='bbox 2468 3599 2707 3656; x_wconf 89' lang='lat' dir='ltr'>scribere</span> <span class='ocrx_word' id='word_1_572' title='bbox 2749 3598 2956 3666; x_wconf 91' lang='lat' dir='ltr'>studui,</span> <span class='ocrx_word' id='word_1_573' title='bbox 2994 3605 3056 3653; x_wconf 92' lang='lat' dir='ltr'>ut</span> <span class='ocrx_word' id='word_1_574' title='bbox 3085 3597 3130 3652; x_wconf 92' lang='lat' dir='ltr'>si</span> <span class='ocrx_word' id='word_1_575' title='bbox 3161 3597 3360 3669; x_wconf 89' lang='lat' dir='ltr'>aliquis</span> <span class='ocrx_word' id='word_1_576' title='bbox 3391 3597 3713 3652; x_wconf 87' lang='lat' dir='ltr'>malivorum</span> <span class='ocrx_word' id='word_1_577' title='bbox 3760 3611 3871 3653; x_wconf 87' lang='lat' dir='ltr'>no-</span> 
     </span>
    </p>
   </div>
   <div class='ocr_carea' id='block_1_82' title="bbox 2235 3686 3870 3758">
    <p class='ocr_par' dir='ltr' id='par_1_82' title="bbox 2235 3686 3870 3758">
     <span class='ocr_line' id='line_1_82' title="bbox 2235 3686 3870 3758; baseline -0.001 -17"><span class='ocrx_word' id='word_1_578' title='bbox 2235 3695 2473 3743; x_wconf 89' lang='lat' dir='ltr'>strorum</span> <span class='ocrx_word' id='word_1_579' title='bbox 2514 3690 2688 3757; x_wconf 91' lang='lat' dir='ltr'>(more</span> <span class='ocrx_word' id='word_1_580' title='bbox 2728 3694 2850 3752; x_wconf 91' lang='lat' dir='ltr'>suo)</span> <span class='ocrx_word' id='word_1_581' title='bbox 2877 3687 3032 3742; x_wconf 86' lang='lat' dir='ltr'>vobis</span> <span class='ocrx_word' id='word_1_582' title='bbox 3073 3686 3376 3758; x_wconf 90' lang='lat' dir='ltr'>quidquam</span> <span class='ocrx_word' id='word_1_583' title='bbox 3415 3686 3625 3740; x_wconf 87' lang='lat' dir='ltr'>sinistri</span> <span class='ocrx_word' id='word_1_584' title='bbox 3655 3702 3722 3739; x_wconf 84' lang='lat' dir='ltr'>ex</span> <span class='ocrx_word' id='word_1_585' title='bbox 3758 3686 3870 3740; x_wconf 83' lang='lat' dir='ltr'>hoc</span> 
     </span>
    </p>
   </div>
   <div class='ocr_carea' id='block_1_83' title="bbox 2233 3778 3868 3855">
    <p class='ocr_par' dir='ltr' id='par_1_83' title="bbox 2233 3778 3868 3855">
     <span class='ocr_line' id='line_1_83' title="bbox 2233 3778 3868 3855; baseline -0.002 -21"><span class='ocrx_word' id='word_1_586' title='bbox 2233 3795 2533 3855; x_wconf 87' lang='lat' dir='ltr'>suggerere</span> <span class='ocrx_word' id='word_1_587' title='bbox 2561 3779 2821 3849; x_wconf 88' lang='lat' dir='ltr'>voluerit,</span> <span class='ocrx_word' id='word_1_588' title='bbox 2844 3779 2976 3852; x_wconf 92' lang='lat' dir='ltr'>quid</span> <span class='ocrx_word' id='word_1_589' title='bbox 3010 3778 3142 3833; x_wconf 89' lang='lat' dir='ltr'>inde</span> <span class='ocrx_word' id='word_1_590' title='bbox 3172 3795 3360 3833; x_wconf 87' lang='lat' dir='ltr'>verum</span> <span class='ocrx_word' id='word_1_591' title='bbox 3392 3778 3461 3832; x_wconf 90' lang='lat' dir='ltr'>sit</span> <span class='ocrx_word' id='word_1_592' title='bbox 3483 3778 3868 3850; x_wconf 87' lang='lat' dir='ltr'>cognoscatis,</span> 
     </span>
    </p>
   </div>
   <div class='ocr_carea' id='block_1_84' title="bbox 2232 3869 3573 3944">
    <p class='ocr_par' dir='ltr' id='par_1_84' title="bbox 2232 3869 3573 3944">
     <span class='ocr_line' id='line_1_84' title="bbox 2232 3869 3573 3944; baseline -0.001 -19"><span class='ocrx_word' id='word_1_593' title='bbox 2232 3877 2287 3926; x_wconf 92' lang='lat' dir='ltr'>et</span> <span class='ocrx_word' id='word_1_594' title='bbox 2315 3887 2446 3944; x_wconf 88' lang='lat' dir='ltr'>erga</span> <span class='ocrx_word' id='word_1_595' title='bbox 2474 3888 2563 3925; x_wconf 90' lang='lat' dir='ltr'>me</span> <span class='ocrx_word' id='word_1_596' title='bbox 2587 3879 2829 3927; x_wconf 90' lang='lat' dir='ltr'>vestrum</span> <span class='ocrx_word' id='word_1_597' title='bbox 2859 3870 3105 3925; x_wconf 91' lang='lat' dir='ltr'>animum</span> <span class='ocrx_word' id='word_1_598' title='bbox 3137 3885 3248 3926; x_wconf 92' lang='lat' dir='ltr'>non</span> <span class='ocrx_word' id='word_1_599' title='bbox 3280 3869 3573 3926; x_wconf 88' lang='lat' dir='ltr'>moveatis.</span> 
     </span>
    </p>
   </div>
   <div class='ocr_carea' id='block_1_85' title="bbox 2308 3978 3862 4052">
    <p class='ocr_par' dir='ltr' id='par_1_85' title="bbox 2308 3978 3862 4052">
     <span class='ocr_line' id='line_1_85' title="bbox 2308 3978 3862 4052; baseline 0.001 -20"><span class='ocrx_word' id='word_1_600' title='bbox 2308 4002 2333 4032; x_wconf 77' lang='grc' dir='ltr'>(ι</span> <span class='ocrx_word' id='word_1_601' title='bbox 2376 3981 2661 4036; x_wconf 83' lang='lat' dir='ltr'>Rationem</span> <span class='ocrx_word' id='word_1_602' title='bbox 2701 3980 2943 4051; x_wconf 91' lang='lat' dir='ltr'>denique</span> <span class='ocrx_word' id='word_1_603' title='bbox 2972 3996 3136 4052; x_wconf 89' lang='lat' dir='ltr'>quam</span> <span class='ocrx_word' id='word_1_604' title='bbox 3185 3978 3399 4034; x_wconf 90' lang='lat' dir='ltr'>reddidi</span> <span class='ocrx_word' id='word_1_605' title='bbox 3441 3993 3625 4034; x_wconf 90' lang='lat' dir='ltr'>coram</span> <span class='ocrx_word' id='word_1_606' title='bbox 3658 3979 3862 4034; x_wconf 90' lang='lat' dir='ltr'>electis</span> 
     </span>
    </p>
   </div>
   <div class='ocr_carea' id='block_1_86' title="bbox 2225 4069 3859 4144">
    <p class='ocr_par' dir='ltr' id='par_1_86' title="bbox 2225 4069 3859 4144">
     <span class='ocr_line' id='line_1_86' title="bbox 2225 4069 3859 4144; baseline -0.002 -16"><span class='ocrx_word' id='word_1_607' title='bbox 2225 4073 2529 4143; x_wconf 90' lang='lat' dir='ltr'>judicibus,</span> <span class='ocrx_word' id='word_1_608' title='bbox 2561 4073 2631 4127; x_wconf 94' lang='lat' dir='ltr'>de</span> <span class='ocrx_word' id='word_1_609' title='bbox 2661 4072 2865 4144; x_wconf 91' lang='lat' dir='ltr'>quibus</span> <span class='ocrx_word' id='word_1_610' title='bbox 2903 4087 3003 4143; x_wconf 88' lang='lat' dir='ltr'>per</span> <span class='ocrx_word' id='word_1_611' title='bbox 3039 4071 3294 4126; x_wconf 91' lang='lat' dir='ltr'>libellum</span> <span class='ocrx_word' id='word_1_612' title='bbox 3341 4069 3752 4141; x_wconf 89' lang='lat' dir='ltr'>provocationis</span> <span class='ocrx_word' id='word_1_613' title='bbox 3783 4071 3859 4125; x_wconf 88' lang='lat' dir='ltr'>ad</span> 
     </span>
    </p>
   </div>
   <div class='ocr_carea' id='block_1_87' title="bbox 2233 4158 3861 4229">
    <p class='ocr_par' dir='ltr' id='par_1_87' title="bbox 2233 4158 3861 4229">
     <span class='ocr_line' id='line_1_87' title="bbox 2233 4158 3861 4229; baseline -0.002 -12"><span class='ocrx_word' id='word_1_614' title='bbox 2233 4163 2532 4217; x_wconf 89' lang='lat' dir='ltr'>electorum</span> <span class='ocrx_word' id='word_1_615' title='bbox 2585 4161 2856 4229; x_wconf 90' lang='lat' dir='ltr'>judicium</span> <span class='ocrx_word' id='word_1_616' title='bbox 2901 4160 3114 4215; x_wconf 89' lang='lat' dir='ltr'>fueram</span> <span class='ocrx_word' id='word_1_617' title='bbox 3165 4176 3195 4214; x_wconf 91' lang='lat' dir='ltr'>a</span> <span class='ocrx_word' id='word_1_618' title='bbox 3243 4158 3494 4214; x_wconf 83' lang='lat' dir='ltr'>Rothado</span> <span class='ocrx_word' id='word_1_619' title='bbox 3539 4158 3861 4228; x_wconf 88' lang='lat' dir='ltr'>impetitus,</span> 
     </span>
    </p>
   </div>
   <div class='ocr_carea' id='block_1_88' title="bbox 2233 4247 3862 4321">
    <p class='ocr_par' dir='ltr' id='par_1_88' title="bbox 2233 4247 3862 4321">
     <span class='ocr_line' id='line_1_88' title="bbox 2233 4247 3862 4321; baseline -0.001 -17"><span class='ocrx_word' id='word_1_620' title='bbox 2233 4250 2338 4321; x_wconf 89' lang='lat' dir='ltr'>ipsi</span> <span class='ocrx_word' id='word_1_621' title='bbox 2368 4249 2712 4306; x_wconf 90' lang='lat' dir='ltr'>venerabiles</span> <span class='ocrx_word' id='word_1_622' title='bbox 2737 4249 2985 4320; x_wconf 88' lang='lat' dir='ltr'>episcopi</span> <span class='ocrx_word' id='word_1_623' title='bbox 3016 4255 3212 4303; x_wconf 72' lang='lat' dir='ltr'>vestra:</span> <span class='ocrx_word' id='word_1_624' title='bbox 3231 4247 3537 4302; x_wconf 89' lang='lat' dir='ltr'>auctoritati</span> <span class='ocrx_word' id='word_1_625' title='bbox 3569 4249 3862 4303; x_wconf 89' lang='lat' dir='ltr'>transmit-</span> 
     </span>
    </p>
   </div>
   <div class='ocr_carea' id='block_1_89' title="bbox 2236 4336 3863 4410">
    <p class='ocr_par' dir='ltr' id='par_1_89' title="bbox 2236 4336 3863 4410">
     <span class='ocr_line' id='line_1_89' title="bbox 2236 4336 3863 4410; baseline -0.001 -18"><span class='ocrx_word' id='word_1_626' title='bbox 2236 4343 2376 4393; x_wconf 90' lang='lat' dir='ltr'>tunt.</span> <span class='ocrx_word' id='word_1_627' title='bbox 2413 4339 2489 4392; x_wconf 89' lang='lat' dir='ltr'>De</span> <span class='ocrx_word' id='word_1_628' title='bbox 2539 4339 2707 4410; x_wconf 87' lang='lat' dir='ltr'>gestis</span> <span class='ocrx_word' id='word_1_629' title='bbox 2734 4353 2865 4394; x_wconf 92' lang='lat' dir='ltr'>vero</span> <span class='ocrx_word' id='word_1_630' title='bbox 2896 4354 2926 4391; x_wconf 91' lang='lat' dir='ltr'>a</span> <span class='ocrx_word' id='word_1_631' title='bbox 2956 4336 3206 4392; x_wconf 85' lang='lat' dir='ltr'>Rothado</span> <span class='ocrx_word' id='word_1_632' title='bbox 3248 4343 3373 4406; x_wconf 89' lang='lat' dir='ltr'>post</span> <span class='ocrx_word' id='word_1_633' title='bbox 3397 4336 3863 4390; x_wconf 84' lang='lat' dir='ltr'>excommunica-</span> 
     </span>
    </p>
   </div>
   <div class='ocr_carea' id='block_1_90' title="bbox 519 4420 3865 4524">
    <p class='ocr_par' dir='ltr' id='par_1_90' title="bbox 519 4420 3865 4524">
     <span class='ocr_line' id='line_1_90' title="bbox 519 4420 3865 4524; baseline 0.001 -49"><span class='ocrx_word' id='word_1_634' title='bbox 519 4422 676 4490; x_wconf 91' lang='lat' dir='ltr'>dero,</span> <span class='ocrx_word' id='word_1_635' title='bbox 719 4430 773 4478; x_wconf 91' lang='lat' dir='ltr'>et</span> <span class='ocrx_word' id='word_1_636' title='bbox 814 4423 1055 4478; x_wconf 87' lang='lat' dir='ltr'>visurum</span> <span class='ocrx_word' id='word_1_637' title='bbox 1089 4439 1177 4477; x_wconf 93' lang='lat' dir='ltr'>me</span> <span class='ocrx_word' id='word_1_638' title='bbox 1208 4439 1333 4478; x_wconf 89' lang='lat' dir='ltr'>esse</span> <span class='ocrx_word' id='word_1_639' title='bbox 1363 4422 1583 4479; x_wconf 83' lang='lat' dir='ltr'>confido</span> <span class='ocrx_word' id='word_1_640' title='bbox 1613 4441 1628 4490; x_wconf 94' lang='lat'><strong>;</strong></span> <span class='ocrx_word' id='word_1_641' title='bbox 1689 4425 1817 4496; x_wconf 90' lang='lat' dir='ltr'>quia</span> <span class='ocrx_word' id='word_1_642' title='bbox 1847 4441 1957 4482; x_wconf 92' lang='lat' dir='ltr'>non</span> <span class='ocrx_word' id='word_1_643' title='bbox 1985 4420 2210 4524; x_wconf 85' lang='lat' dir='ltr'>aliudD</span> <span class='ocrx_word' id='word_1_644' title='bbox 2235 4426 2440 4481; x_wconf 90' lang='lat' dir='ltr'>tionem</span> <span class='ocrx_word' id='word_1_645' title='bbox 2473 4442 2628 4481; x_wconf 90' lang='lat' dir='ltr'>suam</span> <span class='ocrx_word' id='word_1_646' title='bbox 2659 4427 2714 4480; x_wconf 91' lang='lat' dir='ltr'>in</span> <span class='ocrx_word' id='word_1_647' title='bbox 2745 4424 3069 4497; x_wconf 89' lang='lat' dir='ltr'>provinciali</span> <span class='ocrx_word' id='word_1_648' title='bbox 3117 4423 3331 4496; x_wconf 86' lang='lat' dir='ltr'>synodo</span> <span class='ocrx_word' id='word_1_649' title='bbox 3361 4423 3690 4494; x_wconf 89' lang='lat' dir='ltr'>compilatis,</span> <span class='ocrx_word' id='word_1_650' title='bbox 3726 4441 3865 4495; x_wconf 69' lang='lat' dir='ltr'>quae</span> 
     </span>
    </p>
   </div>
   <div class='ocr_carea' id='block_1_91' title="bbox 520 4512 2135 4587">
    <p class='ocr_par' dir='ltr' id='par_1_91' title="bbox 520 4512 2135 4587">
     <span class='ocr_line' id='line_1_91' title="bbox 520 4512 2135 4587; baseline 0.003 -22"><span class='ocrx_word' id='word_1_651' title='bbox 520 4512 627 4566; x_wconf 92' lang='lat' dir='ltr'>nisi</span> <span class='ocrx_word' id='word_1_652' title='bbox 666 4518 725 4566; x_wconf 89' lang='lat' dir='ltr'>ut</span> <span class='ocrx_word' id='word_1_653' title='bbox 760 4528 926 4583; x_wconf 86' lang='lat' dir='ltr'>supra</span> <span class='ocrx_word' id='word_1_654' title='bbox 953 4512 1275 4579; x_wconf 88' lang='lat' dir='ltr'>monstravi,</span> <span class='ocrx_word' id='word_1_655' title='bbox 1321 4512 1470 4584; x_wconf 90' lang='lat' dir='ltr'>quod</span> <span class='ocrx_word' id='word_1_656' title='bbox 1497 4513 1700 4587; x_wconf 61' lang='lat' dir='ltr'>regula:</span> <span class='ocrx_word' id='word_1_657' title='bbox 1740 4529 1908 4570; x_wconf 74' lang='lat' dir='ltr'>sacrae</span> <span class='ocrx_word' id='word_1_658' title='bbox 1948 4516 2135 4586; x_wconf 75' lang='lat' dir='ltr'>praeci-</span> 
     </span>
    </p>
   </div>
   <div class='ocr_carea' id='block_1_92' title="bbox 518 4603 2131 4675">
    <p class='ocr_par' dir='ltr' id='par_1_92' title="bbox 518 4603 2131 4675">
     <span class='ocr_line' id='line_1_92' title="bbox 518 4603 2131 4675; baseline 0.004 -18"><span class='ocrx_word' id='word_1_659' title='bbox 518 4603 698 4674; x_wconf 91' lang='lat' dir='ltr'>piunt,</span> <span class='ocrx_word' id='word_1_660' title='bbox 728 4610 782 4659; x_wconf 91' lang='lat' dir='ltr'>et</span> <span class='ocrx_word' id='word_1_661' title='bbox 809 4603 945 4657; x_wconf 91' lang='lat' dir='ltr'>mihi</span> <span class='ocrx_word' id='word_1_662' title='bbox 976 4603 1276 4674; x_wconf 91' lang='lat' dir='ltr'>petendum</span> <span class='ocrx_word' id='word_1_663' title='bbox 1308 4612 1363 4659; x_wconf 90' lang='lat' dir='ltr'>et</span> <span class='ocrx_word' id='word_1_664' title='bbox 1391 4603 1550 4660; x_wconf 90' lang='lat' dir='ltr'>vobis</span> <span class='ocrx_word' id='word_1_665' title='bbox 1579 4604 1997 4661; x_wconf 90' lang='lat' dir='ltr'>concedendum</span> <span class='ocrx_word' id='word_1_666' title='bbox 2029 4614 2131 4675; x_wconf 90' lang='lat' dir='ltr'>est,</span> 
     </span>
    </p>
   </div>
   <div class='ocr_carea' id='block_1_93' title="bbox 517 4695 2133 4770">
    <p class='ocr_par' dir='ltr' id='par_1_93' title="bbox 517 4695 2133 4770">
     <span class='ocr_line' id='line_1_93' title="bbox 517 4695 2133 4770; baseline 0.001 -16"><span class='ocrx_word' id='word_1_667' title='bbox 517 4697 782 4770; x_wconf 89' lang='lat' dir='ltr'>postulo:</span> <span class='ocrx_word' id='word_1_668' title='bbox 824 4695 1100 4766; x_wconf 88' lang='lat' dir='ltr'>videlicet,</span> <span class='ocrx_word' id='word_1_669' title='bbox 1162 4702 1220 4750; x_wconf 88' lang='lat' dir='ltr'>ut</span> <span class='ocrx_word' id='word_1_670' title='bbox 1251 4696 1329 4751; x_wconf 91' lang='lat' dir='ltr'>sic</span> <span class='ocrx_word' id='word_1_671' title='bbox 1389 4697 1638 4753; x_wconf 86' lang='lat' dir='ltr'>Rothado</span> <span class='ocrx_word' id='word_1_672' title='bbox 1690 4697 1760 4752; x_wconf 91' lang='lat' dir='ltr'>ab</span> <span class='ocrx_word' id='word_1_673' title='bbox 1815 4700 2133 4755; x_wconf 89' lang='lat' dir='ltr'>auctoritate</span> 
     </span>
    </p>
   </div>
   <div class='ocr_carea' id='block_1_94' title="bbox 517 4788 2134 4860">
    <p class='ocr_par' dir='ltr' id='par_1_94' title="bbox 517 4788 2134 4860">
     <span class='ocr_line' id='line_1_94' title="bbox 517 4788 2134 4860; baseline 0.002 -14"><span class='ocrx_word' id='word_1_674' title='bbox 517 4798 696 4846; x_wconf 87' lang='lat' dir='ltr'>vestra</span> <span class='ocrx_word' id='word_1_675' title='bbox 731 4788 1038 4859; x_wconf 90' lang='lat' dir='ltr'>compassio</span> <span class='ocrx_word' id='word_1_676' title='bbox 1071 4788 1415 4855; x_wconf 84' lang='lat' dir='ltr'>exhibeatur,</span> <span class='ocrx_word' id='word_1_677' title='bbox 1449 4796 1508 4843; x_wconf 95' lang='lat' dir='ltr'>ut</span> <span class='ocrx_word' id='word_1_678' title='bbox 1548 4789 1704 4860; x_wconf 81' lang='lat' dir='ltr'>vigor</span> <span class='ocrx_word' id='word_1_679' title='bbox 1733 4790 2134 4848; x_wconf 90' lang='lat' dir='ltr'>ecclesiasticus</span> 
     </span>
    </p>
   </div>
   <div class='ocr_carea' id='block_1_95' title="bbox 518 4879 2132 4954">
    <p class='ocr_par' dir='ltr' id='par_1_95' title="bbox 518 4879 2132 4954">
     <span class='ocr_line' id='line_1_95' title="bbox 518 4879 2132 4954; baseline 0.001 -18"><span class='ocrx_word' id='word_1_680' title='bbox 518 4899 628 4937; x_wconf 91' lang='lat' dir='ltr'>non</span> <span class='ocrx_word' id='word_1_681' title='bbox 657 4880 988 4936; x_wconf 85' lang='lat' dir='ltr'>dissolvatur</span> <span class='ocrx_word' id='word_1_682' title='bbox 1021 4898 1034 4934; x_wconf 88' lang='lat'><strong>:</strong></span> <span class='ocrx_word' id='word_1_683' title='bbox 1081 4885 1135 4934; x_wconf 92' lang='lat' dir='ltr'>et</span> <span class='ocrx_word' id='word_1_684' title='bbox 1172 4880 1251 4934; x_wconf 91' lang='lat' dir='ltr'>sic</span> <span class='ocrx_word' id='word_1_685' title='bbox 1280 4879 1436 4954; x_wconf 88' lang='lat' dir='ltr'>vigor</span> <span class='ocrx_word' id='word_1_686' title='bbox 1462 4880 1874 4936; x_wconf 87' lang='lat' dir='ltr'>ecclesiasticus</span> <span class='ocrx_word' id='word_1_687' title='bbox 1905 4897 2132 4938; x_wconf 89' lang='lat' dir='ltr'>conser-</span> 
     </span>
    </p>
   </div>
   <div class='ocr_carea' id='block_1_96' title="bbox 516 4968 2132 5037">
    <p class='ocr_par' dir='ltr' id='par_1_96' title="bbox 516 4968 2132 5037">
     <span class='ocr_line' id='line_1_96' title="bbox 516 4968 2132 5037; baseline -0.002 -11"><span class='ocrx_word' id='word_1_688' title='bbox 516 4978 692 5037; x_wconf 84' lang='lat' dir='ltr'>vetur,</span> <span class='ocrx_word' id='word_1_689' title='bbox 723 4977 781 5023; x_wconf 93' lang='lat' dir='ltr'>ut</span> <span class='ocrx_word' id='word_1_690' title='bbox 810 4968 995 5022; x_wconf 89' lang='lat' dir='ltr'>debita</span> <span class='ocrx_word' id='word_1_691' title='bbox 1025 4969 1402 5024; x_wconf 89' lang='lat' dir='ltr'>misericordia</span> <span class='ocrx_word' id='word_1_692' title='bbox 1431 4976 1484 5023; x_wconf 92' lang='lat' dir='ltr'>et</span> <span class='ocrx_word' id='word_1_693' title='bbox 1510 4970 1820 5024; x_wconf 91' lang='lat' dir='ltr'>necessaria</span> <span class='ocrx_word' id='word_1_694' title='bbox 1850 4970 2132 5027; x_wconf 82' lang='lat' dir='ltr'>sufficien-</span> 
     </span>
    </p>
   </div>
   <div class='ocr_carea' id='block_1_97' title="bbox 515 5057 2131 5131">
    <p class='ocr_par' dir='ltr' id='par_1_97' title="bbox 515 5057 2131 5131">
     <span class='ocr_line' id='line_1_97' title="bbox 515 5057 2131 5131; baseline 0.002 -19"><span class='ocrx_word' id='word_1_695' title='bbox 515 5060 588 5113; x_wconf 90' lang='lat' dir='ltr'>tia</span> <span class='ocrx_word' id='word_1_696' title='bbox 620 5059 670 5112; x_wconf 92' lang='lat' dir='ltr'>ei</span> <span class='ocrx_word' id='word_1_697' title='bbox 703 5073 812 5112; x_wconf 92' lang='lat' dir='ltr'>non</span> <span class='ocrx_word' id='word_1_698' title='bbox 843 5057 1148 5127; x_wconf 88' lang='lat' dir='ltr'>denegetur</span> <span class='ocrx_word' id='word_1_699' title='bbox 1180 5073 1193 5112; x_wconf 87' lang='lat'><strong>:</strong></span> <span class='ocrx_word' id='word_1_700' title='bbox 1245 5062 1516 5128; x_wconf 88' lang='lat' dir='ltr'>quatenus</span> <span class='ocrx_word' id='word_1_701' title='bbox 1548 5073 1652 5113; x_wconf 90' lang='lat' dir='ltr'>nec</span> <span class='ocrx_word' id='word_1_702' title='bbox 1677 5057 1850 5128; x_wconf 88' lang='lat' dir='ltr'>ipsius</span> <span class='ocrx_word' id='word_1_703' title='bbox 1876 5061 2131 5131; x_wconf 90' lang='lat' dir='ltr'>exemplo</span> 
     </span>
    </p>
   </div>
   <div class='ocr_carea' id='block_1_98' title="bbox 515 5148 2132 5221">
    <p class='ocr_par' dir='ltr' id='par_1_98' title="bbox 515 5148 2132 5221">
     <span class='ocr_line' id='line_1_98' title="bbox 515 5148 2132 5221; baseline 0.002 -18"><span class='ocrx_word' id='word_1_704' title='bbox 515 5150 582 5204; x_wconf 90' lang='lat' dir='ltr'>ad</span> <span class='ocrx_word' id='word_1_705' title='bbox 621 5148 1001 5203; x_wconf 85' lang='lat' dir='ltr'>excedendum</span> <span class='ocrx_word' id='word_1_706' title='bbox 1044 5148 1136 5202; x_wconf 87' lang='lat' dir='ltr'>alii</span> <span class='ocrx_word' id='word_1_707' title='bbox 1168 5156 1553 5219; x_wconf 89' lang='lat' dir='ltr'>provocentur,</span> <span class='ocrx_word' id='word_1_708' title='bbox 1587 5165 1656 5204; x_wconf 91' lang='lat' dir='ltr'>ne</span> <span class='ocrx_word' id='word_1_709' title='bbox 1696 5150 1898 5221; x_wconf 89' lang='lat' dir='ltr'>quibus</span> <span class='ocrx_word' id='word_1_710' title='bbox 1927 5152 1982 5206; x_wconf 91' lang='lat' dir='ltr'>in</span> <span class='ocrx_word' id='word_1_711' title='bbox 2014 5152 2132 5206; x_wconf 88' lang='lat' dir='ltr'>istis</span> 
     </span>
    </p>
   </div>
   <div class='ocr_carea' id='block_1_99' title="bbox 518 5240 2130 5316">
    <p class='ocr_par' dir='ltr' id='par_1_99' title="bbox 518 5240 2130 5316">
     <span class='ocr_line' id='line_1_99' title="bbox 518 5240 2130 5316; baseline 0.004 -22"><span class='ocrx_word' id='word_1_712' title='bbox 518 5240 834 5315; x_wconf 86' lang='lat' dir='ltr'>regionibus</span> <span class='ocrx_word' id='word_1_713' title='bbox 860 5240 1079 5316; x_wconf 88' lang='lat' dir='ltr'>longius</span> <span class='ocrx_word' id='word_1_714' title='bbox 1095 5241 1163 5296; x_wconf 91' lang='lat' dir='ltr'>ab</span> <span class='ocrx_word' id='word_1_715' title='bbox 1191 5241 1493 5312; x_wconf 89' lang='lat' dir='ltr'>apostolica</span> <span class='ocrx_word' id='word_1_716' title='bbox 1520 5243 1652 5297; x_wconf 89' lang='lat' dir='ltr'>sede</span> <span class='ocrx_word' id='word_1_717' title='bbox 1684 5243 1908 5298; x_wconf 89' lang='lat' dir='ltr'>remotis</span> <span class='ocrx_word' id='word_1_718' title='bbox 1930 5259 2130 5300; x_wconf 89' lang='lat' dir='ltr'>censu-</span> 
     </span>
    </p>
   </div>
   <div class='ocr_carea' id='block_1_100' title="bbox 517 5330 2126 5405">
    <p class='ocr_par' dir='ltr' id='par_1_100' title="bbox 517 5330 2126 5405">
     <span class='ocr_line' id='line_1_100' title="bbox 517 5330 2126 5405; baseline 0.004 -22"><span class='ocrx_word' id='word_1_719' title='bbox 517 5347 589 5384; x_wconf 82' lang='lat' dir='ltr'>rae</span> <span class='ocrx_word' id='word_1_720' title='bbox 617 5330 1002 5384; x_wconf 73' lang='lat' dir='ltr'>ecclesiasticae</span> <span class='ocrx_word' id='word_1_721' title='bbox 1035 5331 1338 5386; x_wconf 90' lang='lat' dir='ltr'>moderatio</span> <span class='ocrx_word' id='word_1_722' title='bbox 1365 5339 1447 5386; x_wconf 92' lang='lat' dir='ltr'>est</span> <span class='ocrx_word' id='word_1_723' title='bbox 1467 5332 1777 5398; x_wconf 90' lang='lat' dir='ltr'>commissa,</span> <span class='ocrx_word' id='word_1_724' title='bbox 1808 5333 1938 5388; x_wconf 91' lang='lat' dir='ltr'>hinc</span> <span class='ocrx_word' id='word_1_725' title='bbox 1960 5334 2126 5405; x_wconf 91' lang='lat' dir='ltr'>(quod</span> 
     </span>
    </p>
   </div>
   <div class='ocr_carea' id='block_1_101' title="bbox 514 5418 2127 5496">
    <p class='ocr_par' dir='ltr' id='par_1_101' title="bbox 514 5418 2127 5496">
     <span class='ocr_line' id='line_1_101' title="bbox 514 5418 2127 5496; baseline 0.004 -24"><span class='ocrx_word' id='word_1_726' title='bbox 514 5418 677 5486; x_wconf 89' lang='lat' dir='ltr'>absit)</span> <span class='ocrx_word' id='word_1_727' title='bbox 706 5419 1068 5489; x_wconf 89' lang='lat' dir='ltr'>conspiciant,</span> <span class='ocrx_word' id='word_1_728' title='bbox 1116 5419 1265 5474; x_wconf 89' lang='lat' dir='ltr'>unde</span> <span class='ocrx_word' id='word_1_729' title='bbox 1310 5427 1404 5475; x_wconf 89' lang='lat' dir='ltr'>aut</span> <span class='ocrx_word' id='word_1_730' title='bbox 1441 5420 1780 5496; x_wconf 88' lang='lat' dir='ltr'>negligentia</span> <span class='ocrx_word' id='word_1_731' title='bbox 1828 5427 1922 5476; x_wconf 88' lang='lat' dir='ltr'>aut</span> <span class='ocrx_word' id='word_1_732' title='bbox 1950 5422 2127 5478; x_wconf 90' lang='lat' dir='ltr'>disso-</span> 
     </span>
    </p>
   </div>
   <div class='ocr_carea' id='block_1_102' title="bbox 513 5510 2127 5584">
    <p class='ocr_par' dir='ltr' id='par_1_102' title="bbox 513 5510 2127 5584">
     <span class='ocr_line' id='line_1_102' title="bbox 513 5510 2127 5584; baseline 0.004 -21"><span class='ocrx_word' id='word_1_733' title='bbox 513 5510 723 5566; x_wconf 90' lang='lat' dir='ltr'>lutione</span> <span class='ocrx_word' id='word_1_734' title='bbox 781 5518 1086 5582; x_wconf 89' lang='lat' dir='ltr'>tepescant,</span> <span class='ocrx_word' id='word_1_735' title='bbox 1140 5513 1225 5567; x_wconf 88' lang='lat' dir='ltr'>vel</span> <span class='ocrx_word' id='word_1_736' title='bbox 1267 5512 1546 5568; x_wconf 74' lang='lat' dir='ltr'>terminos</span> <span class='ocrx_word' id='word_1_737' title='bbox 1611 5527 1752 5584; x_wconf 91' lang='lat' dir='ltr'>quos</span> <span class='ocrx_word' id='word_1_738' title='bbox 1817 5519 2127 5569; x_wconf 90' lang='lat' dir='ltr'>statuerunt</span> 
     </span>
    </p>
   </div>
   <div class='ocr_carea' id='block_1_103' title="bbox 513 5606 2125 5680">
    <p class='ocr_par' dir='ltr' id='par_1_103' title="bbox 513 5606 2125 5680">
     <span class='ocr_line' id='line_1_103' title="bbox 513 5606 2125 5680; baseline 0.002 -22"><span class='ocrx_word' id='word_1_739' title='bbox 513 5611 697 5675; x_wconf 86' lang='lat' dir='ltr'>patres</span> <span class='ocrx_word' id='word_1_740' title='bbox 769 5609 924 5672; x_wconf 82' lang='lat' dir='ltr'>(Prov</span> <span class='ocrx_word' id='word_1_741' title='bbox 985 5607 1139 5674; x_wconf 75' lang='grc' dir='ltr'>χχιι),</span> <span class='ocrx_word' id='word_1_742' title='bbox 1208 5606 1649 5680; x_wconf 90' lang='lat' dir='ltr'>transgrediendi</span> <span class='ocrx_word' id='word_1_743' title='bbox 1713 5607 1998 5662; x_wconf 90' lang='lat' dir='ltr'>materiam</span> <span class='ocrx_word' id='word_1_744' title='bbox 2065 5623 2125 5661; x_wconf 89' lang='lat' dir='ltr'>se</span> 
     </span>
    </p>
   </div>
   <div class='ocr_carea' id='block_1_104' title="bbox 511 5699 2126 5772">
    <p class='ocr_par' dir='ltr' id='par_1_104' title="bbox 511 5699 2126 5772">
     <span class='ocr_line' id='line_1_104' title="bbox 511 5699 2126 5772; baseline 0.004 -22"><span class='ocrx_word' id='word_1_745' title='bbox 511 5714 731 5753; x_wconf 89' lang='lat' dir='ltr'>sumere</span> <span class='ocrx_word' id='word_1_746' title='bbox 759 5716 921 5771; x_wconf 85' lang='lat' dir='ltr'>posse</span> <span class='ocrx_word' id='word_1_747' title='bbox 968 5699 1189 5756; x_wconf 88' lang='lat' dir='ltr'>dicant:</span> <span class='ocrx_word' id='word_1_748' title='bbox 1228 5715 1366 5772; x_wconf 81' lang='lat' dir='ltr'>quos</span> <span class='ocrx_word' id='word_1_749' title='bbox 1411 5700 1555 5757; x_wconf 91' lang='lat' dir='ltr'>sicut</span> <span class='ocrx_word' id='word_1_750' title='bbox 1586 5700 1974 5766; x_wconf 87' lang='lat' dir='ltr'>intelleximus,</span> <span class='ocrx_word' id='word_1_751' title='bbox 2026 5717 2126 5756; x_wconf 92' lang='lat' dir='ltr'>nos</span> 
     </span>
    </p>
   </div>
   <div class='ocr_carea' id='block_1_105' title="bbox 2233 4516 3866 4590">
    <p class='ocr_par' dir='ltr' id='par_1_105' title="bbox 2233 4516 3866 4590">
     <span class='ocr_line' id='line_1_105' title="bbox 2233 4516 3866 4590; baseline -0.002 -16"><span class='ocrx_word' id='word_1_752' title='bbox 2233 4535 2332 4590; x_wconf 91' lang='lat' dir='ltr'>per</span> <span class='ocrx_word' id='word_1_753' title='bbox 2361 4519 2570 4575; x_wconf 92' lang='lat' dir='ltr'>vicinos</span> <span class='ocrx_word' id='word_1_754' title='bbox 2596 4527 2814 4574; x_wconf 92' lang='lat' dir='ltr'>nostros</span> <span class='ocrx_word' id='word_1_755' title='bbox 2841 4518 2911 4573; x_wconf 90' lang='lat' dir='ltr'>ad</span> <span class='ocrx_word' id='word_1_756' title='bbox 2938 4532 3036 4572; x_wconf 93' lang='lat' dir='ltr'>vos</span> <span class='ocrx_word' id='word_1_757' title='bbox 3063 4517 3118 4571; x_wconf 90' lang='lat' dir='ltr'>in</span> <span class='ocrx_word' id='word_1_758' title='bbox 3151 4516 3566 4588; x_wconf 84' lang='lat' dir='ltr'>derogationem</span> <span class='ocrx_word' id='word_1_759' title='bbox 3604 4524 3866 4570; x_wconf 89' lang='lat' dir='ltr'>nostram</span> 
     </span>
    </p>
   </div>
   <div class='ocr_carea' id='block_1_106' title="bbox 2234 4608 3868 4683">
    <p class='ocr_par' dir='ltr' id='par_1_106' title="bbox 2234 4608 3868 4683">
     <span class='ocr_line' id='line_1_106' title="bbox 2234 4608 3868 4683; baseline -0.001 -17"><span class='ocrx_word' id='word_1_760' title='bbox 2234 4612 2554 4683; x_wconf 91' lang='lat' dir='ltr'>pervenisse</span> <span class='ocrx_word' id='word_1_761' title='bbox 2584 4610 2912 4677; x_wconf 89' lang='lat' dir='ltr'>audivimus,</span> <span class='ocrx_word' id='word_1_762' title='bbox 2940 4609 3188 4680; x_wconf 87' lang='lat' dir='ltr'>episcopi</span> <span class='ocrx_word' id='word_1_763' title='bbox 3222 4608 3514 4664; x_wconf 82' lang='lat' dir='ltr'>Remorum</span> <span class='ocrx_word' id='word_1_764' title='bbox 3550 4608 3868 4678; x_wconf 68' lang='lat' dir='ltr'>provinciae</span> 
     </span>
    </p>
   </div>
   <div class='ocr_carea' id='block_1_107' title="bbox 2233 4696 3865 4772">
    <p class='ocr_par' dir='ltr' id='par_1_107' title="bbox 2233 4696 3865 4772">
     <span class='ocr_line' id='line_1_107' title="bbox 2233 4696 3865 4772; baseline -0.002 -17"><span class='ocrx_word' id='word_1_765' title='bbox 2233 4717 2335 4772; x_wconf 91' lang='lat' dir='ltr'>per</span> <span class='ocrx_word' id='word_1_766' title='bbox 2380 4715 2703 4756; x_wconf 90' lang='lat' dir='ltr'>communes</span> <span class='ocrx_word' id='word_1_767' title='bbox 2757 4699 2969 4772; x_wconf 89' lang='lat' dir='ltr'>legatos</span> <span class='ocrx_word' id='word_1_768' title='bbox 3022 4705 3243 4754; x_wconf 89' lang='lat' dir='ltr'>nostros</span> <span class='ocrx_word' id='word_1_769' title='bbox 3299 4703 3493 4752; x_wconf 64' lang='lat' dir='ltr'>vestrae</span> <span class='ocrx_word' id='word_1_770' title='bbox 3545 4696 3865 4760; x_wconf 84' lang='lat' dir='ltr'>sanctitati,</span> 
     </span>
    </p>
   </div>
   <div class='ocr_carea' id='block_1_108' title="bbox 2234 4789 3874 4865">
    <p class='ocr_par' dir='ltr' id='par_1_108' title="bbox 2234 4789 3874 4865">
     <span class='ocr_line' id='line_1_108' title="bbox 2234 4789 3874 4865; baseline -0.002 -17"><span class='ocrx_word' id='word_1_771' title='bbox 2234 4808 2358 4865; x_wconf 78' lang='lat' dir='ltr'>qua:</span> <span class='ocrx_word' id='word_1_772' title='bbox 2378 4793 2582 4859; x_wconf 91' lang='lat' dir='ltr'>sciunt,</span> <span class='ocrx_word' id='word_1_773' title='bbox 2607 4792 2862 4846; x_wconf 90' lang='lat' dir='ltr'>intimare</span> <span class='ocrx_word' id='word_1_774' title='bbox 2887 4797 3167 4846; x_wconf 89' lang='lat' dir='ltr'>curarunt.</span> <span class='ocrx_word' id='word_1_775' title='bbox 3195 4815 3218 4837; x_wconf 84' lang='lat'><strong>-</strong></span> <span class='ocrx_word' id='word_1_776' title='bbox 3247 4791 3381 4844; x_wconf 88' lang='lat' dir='ltr'>Item</span> <span class='ocrx_word' id='word_1_777' title='bbox 3412 4795 3540 4860; x_wconf 89' lang='lat' dir='ltr'>post</span> <span class='ocrx_word' id='word_1_778' title='bbox 3569 4789 3874 4860; x_wconf 83' lang='lat' dir='ltr'>aliquanta</span> 
     </span>
    </p>
   </div>
   <div class='ocr_carea' id='block_1_109' title="bbox 2233 4880 3876 4958">
    <p class='ocr_par' dir='ltr' id='par_1_109' title="bbox 2233 4880 3876 4958">
     <span class='ocr_line' id='line_1_109' title="bbox 2233 4880 3876 4958; baseline -0.002 -19"><span class='ocrx_word' id='word_1_779' title='bbox 2233 4885 2302 4940; x_wconf 89' lang='lat' dir='ltr'>de</span> <span class='ocrx_word' id='word_1_780' title='bbox 2332 4884 2680 4956; x_wconf 89' lang='lat' dir='ltr'>promotione</span> <span class='ocrx_word' id='word_1_781' title='bbox 2711 4882 3106 4958; x_wconf 38' lang='lat' dir='ltr'>ipsiusldomni</span> <span class='ocrx_word' id='word_1_782' title='bbox 3134 4880 3413 4936; x_wconf 89' lang='lat' dir='ltr'>Hincmari</span> <span class='ocrx_word' id='word_1_783' title='bbox 3445 4881 3513 4935; x_wconf 92' lang='lat' dir='ltr'>ad</span> <span class='ocrx_word' id='word_1_784' title='bbox 3556 4881 3876 4952; x_wconf 84' lang='lat' dir='ltr'>episcopa-</span> 
     </span>
    </p>
   </div>
   <div class='ocr_carea' id='block_1_110' title="bbox 2233 4973 3875 5049">
    <p class='ocr_par' dir='ltr' id='par_1_110' title="bbox 2233 4973 3875 5049">
     <span class='ocr_line' id='line_1_110' title="bbox 2233 4973 3875 5049; baseline -0.002 -17"><span class='ocrx_word' id='word_1_785' title='bbox 2233 4983 2368 5042; x_wconf 90' lang='lat' dir='ltr'>tum,</span> <span class='ocrx_word' id='word_1_786' title='bbox 2401 4993 2523 5049; x_wconf 73' lang='lat' dir='ltr'>quee</span> <span class='ocrx_word' id='word_1_787' title='bbox 2556 4976 2667 5044; x_wconf 89' lang='lat' dir='ltr'>jam</span> <span class='ocrx_word' id='word_1_788' title='bbox 2699 4975 2953 5046; x_wconf 89' lang='lat' dir='ltr'>superius</span> <span class='ocrx_word' id='word_1_789' title='bbox 2983 4973 3183 5046; x_wconf 91' lang='lat' dir='ltr'>partim</span> <span class='ocrx_word' id='word_1_790' title='bbox 3213 4981 3517 5045; x_wconf 70' lang='lat' dir='ltr'>przenotata</span> <span class='ocrx_word' id='word_1_791' title='bbox 3546 4988 3659 5028; x_wconf 89' lang='lat' dir='ltr'>non</span> <span class='ocrx_word' id='word_1_792' title='bbox 3690 4990 3875 5028; x_wconf 87' lang='lat' dir='ltr'>cura-</span> 
     </span>
    </p>
   </div>
   <div class='ocr_carea' id='block_1_111' title="bbox 2230 5061 3873 5134">
    <p class='ocr_par' dir='ltr' id='par_1_111' title="bbox 2230 5061 3873 5134">
     <span class='ocr_line' id='line_1_111' title="bbox 2230 5061 3873 5134; baseline -0.002 -13"><span class='ocrx_word' id='word_1_793' title='bbox 2230 5066 2409 5121; x_wconf 92' lang='lat' dir='ltr'>vimus</span> <span class='ocrx_word' id='word_1_794' title='bbox 2438 5065 2529 5120; x_wconf 89' lang='lat' dir='ltr'>hic</span> <span class='ocrx_word' id='word_1_795' title='bbox 2571 5063 2838 5119; x_wconf 89' lang='lat' dir='ltr'>iteranda.</span> <span class='ocrx_word' id='word_1_796' title='bbox 2877 5087 2902 5110; x_wconf 86' lang='grc'><strong>››</strong></span> <span class='ocrx_word' id='word_1_797' title='bbox 2947 5063 3199 5134; x_wconf 91' lang='lat' dir='ltr'>Denique</span> <span class='ocrx_word' id='word_1_798' title='bbox 3244 5061 3470 5134; x_wconf 64' lang='lat' dir='ltr'>praefato</span> <span class='ocrx_word' id='word_1_799' title='bbox 3512 5061 3703 5116; x_wconf 90' lang='lat' dir='ltr'>Ebone</span> <span class='ocrx_word' id='word_1_800' title='bbox 3754 5062 3873 5118; x_wconf 79' lang='lat' dir='ltr'>de-</span> 
     </span>
    </p>
   </div>
   <div class='ocr_carea' id='block_1_112' title="bbox 2232 5139 3870 5226">
    <p class='ocr_par' dir='ltr' id='par_1_112' title="bbox 2232 5139 3870 5226">
     <span class='ocr_line' id='line_1_112' title="bbox 2232 5139 3870 5226; baseline -0.003 -12"><span class='ocrx_word' id='word_1_801' title='bbox 2232 5158 2438 5224; x_wconf 89' lang='lat' dir='ltr'>functo,</span> <span class='ocrx_word' id='word_1_802' title='bbox 2472 5156 2737 5224; x_wconf 89' lang='lat' dir='ltr'>Ecclesia,</span> <span class='ocrx_word' id='word_1_803' title='bbox 2777 5156 2875 5211; x_wconf 89' lang='lat' dir='ltr'>sed</span> <span class='ocrx_word' id='word_1_804' title='bbox 2915 5164 2970 5212; x_wconf 90' lang='lat' dir='ltr'>et</span> <span class='ocrx_word' id='word_1_805' title='bbox 2999 5139 3496 5226; x_wconf 30' lang='lat' dir='ltr'>parochia&#39;nostra,</span> <span class='ocrx_word' id='word_1_806' title='bbox 3537 5154 3870 5209; x_wconf 89' lang='lat' dir='ltr'>secundum</span> 
     </span>
    </p>
   </div>
   <div class='ocr_carea' id='block_1_113' title="bbox 2231 5242 3874 5318">
    <p class='ocr_par' dir='ltr' id='par_1_113' title="bbox 2231 5242 3874 5318">
     <span class='ocr_line' id='line_1_113' title="bbox 2231 5242 3874 5318; baseline -0.002 -14"><span class='ocrx_word' id='word_1_807' title='bbox 2231 5248 2687 5305; x_wconf 88' lang='lat' dir='ltr'>consuetudinem</span> <span class='ocrx_word' id='word_1_808' title='bbox 2739 5262 2902 5318; x_wconf 91' lang='lat' dir='ltr'>quam</span> <span class='ocrx_word' id='word_1_809' title='bbox 2952 5261 3018 5300; x_wconf 88' lang='lat' dir='ltr'>ex</span> <span class='ocrx_word' id='word_1_810' title='bbox 3047 5244 3275 5316; x_wconf 91' lang='lat' dir='ltr'>antiquo</span> <span class='ocrx_word' id='word_1_811' title='bbox 3325 5242 3516 5298; x_wconf 89' lang='lat' dir='ltr'>habuit</span> <span class='ocrx_word' id='word_1_812' title='bbox 3547 5243 3735 5312; x_wconf 90' lang='lat' dir='ltr'>(etiam</span> <span class='ocrx_word' id='word_1_813' title='bbox 3782 5243 3874 5300; x_wconf 88' lang='lat' dir='ltr'>de</span> 
     </span>
    </p>
   </div>
   <div class='ocr_carea' id='block_1_114' title="bbox 2227 5334 3874 5412">
    <p class='ocr_par' dir='ltr' id='par_1_114' title="bbox 2227 5334 3874 5412">
     <span class='ocr_line' id='line_1_114' title="bbox 2227 5334 3874 5412; baseline -0.004 -16"><span class='ocrx_word' id='word_1_814' title='bbox 2227 5342 2335 5408; x_wconf 90' lang='lat' dir='ltr'>his,</span> <span class='ocrx_word' id='word_1_815' title='bbox 2367 5356 2490 5412; x_wconf 66' lang='lat' dir='ltr'>quae</span> <span class='ocrx_word' id='word_1_816' title='bbox 2530 5340 2586 5394; x_wconf 91' lang='lat' dir='ltr'>in</span> <span class='ocrx_word' id='word_1_817' title='bbox 2624 5339 2944 5410; x_wconf 90' lang='lat' dir='ltr'>episcopatu</span> <span class='ocrx_word' id='word_1_818' title='bbox 2990 5353 3169 5409; x_wconf 90' lang='lat' dir='ltr'>usque</span> <span class='ocrx_word' id='word_1_819' title='bbox 3199 5336 3266 5392; x_wconf 90' lang='lat' dir='ltr'>ad</span> <span class='ocrx_word' id='word_1_820' title='bbox 3308 5335 3517 5391; x_wconf 87' lang='lat' dir='ltr'>obitum</span> <span class='ocrx_word' id='word_1_821' title='bbox 3550 5334 3605 5388; x_wconf 87' lang='lat' dir='ltr'>in</span> <span class='ocrx_word' id='word_1_822' title='bbox 3652 5336 3874 5390; x_wconf 89' lang='lat' dir='ltr'>eadem</span> 
     </span>
    </p>
   </div>
   <div class='ocr_carea' id='block_1_115' title="bbox 2229 5427 3872 5502">
    <p class='ocr_par' dir='ltr' id='par_1_115' title="bbox 2229 5427 3872 5502">
     <span class='ocr_line' id='line_1_115' title="bbox 2229 5427 3872 5502; baseline -0.004 -15"><span class='ocrx_word' id='word_1_823' title='bbox 2229 5432 2470 5488; x_wconf 89' lang='lat' dir='ltr'>Ecclesia</span> <span class='ocrx_word' id='word_1_824' title='bbox 2500 5446 2611 5486; x_wconf 92' lang='lat' dir='ltr'>non</span> <span class='ocrx_word' id='word_1_825' title='bbox 2642 5433 3082 5502; x_wconf 90' lang='lat' dir='ltr'>permanserunt)</span> <span class='ocrx_word' id='word_1_826' title='bbox 3115 5428 3292 5500; x_wconf 91' lang='lat' dir='ltr'>ipsius</span> <span class='ocrx_word' id='word_1_827' title='bbox 3337 5442 3538 5482; x_wconf 91' lang='lat' dir='ltr'>nomen</span> <span class='ocrx_word' id='word_1_828' title='bbox 3573 5427 3723 5481; x_wconf 89' lang='lat' dir='ltr'>inter</span> <span class='ocrx_word' id='word_1_829' title='bbox 3753 5443 3872 5481; x_wconf 86' lang='lat' dir='ltr'>sa-</span> 
     </span>
    </p>
   </div>
   <div class='ocr_carea' id='block_1_116' title="bbox 2227 5516 3875 5592">
    <p class='ocr_par' dir='ltr' id='par_1_116' title="bbox 2227 5516 3875 5592">
     <span class='ocr_line' id='line_1_116' title="bbox 2227 5516 3875 5592; baseline -0.002 -17"><span class='ocrx_word' id='word_1_830' title='bbox 2227 5526 2512 5576; x_wconf 85' lang='lat' dir='ltr'>crosancta</span> <span class='ocrx_word' id='word_1_831' title='bbox 2541 5519 2798 5592; x_wconf 88' lang='lat' dir='ltr'>mysteria</span> <span class='ocrx_word' id='word_1_832' title='bbox 2830 5519 2883 5572; x_wconf 90' lang='lat' dir='ltr'>in</span> <span class='ocrx_word' id='word_1_833' title='bbox 2913 5518 3302 5590; x_wconf 87' lang='lat' dir='ltr'>episcoporum</span> <span class='ocrx_word' id='word_1_834' title='bbox 3326 5516 3575 5587; x_wconf 86' lang='lat' dir='ltr'>catalogo</span> <span class='ocrx_word' id='word_1_835' title='bbox 3607 5516 3875 5571; x_wconf 80' lang='lat' dir='ltr'>recitare</span> 
     </span>
    </p>
   </div>
   <div class='ocr_carea' id='block_1_117' title="bbox 2229 5604 3875 5681">
    <p class='ocr_par' dir='ltr' id='par_1_117' title="bbox 2229 5604 3875 5681">
     <span class='ocr_line' id='line_1_117' title="bbox 2229 5604 3875 5681; baseline -0.001 -18"><span class='ocrx_word' id='word_1_836' title='bbox 2229 5609 2450 5680; x_wconf 87' lang='lat' dir='ltr'>pietatis</span> <span class='ocrx_word' id='word_1_837' title='bbox 2480 5609 2654 5681; x_wconf 87' lang='lat' dir='ltr'>gratia</span> <span class='ocrx_word' id='word_1_838' title='bbox 2683 5609 2870 5679; x_wconf 76' lang='lat' dir='ltr'>coapit,</span> <span class='ocrx_word' id='word_1_839' title='bbox 2904 5614 2958 5661; x_wconf 91' lang='lat' dir='ltr'>et</span> <span class='ocrx_word' id='word_1_840' title='bbox 2984 5608 3256 5662; x_wconf 90' lang='lat' dir='ltr'>hactenus</span> <span class='ocrx_word' id='word_1_841' title='bbox 3285 5604 3429 5660; x_wconf 88' lang='lat' dir='ltr'>facit.</span> <span class='ocrx_word' id='word_1_842' title='bbox 3459 5604 3614 5669; x_wconf 91' lang='lat' dir='ltr'>Quod</span> <span class='ocrx_word' id='word_1_843' title='bbox 3643 5619 3752 5677; x_wconf 86' lang='lat' dir='ltr'>ego</span> <span class='ocrx_word' id='word_1_844' title='bbox 3779 5621 3875 5661; x_wconf 84' lang='lat' dir='ltr'>ne</span> 
     </span>
    </p>
   </div>
   <div class='ocr_carea' id='block_1_118' title="bbox 2226 5694 3876 5770">
    <p class='ocr_par' dir='ltr' id='par_1_118' title="bbox 2226 5694 3876 5770">
     <span class='ocr_line' id='line_1_118' title="bbox 2226 5694 3876 5770; baseline -0.005 -11"><span class='ocrx_word' id='word_1_845' title='bbox 2226 5700 2657 5759; x_wconf 90' lang='lat' dir='ltr'>scandalizarem</span> <span class='ocrx_word' id='word_1_846' title='bbox 2688 5700 2938 5770; x_wconf 89' lang='lat' dir='ltr'>devotos,</span> <span class='ocrx_word' id='word_1_847' title='bbox 2967 5698 3126 5770; x_wconf 88' lang='lat' dir='ltr'>quasi</span> <span class='ocrx_word' id='word_1_848' title='bbox 3161 5697 3420 5764; x_wconf 80' lang='lat' dir='ltr'>invidens</span> <span class='ocrx_word' id='word_1_849' title='bbox 3447 5696 3609 5754; x_wconf 89' lang='lat' dir='ltr'>saluti</span> <span class='ocrx_word' id='word_1_850' title='bbox 3642 5694 3876 5752; x_wconf 80' lang='lat' dir='ltr'>frater-</span> 
     </span>
    </p>
   </div>
  </div>
