4008 6158
185 281 275 336 177

838 265 1182 320 ΗΙΒΤΟΗΙΑΞ
1219 263 1553 322 ECCLESIA'I
1592 265 1924 322 REMENSIS
1968 270 2144 328 LIBRI
2185 272 2515 336 QUATUOR.
2544 307 2614 318 —
2653 279 2777 334 LIB.
2821 281 2914 335 Ill.

3477 293 3584 351 178

185 422 279 471 nae,
310 401 562 458 maxime
593 402 781 453 autem
843 391 1204 464 quiescentis
1260 392 1318 445 in
1365 393 1594 450 Domino
1616 393 1837 458 animae,
1863 400 1920 468 A
1945 397 2041 468 qui
2061 398 2130 452 ad
2161 415 2260 454 sua
2282 408 2427 466 vota,
2452 401 2680 457 auribus
2712 405 3028 474 prurientes
3055 408 3096 478 (l
3141 411 3283 465 Tim.
3323 418 3426 484 iv),
3457 434 3582 474 ma-

181 499 265 570 qui
295 511 412 550 non
442 508 547 564 pro
581 485 1006 545 exorbitatione
1032 499 1066 538 a
1115 482 1408 539 catholicae
1439 484 1569 541 ﬁdei
1600 486 1836 542 sanitate

183 581 706 644 anathematizatus,
767 576 872 630 sed
932 588 1040 629 sua
1096 571 1444 628 conscientia
1497 575 1834 641 stimulante,

186 675 422 748 primum
450 669 710 739 aseipso,
737 673 794 720 et
825 668 1030 734 postea
1072 677 1106 716 a
1136 659 1375 730 synodo,
1403 661 1500 716 sed
1522 669 1578 717 et
1607 669 1837 734 aposto-

185 769 276 822 lica
306 764 453 819 sede
485 763 785 816 damnatus
813 754 1052 820 exstitit,
1086 753 1197 807 hoc
1229 752 1528 822 prohibere
1549 753 1672 809 sine
1698 770 1837 826 apo-

184 858 386 914 stolicae
419 855 583 910 sedis
607 848 948 907 auctoritate
981 856 1342 916 nequaquam
1374 846 1722 916 praesumpsi,
1752 847 1838 900 di-

184 954 335 1003 rente
388 945 563 999 beato
594 939 898 996 Caelestino
929 950 1081 1007 papa
1112 933 1298 1003 (epist.
1334 934 1386 1000 ‘l,
1420 949 1542 1005 cap.
1569 935 1677 1004 l2).
1700 935 1838 1001 Quia

185 1038 333 1094 nefas
357 1043 452 1092 est
480 1036 602 1089 haec
633 1030 747 1104 pati
789 1028 1094 1102 religiosas
1150 1023 1386 1091 animas,
1417 1041 1652 1096 quarum
1682 1025 1833 1080 afﬂi-

184 1129 366 1184 ctione
393 1124 556 1196 (quia
601 1120 854 1176 membra
904 1124 1103 1172 nostra
1131 1112 1281 1182 sunt)
1304 1128 1404 1168 nos
1433 1129 1662 1186 quoque
1701 1129 1838 1170 con-

184 1219 329 1273 venit
358 1213 660 1271 macerari.
691 1212 847 1265 Nunc
905 1215 1100 1264 autem
1151 1205 1209 1259 in
1238 1205 1486 1274 epistolis
1524 1207 1839 1262 sanctitatis

185 1314 400 1370 vestrae,
435 1319 579 1375 quas
609 1298 972 1373 Engelwinus
1014 1297 1288 1352 diaconus
1315 1295 1478 1350 nobis
1505 1294 1715 1363 attulit,
1750 1296 1837 1350 in-

182 1399 462 1462 venimus,
493 1403 558 1449 ut
587 1391 1000 1464 Teotgaudium
1055 1396 1112 1444 et
1138 1387 1464 1442 Guntarium
1488 1387 1544 1442 in
1578 1387 1836 1462 catalogo

184 1490 581 1561 episcoporum
612 1498 720 1538 non
749 1480 1124 1551 recipiamus.
1161 1479 1223 1532 Et
1249 1478 1666 1535 Antiochenum
1695 1493 1838 1534 con-

183 1584 370 1639 cilium
409 1577 668 1651 [subaudi
708 1574 932 1640 statuit,
965 1578 1066 1626 aut
1109 1573 1391 1644 praecepit]
1430 1582 1524 1628 :ut
1548 1573 1838 1644 praemisi-

183 1687 322 1736 mus,
356 1675 417 1723 et
449 1664 649 1720 melius
678 1661 779 1732 ipsi
802 1659 999 1725 scitis,
1030 1659 1101 1714 de
1126 1674 1192 1714 eo
1224 1661 1318 1732 qui
1354 1668 1481 1732 post
1513 1661 1842 1718 damnatio-

185 1778 307 1818 nem
335 1761 497 1829 juxta
530 1753 944 1826 praecedentem
978 1752 1477 1818 consuetudinem,
1511 1752 1840 1825 episcopale

185 1850 472 1926 praesumit
524 1843 891 1901 ministerium
929 1843 952 1909 (
982 1841 1128 1911 quod
1186 1843 1450 1899 Ebonem
1489 1841 1692 1900 fecisse
1725 1862 1838 1902 non

189 1942 427 1998 dubium
460 1941 582 2005 est),
644 1931 960 1988 rescribere
1006 1928 1135 1982 mihi
1198 1932 1482 2005 dignetur
1531 1935 1840 2003 apostolica

183 2039 363 2087 vestra
395 2024 709 2088 auctoritas,
736 2028 932 2076 utrum
964 2019 1219 2076 eumdem
1254 2021 1525 2076 Ebonem
1549 2021 1695 2077 inter
1715 2024 1839 2094 epi-

184 2135 384 2191 scopos
417 2117 472 2170 in
506 2113 671 2170 sacris
717 2108 1009 2182 diptychis
1037 2107 1090 2162 in
1119 2111 1379 2167 ecclesia
1420 2119 1607 2165 nostra
1645 2113 1829 2167 nomi-

189 2230 318 2268 nare
345 2209 682 2284 permittam,
715 2222 805 2274 an,
836 2219 914 2259 ne
975 2202 1044 2257 de
1091 2212 1296 2260 caetero
1349 2203 1409 2256 in
1443 2201 1830 2274 episcoporum

185 2306 440 2379 catalogo
495 2301 807 2357 nominetur
847 2294 1155 2368 prohibere
1210 2296 1465 2352 debeam
1499 2312 1514 2361 ;
1555 2305 1830 2366 quatenus

187 2408 369 2453 vestra
397 2393 724 2450 auctoritate
748 2389 947 2453 fultus,
974 2387 1106 2459 quid
1131 2388 1187 2442 in
1209 2397 1412 2444 nostra
1442 2385 1681 2442 Ecclesia
1703 2387 1831 2442 inde

188 2491 254 2544 sit
283 2485 718 2551 observandum,
781 2483 909 2538 sine
953 2479 1344 2555 ambiguitate,
1400 2478 1832 2534 decernentibus

189 2578 352 2634 vobis
379 2577 758 2631 demonstrem
785 2573 973 2638 (Cone.
1006 2570 1259 2624 Antioch.
1293 2585 1334 2634 1,
1365 2582 1414 2621 c.
1447 2567 1524 2634 4).
1561 2587 1590 2618 »

834 2681 1055 2737 CAPUT
1087 2681 1218 2734 XIV.

449 2762 527 2813 De
556 2756 795 2827 quodam
835 2753 1183 2810 Gothescalco
1221 2751 1579 2806 schismatico.

269 2849 542 2902 Caeterum
571 2843 749 2899 Luido
778 2841 921 2897 mihi
954 2840 1116 2907 dixit,
1135 2838 1286 2911 quod
1313 2852 1440 2892 cum
1465 2849 1530 2892 eo
1560 2837 1829 2905 rationem

195 2943 262 2996 de
292 2937 660 2994 damnatione
692 2942 747 2991 et
806 2933 1124 2989 reclusione
1163 2927 1503 2986 Gothescalei
1546 2929 1835 2985 habuisse-

1868 1718 1916 1785 Β

1941 490 2147 563 gistros
2177 493 2288 548 sibi
2320 509 2647 550 coacervare
2688 497 3000 566 decertant,
3033 517 3292 572 quaerere
3329 505 3589 570 indebite

1942 582 2231 651 (quoniam
2287 584 2532 656 legitime
2593 600 2704 640 non
2762 591 2997 660 poterat)
3052 591 3427 653 simulatione
3460 602 3587 659 vitae

1940 669 2215 742 religiosae
2245 679 2300 727 et
2351 672 2925 749 doctrina’prteesse.
2983 680 3232 754 Quisque
3292 704 3326 742 a
3385 690 3590 751 Remo-

1940 781 2062 820 rum
2083 766 2507 838 chorepiscopo,
2565 768 2660 840 qui
2724 776 2862 825 tunc
2915 782 3054 841 erat,
3112 789 3315 836 contra
3366 767 3590 859 regulas

1939 853 2236 924 presbyter
2291 855 2579 910 ordinatus
2611 900 2624 922 ,
2697 873 2732 911 a
2798 864 3140 918 monasterio
3201 853 3588 942 irregulariter

1939 941 2209 1009 existens,
2242 944 2553 1016 peragratis
2591 945 2932 1019 regionibus
2981 951 3262 1024 plurimis,
3312 941 3367 1014 et
3387 963 3586 1020 exitio-

1939 1051 2002 1090 sa
2057 1036 2273 1091 semina
2329 1045 2478 1092 sator
2545 1038 2834 1107 pessimus
2888 1042 3195 1112 seminans,
3247 1052 3469 1108 tandem
3528 1057 3582 1110 in

1940 1121 2263 1194 Mogontina
2307 1123 2530 1180 civitate
2585 1125 2787 1182 habita
2819 1131 3027 1200 synodo
3059 1133 3171 1201 (an.
3209 1136 3362 1208 848),
3396 1142 3579 1199 Raba-

1944 1229 2016 1270 no
2076 1216 2502 1288 archiepiscopo
2546 1216 2807 1273 libellum
2866 1221 2950 1275 sui
3006 1227 3218 1282 erroris
3268 1234 3578 1307 porrigens,

1942 1303 2239 1358 damnatus
2287 1304 2356 1359 ab
2414 1305 2680 1361 omnibus
2732 1308 3038 1366 Germania:
3097 1303 3577 1392 episc0pis,"cum

1941 1390 2144 1446 litteris
2194 1395 2559 1465 synodalibus
2615 1396 2686 1450 ad
2746 1399 3096 1468 metrOpolim
3134 1390 3432 1463 Remorum
3466 1410 3574 1478 (cui

1935 1477 2052 1545 jam
2084 1490 2310 1536 auctore
2336 1483 2574 1538 Domino
2607 1486 2894 1555 praeeram)
2923 1494 3005 1541 est
3046 1493 3340 1550 remissus.
3382 1477 3574 1553 Postea

1944 1577 2132 1624 autem
2164 1588 2195 1626 a
2226 1573 2458 1648 Belgicae
2510 1575 2828 1642 Remorum,
2887 1593 2949 1632 ac
3009 1579 3313 1641 Galliarum
3348 1590 3573 1659 provin-

1943 1657 2159 1714 ciarum
2181 1661 2461 1734 episcOpis
2513 1663 2759 1732 auditus,
2822 1673 2876 1720 et
2934 1665 3202 1727 inventus
3258 1657 3571 1744 haereticus,

1944 1751 2080 1821 quia
2136 1753 2472 1825 resipiscere
2521 1773 2554 1810 a
2609 1772 2707 1811 sua
2765 1759 3038 1829 pravitate
3105 1782 3221 1822 non
3276 1771 3470 1837 voluit,
3504 1787 3574 1826 ne

1942 1839 2071 1895 aliis
2103 1852 2351 1911 noceret,
2385 1845 2480 1917 qui
2503 1845 2613 1900 sibi
2636 1848 2899 1917 prodesse
2923 1852 3174 1926 nolebat,
3193 1858 3408 1927 judicio
3435 1877 3573 1931 prae-

1940 1927 2177 1984 fatarum
2227 1933 2645 2003 provinciarum
2706 1937 3121 2010 episcoporum,
3157 1946 3212 2000 in
3265 1927 3449 2005 nostra
3471 1967 3576 2022 pa-

1939 2021 2132 2076 rochia
2157 2024 2441 2094 (quoniam
2491 2025 2796 2096 Rothadus,
2850 2029 2920 2085 de
2951 2033 3119 2102 cujus
3148 2041 3410 2109 parochia
3437 2021 3574 2110 erat,

1935 2111 2016 2165 illi
2052 2115 2342 2173 nesciebat
2389 2117 2670 2189 resistere)
2701 2127 2755 2175 et
2810 2123 3092 2182 novitates
3117 2145 3310 2186 amans
3334 2133 3572 2190 timeba-

1935 2210 2024 2258 tur
2053 2221 2084 2259 a
2116 2207 2284 2262 nobis
2334 2225 2405 2264 ne
2444 2209 2686 2266 disceret
2739 2229 2906 2282 prava
2955 2220 3191 2288 sentire,
3243 2225 3338 2295 qui
3395 2227 3576 2283 noluit

1932 2301 2081 2347 recta
2103 2295 2325 2350 discere
2356 2297 2598 2364 docere;
2633 2315 2768 2355 neve
2800 2300 2948 2357 idem
2992 2306 3386 2369 Gothescalcus
3443 2332 3568 2371 cum

1932 2384 2058 2438 aliis
2083 2401 2439 2445 communem
2500 2390 2668 2445 vitam
2731 2393 2946 2451 ducens
2977 2403 3156 2455 errori
3211 2420 3312 2460 suo
3368 2407 3571 2464 faceret

1931 2489 2055 2528 esse
2086 2490 2434 2544 communes,
2490 2482 2872 2538 monasteriali
2921 2490 3195 2546 custodiae
3227 2496 3568 2568 mancipatus

1932 2571 2037 2630 est,
2078 2563 2316 2620 docente
2372 2568 2678 2638 Apostolo:
2742 2570 3076 2632 Haereticum
3132 2563 3423 2639 hominem-
3443 2596 3568 2659 post

1931 2654 2166 2750 primam
2198 2663 2256 2710 et
2293 2660 2597 2714 secundam
2628 2665 3043 2733 correptionem
3077 2670 3260 2727 devita
3286 2677 3410 2745 (Tit.
3437 2654 3561 2750 lII),

1932 2743 2116 2798 sciens
2153 2745 2484 2802 subversum
2517 2765 2641 2804 esse
2700 2751 3042 2824 hujusmodi,
3075 2767 3129 2815 et
3159 2743 3381 2834 proprio
3406 2743 3562 2835 judi:

1932 2839 2018 2930 cio
2040 2839 2495 2930 condemnatum.
2542 2843 2643 2910 Qui
2695 2851 2754 2899 ut
2786 2845 2896 2902 Leo
2955 2866 3100 2922 papa
3156 2857 3333 2924 (epist.
3365 2859 3456 2930 13)
3490 2861 3560 2916 de

1934 2929 2224 2988 Eutichete
2247 2933 2403 3000 dicit,
2434 2937 2788 2992 cumvideret
2821 2940 3160 3015 insipientia:
3191 2966 3303 3006 suae
3335 2929 3556 3009 sensum

195 3029 280 3083 tis.
323 3026 485 3082 Unde
512 3023 776 3096 quoniam
813 3037 915 3093 per
941 3019 1084 3076 alios
1105 3019 1220 3087 jam
1262 3016 1567 3084 audieram,
1600 3017 1669 3071 ad
1699 3034 1828 3072 san-
1859 3033 1909 3102 ρ
1935 3019 2226 3076 catholicis
2256 3023 2485 3079 auribus
2530 3024 2849 3095 displicere,
2883 3047 3145 3091 revocare
3166 3054 3224 3093 se
3251 3056 3282 3094 a
3312 3058 3412 3096 sua
3437 3044 3560 3113 Opi-

194 3120 449 3174 ctitatem
490 3123 732 3170 vestram
790 3111 964 3166 verba
1022 3109 1263 3173 venisse,
1324 3107 1460 3162 mihi
1517 3109 1828 3164 auctoritati

195 3214 392 3261 vestrae
422 3204 681 3276 quaedam
711 3217 778 3256 ex
809 3199 1001 3257 verbis
1056 3206 1114 3254 et
1145 3197 1546 3254 catholicorum
1573 3199 1832 3255 sensibus

196 3301 250 3354 in
283 3300 495 3364 rotula,
524 3296 768 3368 qualiter
809 3301 1006 3350 contra
1061 3291 1239 3363 ipsius
1290 3290 1535 3360 pestiferi
1589 3292 1832 3348 hominis

196 3407 424 3447 sensum
465 3388 729 3453 sentiam,
759 3403 860 3457 per
907 3385 1157 3440 Odonem
1193 3381 1537 3452 episc0pum,
1587 3389 1642 3438 et
1691 3384 1830 3439 nihil

201 3480 331 3533 inde
357 3475 745 3548 reSponsionis
763 3474 1021 3544 accipere
1069 3471 1272 3526 merui.
1306 3470 1382 3524 De
1405 3486 1514 3541 quo
1547 3471 1832 3528 nihilomi-

199 3589 304 3627 nus
327 3578 386 3626 ut
418 3569 715 3624 redderem
734 3567 1030 3632 rationem,
1051 3563 1280 3636 quidam
1304 3562 1574 3634 episcOpi,
1595 3580 1828 3636 quorum

203 3664 346 3718 nihil
376 3664 451 3717 de
485 3661 584 3716 illo
612 3661 880 3715 intererat
905 3656 1194 3728 (quoniam
1217 3669 1321 3708 nec
1340 3668 1455 3722 eos,
1482 3661 1541 3709 ut
1574 3655 1690 3727 ipse
1721 3674 1832 3712 ma-

203 3752 422 3808 nifestis
450 3747 679 3806 indiciis
711 3746 1103 3818 prodiderunt,
1154 3743 1224 3797 ad
1265 3743 1368 3797 hoc
1412 3743 1649 3798 charitas
1676 3761 1830 3801 com-

203 3844 483 3900 movebat.
515 3857 621 3896 nec
649 3838 947 3896 auctoritas
971 3834 1328 3904 deducebat),
1355 3850 1440 3890 me
1468 3836 1536 3890 ad
1566 3837 1832 3893 concilia-

205 3933 395 3988 bulum
431 3946 618 4002 nuper
644 3927 800 3983 Metis
824 3926 1099 3992 habitum,
1154 3923 1304 3995 quod
1339 3925 1514 3979 vocari
1555 3926 1824 3996 synodum

205 4024 482 4091 vetuistis,
524 4023 672 4077 sicut
723 4019 998 4092 intelligo,
1058 4015 1441 4089 irregulariter
1491 4025 1686 4088 quarto
1735 4019 1824 4074 die

206 4127 504 4188 antequam
537 4118 968 4187 congregaretur
995 4113 1109 4176 (an.
1137 4109 1286 4179 863),
1319 4124 1442 4164 cum
1474 4126 1576 4184 ego
1606 4111 1827 4186 longius

210 4221 373 4276 quam
401 4202 712 4274 octoginta,
761 4207 816 4256 et
873 4199 1022 4254 idem
1079 4199 1469 4255 Gothescalcus
1535 4201 1825 4272 plusquam

209 4303 432 4350 centum
467 4290 715 4347 millibus
735 4289 803 4344 ab
849 4289 971 4360 ipsa
999 4287 1222 4344 civitate
1267 4287 1527 4359 disparati
1557 4305 1823 4348 essemus.

211 4383 347 4437 nihil
380 4398 474 4436 me
487 4379 619 4435 inde
637 4385 764 4434 ante
782 4377 1172 4450 pmmonitum
1188 4393 1290 4448 per
1307 4379 1598 4475 quemdam
1624 4380 1893 4475 laicumD

210 4472 494 4526 hominem
528 4469 726 4524 litteris
775 4475 1129 4523 vocaverunt.
1162 4467 1226 4521 Et
1272 4481 1416 4522 nunc
1433 4467 1558 4522 ideo
1585 4467 1827 4524 breviter

211 4559 279 4613 de
299 4574 368 4614 eo
388 4557 668 4613 sanctitati
697 4563 891 4612 vestrm
921 4569 1179 4631 suggero,
1225 4556 1500 4627 quondam
1532 4563 1824 4628 antequam

213 4651 281 4702 ad
304 4648 665 4718 episc0patus
683 4646 933 4701 ordinem
957 4646 1326 4716 pervenirem,
1344 4646 1485 4700 sicut
1506 4646 1680 4701 abbas
1697 4664 1828 4702 suus

213 4747 270 4793 et
305 4737 588 4804 monachi,
629 4736 773 4791 inter
802 4750 944 4807 quos
973 4733 1149 4790 fuerat
1177 4745 1552 4804 conversatus,
1587 4737 1639 4791 ei
1671 4738 1828 4793 testi-

219 4830 464 4885 monium
490 4827 810 4899 perhibent,
833 4826 891 4881 in
912 4827 1235 4896 metropolis
1261 4826 1517 4882 Ecclesia:
1537 4828 1826 4884 Remorum

222 4918 580 4982 monasterio,
640 4917 694 4970 in
725 4915 1056 4972 Suessonica
1112 4916 1391 4987 parochia,
1432 4919 1579 4988 quod
1608 4919 1831 4975 Orbacis

226 5011 290 5081 ᾖ,
321 5010 579 5082 Orbacus]
615 5009 840 5077 dicitur,
909 5009 1104 5064 habitu
1129 5011 1452 5078 monachus,
1487 5020 1671 5068 mente
1697 5013 1831 5068 feri-

230 5119 348 5168 nus,
380 5103 592 5175 quietis
621 5103 1009 5174 impatiens,et
1033 5117 1227 5158 vocum
1258 5104 1498 5160 novitate
1529 5107 1827 5174 delectans,

227 5211 288 5250 ac
316 5197 460 5251 inter
484 5211 618 5251 suos
642 5195 951 5252 mobilitate
980 5195 1140 5250 noxia
1192 5193 1508 5269 singularis,
1540 5199 1608 5253 de
1649 5201 1832 5254 omni-

229 5283 329 5339 bus
353 5300 477 5356 quze
511 5284 569 5338 in
619 5284 708 5338 his
756 5284 1077 5359 regionibus
1125 5299 1380 5355 perverse
1409 5296 1536 5342 tunc
1569 5291 1832 5360 temporis

225 5391 384 5430 sensa
413 5383 768 5448 cognoverat,
825 5376 1075 5448 quaedam
1115 5376 1221 5431 sibi
1287 5377 1456 5449 elegit
1483 5379 1741 5449 capitula,
1775 5391 1834 5437 ut

225 5467 461 5522 novitate
492 5482 689 5523 vocum
716 5466 990 5523 innotesci
1029 5467 1254 5536 valeret,
1287 5475 1455 5541 utque
1495 5470 1831 5542 simplicium

227 5560 280 5607 et
314 5555 644 5611 devotorum
701 5570 898 5612 sensus
948 5563 1280 5627 pervertere,
1334 5566 1392 5614 et
1447 5559 1696 5634 magistri
1727 5563 1834 5618 sibi

232 5661 426 5703 nomen
439 5647 786 5717 usurpando,
819 5656 943 5718 post
965 5664 1025 5704 se
1045 5647 1346 5720 discipulos
1358 5651 1594 5716 trahere,
1615 5653 1834 5725 illisque

1935 3111 2103 3166 nione
2134 3112 2425 3181 debuerat,
2460 3133 2566 3172 nec
2597 3117 2672 3172 ita
2693 3118 2954 3178 Ecclesia
2986 3129 3253 3196 praesules
3309 3111 3557 3190 comnio-

1930 3214 2080 3266 vere,
2112 3208 2173 3255 ut
2194 3202 2568 3260 damnationis
2585 3209 2918 3264 sententiam
2944 3226 3250 3272 mereretur
3275 3221 3552 3291 excipere.

1932 3291 2100 3356 Quam
2131 3293 2326 3364 utique
2381 3295 2426 3348 si
2492 3295 2545 3348 in
2596 3312 2697 3350 suo
2728 3313 2900 3356 sensu
2933 3303 3168 3360 voluerit
3208 3321 3552 3376 permanere,

1933 3380 2118 3435 nullus
2183 3384 2386 3452 poterit
2451 3385 2714 3442 relaxare.
2791 3391 2832 3442 A
2916 3410 3024 3464 qua
3083 3397 3439 3456 damnatione
3502 3403 3549 3456 si

1930 3471 2195 3526 voluisset
2223 3474 2292 3526 ad
2319 3489 2543 3528 sensum
2575 3476 2909 3535 catholicum
2939 3483 3294 3555 resipiscere,
3329 3499 3553 3558 paratus

1931 3579 2154 3633 semper
2211 3565 2289 3620 fui
2342 3575 2397 3621 et
2438 3583 2559 3621 sum
2594 3570 2875 3640 (quoniam
2937 3576 3020 3631 sic
3076 3579 3549 3651 venerabilesju-

1933 3654 2255 3710 dicaverunt
2319 3657 2588 3728 episcOpi)
2643 3674 2770 3714 eum
2838 3663 2894 3717 in
2955 3667 3241 3723 catholica:
3297 3671 3551 3727 Ecclesiae

1933 3743 2380 3799 communionem
2415 3746 2687 3818 recipere,
2738 3750 2882 3806 sicut
2934 3754 2984 3808 ei
3028 3756 3202 3824 jubeo
3247 3777 3370 3832 quze
3421 3771 3551 3818 sunt

1933 3837 2153 3907 corpori
2213 3839 2526 3893 necessaria
2587 3840 2924 3899 ministrare.
2985 3847 3040 3900 Si
3117 3857 3300 3904 autem
3370 3863 3550 3909 vestra

1927 3928 2199 3984 catholica
2222 3929 2498 3999 sapientia
2528 3931 2643 3984 vult
2688 3933 2852 3998 scire,
2906 3952 3028 4006 quze
3087 3946 3278 3994 contra
3310 3941 3548 3998 catholi—

1928 4037 2044 4076 cam
2070 4018 2234 4075 ﬁdem
2274 4037 2339 4075 ex
2390 4021 2565 4076 veteri
2632 4022 2828 4079 haeresi
2881 4027 3365 4086 Przedestinatiana
3397 4036 3542 4105 (quae

1928 4113 2165 4184 primum
2199 4114 2254 4168 in
2285 4112 2486 4180 Africa,
2525 4120 2717 4185 postea
2748 4116 2804 4171 in
2859 4119 3047 4174 Galliis
3097 4137 3196 4192 per
3229 4122 3374 4177 idem
3409 4133 3548 4180 tem-

1928 4222 2052 4278 pus,
2082 4207 2303 4278 quando
2335 4213 2390 4261 et
2419 4207 2743 4263 Nestoriana
2791 4211 3036 4278 haeresis,
3101 4223 3184 4268 est
3248 4224 3453 4282 exorta,
3494 4227 3549 4275 et

1929 4305 2176 4367 tempore
2207 4296 2484 4352 Coelestini
2541 4314 2695 4368 papa:
2750 4299 2924 4370 ipsius
2976 4303 3321 4370 auctoritate,
3363 4314 3419 4362 et
3449 4308 3543 4362 in-

1929 4387 2130 4441 stantia
2159 4386 2332 4442 sancti
2364 4387 2622 4458 Prosperi
2671 4395 2755 4444 est
2808 4390 3026 4460 revicta)
3061 4392 3246 4448 dicere
3268 4395 3542 4464 videatur,

1929 4473 1998 4528 de
2017 4475 2203 4529 multis
2246 4491 2423 4544 pauca
2481 4476 2639 4531 vobis
2692 4493 2944 4545 numero,
2978 4481 3076 4534 sed
3131 4496 3239 4536 non
3274 4483 3540 4552 pondere,

1929 4567 2271 4636 capitulatim
2294 4567 2688 4639 significamus.

2000 4655 2160 4722 Dicit,
2193 4655 2340 4727 quod
2365 4662 2418 4711 et
2465 4663 2680 4712 veteres
2730 4657 3202 4715 Praedestinatiani
3259 4662 3543 4728 dixerunt,

1932 4745 2191 4814 quoniam
2219 4745 2359 4800 sicut
2408 4745 2551 4800 Deus
2599 4749 2867 4818 quosdam
2912 4751 2981 4804 ad
3038 4751 3202 4805 vitam
3255 4760 3540 4820 aeternam,

1932 4838 2005 4892 ita
2056 4839 2322 4911 quosdam
2375 4839 2787 4910 praedestinavit
2841 4843 2907 4896 ad
2967 4852 3200 4899 mortem
3254 4854 3538 4903 teternam.

1932 4931 2090 4999 Dicit,
2161 4934 2306 5004 quod
2362 4941 2416 4988 et
2468 4941 2682 4989 veteres
2733 4934 3204 4992 Prmdestinatiani
3260 4938 3540 5005 dixerunt,

1933 5023 2192 5092 quoniam
2226 5038 2334 5078 non
2356 5023 2471 5078 vult
2501 5024 2646 5078 Deus
2683 5039 2877 5080 omnes
2907 5026 3160 5082 homines
3188 5027 3368 5082 salvos
3400 5027 3538 5094 fieri,

1933 5116 2031 5170 sed
2063 5122 2271 5172 tantum
2303 5133 2398 5174 eos
2439 5117 2533 5189 qui
2567 5119 2844 5172 salvantur
2875 5137 2888 5184 ;
2932 5135 3125 5174 omnes
3151 5129 3334 5176 autem
3367 5121 3541 5176 salva-

1935 5204 1976 5258 ri
2008 5221 2257 5277 quosque
2308 5207 2426 5276 ipse
2464 5206 2675 5261 salvare
2720 5208 2973 5271 voluerit,
3036 5225 3098 5263 ac
3129 5227 3226 5280 per
3251 5209 3357 5265 hoc
3412 5209 3541 5282 qui-

1926 5309 2152 5366 cunque
2194 5311 2303 5350 non
2334 5296 2632 5361 salvantur,
2675 5296 2894 5366 penitus
2957 5313 3064 5353 non
3099 5313 3218 5352 esse
3246 5300 3546 5354 voluntatis

1936 5387 2105 5453 illius,
2136 5395 2195 5442 ut
2251 5387 2567 5453 salventur;
2626 5390 2886 5460 quoniam
2943 5390 2988 5444 si
3040 5408 3149 5447 non
3190 5407 3383 5447 omnes
3431 5391 3544 5447 sal-

1936 5484 2132 5532 vantur
2161 5493 2300 5549 quos
2329 5477 2445 5532 vult
2466 5478 2608 5533 Deus
2637 5478 2814 5535 salvos
2841 5479 2982 5547 ﬁeri,
3036 5498 3144 5536 non
3176 5482 3362 5537 omnia
3391 5499 3544 5552 quae-

1936 5581 2160 5637 cunque
2191 5567 2365 5622 voluit
2421 5567 2570 5628 fecit,
2619 5576 2674 5620 et
2735 5567 2779 5621 si
2831 5568 3121 5640 vultquod
3166 5584 3274 5623 non
3339 5574 3539 5638 potest,

1940 5671 2050 5712 non
2081 5657 2452 5729 omnipotens,
2494 5658 2591 5714 sed
2615 5656 2864 5713 infirmus
2890 5668 2991 5714 est.
3041 5660 3130 5714 Est
3153 5667 3335 5714 autem
3360 5653 3542 5713 omni-
