4010 6162
431 209 531 265 179

1518 199 1897 255 FLODOARDI
1938 198 2244 256 CANONICI
2284 196 2630 252 REMENSIS.

3644 196 3749 252 180

430 346 628 411 potens
674 334 769 406 qui
821 331 949 387 fecit
995 344 1341 401 quaecunque
1381 328 1573 395 voluit,
1627 329 1846 385 dicente
1899 329 2044 384 Scri-
2066 334 2116 401 Α
2143 328 2368 385 rodunt.
2403 326 2580 382 Facile
2637 332 2842 393 autem,
2901 325 3195 394 adjuvante
3244 325 3500 392 Domino,
3532 336 3750 397 portare

432 438 593 501 ptura
627 423 856 481 :Omnia
922 436 1268 493 quaecunque
1328 420 1499 477 voluit
1527 420 1794 476 Dominus
1833 420 1964 476 fecit
1986 421 2043 475 in

435 520 575 576 ccelo
603 524 657 572 et
706 517 761 570 in
813 522 976 579 terra,
1024 513 1080 567 in
1135 512 1270 568 mari
1332 521 1387 568 et
1441 512 1498 567 in
1543 512 1804 568 omnibus
1831 511 2045 582 abyssis

435 612 603 679 (Psal.
630 607 873 678 cxxxrv).
931 606 994 660 Et
1042 605 1173 659 item
1210 621 1223 658 :
1261 606 1319 659 ln
1377 604 1658 659 voluntate
1702 611 1816 670 tua,
1864 603 2046 659 Domi-

437 715 526 765 ne,
555 704 754 752 cuncta
799 701 927 750 sunt
977 693 1175 765 posita,
1236 701 1428 748 etnon
1458 699 1541 746 est
1593 693 1688 764 qui
1738 693 1910 764 possit
1939 699 2045 747 tua:

438 785 696 841 resistere
757 782 1029 839 voluntati
1103 781 1314 851 (Esther
1375 781 1493 848 xui)
1562 797 1575 834 :
1627 779 1673 834 si
1734 779 2048 835 decreveris

436 877 649 933 salvare
694 891 818 941 nos,
876 872 1141 945 continuo
1198 871 1582 927 liberabimur.
1614 871 1777 941 Dicit,
1816 871 1966 943 quod
1994 880 2049 926 et

438 972 656 1021 veteres
699 959 1175 1016 Praedestinatiani
1249 958 1527 1023 dixerunt,
1581 959 1730 1031 quod
1780 974 1891 1014 non
1948 973 2048 1030 pro

440 1052 611 1108 totius
634 1049 826 1105 mundi
851 1047 1253 1119 redemptione,
1285 1046 1341 1100 id
1368 1053 1450 1101 est
1472 1061 1570 1117 pro
1592 1045 1839 1102 omnium
1875 1044 2051 1101 homi-

441 1157 574 1195 num
600 1139 776 1194 salute
814 1143 868 1193 et
884 1135 1267 1206 redemptione
1295 1134 1558 1189 Dominus
1587 1142 1643 1189 et
1670 1134 1916 1189 Salvator
1942 1148 2048 1188 no-

443 1244 554 1291 ster
590 1235 749 1289 Jesus
796 1232 1042 1287 Christus
1097 1231 1167 1285 sit
1214 1227 1507 1285 crucifixus
1543 1236 1598 1284 et
1652 1238 1919 1295 mortuus,
1953 1230 2052 1284 sed

2144 416 2362 483 valebo,
2422 415 2554 487 quia
2602 423 2657 469 et
2716 414 2850 469 mihi
2900 431 3136 485 paucum
3187 423 3440 485 superest
3485 418 3753 487 temporis

2145 509 2404 579 spatium,
2469 513 2525 562 et
2576 505 2621 561 si
2670 505 2817 561 inter
2873 504 3018 562 filios
3070 506 3346 573 Ecclesiae,
3400 507 3753 578 permittente

2146 600 2279 666 Deo,
2305 600 2359 653 in
2380 614 2468 653 me
2498 597 2817 668 acceperint
2860 604 3188 668 potestatem
3224 598 3587 670 corporaliter
3611 600 3757 655 afﬂi-

2146 692 2337 765 gendi,
2365 690 2552 746 divina
2583 688 2774 765 'gratia
2820 689 3135 758 adjuvante,
3168 690 3510 748 exercebant
3539 693 3758 764 patien-

2147 782 2300 839 tiam.
2332 783 2438 837 Sed
2470 780 2572 836 etsi
2617 777 3000 835 tantummodo
3042 779 3184 834 male
3240 780 3535 837 sentiendo
3563 782 3761 837 adver-

2146 873 2440 935 sabantur,
2480 868 2817 925 exercebunt
2871 870 3420 942 quantulamcunque
3442 871 3758 938 scientiam,

2149 971 2205 1017 ct
2233 969 2295 1017 ut
2314 960 2481 1016 etiam
2541 958 2752 1014 inimici
2816 958 3123 1013 secundum
3171 968 3504 1030 praeceptum
3538 961 3758 1017 Domini

2152 1050 2454 1120 diligantur
2484 1048 2696 1115 (Matth.
2730 1063 2784 1115 v,
2804 1047 2912 1118 44),
2933 1047 3270 1103 exerccbuut
3290 1048 3760 1105 benevolentiam.

2153 1139 2445 1195 Prmfatum
2494 1147 2679 1195 autem
2748 1138 3187 1205 Gothescalcum,
3241 1139 3289 1193 si
3341 1148 3524 1195 vestra
3568 1149 3765 1196 aucto—

2153 1232 2286 1287 ritas
2343 1231 2479 1286 mihi
2534 1229 2842 1301 scripserit,
2896 1237 2957 1286 ut
3003 1246 3133 1285 eum
3165 1232 3476 1287 acustodia
3530 1232 3762 1297 solvam,

446 1332 654 1381 tantum
687 1338 786 1395 pro
826 1323 916 1377 his
962 1322 1056 1393 qui
1107 1320 1408 1375 salvantur.
1442 1319 1582 1375 Dicit
1635 1336 1857 1392 quoque
1890 1320 2052 1376 modo
2154 1331 2210 1379 et
2231 1331 2326 1378 aut
2376 1329 2435 1377 ut
2489 1322 2558 1377 ad
2612 1337 2712 1377 vos
2741 1321 2932 1388 eundi,
2986 1328 3047 1377 ut
3098 1338 3197 1392 per
3223 1338 3322 1378 vos
3373 1323 3494 1391 ejus
3546 1323 3765 1391 doctri-

445 1416 653 1488 dispari
701 1414 1020 1481 traditione,
1064 1412 1247 1483 separi
1302 1426 1511 1478 errore,
1563 1411 1713 1482 quod
1749 1418 1804 1466 et
1842 1419 2057 1466 veteres
2156 1432 2281 1469 nam
2308 1413 2693 1485 experiamini,
2747 1421 2841 1469 aut
2895 1413 2965 1468 ad
3013 1429 3404 1487 quemcunque
3435 1432 3501 1470 ex
3538 1417 3770 1472 nomine

448 1507 915 1564 Pracdestinatiani
947 1505 1223 1571 dixerunt,
1238 1518 1522 1574 exponens
1560 1502 1891 1558 sententiam
1922 1518 2057 1573 apo-
2156 1504 2502 1578 designatum
2535 1502 2801 1577 pergendi
2835 1502 3113 1558 licentiam
3144 1504 3366 1570 donem,
3394 1502 3526 1575 quia
3555 1510 3616 1558 ut
3644 1521 3771 1560 me-

447 1598 572 1653 stoli
600 1597 746 1652 Petri
777 1615 793 1650 :
829 1596 962 1650 Eum
1012 1593 1105 1665 qui
1166 1592 1304 1648 emit
1331 1607 1449 1659 eos,
1509 1591 1798 1647 Dominum
1846 1606 2057 1666 negan-
2086 1650 2130 1666 ἢ
2156 1593 2265 1647 lius
2298 1591 2403 1662 ipsi
2450 1590 2625 1658 scitis,
2669 1590 2810 1646 sicut
2861 1591 3116 1647 absolute
3151 1590 3392 1662 quisque
3442 1591 3773 1664 regulariter

449 1700 532 1746 tes
594 1690 694 1755 (II
747 1690 872 1743 Pelr
957 1685 1039 1756 ιι),
1096 1684 1380 1755 Baptismi,
1446 1683 1648 1754 inquit,
1716 1650 2402 1739 sacramentoBordinari
2433 1696 2543 1735 non
2592 1679 2756 1747 valet,
2824 1680 2898 1735 ita
2955 1680 3061 1735 nisi
3116 1695 3181 1735 ex
3235 1679 3410 1751 ipsius
3463 1694 3768 1746 consensu,

448 1794 545 1833 eos
574 1777 728 1843 emit,
779 1782 1102 1831 nontamen
1161 1787 1261 1843 pro
1307 1772 1388 1827 eis
1443 1787 1663 1826 crucem
1720 1770 1913 1835 subiit,
1957 1786 2061 1826 ne-
2159 1771 2318 1841 cujus
2374 1789 2497 1828 esse
2546 1770 2906 1847 dignoscitur,
2955 1778 3119 1826 certae
3178 1788 3426 1843 personae
3480 1788 3771 1829 commen-

450 1885 560 1941 que
589 1874 824 1924 mortem
857 1865 1102 1937 pertulit,
1131 1880 1315 1936 neque
1364 1863 1690 1936 sanguinem
1721 1861 1882 1918 fudit.
1907 1862 2061 1928 Quod
2161 1861 2399 1927 dandus,
2429 1868 2484 1916 et
2537 1861 2605 1915 ad
2659 1869 2869 1915 certum
2909 1861 3088 1916 locum
3121 1862 3443 1927 monachus,
3502 1863 3586 1917 vel
3618 1864 3778 1934 quis-

451 1965 633 2014 autem
660 1955 920 2028 baptismi
987 1954 1272 2026 perceptio
1326 1952 1637 2023 redemptio
1687 1960 2061 2022 nuncupatur,
2165 1969 2272 2026 que
2338 1953 2441 2008 sub
2491 1951 2680 2026 regula
2736 1951 3083 2018 constitutus,
3143 1969 3175 2006 a
3240 1951 3362 2007 loco
3419 1967 3519 2008 suo
3564 1952 3781 2009 absolvi

453 2048 647 2103 doctor
693 2044 944 2120 gentium
1020 2040 1309 2097 manifeste
1366 2039 1607 2096 fatetur:
1642 2039 1822 2095 Nolite
1859 2040 2064 2095 contri-
2159 2048 2313 2118 juxta
2345 2048 2562 2122 regulas
2608 2062 2795 2103 sacras
2841 2063 2953 2103 non
2984 2046 3150 2114 valet,
3201 2045 3398 2101 vestris
3429 2044 3782 2115 jussionibus

452 2149 617 2203 stare,
649 2135 849 2208 inquit,
880 2134 1145 2206 Spiritum
1193 2140 1443 2188 sanctum
1488 2131 1608 2198 Dei,
1640 2131 1697 2185 in
1722 2146 1833 2203 quo
1864 2131 2066 2204 signati
2167 2138 2316 2194 nullo
2345 2137 2511 2193 modo
2534 2137 2833 2193 resultabo.
2861 2138 3090 2192 Tantum
3134 2144 3193 2192 ut
3257 2136 3641 2193 auctoritatem
3674 2152 3780 2191 ve-

454 2230 589 2286 estis
608 2229 663 2283 in
709 2229 800 2283 die
860 2225 1258 2297 redemptionis
1307 2224 1527 2295 (Ephes.
1585 2228 1674 2288 lV)-
1729 2224 1794 2278 At
1820 2223 1915 2277 illa
1944 2239 2065 2295 quae
2165 2236 2331 2282 stram
2354 2225 2607 2292 habeam,
2647 2242 2718 2281 ne
2766 2232 3040 2281 tantorum
3094 2225 3479 2296 episcoporum
3504 2223 3782 2293 judicium

455 2320 678 2393 prapria
727 2327 783 2374 ct
845 2317 1106 2389 Specialis
1156 2322 1242 2371 est
1294 2317 1540 2371 solorum
1579 2314 1829 2370 omnium
1857 2314 2068 2371 electo-
2168 2333 2291 2372 mea
2317 2317 2745 2389 praesumptione
2798 2316 3198 2388 parvipendere
3225 2317 3435 2371 videar.
3482 2316 3599 2373 Non
3627 2317 3782 2370 enim

456 2426 599 2476 rum,
673 2422 836 2480 quam
884 2406 968 2461 cis
1012 2403 1392 2461 tantummodo
1468 2400 1765 2458 cruciﬁxus
1816 2399 2066 2472 imperti-
2169 2406 2314 2462 illius
2360 2405 2626 2471 delector,
2676 2421 2838 2477 quam
2920 2406 3070 2475 juste
3125 2405 3359 2460 sustinet
3422 2405 3788 2477 pertinaciter

455 2498 538 2558 vit
593 2501 720 2573 pius
767 2500 1105 2569 Redemptor
1178 2497 1448 2567 ipsorum,
1508 2495 1652 2551 sicut
1718 2510 1749 2547 a
1815 2493 2068 2563 praeteri-
2166 2506 2484 2565 contumax,
2517 2498 3005 2569 quantulacunque
3031 2497 3358 2553 reclusionis
3382 2497 3784 2564 molestia,sed

452 2595 542 2661 tis,
570 2595 646 2648 ita
669 2592 929 2647 nimirum
981 2599 1036 2645 et
1095 2606 1126 2643 a
1174 2586 1548 2658 praesentibus
1605 2593 1784 2651 natos,
1846 2591 1902 2639 et
1960 2599 2065 2638 na-
2169 2587 2334 2644 doleo
2365 2603 2527 2659 aqua
2579 2586 2825 2642 revocari
2882 2601 2995 2642 non
3025 2593 3205 2656 potest
3263 2585 3567 2657 perﬁdiam.
3604 2587 3784 2651 Quem

454 2683 712 2744 scituros,
768 2681 923 2736 vivos
961 2685 1018 2733 et
1074 2683 1344 2738 mortuos.
1393 2674 1652 2731 videlicet
1705 2689 1900 2730 omnes
1964 2689 2067 2744 pa-
2169 2679 2215 2733 si
2244 2679 2556 2750 cuicunque
2611 2678 3113 2734 commendandum
3160 2688 3341 2734 vestra
3366 2678 3663 2734 auctoritas
3703 2679 3790 2733 vi-

456 2775 588 2829 ritcr
635 2774 840 2828 electos
891 2770 1169 2837 redemit,
1238 2768 1422 2834 eruit,
1469 2766 1757 2838 abluitquc
1809 2765 2065 2838 peccatis.
2172 2768 2336 2836 derit,
2360 2769 2462 2824 hoc
2504 2769 2560 2822 in
2614 2769 3099 2824 commendatione
3139 2768 3304 2824 etiam
3362 2768 3697 2839 providebit,
3726 2776 3790 2823 ut

456 2861 567 2932 Ipsi
630 2875 876 2931 prorsus,
936 2858 1042 2930 ipsi
1088 2866 1216 2912 sunt
1249 2855 1511 2924 mundus,
1571 2869 1668 2924 pro
1719 2870 1830 2927 quo
1879 2870 2072 2925 passus
2171 2858 2261 2912 cui
2311 2857 2786 2914 commendabitur
2849 2858 3150 2914 catholicus
3200 2858 3289 2923 sit,
3349 2865 3404 2912 et
3458 2856 3789 2928 gravitatem

457 2961 541 3008 est
606 2952 921 3018 Dominus,
979 2958 1038 3006 ut
1077 2950 1195 3022 ipse
1260 2950 1399 3005 dixit
1454 2968 1467 3004 :
1528 2952 1692 3006 Panis
1757 2966 1912 3021 quem
1976 2962 2070 3017 ego
2104 3019 2129 3022 Δ
2172 2949 2599 3005 ecclesiasticam
2618 2956 2674 3005 et
2721 2950 2964 3022 vigorem
3013 2966 3078 3004 ac
3139 2948 3540 3019 Scripturarum
3597 2948 3791 3004 scien-

455 3046 666 3113 dedero,
719 3059 844 3099 caro
899 3059 1018 3098 mea
1072 3019 1150 3098 est
1198 3058 1300 3112 pro
1345 3042 1540 3097 mundi
1588 3045 1704 3097 vita
1753 3019 1930 3109 ('Joan.
1992 3019 2135 3108 vr,C
2165 3038 2295 3093 tiam
2346 3038 2567 3107 habeat,
2599 3040 2731 3111 quia
2779 3019 2890 3095 non
2919 3039 3098 3096 solum
3154 3040 3461 3110 Scripturas
3517 3038 3586 3093 ad
3617 3055 3784 3093 suum

456 3135 572 3205 52).
630 3134 693 3188 Et
743 3132 876 3188 item
932 3131 1064 3187 alibi
1123 3131 1271 3186 idem
1357 3130 1749 3186 Gothescalcus
1800 3130 1996 3186 scribit
2048 3147 2061 3183 :

457 3226 611 3281 Absit
641 3224 831 3296 procul
860 3241 892 3278 a
918 3239 1028 3289 me,
1079 3230 1140 3278 ut
1200 3222 1286 3277 vel
1339 3221 1475 3276 illud
1519 3221 1870 3277 solummodo
1900 3221 2066 3276 velim

458 3317 758 3382 somniare,
808 3316 1011 3371 nedum
1044 3313 1214 3369 semel
1243 3329 1557 3379 susurrare,
1587 3323 1648 3369 ut
1671 3314 1843 3368 ullum
1874 3328 2065 3369 eorum

459 3405 858 3477 perpetualiter
885 3420 1074 3460 secum
1104 3403 1413 3474 periturum
1452 3402 1714 3475 antiquus
1746 3419 1937 3474 rapere
1963 3418 2064 3457 va-

457 3498 568 3553 leat
590 3497 810 3570 anguis,
856 3511 955 3567 pro
1007 3493 1212 3567 quibus
1263 3493 1601 3549 redimendis
1659 3500 1766 3549 tam
1793 3493 2069 3564 pretiosus

460 3587 570 3641 Deo
596 3584 738 3640 Patri
794 3585 1012 3641 Domini
1070 3584 1162 3639 Dei
1222 3584 1399 3640 nostri
1449 3583 1568 3638 Filii
1627 3583 1735 3649 sui,
1786 3582 1941 3637 fusus
1987 3589 2070 3637 est

457 3679 704 3755 sanguis.
738 3680 929 3733 Amen.
988 3678 1052 3733 Et
1107 3677 1238 3731 item
1265 3676 1501 3748 loquens
1539 3675 1608 3730 ad
1640 3676 1810 3731 Deum
1846 3692 1859 3729 :
1888 3674 2068 3729 Claret

457 3772 642 3844 itaque
680 3771 814 3826 satis
861 3778 1075 3842 aperte,
1120 3769 1269 3840 quod
1320 3768 1502 3825 nullus
1556 3767 1657 3824 tibi
1705 3767 1869 3839 perit,
1911 3766 2067 3839 quis-

456 3862 581 3934 quis
601 3861 922 3932 redemptus
941 3868 1026 3915 est
1064 3875 1164 3931 per
1193 3858 1522 3934 sanguinem
1553 3857 1733 3914 crucis
1758 3863 1885 3912 tum.

526 3950 680 4016 Quod
721 3948 1199 4006 Praedestinatiani
1235 3954 1453 4003 veteres
1512 3961 1621 4001 non
1650 3945 1930 4011 dixerunt,
1966 3944 2066 4000 iste

455 4048 515 4097 ut
545 4043 833 4107 audacius,
878 4042 1033 4107 itaet
1054 4038 1423 4110 perniciosius
1449 4037 1603 4103 dicit,
1648 4037 1906 4092 deitatem
1937 4053 2067 4092 san-

455 4141 554 4185 ctae
573 4130 852 4185 Trinitatis
901 4130 1095 4184 trinam
1145 4142 1290 4181 esse.
1351 4126 1488 4180 Sunt
1539 4132 1594 4179 et
1620 4125 1748 4191 alia,
1794 4141 1917 4195 quae
1947 4125 2064 4194 ipse

454 4218 620 4272 etalii
655 4217 842 4288 plures
892 4216 948 4270 in
993 4216 1114 4270 istis
1166 4213 1418 4285 partibus
1469 4213 1680 4280 dicunt,
1736 4229 1857 4284 qua:
1905 4214 2065 4270 nobis

452 4322 599 4361 sana:
630 4303 759 4360 ﬁdei
799 4304 1078 4359 adversari
1134 4302 1409 4368 videntur,
1443 4318 1565 4374 quae
1610 4303 1742 4358 dum
1769 4318 1867 4373 per
1897 4303 2063 4358 alium

2165 3147 2388 3187 sensum
2419 3131 2691 3188 violenter
2723 3132 2973 3203 inﬂexas,
3003 3133 3101 3189 sed
3130 3142 3185 3188 et
3207 3132 3602 3188 catholicorum
3636 3131 3788 3187 dicta

2166 3225 2488 3281 detruncata
2527 3241 2627 3296 per
2684 3232 2858 3281 totum
2916 3226 3061 3281 diem
3118 3227 3240 3281 sine
3289 3224 3651 3295 respiratione
3679 3224 3790 3280 ali-

2167 3332 2276 3387 qua
2314 3314 2573 3386 praevalet
2628 3314 2947 3370 memoriter
2999 3314 3295 3371 decantare
3348 3314 3503 3370 Unde
3544 3328 3655 3370 non
3688 3330 3788 3370 so-

2167 3405 2278 3459 lum
2310 3404 2509 3460 idiotas
2548 3405 2608 3460 in
2659 3403 3084 3460 admirationem
3133 3406 3215 3459 sui
3258 3404 3554 3467 abducere.
3588 3420 3786 3461 verum

2167 3500 2223 3548 et
2250 3495 2451 3550 sciolos
2507 3500 2562 3548 et
2619 3493 2869 3551 incautos
2915 3501 3083 3565 atque
3131 3492 3308 3549 zelum
3364 3492 3482 3562 Dei,
3534 3496 3636 3552 sed
3668 3513 3787 3554 non

2165 3583 2469 3640 secundum
2531 3583 2817 3639 scientiam
2868 3582 3139 3638 habentes
3167 3585 3334 3654 (Rom.
3377 3603 3431 3654 x,
3460 3587 3538 3654 2),
3572 3587 3629 3641 in
3648 3604 3788 3643 sen-

2168 3677 2392 3733 tentiam
2442 3692 2597 3732 suam
2656 3677 2853 3732 solitus
2881 3684 2998 3732 erat
3027 3676 3339 3734 traducere.
3374 3678 3434 3734 Et
3454 3696 3566 3735 non
3598 3682 3783 3737 solum

2167 3772 2453 3827 doctorum
2476 3786 2701 3826 suorum
2735 3772 2930 3827 doctor
2975 3769 3149 3824 videri
3196 3773 3427 3842 appetit,
3455 3773 3555 3828 sed
3579 3782 3636 3829 et
3676 3775 3787 3830 hoc

2166 3863 2401 3919 solerter
2426 3863 2562 3918 satis
2613 3863 2868 3929 intendit,
2925 3870 2985 3917 ut
3036 3878 3223 3917 secum
3283 3863 3576 3935 loquentes
3605 3865 3691 3920 vel
3730 3865 3785 3920 in

2167 3967 2424 4008 somnone
2467 3966 2666 4021 capere
2710 3950 2907 4005 valeat.
2944 3950 3005 4006 Et
3044 3951 3091 4005 si
3123 3950 3193 4006 de
3252 3952 3480 4007 veritate
3535 3968 3647 4008 non
3678 3969 3788 4025 po-

2167 4044 2311 4111 terit,
2346 4044 2742 4100 invincibiliter
2796 4044 3158 4100 sacramentis
3214 4044 3492 4101 affirmare
3538 4046 3779 4113 curabit,

2166 4147 2230 4184 ea
2249 4126 2434 4187 secum
2494 4133 2788 4203 loquentes
2842 4133 3067 4201 dixisse,
3148 4150 3272 4206 quae
3331 4134 3467 4191 forte
3524 4152 3631 4191 non
3688 4137 3782 4191 di-

2165 4230 2374 4287 xerant,
2403 4230 2464 4277 ut
2513 4223 2630 4293 ipse
2686 4240 2869 4292 verax,
2927 4235 2983 4280 et
3013 4226 3064 4280 ci
3103 4226 3197 4297 qui
3261 4225 3336 4279 illi
3391 4228 3783 4283 contradicunt

2167 4310 2473 4381 probentur
2501 4328 2623 4367 esse
2650 4314 2969 4381 mendaces,
3001 4321 3059 4370 et
3087 4314 3353 4371 adversus
3381 4331 3536 4369 suam
3563 4316 3779 4372 doctri-

453 4413 617 4468 quam
664 4412 762 4466 per
818 4395 1111 4451 utilitatem
1171 4410 1313 4450 mea:
1351 4410 1602 4466 personae
1658 4397 1957 4452 auctoritas
1978 4384 2294 4457 ve-Dnam
2328 4403 2611 4460 docentes.

451 4496 563 4544 stra
591 4488 932 4562 cognoverit,
993 4487 1133 4545 ferte
1189 4488 1439 4544 attendet
1487 4488 1768 4557 solertius,
1831 4497 1885 4545 et
1942 4506 2065 4562 quae

452 4581 582 4638 inde
612 4584 853 4638 tenenda
894 4589 1023 4637 sunt
1062 4582 1259 4638 docere
1286 4581 1534 4637 studebit
1571 4582 1919 4654 quantocius.
1953 4584 2064 4639 Erit

450 4676 673 4730 enimin
693 4674 942 4747 proximo
1004 4674 1131 4729 inde
1173 4674 1673 4746 necessitas;quia
1722 4675 1843 4730 etsi
1870 4691 2061 4731 eorum

448 4765 614 4821 corda
642 4765 696 4818 in
748 4763 965 4818 insania
1019 4762 1264 4835 perversi
1292 4778 1489 4818 sensus
1536 4762 1833 4831 cbulliunt,
1866 4765 2061 4820 ortho-

449 4857 575 4911 doxi
606 4863 794 4912 tamen
835 4855 981 4928 regis
1036 4855 1211 4911 nostri
1255 4862 1527 4924 tempore,
1562 4871 1749 4925 prava,
1783 4871 1907 4927 qua).
1928 4873 2061 4912 sen-

448 4946 614 5013 tiunt,
657 4945 842 5017 eloqui
898 4960 1007 5000 non
1076 4953 1416 5017 praesumunt
1462 4946 1539 5000 lta
1566 4952 1836 5017 utaperte
1866 4947 2058 5003 videa-

450 5050 569 5090 mus
608 5034 822 5105 impleri
875 5034 1024 5105 quod
1071 5034 1335 5104 scriptum
1393 5042 1515 5089 est:
1547 5036 1889 5103 Congregans
1920 5039 2061 5093 sicut

445 5127 504 5179 in
526 5130 646 5180 utre
666 5124 810 5196 [ms.,
851 5129 1023 5179 utrem
1049 5123 1064 5195 ]
1097 5139 1271 5194 aquas
1286 5125 1456 5179 maris
1485 5125 1649 5192 (Psal.
1685 5125 1869 5195 xxxu).
1901 5126 2055 5197 Aqua

447 5216 593 5271 enim
652 5216 819 5272 maris
882 5216 1025 5271 sicut
1090 5215 1146 5269 in
1192 5221 1313 5270 utre
1357 5222 1689 5291 congregata
1746 5223 1872 5272 est:
1924 5218 2056 5289 quia

443 5324 627 5363 amara
642 5307 1028 5363 haereticorum
1042 5305 1279 5361 scientia
1295 5305 1567 5378 quidquid
1589 5307 1756 5363 hodie
1774 5307 1829 5361 in
1855 5307 1956 5362 isto
1971 5324 2053 5362 re-

440 5416 550 5474 gno
572 5398 670 5455 lilii
687 5400 852 5456 vestri
875 5398 1062 5454 domui
1084 5398 1264 5453 Karoli
1297 5415 1521 5469 pravum
1539 5401 1730 5465 sentit;
1755 5400 1808 5454 in
1829 5410 2050 5472 pectore

439 5491 773 5564 comprimit,
830 5497 885 5546 ct
914 5497 1103 5561 aperte
1150 5489 1338 5545 dicere
1385 5503 1495 5544 non
1543 5490 1845 5561 praesumit.
1875 5490 2045 5546 Meam

435 5598 657 5657 quoque
678 5580 1035 5660 exiguitatem
1088 5588 1143 5638 et
1197 5581 1411 5640 occulte
1458 5580 1659 5640 canino
1714 5582 1882 5638 dente
1921 5597 2043 5640 cor-

2235 4566 2309 4619 De
2319 4565 2475 4620 libris
2497 4580 2633 4635 quos
2649 4476 3015 4635 idem
3035 4477 3366 4623 gittcmarus
3388 4571 3702 4639 composuit.

2233 4672 2461 4745 Scripsit
2507 4676 2671 4731 etiam
2702 4673 2928 4745 praefato
2982 4690 3137 4746 papae
3180 4676 3403 4733 Nicolao
3471 4675 3601 4733 fidei
3660 4695 3778 4734 suae

2160 4762 2540 4834 depromendo
2572 4772 2843 4830 tenorem,
2876 4772 2933 4818 et
2959 4779 3115 4818 suam
3143 4772 3334 4820 contra
3361 4766 3647 4836 praenotati
3670 4766 3781 4822 Go-

2160 4856 2418 4911 thescalci
2448 4873 2709 4926 errorem,
2743 4874 2908 4931 quam
2951 4857 3081 4913 ﬁdei
3134 4859 3417 4915 catholicae
3458 4858 3783 4930 dependere

2159 4949 2463 5023 satagebat,
2530 4952 2937 5008 defensionem.
2997 4952 3227 5023 Scripsit
3282 4958 3552 5023 prseterea
3581 4950 3778 5005 multa.

2159 5037 2381 5093 Librum
2413 5054 2636 5111 quoque
2681 5041 2974 5097 collectum
3034 5056 3098 5095 ex
3130 5040 3563 5097 orthodoxorum
3618 5038 3784 5095 dictis

2158 5130 2375 5185 Patrum
2407 5131 2475 5186 ad
2507 5129 2649 5187 filios
2697 5130 2953 5186 Ecclesiae
2983 5145 3117 5197 suae,
3157 5129 3307 5201 quod
3365 5128 3564 5183 divinae
3593 5129 3775 5186 Trini-

2154 5219 2282 5273 tatis
2311 5218 2488 5275 deitas
2519 5219 2658 5274 trina
2712 5235 2823 5275 non
2862 5218 2933 5274 sit
2972 5217 3229 5286 dicenda,
3280 5234 3404 5273 cum
3462 5218 3533 5274 sit
3593 5219 3771 5290 ipsius

2154 5323 2381 5362 summa:
2404 5306 2681 5362 Trinitatis
2709 5307 2912 5374 unitas,
2960 5306 3030 5362 ad
3083 5306 3419 5363 refellendas
3439 5322 3772 5378 praememo-

2153 5400 2253 5454 rati
2301 5399 2641 5455 Gothescalci
2701 5399 3076 5472 blasphemias
3125 5418 3140 5465 ;
3200 5400 3329 5455 item
3383 5399 3454 5453 ad
3511 5398 3766 5456 Karolum

2151 5505 2335 5564 regem
2381 5504 2550 5560 super
2578 5490 2680 5545 hac
2731 5490 2926 5547 eadem
2975 5507 3033 5547 re
3065 5490 3264 5545 librum
3320 5505 3510 5544 unum.
3540 5488 3769 5561 Scripsit

2144 5590 2201 5638 et
2229 5581 2299 5637 ad
2327 5581 2583 5638 eumdem
2615 5583 2868 5640 Karolum
2897 5599 3084 5659 regem
3124 5599 3265 5655 opus
3293 5582 3571 5655 quoddam
3603 5597 3765 5657 egre-
