4010 6162
448 254 551 312 183

1554 252 1920 308 FLODOARDI
2000 253 2302 310 CANONICI
2345 254 2692 310 REMENSIS.

3677 265 3780 318 184

444 381 752 446 secundum
777 385 1152 456 evangelicam
1203 387 1472 458 regulam,
1505 389 1590 442 vel
1649 389 1770 444 viva
1797 405 1952 452 voce,
1987 391 2070 444 vel
2101 395 2292 461 Acum
2323 392 2440 462 ipse
2488 390 2612 460 plus
2668 390 2788 445 aliis
2841 391 3189 454 laboraverit,
3222 393 3364 448 sicut
3412 393 3468 447 in
3531 395 3782 466 epistolis

449 480 670 551 scriptis
727 479 840 533 suis
898 477 1025 532 inde
1073 478 1499 551 interrogarent,
1558 488 1617 534 ut
1683 481 1768 536 vel
1826 483 2073 537 volentes

449 573 666 627 discere
736 570 1022 634 docerent,
1077 569 1163 624 vel
1219 585 1446 640 pravum
1506 571 1829 638 sentientes,
1895 580 1949 627 et
2004 575 2072 628 ad

450 659 722 715 tramitem
765 657 1014 712 veritatis
1071 664 1125 713 et
1204 656 1333 712 ﬁdei
1395 659 1575 714 redire
1632 668 2072 732 contemnentes,

451 751 685 806 fraterne
745 755 801 804 et
857 749 1063 820 sa'pius
1117 758 1556 817 commonerent,
1618 761 1672 806 et
1721 754 2071 808 auctoritates

450 839 666 893 divinas
701 839 818 909 (aL,
867 838 1208 893 auctoritatis
1270 839 1488 910 divinae]
1541 848 1595 894 et
1624 849 1936 896 sanctorum
1969 843 2072 896 Pa-

451 940 592 985 trum
633 929 839 999 scripta
891 928 1052 982 nobis
1116 936 1512 998 proponerent,
1573 939 1628 984 et
1676 938 1736 985 ut
1795 931 1847 985 in
1901 948 2068 986 unum

452 1020 880 1076 conveniremus
926 1034 1027 1074 nos
1085 1035 1209 1074 cum
1261 1019 1687 1076 mansuetudine
1744 1029 1800 1078 et
1843 1023 2068 1080 lenitate

455 1110 768 1174 invitarent,
802 1107 1042 1163 scientes
1069 1106 1201 1178 quia
1222 1107 1518 1178 episcopus
1557 1108 1682 1162 ideo
1709 1109 1776 1163 ad
1799 1111 2069 1180 synodum

455 1197 910 1253 consacerdotum
940 1195 1108 1249 debet
1162 1195 1371 1262 venire,
1409 1205 1469 1250 ut
1499 1204 1590 1251 aut
1620 1196 1813 1265 discat,
1845 1207 1938 1253 aut
1970 1201 2073 1255 do-

456 1295 578 1341 ceat
613 1285 890 1338 ?Litteras
936 1299 1172 1355 namque
1226 1285 1595 1355 quorumdam
1629 1301 1817 1340 eorum
1849 1287 2072 1358 quidam

458 1381 768 1428 nostrorum
814 1371 1144 1444 benignitas,
1175 1381 1229 1426 et
1259 1371 1528 1428 fraternas
1573 1375 1939 1444 suscepimus,
1966 1391 2072 1430 no-

459 1475 710 1536 strasque
739 1464 847 1518 illis
873 1464 1202 1530 remisimus,
1236 1471 1290 1519 et
1323 1465 1457 1519 nihil
1489 1467 1596 1520 tale
1628 1466 1696 1521 de
1714 1483 1902 1522 eorum
1922 1476 2073 1537 parte

460 1553 862 1624 perspeximus,
921 1553 1250 1619 audivimus,
1323 1553 1715 1622 intelleximus,
1773 1557 2072 1626 sensimus,

460 1645 543 1698 vel
575 1643 860 1715 percipere
903 1644 1309 1714 praevaluimus.
1363 1645 1418 1699 Si
1449 1653 1630 1700 autem
1675 1647 1804 1701 talia
1835 1648 2076 1718 scripse-

461 1746 611 1806 runt,
634 1740 678 1792 si
727 1738 864 1794 forte
895 1739 972 1793 illi
1033 1740 1391 1810 scripserunt,
1459 1748 1516 1796 ut
1555 1759 1708 1796 suam
1745 1743 2074 1812 sapientiam

463 1828 532 1882 de
560 1837 744 1882 nostra
795 1827 1112 1898 insipientia
1141 1828 1606 1897 demonstrarent,
1639 1837 1694 1884 et
1742 1831 1866 1901 plus
1895 1831 1965 1886 de
1990 1831 2075 1900 ja-

463 1917 666 1972 ctantia
690 1916 870 1971 laudis
898 1916 1204 1987 appetitum
1238 1925 1548 1987 quaererent
1577 1934 1742 1989 quam
1775 1918 1944 1980 bona
1976 1934 2077 1975 n0-

463 2018 590 2075 stra,
616 2010 823 2064 etbene
854 2026 884 2063 a
906 2009 1066 2064 nobis
1087 2009 1254 2074 dicta,
1287 2011 1333 2064 si
1379 2009 1583 2078 forent,
1619 2027 1717 2082 per
1756 2013 2078 2068 charitatem

465 2115 565 2155 sua
621 2099 888 2169 facerent,
946 2097 992 2151 si
1053 2098 1218 2152 etiam
1251 2113 1411 2153 secus
1468 2115 1499 2153 a
1531 2100 1690 2155 nobis
1742 2100 1888 2156 dicta
1919 2101 2080 2157 inve-

467 2199 688 2255 nerunt,
712 2191 834 2261 plus
883 2190 976 2243 illa
1016 2189 1296 2260 publicare
1323 2206 1488 2262 quam
1543 2207 1642 2246 nos
1689 2190 1926 2247 fraterne
1957 2208 2082 2249 cor-

467 2284 644 2355 rigere
693 2281 1022 2336 maluerunt.
1098 2281 1353 2336 Miramur
1431 2284 1498 2338 de
1555 2285 1718 2340 tantis
1769 2294 1825 2340 et
1881 2287 2084 2344 talibus

469 2377 619 2441 viris,
670 2375 1120 2445 archiepisc0pis,
1177 2383 1232 2431 et
1284 2376 1668 2448 episcOporum
1729 2381 2082 2451 primoribus,

472 2467 702 2521 maxime
750 2472 932 2520 autem
965 2466 1036 2520 de
1093 2466 1281 2522 Ebone
1342 2467 1475 2536 (Ebo
1517 2471 1717 2526 Ebom‘s
1751 2473 1892 2527 Rem.
1929 2477 2080 2530 arch.

467 2558 668 2624 nepos),
723 2555 818 2624 qui
874 2555 1168 2627 religiosus
1219 2563 1321 2620 est,
1363 2565 1424 2612 ut
1479 2558 1812 2629 audivimus,
1878 2563 2087 2634 quippe

467 2644 608 2698 sicut
636 2644 704 2697 ab
726 2643 860 2713 ipsis
880 2658 1022 2712 pene
1053 2644 1346 2698 cunabulis
1373 2645 1476 2699 sub
1511 2647 1779 2719 religione
1811 2659 1868 2704 et
1894 2651 2085 2707 habitu

416 2797 426 2809 ο
469 2735 705 2808 regulari
728 2735 968 2789 nutritus
1000 2735 1053 2788 in
1088 2735 1375 2790 Remensis
1425 2737 1680 2794 Ecclesiae
1731 2743 2084 2810 monasterio,

470 2823 566 2877 ubi
606 2823 900 2894 requiescit
946 2831 1172 2878 sanctus
1204 2824 1499 2898 Remigius.
1556 2828 1614 2881 ln
1644 2845 1753 2899 quo
1811 2831 1931 2886 loco
1959 2833 2088 2887 reli-

470 2917 625 2990 gioso
677 2932 831 2970 suam
890 2917 1071 2990 exegit
1143 2924 1387 2983 aetatem,
1445 2935 1736 2992 quousque
1798 2939 1828 2976 a
1885 2924 2088 2982 domno

474 3005 658 3060 Ebone
680 3005 951 3060 avunculo
979 3021 1101 3072 suo,
1144 3016 1272 3061 tunc
1304 3005 1597 3063 Remorum
1648 3011 2086 3083 archiepiscopo,

474 3094 679 3148 ibidem
742 3093 1006 3149 diaconus
1061 3105 1433 3156 consecratus.
1491 3107 1546 3152 et
1585 3099 1753 3153 abbas
1787 3103 2088 3158 monacho-

478 3200 592 3237 rum
624 3183 692 3238 ad
747 3183 1048 3257 regularem
1107 3185 1357 3240 ordinem
1418 3188 1718 3241 tenendum
1780 3197 1835 3244 et
1885 3191 2090 3263 guber-

477 3273 719 3326 nandum
733 3273 1125 3328 constitutione
1139 3273 1441 3345 episcopali
1466 3283 1549 3330 est
1564 3276 1850 3332 ordinatus
1868 3296 1882 3344 ;
1902 3296 2090 3350 quem-

477 3378 586 3432 que
644 3363 717 3417 ita
769 3362 1098 3417 humilitatis
1131 3370 1320 3417 tenore
1352 3363 1638 3430 nutritum,
1679 3373 1733 3419 et
1763 3366 2090 3424 humilitatis

478 3452 658 3506 locum
687 3459 970 3523 appetere,
1025 3457 1081 3506 et
1135 3460 1328 3505 tenere
1386 3451 1526 3506 velle
1586 3453 1839 3521 dicimus,
1896 3463 1955 3510 ut
2013 3457 2090 3511 illi

480 3548 535 3594 ct
595 3541 855 3595 omnibus
904 3540 1169 3611 scriptum
1233 3548 1316 3594 est
1345 3558 1357 3594 :
1386 3542 1446 3596 Si
1501 3544 1730 3610 spiritus
1776 3550 2089 3613 potestatem

479 3633 723 3687 habentis
743 3634 1043 3687 ascenderit
1091 3648 1249 3701 super
1297 3637 1363 3695 te,
1428 3636 1597 3688 locum
1647 3639 1890 3690 tuumne
1916 3639 2085 3692 dimi-

478 3723 612 3776 seris
662 3722 848 3790 (Eccie.
900 3739 954 3790 χ,
1002 3720 1077 3789 2).
1137 3722 1377 3790 Spiritus
1435 3722 1582 3776 enim
1640 3728 1949 3791 potestatem
1989 3728 2090 3780 ha-

481 3816 649 3870 bentis
705 3815 927 3887 Spiritus
980 3823 1064 3870 est
1108 3816 1412 3886 superbiae,
1471 3818 1622 3874 locus
1669 3825 1852 3874 autem
1906 3827 2091 3876 noster

480 3907 760 3964 humilitas
808 3915 912 3975 est,
971 3924 1191 3980 quama
1230 3925 1289 3964 se
1344 3925 1471 3966 vere
1527 3911 1681 3967 locus
1737 3914 2003 3981 munitus,
2034 3922 2090 3970 et

481 4001 644 4055 turris
693 4001 1032 4056 fortitudinis
1081 4017 1182 4057 nos
1237 4002 1451 4059 discere
1472 4003 1651 4071 jubet.
1696 4007 1894 4061 Discite
1922 4023 1957 4061 a
1986 4023 2087 4075 me,

481 4092 754 4164 inquiens,
805 4095 936 4162 quia
964 4095 1112 4147 mitis
1165 4109 1306 4160 sum,
1347 4099 1396 4148 et
1426 4096 1647 4150 humilis
1688 4099 1843 4151 corde
1874 4101 2084 4166 (Matth.

481 4197 554 4245 χι,
594 4180 701 4248 29).
757 4181 1039 4260 Quamque
1089 4195 1188 4249 pro
1244 4180 1365 4235 loco
1425 4187 1541 4235 tuto
1595 4190 1787 4237 contra
1836 4186 2091 4242 elationis

480 4287 543 4325 ac
576 4270 853 4339 jactantiae
905 4271 1155 4342 spiritum
1205 4271 1490 4341 praefatum
1546 4273 1864 4346 religiosum
1915 4277 2091 4332 virum

480 4362 683 4417 obnixe
715 4372 907 4418 tenere
959 4361 1102 4417 velle
1152 4363 1482 4429 audivimus,
1512 4373 1565 4420 et
1615 4381 1714 4436 pro
1767 4375 1917 4423 certo
1970 4385 2091 4424 cre-

481 4451 680 4517 dimus,
714 4459 769 4506 et
816 4451 1020 4506 idcirco
1069 4450 1436 4508 discredimus
1483 4453 1583 4509 ista
1634 4454 1876 4526 capitula
1925 4457 2088 4514 abeo

481 4545 750 4607 confecta,
816 4542 945 4615 quia
985 4542 1366 4613 praetermissis
1436 4543 1668 4600 aliorum
1724 4548 2090 4604 consacerdo-

481 4647 594 4693 tum
627 4636 964 4704 nominibus,
1010 4635 1181 4690 solius
1232 4635 1438 4690 Ebonis
1490 4651 1689 4691 nomen
1739 4652 1862 4691 cum
1912 4639 2091 4694 archi-

481 4731 757 4803 episeOpis
810 4739 892 4784 est
939 4729 1141 4785 ibidem
1198 4729 1482 4798 iactanter,
1544 4739 1603 4785 ut
1647 4731 1977 4802 quibusdam
2009 4734 2091 4788 vi-

481 4828 661 4891 detur,
711 4841 1050 4895 expressum.
1112 4824 1172 4878 Et
1202 4824 1351 4894 quod
1403 4840 1565 4895 quam
1626 4826 1862 4882 maxime
1903 4827 1954 4881 in
1985 4828 2090 4884 hoc

482 4918 600 4988 ipse
645 4915 1084 4980 collaboraverit,
1143 4915 1299 4985 quasi
1347 4930 1376 4968 e
1450 4915 1674 4989 regione
1721 4917 1791 4972 sit
1843 4934 2086 4985 sensum,

481 5017 541 5062 ut
589 5007 753 5062 etiam
799 5021 922 5061 cum
993 5003 1426 5076 archiepiscOpis
1494 5006 1666 5074 major
1739 5009 1971 5074 caeteris,
2036 5018 2090 5064 et

483 5100 695 5155 doctior
723 5097 778 5151 in
811 5097 1084 5152 sententia
1102 5095 1286 5152 fuerit.

558 5211 578 5236 ι
626 5189 737 5243 Hoc
766 5187 912 5242 enim
969 5186 1037 5241 de
1091 5192 1284 5240 sancto
1337 5185 1664 5259 Augustino,
1698 5188 1792 5258 qui
1850 5187 1904 5241 in
1955 5204 2090 5244 con-

478 5279 618 5334 ciliis
662 5278 927 5334 Africanis
975 5278 1242 5347 scientia,
1301 5287 1356 5333 et
1414 5278 1641 5344 labore,
1705 5294 1768 5333 ac
1810 5279 2092 5351 vigilantia

483 5372 657 5440 major
676 5371 906 5436 exstitit,
941 5386 1290 5442 nequaquam
1342 5371 1672 5425 invenimus.
1727 5371 1858 5425 Nam
1891 5380 1946 5426 et
1975 5372 2092 5442 ipse

479 5469 699 5516 sanctus
752 5460 1088 5534 Augustinus
1139 5475 1246 5514 non
1305 5459 1480 5514 solum
1525 5476 1584 5513 se
1645 5460 1858 5514 caeteris
1905 5462 2092 5531 coepi-

475 5557 681 5628 sc0pis,
734 5556 996 5627 privatam
1047 5553 1274 5626 gloriam
1328 5569 1601 5626 quaerens,
1655 5570 1764 5610 non
1824 5556 2084 5626 praetulit,

474 5663 578 5703 nec
625 5643 870 5718 prwferri
917 5643 1168 5717 permisit
1215 5661 1229 5710 ;
1291 5660 1480 5699 verum
1530 5659 1589 5700 se
1615 5642 1737 5699 aliis
1775 5645 2087 5716 supposuit,

2173 480 2242 534 ad
2264 488 2516 535 sanctum
2548 480 2934 535 Innocentium
2987 497 3182 552 papam
3208 482 3446 554 scriptis,
3474 485 3613 539 etad
3646 486 3782 541 alios

2173 569 2488 639 apostolicae
2541 569 2689 624 sedis
2732 569 3000 640 praesules
3057 572 3308 636 (Aucusr.
3358 575 3509 640 epist.
3553 573 3641 637 90,
3689 576 3779 638 92,

2174 661 2285 729 95),
2315 661 2407 732 qui
2466 661 2653 734 legere
2699 661 2955 727 voluerit,
3007 661 3256 718 invenire
3293 663 3518 719 valebit.
3575 666 3688 720 Nec
3716 668 3783 721 de

2172 755 2284 810 ullo
2317 756 2703 826 episcoporum
2751 758 2806 810 in
2850 758 2979 812 ullis
3023 757 3274 813 conciliis
3320 759 3482 813 aliter
3528 761 3782 833 legimus,

2172 845 2276 900 nisi
2331 846 2466 901 forte
2540 848 2856 917 apostolicae
2927 847 3118 903 litterae
3188 856 3415 920 propter
3469 851 3784 906 evidentem

2172 951 2394 989 causam
2425 935 2665 1006 aliquem
2725 936 3182 1007 coepiscoporum
3217 936 3284 991 ad
3341 939 3448 993 hoc
3499 940 3784 1012 negotium

2171 1039 2296 1079 cum
2354 1024 2770 1096 archiepiscopo
2822 1041 2920 1080 suo
2969 1041 3034 1079 ex
3095 1026 3320 1080 nomine
3364 1026 3646 1101 designari
3688 1029 3788 1083 de-

2173 1116 2467 1183 creverint,
2519 1116 2662 1172 sicut
2709 1117 2778 1170 de
2856 1117 3328 1188 Augustidunensi
3407 1119 3672 1189 episcopo
3731 1120 3786 1172 in

2175 1207 2424 1277 epistolis
2467 1208 2613 1263 beati
2663 1209 2911 1282 Gregorii
2950 1209 3206 1282 legimus.
3241 1209 3452 1272 Quanto
3480 1212 3655 1285 magis
3687 1212 3789 1267 iste

2177 1297 2488 1372 religiosus,
2540 1305 2595 1353 et
2641 1299 2723 1354 vir
2767 1309 2960 1354 cautus
3016 1299 3070 1352 in
3139 1299 3452 1367 hujusmodi
3490 1316 3550 1355 se
3592 1300 3788 1356 eﬂerre

2176 1386 2463 1454 noluisset,
2523 1397 2621 1442 aut
2673 1388 2917 1459 praeferri
2958 1389 3252 1459 despectis,
3317 1404 3380 1444 ac
3410 1390 3792 1459 praetermissis

2177 1479 2387 1533 caeteris
2413 1480 2778 1550 coepiscopis,
2823 1480 3163 1551 permisisset
3201 1479 3229 1533 ?
3261 1479 3372 1535 Hoc
3401 1481 3634 1551 accedit,
3659 1480 3791 1552 quia

2176 1571 2366 1628 fratres
2426 1575 2613 1640 nostri,
2687 1584 2742 1630 et
2796 1575 3215 1630 consacerdotes
3280 1576 3448 1630 surda
3506 1592 3637 1631 aure
3678 1592 3790 1632 non

2177 1666 2499 1721 debuissent
2557 1667 2789 1721 transire
2847 1668 3158 1722 Salomonis
3223 1667 3433 1721 dictum
3485 1667 3794 1722 commoni-

2177 1760 2333 1826 toris,
2365 1761 2409 1814 si
2451 1778 2516 1815 ex
2543 1762 2722 1828 nobis,
2762 1773 2855 1817 aut
2897 1763 3112 1830 auditu,
3161 1764 3476 1833 autscripto
3526 1760 3791 1832 quiddam

2177 1848 2382 1904 sinistri
2439 1858 2650 1906 secreto
2713 1851 3076 1922 accepissent,
3139 1861 3198 1906 ut
3243 1867 3591 1922 praepropere
3653 1851 3795 1904 illud

2183 1938 2237 1991 in
2257 1939 2540 2008 publicum
2563 1956 2895 2012 quacunque
2913 1941 3216 1996 mobilitate
3248 1949 3432 1996 nostra
3457 1941 3588 1996 moti
3622 1941 3795 2009 (unde

2184 2045 2294 2086 non
2337 2047 2529 2087 sumus
2577 2033 2807 2099 conscii)
2839 2034 2907 2087 ad
2935 2033 3321 2089 contentiones
3357 2040 3410 2087 et
3444 2033 3627 2106 jurgia
3657 2048 3797 2104 pro-

2185 2121 2453 2192 palarent.
2531 2124 2616 2179 Ait
2663 2124 2809 2177 enim
2845 2141 2857 2177 :
2892 2125 3018 2190 Quae
3073 2124 3329 2178 viderunt
3385 2123 3528 2178 oculi
3576 2125 3680 2192 tui,
3738 2139 3808 2177 ne

2176 2215 2429 2282 proferas
2484 2217 2542 2269 in
2597 2216 2785 2284 jurgio
2833 2219 2957 2283 cito,
3014 2231 3080 2269 ne
3122 2221 3312 2285 postea
3368 2215 3654 2270 mentiare
3693 2230 3807 2269 non

2180 2305 2379 2370 possis,
2411 2318 2530 2357 cum
2559 2304 2992 2359 dehonestaveris
3024 2306 3260 2358 amicum
3287 2308 3438 2358 tuum
3467 2307 3646 2368 (Prov.
3680 2320 3808 2366 xxv,

2185 2393 2258 2462 8).
2321 2394 2535 2448 Scimus
2601 2400 2784 2449 tamen
2828 2395 2960 2466 quia
2998 2401 3126 2450 sunt
3198 2395 3473 2461 nonnulli,
3524 2395 3620 2467 qui
3672 2396 3811 2450 dum

2188 2486 2313 2556 plus
2365 2501 2560 2556 sapere
2625 2502 2790 2556 quam
2845 2494 3066 2558 oportet
3123 2504 3319 2559 sapere
3379 2489 3606 2543 student
3636 2491 3813 2551 (Rom.

2189 2591 2284 2641 xu,
2314 2574 2386 2642 3),
2419 2592 2450 2630 a
2481 2577 2856 2646 proximorum
2913 2594 3049 2648 pace
3107 2578 3385 2644 resiliunt,
3428 2578 3557 2632 dum
3581 2591 3678 2632 eos
3708 2594 3812 2632 ve-

2189 2663 2269 2717 lut
2291 2663 2540 2730 hebetes,
2583 2665 2892 2736 stultosque
2951 2675 3334 2724 contemnunt.
3393 2669 3547 2726 Unde
3606 2685 3708 2739 per
3747 2684 3808 2723 se

2188 2751 2401 2808 Veritas
2447 2753 2727 2820 admonet,
2776 2754 3016 2810 dicens:
3051 2758 3252 2812 Habete
3310 2761 3367 2812 in
3425 2760 3574 2813 vobis
3619 2759 3724 2820 sal,
3760 2762 3817 2812 et

2184 2857 2372 2911 pacem
2404 2844 2586 2898 habete
2615 2845 2754 2898 inter
2811 2859 2904 2900 vos
2957 2847 3144 2912 (Marc.
3196 2863 3270 2912 1x,
3301 2845 3408 2914 49),
3461 2853 3521 2901 ιιι
3551 2845 3812 2918 quisquis

2192 2935 2399 2989 habere
2418 2937 2495 2989 sal
2529 2937 2812 3007 sapientiae
2855 2937 3058 2999 studet,
3094 2948 3249 2993 curet
3271 2954 3498 2994 necesse
3531 2949 3634 3004 est,
3665 2955 3811 3010 qua-

2121 3031 2574 3121 Ctenusapace
2632 3026 2942 3082 concordiae
2999 3042 3286 3098 nunquam
3357 3027 3596 3083 recedat.
3653 3028 3814 3082 Unde

2194 3114 2514 3170 terribiliter
2559 3115 2760 3171 Paulus
2811 3116 3094 3184 admonet,
3125 3115 3354 3171 dicens:
3390 3121 3578 3172 Pacem
3619 3122 3810 3189 sequi-

2190 3206 2330 3258 mini
2353 3219 2470 3258 cum
2495 3205 2762 3270 omnibus,
2804 3209 2852 3259 et
2900 3207 3334 3272 sanctimoniam,
3381 3209 3497 3261 sine
3524 3223 3635 3276 qua
3659 3224 3814 3263 nemo

2189 3293 2392 3346 videbit
2428 3295 2588 3347 Deum
2639 3294 2817 3363 (Hebr.
2870 3309 2968 3358 xu,
2997 3294 3111 3361 14).
3167 3293 3452 3365 Praecipue
3483 3304 3670 3350 autem
3702 3313 3811 3352 nos

2190 3399 2310 3439 eam
2341 3401 2561 3440 servare
2619 3393 2678 3440 et
2716 3386 2997 3458 persequi,
3065 3386 3118 3440 id
3174 3395 3279 3454 est,
3339 3387 3582 3458 perfecte
3640 3389 3806 3460 sequi

2190 3472 2479 3540 debemus,
2512 3474 2607 3546 qui
2666 3474 2776 3529 Deo
2837 3474 3086 3546 quotidie
3136 3474 3447 3531 sacriﬁcare
3504 3476 3804 3542 debemus,

2190 3571 2245 3619 et
2282 3565 2522 3620 Veritate
2563 3573 2909 3621 contestante
2961 3566 3279 3637 specialiter
3339 3569 3494 3641 quasi
3549 3569 3810 3640 principi-

2190 3669 2331 3720 mur,
2397 3663 2456 3708 ut
2501 3655 2545 3708 si
2578 3654 2872 3710 offeramus
2920 3672 3126 3712 munus
3167 3665 3414 3711 nostrum
3476 3657 3544 3711 ad
3601 3657 3802 3724 altare,

2190 3749 2244 3796 et
2272 3741 2348 3794 ibi
2371 3743 2641 3798 recordati
2691 3743 2958 3800 fuerimus
2999 3745 3130 3816 quia
3178 3745 3343 3800 frater
3391 3752 3579 3800 noster
3633 3746 3806 3802 habet

2189 3829 2397 3900 aliquid
2436 3831 2727 3886 adversum
2758 3847 2879 3898 nos,
2935 3833 3314 3904 relinquamus
3360 3832 3439 3887 ibi
3471 3849 3671 3888 munus
3703 3849 3810 3890 no-

2187 3927 2360 3973 strum
2391 3928 2518 3974 ante
2556 3919 2750 3987 altare,
2785 3930 2841 3975 et
2861 3938 3051 3976 eamus
3080 3923 3233 3994 prius
3275 3922 3619 3978 reconciliari
3654 3924 3806 3983 fratri

2191 4016 2401 4075 nostro,
2433 4017 2488 4063 et
2514 4017 2646 4064 tunc
2667 4009 2952 4066 venientes
2998 4010 3294 4066 offeramus
3313 4027 3514 4066 munus
3557 4021 3808 4066 nostrum

2189 4099 2407 4166 (Matth.
2441 4116 2491 4164 v,
2521 4097 2612 4167 23,
2636 4100 2748 4169 24).
2779 4099 2919 4154 Ecce
2939 4100 3137 4154 ductor
3167 4108 3221 4154 et
3241 4099 3436 4154 doctor
3458 4110 3647 4156 noster
3673 4101 3813 4156 adi-

2190 4185 2580 4241 scordantibus
2610 4202 2722 4242 non
2753 4187 2869 4243 vult
2897 4187 3152 4259 accipere
3172 4187 3807 4256 sacrificium,holocau-

2191 4281 2336 4327 stum
2367 4274 2652 4344 suscipere
2685 4282 2918 4331 recusat.
2944 4276 3038 4331 llic
3059 4290 3192 4350 ergo
3209 4275 3670 4348 perpendendum
3699 4284 3806 4343 est,

2194 4373 2460 4436 quantum
2493 4367 2562 4422 sit
2592 4367 2795 4422 malum
2838 4368 3549 4440 discordiae,propterquod
3578 4375 3634 4423 et
3664 4368 3808 4423 illud

2194 4469 2306 4509 non
2339 4455 2667 4524 admittitur,
2699 4473 2799 4528 per
2817 4458 2967 4530 quod
2983 4458 3388 4529 culpalaxatur.
3405 4458 3524 4514 Non
3541 4458 3692 4512 enim
3706 4473 3812 4514 nos

2193 4547 2457 4602 adversus
2487 4547 2685 4603 fratres
2708 4559 2926 4606 nostros
2957 4551 3244 4618 habemus,
3275 4550 3321 4605 si
3334 4549 3465 4606 talia
3493 4559 3689 4605 contra
3704 4565 3811 4605 nos

2193 4647 2320 4695 ante
2351 4641 2704 4696 collationem
2727 4643 3108 4715 scripserunt;
3141 4644 3238 4699 sed
3268 4644 3605 4699 credendum
3633 4649 3740 4710 est,
3764 4645 3810 4697 si

2190 4732 2282 4787 illa
2315 4734 2686 4805 scripsissent,
2715 4737 2785 4789 ad
2817 4752 2917 4792 nos
2947 4743 3136 4792 contra
3168 4751 3306 4808 quos
3333 4735 3427 4790 illa
3447 4735 3815 4806 scripserant,

2189 4825 2647 4880 transmisissent.
2707 4828 2863 4885 hunc
2930 4836 3114 4884 autem
3147 4828 3258 4882 illis
3297 4827 3575 4900 quomodo
3609 4827 3817 4882 rescri-

2189 4914 2323 4968 bere
2354 4930 2664 4985 possumus,
2697 4933 2822 4972 cum
2876 4925 3058 4972 utrum
3108 4917 3200 4972 illa
3229 4917 3553 4988 scripserint
3583 4915 3814 4987 ignore-

2189 5023 2311 5062 mus
2337 5008 2364 5061 ?
2395 5010 2780 5065 Verumtamen
2830 5026 2898 5065 ne
2928 5012 3049 5066 sine
3095 5026 3360 5084 responso
3401 5019 3589 5066 nostro
3621 5019 3806 5064 vestra

2189 5099 2494 5155 dominatio
2526 5110 2767 5170 maneat,
2829 5103 2990 5159 vobis
3047 5103 3117 5159 de
3141 5104 3298 5175 cujus
3325 5119 3488 5158 manu
3522 5102 3617 5157 illa
3648 5117 3812 5157 acce-

2191 5193 2394 5264 pimus,
2414 5193 2601 5262 corde,
2636 5209 2731 5250 ore
2771 5204 2826 5250 et
2855 5195 2996 5267 stylo
3028 5211 3139 5252 non
3171 5196 3532 5252 formidantes
3563 5211 3811 5266 carpen-

2191 5282 2327 5337 tium
2339 5297 2460 5348 nos,
2486 5282 2902 5358 derogationem
2925 5283 3042 5355 [ms.
3056 5284 3448 5358 ,derogationi]
3468 5288 3813 5358 respondere

2192 5389 2466 5428 curamus.

2265 5490 2289 5513 κ
2320 5467 2500 5522 Primo
2525 5467 2733 5524 scilicet
2764 5467 3054 5524 mittentes
3087 5483 3173 5533 ea,
3207 5484 3330 5541 quae
3361 5468 3428 5524 ab
3457 5469 3668 5524 eisdem
3702 5471 3817 5525 fra-

2191 5554 2366 5610 tribus
2397 5556 2600 5612 nostris
2630 5557 2686 5610 in
2734 5557 2946 5629 synodo
2999 5557 3312 5628 conscripta
3343 5556 3508 5612 fuisse
3529 5558 3814 5632 leguntur,

2191 5645 2473 5702 licethinc
2511 5654 2694 5714 antea,
2719 5646 2826 5702 alia
2873 5647 3046 5704 fuisse
3090 5648 3401 5718 conscripta
3440 5649 3818 5732 reperiantur.
