4008 6158
239 271 340 328 185

901 262 1231 318 HISTORUE
1271 260 1597 317 ECCLESIA‘I
1637 257 1976 315 REMENSIS
2020 262 2201 320 LIBRI
2243 267 2545 332 QUATUOR
2600 301 2667 311 —
2703 266 2842 322 LIB.
2887 265 2995 326 Ill.

3533 283 3632 340 186

232 395 339 451 Sed
371 392 507 465 quia
540 392 658 445 haec
683 387 740 442 in
801 386 1264 461 suggillationem
1306 397 1572 457 nostram,
1605 395 1661 442 et
1687 392 1882 442 contra
1906 392 1959 459 Α
1990 391 2235 466 Angelos
2265 403 2388 465 post
2411 397 2730 468 discipulos
2795 393 2953 451 beati
3000 401 3241 479 Gregorii
3263 409 3331 462 ad
3363 409 3629 466 eruditio-

239 489 502 553 excerpta
533 497 566 534 a
613 475 779 532 nobis
827 475 1083 546 capitula
1139 477 1391 534 confecta
1440 484 1770 542 noscuntur,
1813 492 1882 531 ea

235 577 477 649 primum
496 570 879 642 judicavimus
939 584 1178 638 ponere,
1211 587 1335 642 quae
1369 571 1593 640 majoris
1615 568 1880 635 nominis,

234 668 358 721 licet
397 679 513 720 non
557 659 932 724 auctoritatis,
987 659 1119 730 quia
1167 661 1365 731 partim
1424 675 1535 715 non
1602 658 1880 727 veritatis,

234 769 464 833 propter
515 755 849 828 synodalem
912 760 1101 808 tamen
1136 754 1620 825 praetitulationem
1650 751 1879 825 dignum

224 850 488 904 duximus
518 841 986 920 magnipendere.
1029 842 1250 897 Deinde
1287 842 1378 896 illa
1413 855 1536 913 qua:
1563 856 1596 894 a
1623 839 1882 910 pluribus

225 950 274 994 et
304 953 411 1009 per
443 936 682 991 aliorum
715 947 920 987 manus
951 929 1022 985 de
1069 930 1335 1001 pluribus
1363 945 1427 984 ex
1469 929 1555 982 his
1585 927 1766 983 causis
1786 943 1882 982 ac-

226 1027 503 1097 cepimus,
565 1029 790 1094 pr0pter
834 1034 1000 1090 quam
1069 1017 1468 1073 necessitatem
1522 1032 1589 1070 ex
1645 1013 1881 1070 catholi-

231 1135 426 1174 corum
455 1117 676 1171 Patrum
711 1154 725 1179 ,
758 1119 817 1167 ut
843 1110 1119 1174 diximus,
1144 1109 1410 1164 sensibus
1439 1107 1698 1164 etverbis
1725 1105 1882 1176 capi-

228 1210 338 1263 tula
397 1206 494 1260 illa
539 1210 772 1275 quatuor
845 1213 1226 1269 reexcerpere
1305 1197 1746 1268 procuravimus,
1815 1210 1883 1248 ea

229 1299 580 1359 conditione,
634 1303 692 1349 ut
739 1293 804 1347 de
849 1290 1220 1364 singulorum
1255 1289 1481 1359 scriptis
1538 1305 1604 1344 ex
1644 1287 1881 1361 singulis

230 1386 534 1443 sententiis
565 1398 685 1454 quae
714 1397 744 1435 a
768 1379 922 1435 nobis
951 1379 1017 1432 in
1089 1377 1371 1448 excerptis
1411 1377 1671 1447 capitulis
1699 1375 1882 1430 conti-

237 1487 464 1544 nentur,
497 1475 768 1547 quzedam,
795 1478 953 1543 prout
973 1485 1228 1525 necesse
1241 1467 1564 1534 viderimus,
1583 1484 1879 1540 ponamus.

239 1574 366 1628 Post
385 1571 529 1631 hate,
562 1565 794 1638 capitula
822 1581 852 1618 a
899 1563 1080 1618 nobis
1110 1570 1374 1632 excerpta
1395 1561 1463 1616 de
1505 1562 1727 1617 Patrum
1750 1577 1884 1616 sen-

239 1665 398 1720 sibus
426 1668 481 1715 et
503 1659 704 1721 verbis,
735 1664 791 1711 ut
842 1655 929 1709 illa
984 1654 1406 1724 excerpsimus,
1439 1667 1654 1723 ponere
1684 1669 1884 1724 procu-

1990 499 2118 538 nem
2146 488 2492 556 transmisso,
2517 505 2626 544 non
2659 484 3042 548 mediocriter
3067 497 3341 566 instructi,
3371 515 3435 553 ac
3459 492 3621 556 vene-

1990 572 2176 626 raedae
2218 577 2496 632 memoriae
2528 573 2766 632 Paulini
2788 577 3107 644 patriarchae
3125 586 3492 656 Aquileiensis
3523 606 3621 658 pa-

1990 659 2195 715 rochiae
2215 669 2382 733 atque
2402 665 2618 720 Alcuini
2651 661 2772 720 viri
2817 663 3058 739 religiosi
3091 683 3144 728 et
3175 675 3340 739 docti,
3381 691 3613 745 quorum

1989 744 2154 801 fidem
2183 757 2238 803 et
2268 751 2577 808 doctrinam
2635 750 2953 824 apostolica
3009 759 3169 813 sedes
3214 744 3453 816 Romana
3503 778 3612 816 non

1983 838 2162 893 solum
2220 840 2621 918 benignissime
2698 848 3029 913 acceptavit,
3082 865 3270 903 verum
3313 859 3369 905 et
3423 853 3610 908 multis

1983 927 2244 983 laudibus
2264 933 2480 999 extulit,
2505 936 2648 990 sicut
2693 933 2752 986 in
2789 933 3010 1006 scriptis
3039 937 3215 1006 ipsius
3230 948 3430 994 sanctae
3461 941 3609 996 sedis

1983 1016 2323 1084 invenimus,
2385 1039 2511 1093 qua;
2554 1021 2814 1078 Ecclesiae
2847 1032 3045 1079 nostrae
3074 1023 3143 1078 ab
3176 1027 3368 1080 eadem
3422 1029 3607 1084 Eccle-

1982 1106 2192 1160 siarum
2218 1117 2393 1166 matre
2445 1118 2808 1183 acceperunt,
2858 1120 3106 1184 tempore
3156 1116 3294 1171 divae
3327 1119 3605 1172 memoriae

1984 1195 2166 1251 Karoli
2223 1198 2602 1269 imperatoris,
2661 1202 2883 1268 quando
2937 1204 3183 1273 synodus
3243 1220 3340 1275 pro
3390 1207 3610 1278 cognita

1983 1283 2314 1341 infidelitate
2341 1287 2548 1344 Felicis
2579 1295 2664 1341 est
2694 1288 2902 1354 habita,
2921 1302 2976 1346 et
2997 1292 3065 1346 ad
3091 1293 3394 1348 Romanam
3419 1294 3612 1349 Eccle-

1982 1377 2120 1431 siam
2152 1377 2301 1431 velut
2331 1380 2401 1433 ad
2425 1381 2648 1451 apicem
2673 1380 3039 1438 Ecclesiarum
3064 1385 3399 1441 transmissa.
3424 1386 3533 1441 Sed
3557 1394 3614 1442 et

1982 1481 2173 1521 eorum
2213 1465 2426 1536 scripta
2459 1467 2558 1539 qui
2590 1466 2746 1543 legit,
2779 1489 2943 1544 quam
2967 1472 3078 1528 sint
3100 1473 3376 1528 laudanda
3405 1474 3617 1531 etreci-

1983 1552 2189 1624 pienda
2227 1551 2530 1630 intelligit.
2565 1554 2812 1632 Denique
2833 1561 2880 1615 si
2909 1561 3198 1627 talium,ut
3226 1563 3620 1632 diximus,sen-

1986 1644 2178 1699 tentiis
2202 1645 2554 1700 concordari
2585 1653 2828 1721 capitula
2845 1670 2969 1726 quae
2995 1657 3371 1728 excerpsimus
3390 1657 3625 1714 demon-

552 1757 606 1803 et
635 1747 677 1802 si
694 1711 904 1801 'divinis
963 1752 1031 1798 et
1090 1711 1429 1797 aulhenticis
1473 1741 1804 1812 Scripturis,
1835 1751 1889 1798 et
1912 1711 1961 1779 Β
1985 1745 2158 1792 strare
2189 1751 2298 1790 non
2346 1740 2743 1814 potuerimus,
2777 1749 2951 1818 parati
2982 1765 3174 1807 sumus
3203 1753 3544 1809 doctioribus
3573 1763 3630 1811 et

241 1841 536 1897 catholicae
565 1845 724 1908 atque
752 1832 1084 1906 apostolicae
1116 1831 1402 1898 Ecclesiae,
1421 1837 1754 1901 sanctasque
1775 1831 1886 1886 Ro-

243 1950 425 1989 manae
446 1931 597 1986 sedis
619 1928 760 1995 fidei,
781 1934 834 1981 et
855 1924 1306 1981 orthodoxorum
1337 1922 1562 1976 Patrum
1600 1922 1890 1988 sensibus,

241 2027 335 2099 qui
367 2025 558 2081 eidem
600 2028 793 2076 sanctae
834 2017 1002 2073 matri
1063 2015 1316 2071 Ecclesia}
1365 2013 1786 2084 praesederunt,
1841 2022 1896 2070 et

244 2118 336 2189 qui
369 2115 442 2168 ab
475 2113 667 2168 eadem
694 2107 1010 2180 apostolica
1038 2105 1174 2160 sede
1225 2105 1472 2159 Romana
1513 2102 1688 2158 nobis
1724 2106 1778 2159 in
1800 2121 1894 2160 ca-

247 2221 396 2261 none
419 2199 725 2272 recipiendi
771 2198 886 2253 dati
931 2203 1070 2251 sunt
1129 2194 1288 2263 (Dist.
1319 2210 1408 2258 xv,
1441 2209 1490 2248 c.
1539 2193 1749 2249 Sancta
1777 2194 1892 2250 Ro-

247 2299 457 2365 mana},
510 2309 730 2348 sensum
786 2298 1044 2346 nostrum
1103 2287 1159 2341 in
1207 2285 1421 2341 eisdem
1476 2286 1744 2355 capitulis
1795 2303 1892 2341 ex-

248 2403 510 2460 pressum
541 2383 864 2440 concordari
897 2381 1284 2436 demonstrare
1314 2376 1689 2447 potuerimus,
1723 2395 1890 2452 agere

247 2478 547 2541 veraciter,
596 2472 904 2539 humiliter,
966 2485 1032 2524 ac
1080 2469 1278 2522 devote
1337 2465 1714 2533 studebimus,
1757 2469 1891 2540 quia

245 2571 490 2626 aliorum
519 2566 585 2620 ad
644 2561 1031 2635 stipulandum
1065 2569 1285 2616 nostra:
1337 2557 1626 2613 catholicae
1679 2560 1889 2615 intelli-

247 2657 456 2728 gentize
479 2670 701 2711 sensum
734 2650 1050 2707 sententias
1081 2649 1354 2719 recipere,
1390 2661 1494 2700 nec
1518 2646 1766 2716 proferre
1788 2664 1888 2703 vo-

247 2749 459 2811 lumus,
495 2760 618 2798 cum
653 2748 872 2797 constet
907 2739 1059 2793 illum
1092 2752 1216 2792 esse
1247 2751 1440 2790 verum
1485 2741 1650 2806 atque
1691 2737 1887 2792 catho-

249 2841 419 2894 licum
479 2835 627 2908 quod
667 2836 791 2905 ipsa
848 2841 1025 2886 mater
1079 2830 1328 2886 omnium
1381 2828 1770 2896 Ecclesiarum,
1831 2839 1887 2886 et

248 2926 587 2984 universalis
620 2923 867 2978 Ecclesia
892 2919 1111 2976 duxerit
1157 2917 1599 2990 approbandum.
1638 2917 1764 2972 Etsi
1787 2919 1883 2990 qui

248 3019 482 3072 fuerunt
503 3012 772 3086 appellati
803 3013 1081 3077 doctores,
1117 3009 1184 3063 ad
1211 3007 1554 3079 probandam
1599 3004 1728 3062 fidei
1768 3008 1886 3062 sin-

245 3109 547 3166 ceritatem
585 3106 809 3160 illorum
851 3102 1161 3157 sententias
1193 3116 1307 3156 non
1356 3099 1675 3169 recipimus,
1702 3115 1884 3172 neque

249 3197 613 3270 proferimus,
676 3193 785 3248 nisi
827 3208 1062 3263 quorum
1129 3188 1436 3244 sententias
1465 3187 1586 3258 ipsa
1614 3189 1888 3246 catholica

251 3300 434 3344 mater
459 3287 706 3343 Ecclesia
748 3284 995 3340 decrevit
1053 3297 1176 3337 esse
1237 3279 1579 3352 probabiles.
1612 3279 1665 3333 Si
1702 3289 1888 3337 autem

251 3390 308 3435 et
330 3379 510 3450 aliqui
553 3381 923 3439 emerserunt,
989 3372 1085 3443 qui
1139 3368 1505 3425 doctrinalem
1573 3369 1889 3426 cathedram

255 3477 584 3531 tenuerunt,
615 3472 908 3537 postquam
958 3462 1027 3516 ab
1079 3461 1275 3516 eadem
1333 3465 1522 3514 sancta
1553 3460 1686 3516 sede
1713 3477 1891 3518 canon

254 3576 543 3616 sacrarum
587 3556 1015 3627 Scripturarum,
1068 3561 1236 3624 atque
1307 3551 1597 3607 doctorum
1662 3555 1896 3610 catholi-

253 3667 476 3716 corum,
505 3646 768 3702 fidelibus
807 3642 1024 3700 cunctis
1065 3649 1150 3697 est
1189 3641 1368 3700 datus.
1402 3640 1496 3711 qui
1518 3640 1899 3712 aliterlsense-

258 3752 389 3798 runt
409 3757 581 3813 quam
613 3739 718 3810 ipsi
776 3735 1168 3791 intellexerunt
1197 3739 1367 3804 atque
1400 3733 1728 3802 docuerunt,
1760 3754 1900 3808 quos

263 3835 382 3903 ipsa
436 3837 617 3884 mater
681 3824 950 3882 catholica
997 3839 1097 3879 suo
1138 3823 1454 3879 orthodoxo
1509 3822 1635 3879 sinu
1668 3827 1896 3897 recepit,

262 3921 646 3993 amplectitur,
689 3928 854 3988 atque
909 3917 1060 3972 fovet
1109 3915 1252 3986 :qui
1294 3930 1397 3969 nec
1445 3913 1738 3982 debemus,
1797 3932 1900 3972 nec

264 4029 501 4068 necesse
553 4010 848 4074 habemus,
891 4007 960 4062 ad
1009 4004 1392 4061 auctoritatem
1425 4003 1732 4059 sententias
1764 4004 1892 4063 illo-

273 4119 392 4156 rum
441 4097 716 4171 proferre,
755 4105 849 4150 aut
903 4093 1151 4165 recipere
1203 4092 1482 4158 volumus,
1543 4092 1804 4163 quoniam
1835 4094 1892 4148 in

272 4191 417 4255 istis,
448 4197 505 4243 et
540 4203 639 4258 per
699 4185 832 4241 istos
880 4183 1015 4238 satis
1044 4183 1114 4237 ad
1171 4181 1408 4237 salutem
1441 4180 1728 4239 habemus.
1762 4184 1822 4239 Et
1849 4184 1896 4239 si

268 4285 366 4354 qui
403 4282 570 4336 aliter
600 4295 767 4351 quam
817 4277 928 4342 isti,
990 4275 1294 4331 maturiore
1352 4281 1406 4329 et
1460 4275 1676 4332 saniore
1722 4277 1897 4334 docu-

1989 1829 2274 1886 catholicis
2303 1837 2527 1886 autem
2559 1843 2999 1911 accommodare,
3033 1861 3252 1902 sensum
3297 1846 3554 1915 subdere,
3577 1856 3634 1906 et

1991 1923 2108 1978 sine
2130 1919 2526 1980 contentione
2573 1945 2676 1986 nos
2719 1935 2981 1991 doctrinae
3015 1937 3229 1995 illorum
3249 1939 3541 2010 subjicere.
3572 1943 3639 1999 Et

1994 2013 2121 2083 quia
2141 2010 2405 2066 libellum
2433 2013 2513 2068 de
2535 2019 2745 2078 scrinio
2770 2022 2929 2078 bonae
2962 2030 3241 2086 memoriae
3268 2030 3446 2088 fratris
3473 2035 3637 2090 vestri

1997 2103 2253 2168 Lotharii,
2285 2104 2419 2160 sine
2478 2112 2710 2168 nomine
2759 2118 3006 2172 auctoris
3035 2125 3401 2194 suscepimus,
3443 2127 3499 2181 in
3529 2145 3642 2200 quo

1995 2196 2272 2269 sigillatim
2306 2213 2412 2266 per
2444 2199 2569 2255 loca
2603 2204 2831 2278 singula
2863 2209 3109 2278 capitula
3139 2232 3169 2269 a
3199 2217 3360 2272 nobis
3381 2196 3644 2293 excerpta

1995 2295 2122 2342 sunt
2153 2287 2353 2357 posita,
2392 2299 2450 2344 et
2488 2308 2728 2348 assensu
2757 2295 2930 2362 illius,
2957 2303 3308 2378 quiscunque
3340 2311 3430 2365 ille
3453 2287 3641 2385 fuerit,

1997 2379 2333 2448 reprehensa
2363 2389 2495 2436 sunt
2525 2392 2582 2436 et
2642 2384 2926 2456 damnata,
2960 2407 3088 2449 cum
3121 2397 3190 2452 de
3239 2379 3639 2462 catholicorum

1993 2467 2211 2521 Patrum
2235 2467 2402 2524 dictis
2451 2478 2644 2525 nostra
2674 2474 2938 2544 capitula,
2990 2481 3036 2534 si
3068 2488 3397 2557 poterimus,
3432 2494 3640 2551 confir-

1992 2571 2143 2610 mare
2175 2556 2522 2623 curabimus,
2558 2558 2736 2628 ipsius
2764 2564 2930 2620 etiam
2960 2556 3429 2640 reprehensiones
3463 2598 3636 2652 pone-

1993 2660 2133 2710 mus,
2167 2651 2222 2698 et
2254 2659 2370 2712 eas,
2421 2651 2695 2716 quantum
2749 2649 3019 2710 Dominus
3045 2658 3281 2730 dederit,
3341 2649 3632 2727 confutare

1989 2734 2360 2790 studebimus.
2393 2737 2546 2790 Tunc
2567 2737 2790 2795 domum
2822 2760 3098 2814 ponemus
3129 2751 3198 2806 de
3229 2757 3474 2824 capitulo
3490 2776 3631 2816 con-

1990 2825 2223 2880 fratrum
2252 2835 2575 2882 nostrorum
2623 2831 2842 2902 quinto,
2877 2839 3027 2893 unde
3046 2848 3234 2897 notam
3268 2846 3431 2902 nobis
3469 2854 3628 2920 quasi

1991 2916 2151 2972 tacite
2180 2924 2234 2970 et
2266 2932 2295 2970 e
2352 2917 2534 2973 latere
2586 2919 2964 2999 impegerunt,
2992 2932 3141 3001 quod
3173 2934 3227 2987 in
3280 2916 3624 2996 Gothescalci

1915 3030 1964 3098 Ο
1987 3004 2206 3074 scriptis
2229 3004 2579 3077 invenimus,
2611 3021 2901 3086 postquam
2937 3020 3179 3089 capitula
3197 3033 3437 3093 quatuor
3473 3044 3624 3098 saepe

1988 3105 2305 3151 memorata:
2333 3103 2707 3172 excerpimus,
2753 3115 2808 3162 et
2839 3109 2973 3181 quid
3005 3111 3136 3167 inde
3169 3115 3474 3171 sentiamus
3503 3119 3621 3174 Do-
3655 3157 3667 3171 .

1989 3187 2141 3243 mino
2173 3189 2489 3260 inspirante
2513 3195 2784 3255 dicemus.
2820 3201 2978 3257 Etsic
3010 3205 3228 3258 tandem
3257 3207 3623 3275 subjiciemus

1991 3279 2085 3334 illa
2103 3280 2296 3335 decem
2334 3293 2391 3339 et
2422 3301 2620 3344 novem
2657 3293 2916 3364 capitula,
2976 3311 3076 3366 pro
3103 3298 3304 3368 quibus
3333 3300 3404 3353 de
3434 3300 3620 3357 Scoto-

1994 3384 2112 3422 rum
2138 3369 2392 3440 pultibus
2408 3377 2717 3437 confratres
2746 3385 2940 3450 nostri,
2972 3386 3093 3441 sine
3124 3386 3286 3457 culpa
3336 3394 3541 3451 nostra.
3563 3391 3619 3445 in

1995 3463 2097 3517 hac
2119 3461 2388 3520 duntaxat
2405 3483 2571 3524 causa
2606 3488 2707 3528 nos
2729 3491 2958 3544 pascere
2989 3477 3373 3546 decreverunt,
3396 3489 3450 3534 et
3483 3481 3619 3552 quid

1997 3554 2064 3608 de
2083 3555 2296 3610 eisdem
2349 3559 2611 3629 capitulis
2639 3567 2968 3637 sentiamus,
3001 3585 3066 3624 ex
3090 3570 3488 3627 catholicorum
3511 3571 3622 3628 fra-

1999 3651 2142 3698 trum
2160 3644 2424 3701 sensibus
2461 3652 2843 3710 ostendemus.
2875 3676 2906 3708 ιι

2609 3764 2818 3822 CAPUT
2867 3770 2996 3824 XVI.

2319 3832 2393 3884 De
2420 3832 2506 3887 his
2525 3849 2645 3902 qua:
2667 3839 2869 3894 Karolo
2911 3843 3031 3907 regi
3056 3843 3294 3909 scripsit.

2072 3913 2405 3979 Item,aliud
2439 3918 2617 3976 edidit
2642 3924 2904 3980 volumen
2965 3926 3183 4001 insigne
3236 3931 3304 3983 ad
3359 3931 3617 3987 eumdem

1994 4019 2200 4078 regem,
2235 4014 2424 4062 contra
2480 4011 2768 4081 praefatum
2836 4019 3253 4075 Gothescalcum
3287 4029 3341 4076 et
3380 4030 3616 4082 caeteros

1999 4093 2437 4165 praedestinatos,
2471 4099 2542 4154 de
2572 4117 2682 4173 quo
2730 4105 3049 4175 hujusmodi
3102 4108 3171 4163 ad
3200 4109 3378 4181 ipsum
3421 4114 3619 4170 scribit

1998 4185 2310 4257 epistolam.

2066 4281 2277 4338 Domno
2317 4283 2538 4341 Kanono
2571 4289 2689 4360 regi
2718 4290 2962 4364 glorioso
2996 4292 3333 4362 HINCMARUS,
3367 4298 3612 4364 nomine,

271 4382 464 4429 mento
506 4371 810 4428 tenendum
841 4370 1176 4436 docuerunt,
1210 4367 1590 4442 dogmatizant
1628 4378 1722 4426 aut
1759 4371 1966 4468 dog-D
1997 4383 2108 4424 non
2139 4370 2357 4437 merito,
2386 4372 2682 4430 Remorum
2711 4379 3008 4450 episcOpus
3030 4397 3092 4436 ac
3117 4383 3296 4451 plebis
3318 4385 3412 4440 Dei
3435 4385 3618 4442 famul-

267 4464 541 4518 matizare
573 4466 1062 4532 praesumpserunt,
1125 4465 1298 4512 totum
1358 4455 1613 4512 ducimus
1658 4457 1788 4514 ﬁdei
1840 4468 1895 4516 et

267 4555 437 4610 saluti
497 4554 791 4608 adversum
849 4550 1123 4625 quidquid
1174 4549 1242 4604 ab
1312 4563 1503 4602 eorum
1555 4549 1762 4604 salubri
1794 4549 1895 4606 do-

267 4645 451 4700 ctrina
471 4649 692 4697 constat
729 4657 850 4694 esse
891 4640 1193 4695 diversum.
1228 4637 1428 4693 Eorum
1461 4637 1625 4692 etiam
1672 4645 1895 4693 senten-

269 4733 399 4796 tias,
434 4730 528 4802 qui
561 4728 748 4782 divina
792 4727 1134 4801 dignatione,
1189 4734 1479 4797 postquam
1513 4725 1632 4796 ipse
1657 4741 1832 4782 canon
1864 4743 1893 4782 a

272 4823 443 4876 beato
471 4819 690 4875 Gelasio
721 4819 1065 4890 conscriptus
1107 4826 1208 4883 est,
1244 4833 1410 4872 sensu
1439 4826 1493 4872 et
1523 4816 1775 4873 doctrina
1803 4834 1895 4874 ca-

273 4911 503 4977 tholica,
570 4918 626 4964 et
693 4908 983 4963 sanctitate
1041 4904 1478 4962 conversationis
1532 4905 1587 4959 in
1651 4905 1894 4962 Ecclesia

274 5002 611 5066 floruerunt,
635 5006 690 5054 et
719 5000 788 5054 ad
820 5000 1061 5070 ipsorum
1089 4998 1522 5054 ortliodoxorum
1548 4999 1890 5072 Patrum,qui

277 5094 338 5147 in
369 5093 565 5148 eodem
600 5107 814 5147 canone
837 5091 1081 5146 annotati
1103 5097 1232 5146 sunt
1262 5089 1432 5157 ﬁdeli,
1465 5091 1595 5163 quia
1625 5092 1892 5148 catholica

277 5186 536 5241 doctrina
567 5185 704 5239 nihil
737 5185 1044 5251 dissonum,
1070 5184 1203 5238 nihil
1231 5183 1510 5239 diversum
1559 5185 1894 5256 scripserunt

276 5275 369 5329 vel
402 5275 730 5339 docuerunt,
767 5273 1071 5329 reverentia
1125 5273 1243 5344 pari
1289 5275 1698 5345 amplectimur,
1725 5277 1894 5332 veluti

275 5363 618 5418 venerabilis
650 5362 806 5416 Bedae
847 5363 1149 5434 presbyteri
1173 5378 1204 5418 a
1230 5362 1518 5434 discipulis
1539 5364 1712 5419 sancti
1740 5380 1893 5436 papa:

277 5451 532 5526 Gregorii
564 5449 834 5505 catholica
858 5448 965 5505 fide
992 5449 1211 5518 imbuti,
1240 5460 1293 5506 et
1321 5468 1352 5505 a
1388 5459 1574 5507 sancto
1605 5452 1891 5508 Theodoro

277 5543 728 5615 archiepiscopo,
787 5543 1068 5616 utriusque
1115 5544 1340 5620 linguae,
1389 5544 1584 5601 Graeca:
1635 5545 1892 5602 videlicet

279 5642 343 5687 et
383 5632 588 5688 Latinae
622 5631 820 5703 perito,
877 5639 930 5688 et
958 5649 990 5688 a
1032 5642 1220 5688 sancta
1252 5633 1494 5689 Romana
1548 5635 1792 5691 Ecclesia
1821 5634 1888 5690 ad

1994 4459 2101 4526 lus,
2135 4476 2243 4515 una
2265 4477 2388 4516 cum
2407 4463 2636 4536 collegis
2666 4467 2886 4523 domnis
2912 4477 2967 4525 et
2999 4469 3262 4528 fratribus
3287 4475 3432 4530 meis
3455 4493 3615 4532 vene-

1996 4549 2179 4604 randis
2208 4550 2506 4622 episcOpis,
2565 4557 2880 4613 oratoribus
2929 4558 3145 4615 scilicet
3195 4562 3390 4618 salutis
3447 4571 3617 4637 atque

1994 4643 2375 4712 prosperitatis
2409 4651 2602 4700 vestrae
2624 4646 2861 4703 devotis.

2068 4755 2093 4779 «
2127 4731 2310 4802 Nuper
2331 4733 2520 4804 elapso
2561 4752 2753 4792 mense
2781 4737 2969 4807 Junio,
3012 4756 3114 4810 per
3144 4742 3504 4799 indictionem
3523 4761 3612 4799 se-

1994 4819 2222 4890 ptimam
2239 4837 2385 4878 anno
2401 4823 2800 4880 incarnationis
2827 4827 3126 4884 Dominicze
3151 4832 3614 4906 octingentesimo

1994 4911 2450 4985 quinquagesimo
2477 4929 2648 4982 nono,
2675 4917 2908 4974 dedistis
2965 4920 3128 4976 nobis
3173 4923 3424 4994 quaedam
3452 4926 3611 4996 capi-

1993 5001 2122 5068 tula,
2157 5002 2297 5058 sicut
2331 5010 2529 5060 nostra:
2575 5005 2788 5061 dixistis
2841 5009 3157 5079 humilitati,
3192 5029 3223 5066 a
3254 5013 3502 5088 Remigio
3525 5031 3612 5070 re-

1994 5093 2396 5151 verendissimo
2448 5095 2903 5169 Lugdunensium
2951 5102 3375 5175 archiepiscOpo
3415 5113 3611 5162 vestra:

1994 5191 2248 5256 porrecta
2289 5182 2632 5247 sublimitati,
2684 5185 2941 5254 iubentes
2970 5195 3030 5244 ut
3070 5197 3320 5262 tempore
3360 5208 3606 5268 congruo

1995 5272 2065 5328 de
2096 5273 2180 5328 his
2209 5273 2364 5332 vobis
2421 5273 2778 5330 redderemus
2812 5292 3160 5348 responsum,
3217 5279 3263 5334 si
3317 5283 3609 5339 unanimes

1994 5381 2105 5422 uno
2153 5381 2270 5434 ore,
2297 5366 2618 5423 eorumdem
2651 5369 3017 5440 capitulorum
3045 5389 3213 5428 sensu
3239 5375 3607 5432 concordare-

1993 5474 2134 5526 mus,
2159 5475 2228 5514 an
2257 5460 2387 5531 quia
2412 5459 2568 5516 vobis
2597 5477 2628 5516 a
2654 5477 2792 5517 cana
2822 5463 3040 5519 Patrum
3055 5464 3165 5520 fide
3187 5465 3243 5521 in
3273 5468 3601 5539 quibusdam

1991 5545 2288 5602 dissentire
2318 5548 2665 5616 videbantur,
2708 5558 2896 5607 noster
2923 5567 3142 5622 sensus,
3173 5571 3336 5626 quem
3359 5572 3390 5609 a
3419 5555 3599 5610 catho-

1989 5635 2095 5692 lico
2127 5639 2339 5695 tramite
2367 5656 2478 5696 non
2509 5641 2733 5697 deviare
2777 5643 3107 5712 credebatis,
3135 5645 3204 5700 ab
3227 5646 3308 5700 eis
3330 5645 3384 5698 in
3413 5643 3598 5715 aliquo
