4012 6164
392 216 496 271 187

1513 214 1875 272 FLODOARDI
1918 213 2218 268 CANONICI
2262 214 2588 270 REMENSIS

3598 218 3694 272 188

385 340 697 406 dissideret,
722 346 1018 411 sequentes
1039 339 1988 410 etprmceptiDominicijussionem,
2021 344 2069 409 Α
2095 339 2433 410 displiceret.
2462 339 2651 395 Merito
2702 355 2941 411 namque
2971 356 3137 396 causa
3165 355 3266 396 nos
3293 339 3540 411 reSpicit,
3562 341 3606 396 si
3624 341 3700 395 si-

383 439 438 486 et
468 431 824 486 Christianam
845 431 1312 501 praedecessorum
1362 439 1666 487 vestrorum
1697 437 1990 487 consuetu-

383 521 591 575 dinem.
621 521 709 574 Est
735 520 880 573 enim
913 526 967 575 et
992 519 1194 575 divinis
1221 520 1438 592 legibus
1464 528 1704 586 cautum,
1725 527 1779 575 et
1810 521 1990 590 prisco

383 611 714 666 anteriorum
740 611 1050 683 principum
1096 627 1248 667 more
1277 619 1516 681 suetum,
1548 620 1604 668 ut
1635 615 1989 685 quotiescun-

385 718 491 772 que
524 703 577 756 iu
609 704 878 759 catholica
932 704 1059 763 fide.
1093 705 1177 759 vel
1209 705 1396 760 divina
1425 706 1694 780 religione
1723 708 1984 778 quiddam

386 795 510 848 novi
541 797 847 862 emerserit,
893 813 925 850 a
983 796 1267 867 principali
1299 799 1572 853 sententia
1603 799 1986 869 episc0porum

381 886 654 939 consultui
679 886 963 953 referatur,
988 894 1042 941 et
1071 889 1218 958 quod
1248 905 1437 944 eorum
1464 891 1697 958 judicio,
1744 889 1989 959 Scriptu-

384 988 563 1026 rarum
599 981 908 1028 sanctarum
945 977 1270 1032 auctoritate
1310 987 1365 1032 et
1417 979 1844 1034 orthodoxorum
1875 991 1989 1030 ma-

380 1061 683 1131 gistrorum
711 1063 982 1131 doctrina,
1039 1073 1202 1136 atque
1269 1068 1573 1122 secundum
1613 1066 1994 1120 auctoritatem

383 1155 704 1210 canonicam
738 1164 791 1212 et
808 1157 1027 1212 decreta
1048 1159 1367 1229 pontificum
1401 1161 1769 1214 Romanorum
1801 1156 1997 1211 Christi

385 1243 480 1297 Dei
513 1245 684 1299 nostri
715 1246 923 1312 vicarii,
955 1255 1006 1301 et
1039 1254 1243 1302 sanetae
1271 1248 1391 1316 ejus
1423 1247 1675 1303 Ecclesiae
1711 1247 1998 1317 praesules,

385 1336 742 1402 credendum,
768 1339 1136 1408 sequendum,
1170 1347 1222 1393 et
1253 1339 1575 1405 tenendum,
1598 1345 1764 1410 atque
1791 1336 1995 1408 praedi-

384 1425 617 1478 candum
649 1425 1013 1494 decreverint,
1050 1429 1104 1481 id
1133 1429 1201 1482 ab
1258 1428 1517 1484 omnibus
1555 1427 1721 1483 corde
1743 1426 1997 1480 credatur

385 1517 452 1570 ad
477 1517 763 1584 justitiam,
792 1533 886 1573 ore
907 1526 1089 1574 autem
1118 1520 1446 1576 confiteatur
1475 1522 1543 1575 ad
1565 1520 1798 1574 salutem
1826 1522 1991 1589 (Rom.

387 1606 569 1676 x,10,l,
621 1616 881 1679 sequatur
922 1609 988 1662 ad
1036 1610 1401 1676 vocationem,
1457 1616 1709 1664 teneatur
1737 1609 1806 1663 ad
1838 1623 1996 1664 coro-

386 1713 532 1763 nam,
559 1699 885 1768 priedicetur
932 1700 1001 1755 ad
1035 1702 1266 1755 lucrum.
1305 1701 1432 1765 Quze
1463 1701 1736 1772 siquidem
1761 1703 1998 1772 capitula

385 1796 658 1843 conventu
689 1791 1072 1861 episcoporum
1103 1792 1289 1847 habito
1318 1793 1372 1846 in
1404 1793 1682 1848 territorio
1730 1793 1997 1860 Tullensi,

387 1877 442 1928 in
459 1876 608 1945 villa,
641 1894 763 1948 quae
786 1879 983 1933 dicitur
1036 1880 1387 1950 Saponarias,
1413 1887 1540 1936 ante
1572 1881 1801 1936 biduum
1835 1898 1999 1953 quam

387 1968 542 2022 vobis
583 1977 834 2038 porrecta
865 1970 1086 2038 fuerint,
1141 1980 1268 2026 sunt
1312 1973 1558 2040 recitata,
1601 1973 1919 2045 proferente
1949 1981 2002 2027 et

387 2060 700 2130 deponente
733 2079 797 2115 ea
817 2065 1028 2132 synodo
1051 2065 1254 2120 domno
1283 2066 1532 2138 Remigio
1546 2066 1996 2136 Lugdunensium

383 2149 818 2220 archiepisc0po.
853 2153 979 2217 Quae
1030 2154 1172 2208 sicut
1215 2154 1369 2220 dixit,
1421 2162 1475 2209 et
1521 2155 1578 2207 in
1602 2154 2000 2228 epigrammate

388 2239 707 2293 eorumdem
734 2243 1100 2312 capitulorum
1133 2245 1467 2308 continetur,
1494 2244 1549 2298 in
1582 2245 1685 2299 hoc
1715 2245 1835 2314 ipso
1853 2259 2000 2298 anno

389 2327 444 2380 in
478 2327 735 2384 Kalendis
773 2331 1134 2386 nihilominus
1181 2332 1386 2386 ibidem
1418 2333 1488 2386 de
1521 2332 1824 2402 rescriptis,
1860 2331 1997 2386 etin

387 2421 656 2478 suburbio
683 2423 994 2496 Lingonicze
1035 2425 1210 2491 urbis,
1250 2426 1318 2480 ad
1367 2425 1785 2480 instructionem
1817 2425 2000 2479 Domi-

394 2511 500 2566 nici
522 2513 734 2583 populi,
769 2514 886 2584 ipse
908 2514 1084 2568 etsibi
1104 2514 1601 2585 comprovinciales
1621 2514 2001 2584 episcopiedi-

376 2603 614 2674 _derunt,
644 2613 698 2659 et
723 2606 778 2659 in
807 2608 1044 2661 crastina
1065 2608 1172 2661 alia
1203 2609 1453 2678 quaedam
1479 2609 1737 2678 capitula,
1779 2609 1849 2662 de
1876 2609 2004 2678 qui-

393 2691 497 2745 bus
519 2703 642 2763 post
663 2692 895 2748 locuturi
929 2711 1139 2765 sumus,
1169 2696 1358 2750 relicta
1380 2696 1548 2750 fuere.
1584 2697 1760 2766 Super
1779 2696 2004 2766 quibus,

394 2782 537 2837 sicut
576 2783 904 2853 quibusdam
929 2799 993 2838 ex
1024 2784 1285 2840 fratribus
1311 2786 1486 2840 visum
1519 2794 1620 2850 est,
1641 2786 2004 2856 quorumdam

395 2886 594 2924 sensus
623 2880 707 2925 est
738 2879 932 2927 motus.
973 2873 1102 2926 Nam
1127 2882 1187 2928 ut
1212 2889 1340 2928 vere
1369 2881 1424 2929 et
1459 2889 1560 2929 nos
1580 2874 1867 2940 fateamur,
1901 2889 2007 2929 no-

397 2969 522 3016 strae
561 2965 914 3020 conscientiae
961 2982 1130 3036 super
1182 2967 1397 3036 pridem
1450 2967 1731 3038 capitulis,
1781 2984 1923 3038 quae,
1949 2973 2009 3022 ut

2025 1662 2074 1729 Β

2096 428 2267 483 lentio
2298 427 2580 482 faveamus
2611 428 2804 483 errori.
2843 449 2868 478 »

2164 519 2272 574 Nos
2302 528 2483 574 tamen
2507 520 2714 587 plures,
2744 519 2838 591 qui
2871 535 3060 574 eorum
3089 528 3144 575 et
3171 519 3355 593 itidem
3402 527 3457 575 et
3497 520 3702 576 doctri-

2093 627 2216 666 nam
2250 617 2303 665 et
2323 610 2670 680 prudentiam
2720 611 2994 677 novimus,
3026 612 3210 666 minus
3259 612 3315 666 in
3364 613 3445 667 eis
3477 613 3583 667 ista
3603 628 3704 668 no-

2091 703 2375 760 scentibus
2413 703 2746 758 sententiam
2808 719 2905 773 pro
2935 703 3288 759 dissensione
3345 704 3603 775 baptismi
3638 704 3705 759 de

2090 797 2253 850 beato
2283 793 2552 864 Cypriano
2583 810 2613 847 a
2643 803 2832 849 sancto
2860 794 3163 865 Augustino
3190 795 3573 860 collaudatam,
3603 812 3708 849 sae-

2092 901 2400 958 penumero
2467 887 2521 941 in
2582 886 2725 942 libro
2785 888 3031 942 secundo
3063 888 3130 942 de
3161 888 3440 959 Baptismo
3472 889 3705 958 positam

2097 978 2506 1050 proposuimus.
2544 999 2566 1027 α
2610 979 2893 1043 Quomodo
2916 979 3084 1044 enim,
3109 979 3288 1050 inquit
3316 980 3469 1047 (Anc.
3501 980 3536 1033 l.
3569 997 3603 1032 ιι
3642 979 3712 1031 de

2105 1071 2392 1137 Baptismo,
2425 1083 2471 1123 c.
2508 1069 2582 1134 Διὶ,
2619 1069 2799 1137 potuit
2824 1068 2926 1122 ista
2979 1085 3067 1123 res
3094 1069 3259 1124 tantis
3289 1069 3709 1124 altercationum

2101 1156 2319 1211 nebulis
2358 1157 2603 1212 involuta
2625 1157 2694 1210 ad
2725 1156 2960 1228 plenarii
2985 1156 3202 1212 concilii
3229 1156 3561 1212 luculentam
3580 1156 3710 1210 illu-

2101 1252 2426 1308 strationem
2457 1250 3046 1322 conﬁrmationemque
3096 1251 3348 1321 perduci,
3389 1250 3496 1305 nisi
3526 1250 3711 1320 primo

2096 1344 2308 1398 diutius
2324 1359 2422 1414 per
2449 1343 2603 1398 orbis
2631 1352 2901 1398 terrarum
2924 1343 3201 1414 regiones,
3244 1341 3431 1396 multis
3459 1340 3592 1394 hinc
3615 1347 3711 1394 at-

2097 1449 2202 1504 que
2230 1432 2360 1487 hinc
2379 1431 2848 1502 disputationibus
2887 1440 2940 1486 et
2966 1430 3355 1486 collationibus
3410 1430 3711 1500 episcopo-

2099 1511 2216 1578 rum
2243 1531 2574 1594 pertractata
2603 1531 2882 1578 constaret
2913 1522 2942 1574 ?
2982 1523 3092 1578 Hoc
3120 1529 3304 1578 autem
3356 1521 3485 1576 facit
3503 1523 3716 1576 sanitas

2098 1616 2269 1686 pacis,
2301 1622 2362 1670 ut
2388 1632 2511 1670 cum
2539 1614 2746 1669 diutius
2783 1615 2970 1684 aliqua
2999 1613 3320 1668 obscuriora
3367 1619 3712 1681 quaeruntur,

2099 1718 2152 1762 et
2182 1713 2408 1778 propter
2438 1706 2758 1761 inveniendi
2819 1704 3200 1760 difficultatem
3223 1705 3471 1759 diversas
3491 1704 3717 1774 pariunt

2102 1797 2155 1850 in
2183 1794 2424 1850 fraterna
2452 1794 2852 1865 disceptatione
2882 1793 3391 1860 sententias,donec
3419 1794 3487 1848 ad
3518 1810 3715 1848 verum

2101 1884 2368 1954 liquidum
2403 1884 2778 1954 perveniatur,
2804 1883 3082 1939 vinculum
3115 1891 3436 1954 permaneat
3458 1884 3717 1950 unitatis,

2101 1989 2171 2028 ne
2198 1974 2254 2026 in
2288 1980 2441 2043 parte
2464 1973 2691 2044 przecisa
2723 1982 3010 2028 remaneat
3048 1973 3357 2028 insanabile
3396 1974 3602 2028 vulnus
3622 1989 3715 2027 er-

2099 2064 2240 2118 roris
2260 2064 2443 2130 (Ibid.,
2498 2079 2544 2117 c.
2599 2063 2682 2127 ὅ).
2713 2063 2776 2118 Et
2831 2062 2958 2118 ideo
3007 2064 3335 2134 plerumque
3365 2063 3713 2118 doctioribus

2100 2156 2283 2210 minus
2303 2155 2508 2227 aliquid
2541 2155 2834 2221 revelatur,
2867 2162 2925 2210 ut
2941 2169 3131 2209 eorum
3163 2155 3379 2224 patiens
3401 2160 3454 2208 et
3485 2153 3718 2208 humilis

2102 2247 2359 2314 charitas,
2413 2248 2466 2301 in
2527 2263 2635 2319 qua
2686 2247 2893 2303 fructus
2945 2247 3118 2316 major
3147 2255 3250 2314 est,
3280 2247 3716 2319 comprobetur:

2100 2336 2185 2392 vel
2219 2335 2498 2405 quomodo
2524 2342 2746 2391 teneant
2778 2335 3067 2401 unitatem,
3099 2349 3221 2388 cum
3258 2333 3312 2387 in
3343 2334 3508 2391 rebus
3524 2333 3722 2391 obscu-

2105 2426 2343 2483 rioribus
2402 2426 2617 2479 diversa
2655 2427 2900 2482 sentiunt
2934 2444 2947 2480 :
2998 2427 3084 2482 vel
3115 2426 3393 2498 quomodo
3441 2425 3722 2496 accipiant

2103 2517 2554 2581 veritatem,cum
2595 2523 2786 2570 contra
2825 2515 2880 2569 id
2930 2515 3077 2586 quod
3109 2515 3430 2570 sentiebant
3464 2516 3720 2571 declara-

2109 2615 2222 2662 tum
2243 2622 2366 2661 esse
2396 2615 2735 2680 cognoscant
2779 2630 2800 2658 υ
2817 2606 3077 2664 Sciebant
3098 2626 3335 2680 namque
3368 2609 3534 2664 iidem
3554 2623 3722 2663 vene-

2108 2695 2332 2760 rabiles,
2365 2695 2642 2762 catholici,
2671 2704 2726 2751 et
2746 2697 2890 2752 docti
2920 2697 3049 2765 viri,
3075 2697 3205 2769 quia
3237 2698 3292 2751 in
3322 2697 3507 2751 multis
3537 2696 3724 2770 regio-

2109 2783 2273 2839 nibus
2299 2801 2363 2838 ac
2392 2785 2693 2855 provinciis
2711 2787 2827 2842 haec
2852 2787 3588 2858 pestiferaeratrccommota
3618 2784 3725 2840 do-

2109 2875 2303 2940 ctrina,
2338 2881 2392 2928 et
2422 2874 2548 2928 ideo
2575 2875 2858 2930 silentium
2875 2877 2933 2930 in
2961 2879 3078 2932 suis
3109 2876 3408 2948 provinciis
3435 2875 3724 2946 imponere

2111 2970 2219 3017 tam
2251 2962 2436 3031 facile,
2468 2963 2608 3019 sicut
2627 2964 2767 3020 forte
2798 2966 3591 3036 poterant,nolueruuterrori,
3620 2965 3724 3018 do-

371 3053 654 3122 diximus,
677 3056 962 3131 Remigius
990 3058 1440 3130 archiepiscopus
1471 3060 1681 3131 synodo
1712 3070 2006 3130 praesenta-
2037 3027 2085 3094 Ο
2109 3072 2210 3112 nec
2239 3057 2307 3110 ad
2346 3056 2708 3126 plurimorum
2757 3058 3006 3112 notitiam
3049 3065 3309 3129 perventa
3357 3057 3725 3128 plurimorum

396 3156 564 3216 verat,
628 3149 884 3216 recitatis,
931 3149 1327 3205 catholicorum
1376 3151 1445 3205 ad
1484 3152 1807 3207 memoriam
1841 3153 2003 3207 redu-

397 3244 587 3292 centes
617 3237 903 3293 doctorum
934 3239 1282 3305 traditiones,
1301 3255 1411 3295 non
1433 3241 1650 3296 modice
1689 3257 1751 3296 se
1772 3257 2004 3296 concus-

397 3335 609 3382 serunt.
642 3327 795 3382 Unde
862 3336 1171 3384 nostrorum
1230 3329 1474 3400 quidam,
1506 3328 1632 3384 ﬁdei
1687 3330 2005 3385 Christianae

399 3418 518 3473 zelo
538 3419 812 3483 succensi,
843 3419 1029 3491 aliqua
1058 3421 1270 3490 synodo
1299 3421 1523 3475 voluere
1552 3437 1872 3495 suggerere,
1909 3422 2007 3476 sed

400 3515 580 3561 motus
599 3507 770 3562 nostri
801 3507 870 3561 ab
890 3509 1087 3563 eodem
1117 3508 1423 3564 venerabili
1453 3509 1871 3579 archiepiscopo
1904 3509 2010 3564 Re-

401 3594 572 3667 migio
604 3594 1053 3668 Lugdunensium
1101 3603 1228 3651 sunt
1283 3597 1532 3653 modeste
1579 3598 1888 3668 compositi,
1942 3613 2009 3653 eo

402 3686 794 3741 venerabiliter
819 3696 1131 3757 perorante,
1154 3697 1214 3743 ut
1232 3689 1277 3742 si
1309 3704 1769 3760 quorumcunque
1795 3698 2012 3745 nostro—

407 3795 523 3832 rum
551 3793 748 3833 seusus
785 3779 854 3833 ab
888 3779 1094 3834 eisdem
1152 3781 1382 3851 prolatis
1428 3780 1705 3851 capitulis,
1739 3780 1795 3834 in
1827 3781 2013 3852 aliquo

405 3871 781 3927 dissentiendo
830 3888 889 3927 se
943 3881 1302 3940 commueret,
1355 3875 1422 3929 ad
1478 3875 1727 3944 proxime
1779 3873 2012 3929 futuram

400 3962 670 4033 synodum
693 3965 1087 4020 catholicorum
1135 3966 1307 4020 libros
1336 3966 1622 4022 doctorum
1668 3965 1877 4037 quique
1904 3966 2010 4020 de-

401 4051 543 4107 ferre
571 4069 826 4108 curemus
855 4069 869 4121 ;
901 4056 1111 4110 etsicut
1131 4057 1328 4111 melius
1347 4057 1652 4112 secundum
1685 4057 2012 4113 catholicam

401 4148 455 4194 et
476 4143 831 4212 apostolicam
853 4142 1157 4199 doctrinam
1187 4145 1243 4198 in
1271 4161 1564 4200 commune
1612 4145 2010 4210 invenerimus,

400 4235 469 4287 de
491 4241 689 4289 caetero
725 4251 918 4289 omnes
941 4236 1279 4291 unanimiter
1299 4242 1603 4291 teneamus.
1630 4238 1688 4290 In
1720 4237 1879 4304 cujus
1913 4236 2011 4290 de-

399 4319 620 4375 votione
651 4321 1221 4395 coepisc0porumque
1245 4323 1421 4394 ipsius
1440 4324 2011 4394 diceceseos,quorum

2100 3147 2313 3216 judicio
2345 3146 2578 3217 quaestio
2606 3147 2896 3217 sopiretur.
2925 3149 3077 3213 Quia,
3113 3157 3171 3203 ut
3197 3149 3330 3203 dicit
3360 3155 3582 3203 sanctus
3601 3148 3726 3203 C(12-

2106 3234 2339 3290 lestinus
2372 3234 2428 3287 in
2463 3234 2699 3304 epistola
2765 3235 2834 3288 ad
2866 3235 3175 3290 Nestorium
3214 3236 3426 3292 directa
3456 3235 3725 3304 (Οαεικετ.

2107 3344 2189 3397 cp.
2221 3329 2272 3398 6)
2300 3345 2312 3380 :
2347 3347 2378 3378 (ί
2409 3327 2611 3381 Omnes
2661 3327 2867 3382 debent
2899 3343 3059 3382 nosse
3091 3329 3240 3400 quod
3270 3329 3473 3402 agitur,
3505 3328 3730 3399 quoties

2109 3421 2357 3476 omnium
2371 3436 2537 3475 causa
2553 3427 2836 3475 tractatur.
2854 3443 2877 3467 υ
2896 3419 3162 3475 Videlicet
3182 3430 3240 3474 ut
3263 3435 3386 3474 cum
3399 3420 3646 3475 omnium
3667 3420 3725 3474 in

2110 3509 2272 3563 unius
2297 3508 2676 3579 propositione
2689 3507 3105 3563 fueritdifﬁnita
3125 3508 3476 3574 consultatio,
3494 3515 3730 3563 cuncto-

2113 3589 2230 3658 rum
2261 3602 2439 3657 valeat
2467 3601 2534 3655 ad
2565 3616 2758 3656 omnes
2808 3617 3064 3656 emanare
3101 3601 3323 3656 solutio.
3369 3601 3493 3654 Haec
3519 3600 3724 3654 eadem

2117 3709 2352 3765 namque
2383 3693 2643 3764 capitula,
2668 3693 2812 3748 sicut
2837 3693 3000 3748 facile
3014 3692 3313 3758 reminisci,
3337 3691 3727 3762 potestis,ante

2117 3785 2413 3842 triennium
2431 3783 2593 3839 nobis
2619 3784 2675 3837 in
2687 3783 2817 3839 villa
2838 3780 3728 3854 RothomageusisepiscOpii,qute

2117 3876 2320 3945 Melpsa
2345 3873 2567 3944 dicitur,
2587 3872 2808 3944 quando
2825 3872 2881 3925 in
2897 3871 3146 3926 excubiis
3166 3879 3357 3926 contra
3382 3870 3732 3925 Normanno—

2116 3985 2235 4022 rum
2265 3965 2674 4020 infestationem
2698 3963 3056 4036 degebamus,
3077 3962 3347 4017 subtitulo
3362 3961 3597 4040 quasi‘in
3622 3961 3730 4016 Va-

2115 4059 2358 4114 lentiana
2382 4057 2594 4129 synodo
2621 4055 2931 4125 conscripta
2955 4054 3182 4121 fuerint,
3225 4053 3730 4108 annoincarnatio-

2114 4152 2199 4204 nis
2218 4149 2518 4205 Dominicze
2541 4147 3001 4220 octingentesimo
3019 4146 3483 4221 quinquagesimo
3506 4146 3727 4217 quinto,

2112 4238 2214 4293 sub
2238 4237 2494 4292 Lothario
2516 4237 2848 4306 imperatore
2863 4235 3114 4300 dedistis,
3132 4245 3191 4289 ut
3204 4235 3272 4290 ad
3307 4235 3399 4289 illa
3426 4251 3548 4306 quae
3564 4234 3732 4288 nobis

2111 4328 2433 4383 viderentur
2493 4324 2761 4381 catholice
2810 4340 2875 4378 ex
2932 4323 3362 4379 orthodoxorum
3398 4322 3726 4397 magisterio

402 4403 564 4467 etiam
597 4423 651 4468 et
681 4421 808 4470 ante
834 4416 1239 4472 ordinationem
1287 4424 1530 4473 mentem
1579 4416 1902 4473 catholicam
1931 4395 2084 4472 at—D
2112 4419 2592 4490 responderemus,
2635 4433 2758 4472 cum
2791 4415 2914 4470 aliis
2954 4430 3414 4486 quorumcunque
3483 4413 3728 4484 scriptis,

403 4521 508 4576 que
531 4505 856 4573 doctrinam,
908 4508 1049 4564 sicut
1095 4517 1150 4564 et
1187 4525 1283 4566 vos
1316 4525 1426 4565 non
1444 4509 1595 4576 latet,
1629 4508 2008 4580 cognovimus,

403 4603 668 4665 quantum
725 4597 909 4652 sensui
963 4597 1283 4668 pusillitatis
1322 4606 1521 4654 nostra:
1580 4595 1745 4652 fidem
1789 4612 2010 4653 accom-

403 4687 625 4743 modare
654 4689 942 4756 audemus,
976 4690 1325 4760 percepimus
1377 4690 1506 4761 quia
1535 4705 1646 4745 non
1673 4705 1739 4744 ex
1763 4689 1919 4760 ipsis,
1953 4697 2012 4743 ut

405 4795 514 4834 non
541 4780 788 4837 dicamus
817 4798 916 4852 per
969 4783 1140 4853 ipsos,
1191 4783 1409 4853 'synodo
1435 4782 1674 4853 capitula
1705 4781 1827 4852 ipsa
1858 4781 2014 4836 fuere

405 4873 636 4942 prolata.
671 4874 1014 4945 Quapropter
1043 4875 1296 4946 quamvis
1326 4875 1550 4944 blando_
1578 4873 1740 4929 sibilo
1772 4889 1868 4929 eos
1888 4873 2014 4945 qui-

407 4960 530 5014 dam
559 4961 856 5016 charaxare
885 4962 1162 5018 voluerint
1187 4962 1257 5017 de
1274 4977 1341 5018 eo
1354 4963 1503 5034 quod
1526 4970 1750 5017 sanctus
1774 4961 2017 5017 Caelesti—

410 5067 515 5106 nus
535 5052 830 5124 episcopos
852 5053 1158 5109 Gallicanos
1181 5053 1460 5126 redarguit
1490 5052 1753 5124 (Cmursr.
1782 5054 1922 5120 epist
1961 5053 2014 5119 1,

404 5157 452 5197 c.
481 5144 558 5212 1),
589 5144 782 5200 dicens
815 5163 827 5199 :
867 5165 887 5195 ι
918 5145 1056 5211 Quid
1088 5145 1220 5213 illic,
1251 5145 1583 5217 inquit,spei
1614 5151 1696 5200 cst
1725 5143 1817 5197 ubi
1840 5143 2017 5215 magi-

411 5236 538 5290 stris
561 5238 868 5294 tacentibus
918 5239 971 5293 hi
1033 5238 1334 5310 loquuntur
1363 5238 1479 5309 qui,
1511 5237 1556 5292 si
1583 5237 1657 5291 ita
1688 5242 1793 5298 est,
1825 5249 2012 5289 eorum

407 5329 668 5400 discipuli
697 5345 807 5385 non
859 5330 1082 5385 fuerunt
1120 5329 1148 5382 ?
1178 5331 1346 5384 timeo
1368 5343 1436 5383 ne
1477 5327 1774 5384 connivere
1795 5326 1883 5391 sit,
1917 5325 2015 5379 hoc

407 5428 609 5477 tacere.
637 5421 822 5476 Timeo
850 5438 919 5476 ne
948 5421 1125 5496 magis
1147 5420 1250 5492 ipsi
1276 5421 1592 5491 loquantur,
1626 5419 1672 5472 si
1694 5418 2018 5488 permittunt

411 5512 520 5568 illis
548 5513 730 5568 taliter
758 5512 931 5584 loqui.
968 5515 1027 5568 In
1073 5513 1276 5568 talibus
1322 5512 1504 5568 causis
1559 5509 1872 5582 suspicione
1905 5523 2017 5564 non

411 5609 560 5658 caret
586 5601 947 5670 taciturnitas,
980 5602 1112 5673 quia
1138 5609 1452 5659 occurreret
1479 5599 1701 5666 veritas,
1731 5599 1779 5654 si
1806 5597 2014 5654 falsitas

2113 4527 2235 4581 quae
2267 4509 2396 4564 hinc
2423 4509 2492 4563 ad
2523 4515 2756 4563 vestram
2807 4506 3055 4561 notitiam
3115 4521 3434 4576 pervenere.
3482 4505 3726 4568 Quorum

2113 4601 2362 4673 quiedam
2394 4601 2596 4672 scripta
2651 4598 2986 4669 recepimus,
3046 4598 3142 4651 sed
3183 4613 3248 4651 ea
3307 4597 3593 4667 publicare
3624 4613 3730 4652 uo-

2114 4693 2337 4758 luimus,
2386 4693 2606 4746 solliciti
2630 4706 2842 4746 servare
2881 4691 3138 4743 unitatem
3169 4689 3396 4758 spiritus
3428 4690 3485 4742 in
3512 4690 3731 4742 vinculo

2109 4786 2262 4854 pacis
2290 4784 2508 4852 (Ephes.
2542 4799 2615 4850 iv,
2665 4782 2738 4849 3),
2788 4781 2967 4836 donec
3005 4796 3130 4834 cum
3183 4779 3287 4845 eis,
3319 4778 3414 4850 qui
3445 4779 3606 4834 vobis
3635 4779 3731 4832 illa

2115 4871 2550 4937 transmiserant,
2601 4869 2853 4924 familiari
2883 4868 3330 4939 colloqueremur
3359 4882 3636 4935 sermone,
3672 4875 3731 4921 et

2117 4976 2182 5016 eo
2207 4959 2253 5013 si
2290 4959 2476 5030 aliquo
2507 4958 2671 5013 modo
2720 4956 3050 5022 valcremus,
3081 4955 3148 5010 ab
3193 4957 3295 5010 hac
3326 4972 3495 5026 prava
3535 4955 3728 5009 inten-

2118 5052 2269 5107 tione
2284 5051 2353 5105 ad
2373 5049 2654 5105 catholicae
2671 5048 2799 5103 ﬁdei
2825 5048 3092 5103 unitatem
3125 5055 3461 5118 000perante
3491 5047 3730 5103 Domino

2118 5158 2521 5200 revocaremus.
2547 5141 2652 5196 Sed
2692 5142 2822 5213 quia
2845 5140 3043 5212 partim
3093 5139 3554 5210 occupationibus
3585 5156 3734 5208 prie-

2118 5238 2310 5310 pediti,
2339 5236 2536 5309 partim
2566 5243 2746 5290 autem
2782 5234 2835 5288 in
2866 5232 3126 5288 fraternis
3161 5230 3515 5286 suasionibus
3546 5230 3737 5285 minus

2118 5342 2282 5399 quam
2305 5341 2528 5382 necesse
2561 5323 2755 5390 fuerat,
2787 5321 3061 5389 obauditi,
3089 5335 3184 5375 eos
3205 5335 3344 5391 quos
3373 5334 3603 5373 munere
3616 5318 3734 5373 dis-

2119 5418 2408 5490 posuimus
2437 5417 2488 5487 la
2538 5431 2637 5470 sua
2680 5414 2989 5469 intentione
3040 5427 3298 5467 revocare
3351 5409 3728 5480 nequivimus.

2120 5506 2270 5561 Unde
2302 5505 2430 5578 quia
2479 5504 2619 5558 sicut
2683 5501 2974 5571 Apostolus
3007 5518 3019 5554 :
3054 5498 3422 5568 Quorumdam
3451 5497 3733 5550 hominum

2112 5600 2333 5665 peccata
2353 5595 2646 5660 mnifesto
2672 5595 2800 5646 sunt
2829 5593 2874 5658 (Ι
2907 5593 3053 5645 Τοπι.
3098 5605 3152 5653 v,
3205 5587 3314 5654 24),
3345 5592 3402 5640 et
3425 5600 3548 5655 quae
3569 5583 3732 5639 aliter
