4010 6162
240 315 342 371 189

870 307 1195 365 HISTORUE
1233 306 1561 362 ECCLESI/E
1600 308 1929 364 REMENSIS
1970 305 2147 362 LIBRI
2188 302 2515 370 QUATUOR.
2557 332 2626 341 —-
2668 301 2791 354 LIB.
2838 301 2928 354 lll.

3465 295 3567 352 190

232 459 295 496 se
327 441 534 495 habent
557 435 826 492 abscondi
858 451 970 491 non
1002 441 1274 506 possunt;
1315 435 1456 491 adeo
1488 435 1850 506 quorumdam
1877 435 1929 505 Α
1953 449 2124 504 opera
2175 431 2315 499 ejus.
2357 427 2546 483 Omnis
2593 441 2726 481 vero
2769 426 2864 497 qui
2913 424 3062 479 bona
3103 421 3215 494 agit
3246 421 3404 490 (inter
3446 433 3568 489 quae

233 528 478 584 excrevit
507 525 806 591 dissensio,
854 532 914 580 ut
946 524 1065 579 haec
1101 524 1442 579 dissonantia
1492 524 1561 578 ad
1616 532 1850 579 vestram

237 620 552 691 perveniret
592 616 864 681 notitiam,
914 623 970 670 et
1023 615 1278 686 synodali
1312 616 1535 671 decreto
1583 630 1682 685 pro
1735 615 1854 670 zelo

240 709 389 772 ﬁdei,
443 716 501 762 et
544 704 920 761 unanimitatis
957 719 1146 759 amore
1187 712 1482 774 antequam
1525 704 1641 759 haec
1694 703 1856 759 nobis

241 801 640 872 perscrutanda
691 798 1133 865 committeretis,
1172 805 1406 868 quatuor
1454 797 1692 867 capitula
1735 797 1857 867 epi-

238 894 449 964 scopali
493 892 831 947 difﬁnitione
876 890 1033 946 vobis
1081 891 1150 944 de
1189 890 1583 946 catholicorum
1642 889 1859 943 Patrum

239 983 404 1036 dictis
435 981 644 1055 colligi,
675 987 730 1034 et
757 979 1100 1051 singulorum
1141 977 1438 1050 exigeretis
1475 977 1731 1032 manibus
1768 993 1861 1033 ro-

239 1074 454 1131 borari.
502 1073 694 1128 Postea
720 1087 852 1127 vero
895 1078 948 1125 et
995 1071 1357 1141 quorumdam
1417 1087 1483 1124 ex
1515 1071 1602 1125 his
1651 1071 1859 1126 eisdem

243 1161 506 1232 capitulis
535 1161 979 1230 subscripserant
1007 1168 1062 1214 et
1089 1159 1322 1214 aliorum
1363 1159 1526 1214 etiam
1556 1160 1611 1212 in
1654 1165 1859 1214 tantum

241 1262 323 1308 est
346 1254 695 1308 accumulata
716 1251 994 1317 vecordia,
1018 1257 1078 1305 ut
1103 1265 1332 1306 necesse
1354 1250 1515 1316 foret,
1535 1257 1590 1305 et
1602 1251 1864 1318 jussionis

240 1353 438 1399 vestra':
472 1343 750 1408 instantia,
785 1350 839 1397 et
879 1342 1254 1397 exsecutionis
1292 1350 1491 1396 nostrae
1521 1341 1862 1407 obedientia,

245 1438 376 1492 hinc
428 1452 620 1491 eorum
673 1451 812 1506 quos
851 1433 1220 1505 praemisimus
1263 1433 1482 1502 scriptis
1524 1440 1579 1487 et
1607 1433 1864 1502 proposi-

244 1525 499 1580 tionibus
523 1524 747 1578 litterali
769 1521 953 1577 ofﬁcio
984 1521 1337 1592 respondere.
1373 1521 1520 1575 lnter
1548 1536 1670 1591 qum
1692 1531 1746 1575 et
1777 1521 1862 1575 his

246 1617 506 1687 capitulis
535 1631 659 1686 quae
692 1614 851 1670 nobis
877 1630 1060 1684 nuper
1098 1613 1348 1678 dedistis,
1381 1627 1478 1682 pro
1508 1613 1678 1668 nostri
1707 1614 1859 1687 inge-

246 1705 380 1760 nioli
411 1704 736 1775 capacitate,
769 1702 871 1758 sub
903 1701 1186 1756 dubietate
1217 1708 1424 1766 tamen,
1457 1701 1863 1771 respondimus,

244 1792 373 1864 quia
401 1807 514 1846 non
541 1791 875 1846 credidimus
909 1807 922 1854 ;
956 1796 1015 1843 ut
1046 1787 1238 1843 fratres
1268 1796 1322 1842 et
1352 1788 1667 1858 coepiscOpi
1691 1791 1861 1845 nostri

245 1889 438 1936 contra
472 1879 691 1951 regulas
720 1877 1120 1933 ecclesiasticas
1151 1877 1442 1931 adversum
1483 1892 1585 1930 nos
1616 1877 1744 1932 talia
1769 1879 1864 1933 de-

241 1971 499 2024 buissent
530 1967 904 2034 conscribere,
947 1966 1248 2037 praesertim
1288 1982 1412 2020 cum
1454 1981 1564 2021 non
1605 1966 1862 2040 ignorent

241 2061 545 2117 Dominicis
582 2058 1019 2114 institutionibus
1057 2064 1112 2112 et
1156 2058 1375 2132 legibus
1420 2067 1610 2116 sancto
1653 2062 1859 2132 Spiritu

241 2155 610 2228 promulgatis
631 2153 911 2225 praeﬁxum
937 2169 1084 2218 esse,
1118 2154 1354 2224 qualiter
1380 2155 1426 2208 si
1443 2155 1497 2207 in
1529 2171 1678 2226 saepe
1705 2156 1861 2211 factis

241 2249 504 2320 capitulis
526 2246 654 2301 ﬁdei
675 2245 1123 2316 obloqueremur,
1143 2260 1245 2299 nos
1270 2245 1625 2316 compellere,
1649 2254 1705 2302 et
1734 2257 1863 2303 tunc

243 2335 502 2409 synodali
536 2335 749 2404 judicio
799 2349 920 2400 nos,
978 2341 1303 2404 nostrasque
1341 2335 1644 2390 sententias
1696 2353 1726 2390 a
1763 2352 1862 2390 sua

244 2430 575 2484 debuissent
627 2426 1021 2483 communione
1057 2426 1352 2496 explodcre
1407 2428 1626 2495 (Matth.
1676 2444 1859 2492 xxvm,

245 2520 330 2580 19.
373 2518 487 2585 20).
521 2516 674 2570 Nunc
704 2531 836 2571 vero
867 2515 995 2586 quia
1038 2517 1172 2569 certi
1212 2532 1424 2582 sumus,
1455 2517 1542 2572 cui
1585 2532 1861 2588 compOSt-

241 2607 379 2661 tioni
411 2605 685 2660 debemus
716 2604 784 2658 de
833 2619 981 2674 sape
1014 2603 1312 2658 nominatis
1344 2605 1746 2675 quaestionibus
1777 2622 1862 2660 re-

241 2694 546 2764 spondere,
575 2693 803 2747 servatis
836 2693 1162 2747 relationum
1195 2691 1642 2747 absolutionibus
1672 2701 1858 2748 contra

238 2804 354 2850 eos,
387 2784 595 2856 quibus
613 2801 644 2839 a
669 2792 846 2838 vestra
869 2784 1270 2850 dominatione,
1295 2800 1394 2855 pro
1417 2786 1674 2856 imposito
1698 2785 1858 2840 nobis

235 2880 570 2946 ministerio,
611 2879 753 2948 jussi
794 2896 984 2933 sumus
1046 2879 1291 2948 redderel
1322 2881 1612 2947 rationem,
1667 2889 1857 2937 contra

240 2974 356 3027 haec
409 2980 624 3026 tantum
684 2970 943 3040 capitula,
994 2977 1259 3042 quantum
1291 2986 1356 3024 ex
1405 2971 1567 3026 nobis
1596 2978 1679 3026 est
1731 2988 1854 3027 cum

1955 526 2100 582 bona
2131 525 2200 580 ab
2251 521 2511 593 Apostolo
2543 526 2597 574 et
2628 518 2766 574 ﬁdes
2818 519 3269 582 connumeratur)
3300 513 3452 567 venit
3499 513 3569 567 ad

1955 621 2156 682 lucem,
2193 625 2249 672 ut
2302 614 2722 670 manifestentur
2777 629 2944 682 Opera
2984 612 3126 683 ejus,
3186 609 3315 680 quia
3347 607 3402 660 in
3458 606 3571 660 Deo

1955 718 2084 763 sunt
2113 708 2252 763 facta
2283 708 2461 774 (Joan.
2509 723 2590 772 ιιι,
2621 703 2729 773 21).
2763 701 2868 756 Sed
2915 709 2969 754 et
3000 701 3090 754 ille
3114 698 3432 769 quicunque
3464 704 3570 761 est,

1961 797 2005 851 si
2052 797 2121 851 ad
2151 797 2328 850 lucem
2384 793 2619 858 venerit,
2662 800 2717 845 et
2768 789 2982 844 veritati
3015 805 3077 841 ex
3138 787 3302 841 corde
3334 800 3568 839 consen-

1961 886 2113 953 serit,
2144 900 2269 940 esse
2301 884 2446 938 ﬁlius
2478 882 2617 936 lucis
2667 879 2887 950 poterit.
2917 877 2970 930 Si
3027 883 3212 930 autem
3245 882 3299 929 et
3327 874 3568 944 pertina-

1961 977 2098 1032 citer
2139 975 2532 1032 contradixerit
2577 972 2816 1036 veritati,
2856 971 2974 1040 ipse
3027 969 3079 1022 in
3121 966 3440 1021 inﬁdelitate
3471 984 3570 1021 sua

1962 1073 2014 1122 et
2059 1065 2430 1121 contentionis
2469 1080 2582 1118 suae
2638 1061 2896 1118 vecordia
2944 1058 3184 1114 haeretici
3230 1057 3337 1110 sibi
3369 1072 3569 1111 nomen

1963 1160 2233 1230 imponet,
2267 1160 2396 1230 quia
2421 1173 2530 1213 non
2552 1157 2732 1212 statim
2760 1155 3100 1219 haereticum,
3125 1151 3271 1222 quod
3303 1151 3568 1224 ignoran-

1963 1260 2101 1307 tera
2144 1251 2250 1307 ﬁde
2279 1253 2516 1307 sentitur
2549 1253 2849 1317 diversum,
2888 1250 2932 1303 si
2994 1264 3103 1303 non
3159 1245 3252 1300 ﬁat
3305 1243 3570 1315 pertinaci

1961 1347 2315 1402 contentione
2356 1347 2691 1402 haereticum.
2736 1367 2762 1393 ιι

1960 1511 2035 1563 De
2049 1511 2252 1578 synodo
2265 1525 2360 1564 sem
2367 1525 2502 1579 prov
2509 1437 2777 1564 £1133;er
2994 1506 3141 1576 apud
3156 1507 3346 1559 Trecas
3364 1501 3570 1555 habita.

2033 1623 2188 1679 Anno
2229 1624 2469 1694 denique
2500 1623 2798 1679 Dominicze
2821 1620 3213 1676 incarnationis
3234 1617 3578 1688 octingente-

1889 1707 2101 1775 Bsimo
2143 1715 2486 1790 sexagesimo
2543 1715 2806 1784 septimo,
2871 1713 3113 1784 synodus
3165 1707 3572 1780 provinciarum

1963 1805 2344 1870 Remensium,
2367 1806 2916 1880 Rothomagensium,
2939 1800 3364 1862 Turonensium,
3396 1798 3575 1851 Seno-

1963 1914 2116 1964 num,
2174 1897 2666 1972 Burdegalensium
2725 1905 2888 1967 atque
2956 1892 3374 1948 Bituricensium
3428 1887 3573 1958 apud

1961 1990 2160 2045 Trecas
2191 2006 2283 2042 vm
2327 1989 2598 2044 Kalendas
2629 1988 2952 2044 Novembris
2981 1985 3259 2042 convenit.
3291 1981 3406 2037 Ubi
3451 1979 3578 2051 qui-

1963 2081 2084 2135 dam
2143 2081 2416 2151 episcopi,
2461 2089 2520 2136 ut
2569 2080 2793 2141 assolet,
2829 2080 3002 2152 gratia
3046 2077 3192 2150 regis
3241 2073 3420 2130 Karoli
3449 2072 3576 2126 Vul-

1962 2171 2088 2226 fado
2129 2171 2378 2227 faventes
2416 2173 2712 2243 quemdam
2751 2179 2942 2226 contra
2973 2170 3262 2224 veritatem
3319 2172 3374 2221 et
3403 2179 3574 2219 eano-

1963 2281 2093 2319 num
2154 2281 2363 2319 sacram
2445 2265 2827 2320 auctoritatem
2896 2264 3160 2318 adversus
3223 2259 3575 2314 Hincmarum

1962 2351 2146 2407 moliri
2211 2361 2518 2420 cmpcrunt.
2568 2353 2675 2406 Sed
2725 2352 2925 2406 iisdem
2999 2350 3342 2413 Hincmarus,
3385 2361 3575 2400 eorum

1965 2439 2349 2494 molitionibus
2373 2441 2583 2495 ratione
2611 2449 2666 2494 et
2693 2439 3016 2494 auctoritate
3032 2437 3284 2503 obvians,
3317 2434 3577 2505 plurimo-

1966 2547 2082 2584 rum
2110 2531 2384 2585 sententia
2406 2531 2761 2601 przevalente,
2780 2547 2960 2584 rerum
2986 2535 3264 2603 gestarum
3298 2524 3574 2590 ordinem,

1965 2622 2034 2676 de
2087 2621 2291 2692 quibus
2320 2623 2608 2695 agebatur,
2668 2621 2947 2678 communi
2994 2635 3270 2676 consensu
3315 2615 3570 2687 epistola.

1960 2713 2224 2783 scriptum
2265 2729 2365 2783 per
2406 2713 2695 2768 Actardum
2745 2711 3122 2768 venerabilem
3164 2710 3572 2763 Nannetensem

1957 2802 2277 2871 episcOpum
2311 2817 2468 2872 papa:
2497 2801 2721 2856 Nicolao
2760 2799 3026 2871 episcOpi,
3059 2798 3153 2870 qui
3201 2802 3578 2853 convenerant

1958 2890 2402 2945 transmiserunt.
2447 2889 2612 2957 Cujus
2643 2888 2894 2958 epistolae
2951 2894 3110 2941 tenor
3148 2884 3294 2939 idem
3341 2880 3567 2943 exstitit,

1957 2981 2049 3052 qui
2096 2981 2200 3036 fuit
2255 2982 2308 3034 in
2363 2980 2600 3051 epistola
2639 2978 2912 3035 Hincmari
2957 2978 3250 3032 Remorum
3303 2971 3573 3044 episcopi,

239 3063 504 3118 omnibus
535 3077 727 3132 pacem
758 3061 1027 3116 habentes
1064 3063 1360 3130 (Romdxu,
1399 3062 1508 3130 18),
1543 3079 1607 3116 ex
1637 3073 1856 3118 sancta-
1881 3079 1931 3148 ρ
1960 3085 2123 3141 quam
2185 3085 2285 3139 per
2313 3069 2546 3123 clericos
2594 3083 2725 3123 suos
2754 3067 2856 3121 sub
2910 3064 3330 3136 peregrinorum
3360 3059 3573 3124 habitu,

239 3171 356 3208 rum
389 3152 794 3222 Scripturarum
839 3150 1182 3218 auctoritate,
1233 3158 1287 3206 et
1325 3153 1719 3208 catholicorum
1760 3154 1858 3208 Pa-

241 3255 378 3300 trum
435 3242 733 3298 sententiis
771 3242 1095 3312 simpliciter
1151 3245 1491 3314 respondere
1521 3246 1856 3314 curabimus,

239 3344 294 3389 ut
333 3335 424 3390 cui
473 3333 615 3389 forte
645 3332 828 3388 omnia
859 3331 950 3386 illa
980 3333 1161 3406 legere
1220 3349 1331 3388 non
1362 3333 1576 3389 licuerit
1632 3337 1718 3389 vel
1748 3353 1857 3391 non

239 3424 491 3490 libuerit,
516 3422 607 3477 hic
633 3421 1064 3492 compendiosas
1090 3437 1189 3492 pro
1217 3429 1465 3493 tempore
1495 3423 1855 3492 capitulorum

235 3512 638 3584 responsiones
669 3511 935 3576 inveniat,
978 3525 1118 3582 quos
1151 3510 1342 3565 furatis
1372 3511 1582 3567 horulis
1609 3528 1641 3566 a
1678 3513 1855 3568 diver-

232 3607 306 3659 sis
339 3603 772 3674 occupationum
823 3603 1287 3668 distensionibus,
1337 3604 1429 3674 qui
1480 3604 1856 3677 cognitionum

231 3698 396 3752 ferias
430 3711 544 3752 non
587 3695 879 3760 habemus,
913 3695 1053 3750 sicut
1101 3695 1171 3749 de
1223 3695 1517 3750 sententiis
1545 3705 1855 3753 sanctorum

234 3790 453 3844 Patrum
495 3787 820 3859 accipimus,
877 3804 948 3842 ne
990 3776 1209 3858 terpore
1253 3788 1338 3842 vel
1399 3787 1776 3843 inobedientia
1829 3806 1859 3843 a

233 3887 415 3933 vestra
451 3878 842 3932 denotaremur
887 3875 1194 3930 Christiana
1244 3876 1562 3941 devotione,
1604 3877 1856 3932 commit-

231 3977 344 4022 tere
373 3966 661 4021 scliedulis
689 3965 1044 4020 tumultuario
1066 3981 1323 4020 sermone
1350 3965 1685 4032 studuimus,
1719 3983 1858 4037 quo-

238 4059 382 4111 niam
439 4056 495 4110 in
543 4054 785 4126 praefatis
828 4053 1213 4122 relationibus,
1260 4055 1537 4124 provocati
1590 4055 1858 4124 multipli-

234 4146 394 4200 cibus
423 4145 812 4214 multiplicium
853 4144 1216 4210 illationibus,
1250 4143 1626 4214 multipliciter
1673 4147 1860 4200 multi-

237 4234 595 4304 plicibusque
625 4232 1034 4299 collationibus,
1067 4247 1178 4287 non
1207 4233 1326 4286 sine
1358 4232 1516 4300 (sicut
1547 4232 1754 4287 scimus
1808 4243 1863 4290 et

235 4323 588 4386 conﬁtemur,
612 4321 833 4376 lectoris
862 4321 1048 4389 taedio,
1086 4338 1278 4388 sensu,
1308 4322 1408 4376 sed
1440 4331 1623 4378 tamen
1667 4325 1860 4380 catho-

235 4416 358 4479 lico,
413 4415 470 4468 in
508 4414 685 4469 tribus
714 4414 872 4469 libris
921 4417 1184 4473 lacinioso
1214 4434 1468 4474 sermone
1517 4421 1930 4516 respondereD

233 4505 557 4575 satagimus.
588 4504 694 4558 Sed
737 4505 790 4558 in
825 4505 930 4560 hoc
976 4505 1209 4560 maxime
1241 4507 1481 4580 benigno
1530 4509 1720 4564 lectori
1754 4525 1856 4564 nos

233 4597 555 4651 satisfacere
599 4608 975 4662 autumamus,
1036 4597 1166 4669 quia
1208 4598 1552 4671 singulorum
1611 4599 1856 4672 singulas

236 4703 456 4759 semper
485 4698 765 4758 ponentes
787 4689 1116 4757 sententias,
1150 4690 1506 4762 singulariter
1539 4691 1606 4745 ad
1638 4691 1858 4760 objecta

234 4786 284 4830 et
314 4778 635 4832 resistentia
665 4776 794 4833 ﬁdei
825 4781 1166 4849 respondere
1195 4781 1508 4836 studuimus
1537 4784 1553 4847 ;’
1597 4789 1651 4836 et
1679 4781 1764 4836 vel
1799 4782 1854 4836 in

234 4869 332 4923 hoc
357 4871 478 4924 solo
508 4870 771 4925 devotum
793 4887 1068 4941 quemque
1098 4873 1356 4931 lectorem
1380 4873 1541 4928 nobis
1572 4874 1853 4930 conciliari

234 4960 584 5028 conﬁdimus,
618 4963 750 5034 quia
789 4979 912 5018 cum
944 4980 1008 5018 ex
1058 4980 1157 5018 sua
1187 4972 1370 5019 mente
1421 4973 1664 5022 nostrum
1698 4967 1854 5024 labo-

233 5066 340 5106 rem
389 5055 778 5125 perpenderit,
831 5071 932 5110 nos
979 5057 1124 5128 apud
1171 5073 1232 5110 se
1271 5065 1563 5113 excusatos
1603 5059 1849 5114 habebit.

235 5141 357 5204 Quis
385 5159 520 5199 vero
569 5144 641 5199 sit
672 5145 900 5200 istorum
953 5147 1317 5218 capitulorum
1350 5150 1706 5221 compositor,
1762 5152 1849 5206 cui

233 5233 378 5300 quasi
419 5249 449 5286 a
481 5247 628 5288 novo
674 5234 924 5308 cogimur
984 5237 1342 5306 respondere,
1385 5256 1507 5309 ipse
1552 5257 1612 5294 se
1653 5241 1852 5311 prodet

232 5333 348 5372 cum
380 5321 695 5377 necessario
727 5323 1015 5395 urgebitur
1043 5325 1110 5379 ad
1151 5325 1328 5380 lucem
1357 5328 1607 5383 veritatis
1640 5331 1848 5395 venire,

233 5407 354 5475 quia
393 5417 655 5479 Operator
707 5411 1154 5474 tenebrosorum.
1187 5427 1415 5484 Operum
1475 5415 1614 5481 (Gal.
1682 5433 1752 5478 vx,
1804 5420 1850 5484 1)

229 5495 386 5556 {inter
406 5516 532 5572 quae
563 5501 634 5555 ab
656 5503 919 5573 Apostolo
951 5513 1004 5560 et
1034 5507 1273 5562 haereses
1305 5507 1713 5573 describuntur)
1739 5508 1855 5563 odit

230 5583 422 5658 lucem,
477 5603 534 5647 et
563 5608 678 5647 non
723 5595 872 5650 venit
923 5598 990 5651 ad
1045 5598 1248 5667 lucem,
1283 5607 1340 5654 ut
1389 5615 1499 5655 non
1556 5607 1854 5675 arguantur

299 5699 374 5766 (9)
404 5697 525 5753 Non
554 5707 741 5755 exstat
765 5702 884 5758 haec
905 5701 1114 5760 Nicolai
1141 5705 1372 5776 epistola
1394 5705 1464 5761 ad
1487 5705 1864 5762 Hincmarum.

1963 3167 2188 3228 prepter
2222 3157 2622 3213 contrariorum
2657 3155 2908 3212 vitandas
2947 3153 3202 3220 insidias,
3229 3149 3577 3221 praecedente

1958 3246 2104 3301 Julio
2135 3261 2326 3300 mense
2383 3245 2608 3299 Romam
2641 3245 2886 3298 miserat.
2948 3241 3246 3312 Epistolam
3286 3245 3470 3292 autem
3520 3236 3574 3289 in

1961 3336 2280 3406 praescripta
2334 3335 2547 3405 synodo
2608 3334 2827 3398 factam,
2889 3342 2943 3389 et
3009 3330 3574 3401 archiepiscoporum,

1961 3428 2056 3498 qui
2089 3436 2463 3482 convenerant
2494 3426 2692 3500 sigillis
2731 3427 3022 3498 signatam,
3090 3422 3353 3478 Actardus
3393 3418 3577 3490 perfe-
3668 3497 3673 3504 .

1960 3517 2188 3571 rendam
2244 3516 2575 3587 suscipiens,
2633 3532 2757 3570 cum
2812 3514 3143 3586 quibusdam
3182 3508 3462 3582 episcOpis
3507 3507 3576 3562 ad

1959 3609 2241 3677 Karolum,
2270 3609 2412 3663 sicut
2440 3608 2557 3678 ipse
2603 3614 2961 3678 praeceperat,
2996 3605 3181 3661 rediit.
3214 3602 3443 3657 Karolus
3475 3617 3576 3656 au-

1961 3703 2068 3751 tem
2099 3697 2392 3752 immemor
2437 3695 2723 3751 ﬁdelitatis
2775 3706 2942 3766 atque
2975 3695 3249 3759 laborum,
3309 3707 3450 3762 quos
3479 3704 3578 3760 pro

1959 3787 2080 3854 ejus
2106 3788 2314 3842 honore
2341 3796 2396 3841 et
2436 3786 2592 3860 regni
2633 3786 2865 3841 obtentu
2904 3801 3052 3855 saepe
3086 3784 3229 3838 fatus
3260 3783 3578 3836 Hincmarus

1961 3893 2059 3948 per
2107 3879 2293 3947 plures
2341 3893 2518 3932 annos
2562 3878 2828 3940 subierat,
2877 3876 3128 3930 eamdem
3173 3873 3460 3942 epistolam
3507 3870 3576 3924 ab

1960 3966 2191 4021 Actardo
2221 3965 2329 4020 sibi
2359 3965 2475 4020 dari
2510 3965 2700 4038 exigit,
2733 3972 2789 4019 et
2819 3963 3364 4034 archiepiscoporum
3397 3957 3579 4032 sigilla

1961 4056 2339 4131 coniungens,
2383 4063 2538 4130 gesta
2569 4054 2764 4126 synodi
2790 4054 3008 4129 relegit,
3043 4039 3097 4108 et
3124 4053 3273 4139 quia,
3305 4051 3449 4105 sicut
3473 4065 3576 4105 vo-

1964 4150 2161 4217 luerat,
2195 4149 2250 4203 in
2273 4149 2467 4203 eadem
2498 4149 2710 4219 synodo
2733 4147 3059 4202 Hincmarus
3083 4162 3192 4200 non
3215 4143 3576 4200 exstititcon-

1962 4236 2187 4302 futatus,
2231 4237 2523 4306 epistolam
2559 4251 2660 4291 suo
2697 4236 2923 4291 nomine
2962 4235 3030 4290 ad
3061 4234 3340 4289 Nicolaum
3382 4246 3577 4302 papam

1961 4329 2154 4384 dictari
2217 4328 2272 4382 in
2306 4328 2752 4384 contrarietatem
2811 4327 3083 4382 Hincmari
3116 4326 3264 4391 fecit,
3325 4340 3486 4394 quam
3527 4330 3583 4377 et

1961 4418 2110 4473 bulla
2143 4417 2228 4472 sui
2256 4419 2499 4473 nominis
2529 4418 2808 4490 sigillavit,
2841 4426 2895 4472 et
2917 4434 3040 4471 cum
3072 4415 3302 4486 epistola
3333 4412 3582 4484 synodali

1960 4523 2057 4576 per
2086 4507 2264 4576 ipsum
2303 4507 2595 4561 Actardum
2629 4506 2852 4561 Romam
2905 4504 3125 4560 direxit.
3156 4503 3368 4557 Praefati
3397 4509 3579 4555 autem

1963 4600 2237 4655 Hincmari
2265 4600 2452 4655 clerici
2486 4600 2540 4653 in
2579 4616 2768 4654 mense
2801 4603 3042 4673 Augusto
3090 4599 3314 4653 Romam
3345 4596 3580 4651 venien-

1961 4703 2066 4762 tes,
2113 4695 2393 4750 Nicolaum
2436 4712 2632 4766 papam
2670 4695 2782 4764 jam
2829 4695 2987 4750 valde
3039 4693 3396 4758 inﬁrmatum,
3437 4692 3577 4746 etin

1958 4783 2340 4850 contentione,
2399 4801 2563 4856 quam
2623 4795 2814 4840 contra
2864 4786 3222 4854 imperatores
3269 4784 3578 4838 Oraacorum

1956 4876 2277 4931 Michaelem
2323 4885 2378 4931 et
2418 4877 2698 4942 Basilium,
2751 4877 2848 4931 sed
2911 4886 2964 4931 et
3019 4885 3206 4931 contra
3266 4875 3572 4930 Orientales

1955 4968 2250 5037 episcopos
2290 4968 2552 5034 habebat,
2596 4984 2930 5042 magnopere
2969 4967 3313 5024 laborantem
3360 4966 3580 5020 invene-

1956 5065 2098 5111 runt.
2180 5058 2526 5127 Quapropter
2578 5074 2755 5129 usque
2828 5059 2896 5112 ad
2954 5074 3202 5113 mensem
3264 5054 3577 5111 Octobrium

1955 5147 2160 5202 ibidem
2191 5155 2319 5202 sunt
2348 5147 2644 5203 immorati.
2680 5148 2937 5204 Nicolaus
2975 5163 3106 5203 vero
3138 5164 3278 5218 papa
3305 5153 3582 5219 gratanter

1952 5239 2266 5312 suscipiens
2295 5258 2418 5313 quae
2446 5243 2771 5297 Hincmarus
2787 5243 2837 5298 ei
2868 5243 3183 5314 scripserat,
3211 5242 3279 5296 de
3316 5240 3578 5296 omnibus

1952 5332 2058 5387 sibi
2115 5333 2450 5388 satisfactum
2492 5349 2613 5388 esse
2647 5333 2930 5404 rescripsit
2969 5335 3063 5401 (9).
3113 5333 3219 5388 Sed
3259 5338 3314 5386 et
3350 5332 3574 5386 alteram

1956 5424 2247 5495 epistolam
2272 5425 2453 5480 eidem
2489 5433 2543 5479 et
2570 5425 2785 5480 caeteris
2811 5425 3246 5497 archiepiscOpis
3275 5432 3329 5478 et
3357 5423 3576 5492 episco-

1954 5511 2042 5581 pis
2090 5511 2144 5565 in
2179 5528 2351 5583 regno
2397 5512 2575 5568 Caroli
2624 5513 2938 5568 constitutis
2982 5511 3310 5576 transmisit,
3355 5510 3570 5562 innote-

1953 5617 2115 5657 scens
2147 5603 2406 5672 prmfatos
2431 5603 2738 5659 Graecorum
2775 5605 3156 5674 imperatores,
3176 5603 3272 5656 sed
3295 5607 3348 5655 et
3377 5596 3570 5653 Orien-
