4010 6162
439 287 503 341 91
1512 272 1875 328 FLODOARDI
1918 271 2040 328 CAN
2045 271 2128 328 ΟΝ
2134 270 2218 326 lCl
2260 265 2586 324 REMENSIS

3615 259 3721 314 192

405 427 543 480 tales
589 423 883 495 episcopos
919 415 1241 473 calumniari
1294 423 1540 471 sanctam
1581 414 1878 470 Romanam
1911 413 2008 467 Ec-
2037 421 2087 485 Α
2113 409 2382 483 episcopi.
2416 406 2618 463 Scribit
2654 404 2817 459 etiam
2862 403 2931 457 ad
2963 400 3378 456 instructionem
3429 398 3606 469 ipsius
3635 415 3722 453 re-

403 516 647 582 clesiam,
700 515 809 567 imo
839 526 1058 567 omnem
1091 507 1414 573 Ecclesiam,
1456 522 1598 578 quae
1625 506 1812 561 Latina
1841 505 2014 560 utitur

404 608 615 678 lingua,
650 605 777 677 quia
818 603 1136 672 jejunamus
1167 601 1221 654 in
1260 599 1534 665 Sabbatis,
1568 599 1716 669 quod
1759 597 2010 668 spiritum

402 705 648 753 sanctum
677 713 741 752 ex
777 697 935 750 Patre
965 693 1213 764 Filioque
1254 690 1553 761 procedere
1584 689 1842 756 dicimus,
1883 689 2015 760 quia

405 790 756 861 presbyteros
796 786 978 843 sortiri
1021 784 1289 858 conjuges
1329 781 1706 853 prohibemus,
1753 781 2011 851 quoniam

401 883 624 938 eosdem
666 880 1019 951 presbyteros
1071 876 1367 930 chrismate
1410 873 1571 927 linire
1616 871 2012 942 baptizatorum

398 974 607 1030 frontes
635 972 974 1036 inhibemus,
1007 969 1254 1024 dicentes
1308 967 1414 1038 ipsi
1445 965 1638 1031 Graeci,
1685 964 1834 1036 quod
1866 963 2016 1018 chri-

403 1079 521 1117 sma
551 1078 617 1116 ex
640 1077 782 1132 aqua
812 1058 1054 1113 ﬂuminis
1083 1056 1256 1111 Latini
1287 1054 1643 1110 conficiamus
1669 1071 1682 1120 ;
1715 1054 2018 1123 reprehen-

403 1156 600 1208 dentes
633 1169 732 1207 nos
772 1151 1014 1217 Latinos,
1061 1149 1209 1220 quod
1249 1155 1371 1203 octo
1412 1147 1857 1202 hebdomadibus
1891 1153 2018 1200 ante

405 1245 615 1300 Pascha
645 1261 675 1298 a
700 1244 971 1308 carnium,
1009 1248 1063 1296 et
1092 1249 1304 1312 septem
1337 1239 1782 1294 hebdomadibus
1813 1255 1843 1292 a
1871 1238 2017 1292 casei

404 1346 458 1391 et
488 1351 714 1391 ovorum
747 1351 867 1400 esu,
918 1349 1071 1389 more
1098 1349 1220 1399 suo,
1257 1347 1366 1388 non
1425 1346 1720 1386 cessamus.
1765 1331 2019 1385 Dicentes

404 1427 588 1492 etiam,
617 1425 763 1496 quod
797 1425 850 1478 in
885 1424 1091 1478 Pascha
1121 1439 1273 1478 more
1302 1422 1612 1477 Judaaorum
1646 1436 1814 1491 super
1843 1421 2013 1475 altare

406 1515 611 1585 pariter
647 1531 768 1569 cum
798 1514 1080 1569 Dominico
1112 1527 1341 1582 corpore
1372 1527 1573 1586 agnum
1615 1510 2014 1565 benedicamus

404 1611 456 1658 et
487 1602 819 1666 offeramus;
866 1609 1262 1658 succensentes
1292 1601 1454 1655 etiam
1505 1616 1628 1667 nos,
1670 1599 1798 1671 quia
1827 1598 2012 1654 clerici

403 1693 548 1762 apud
605 1707 706 1747 nos
735 1692 936 1746 barbas
988 1708 1118 1746 suas
1176 1691 1412 1756 radunt;
1451 1698 1504 1744 et
1561 1690 1828 1756 dicentes,
1887 1689 2017 1761 quia

407 1787 674 1840 diaconus
711 1800 820 1839 non
879 1791 1136 1854 suscepto
1188 1782 1599 1854 presbyteratus
1645 1741 1829 1838 officio
1868 1741 2014 1852 apud
2045 1741 2095 1810 Β

407 1890 508 1929 nos
565 1873 859 1942 episcopus
890 1872 1192 1928 ordinatur.
1237 1873 1311 1926 De
1358 1871 1561 1943 quibus
1604 1871 1865 1927 omnibus
1923 1887 2022 1942 per

408 1962 652 2034 singulas
697 1961 1008 2032 provincias
1067 1979 1099 2016 a
1150 1962 1589 2033 metropolitanis
1650 1976 1773 2015 cum
1830 1975 2019 2015 eorum

410 2054 756 2125 coepiscopis
789 2054 897 2108 sibi
953 2053 1180 2109 rescribi
1223 2054 1495 2126 praecipit,
1535 2053 1823 2125 alloquens
1867 2068 2020 2107 eum-

407 2146 533 2200 dem
561 2145 915 2201 Hincmarum
945 2145 998 2199 in
1031 2146 1279 2216 epistolae
1309 2143 1419 2199 line
1451 2146 1555 2200 hoc
1593 2144 1757 2199 modo
1789 2160 1801 2196 :
1837 2167 1861 2190 ιι
1891 2143 2018 2208 Tua,

411 2234 608 2304 inquit,
642 2233 951 2300 Hincmare,
983 2233 1219 2287 charitas
1245 2249 1368 2288 cum
1386 2233 1530 2288 hanc
1553 2232 1841 2303 epistolam
1875 2230 2024 2302 lege-

411 2323 497 2385 rit,
539 2337 665 2377 mox
704 2329 761 2376 ut
814 2322 978 2376 etiam
1030 2322 1099 2376 ad
1129 2321 1267 2376 alios
1313 2322 1781 2393 archiepisc0pos,
1841 2321 1936 2392 qui
1969 2323 2024 2377 in

414 2427 583 2486 regno
636 2411 736 2466 ﬁlii
775 2411 945 2465 nostri
988 2411 1167 2466 Karoli
1221 2412 1444 2486 gloriosi
1497 2411 1640 2485 regis
1691 2410 2022 2478 consistunt,

416 2503 716 2572 deferatur,
773 2520 1128 2577 summopere
1191 2520 1355 2578 agere
1418 2504 1658 2572 studeat,
1727 2511 1780 2558 et
1840 2510 1899 2558 ut
1955 2501 2026 2556 de

415 2598 500 2652 his
544 2596 746 2668 singuli
802 2596 859 2650 in
907 2595 1243 2650 dioecesibus
1285 2595 1524 2668 prOpriis
1574 2613 1684 2652 una
1733 2613 1860 2653 cum
1908 2595 2026 2651 suf-

415 2687 689 2760 l'raganeis
746 2688 860 2742 suis
916 2687 971 2740 in
1016 2687 1395 2758 cujuscunque
1433 2703 1606 2760 regno
1654 2688 1765 2743 sint
1819 2688 2024 2745 consti-

415 2780 538 2844 tuti,
588 2777 989 2834 convenienter
1045 2782 1295 2841 tractare,
1331 2783 1384 2832 et
1431 2777 1594 2832 nobis
1632 2793 1753 2848 quae
1808 2795 2027 2850 repere-

415 2871 546 2936 rint,
587 2885 883 2943 suggerere
927 2876 1142 2935 curent,
1197 2884 1294 2924 eos
1331 2870 1501 2924 citare
1542 2871 1803 2944 negligat,
1853 2871 1926 2925 ita
1969 2879 2030 2926 ut

417 2979 606 3019 eorum
638 2963 885 3019 omnium
919 2979 1040 3035 quae
1072 2963 1360 3034 praesentis
1390 2963 1635 3034 epistolae
1688 2971 1885 3020 nostra:
1922 2965 2029 3019 cir-

2113 502 2219 574 gis,
2247 501 2315 554 de
2352 496 2646 554 duodecim
2691 493 2938 549 abusivis
2983 497 3318 556 sanctorum,
3352 489 3408 543 in
3436 487 3522 542 bis
3569 487 3724 542 colli-

2113 609 2250 664 gens
2295 592 2440 646 dicta
2487 591 2706 644 Patrum
2755 593 2810 640 et
2858 583 3255 656 praeteritorum
3302 579 3728 636 constitutiones

2113 696 2327 755 regum.
2379 678 2485 733 Sed
2516 685 2572 732 et
2601 677 2672 730 de
2713 672 3082 745 promissione
3120 686 3219 725 sua
3247 685 3372 724 eum
3398 668 3726 730 admonens,

2116 785 2279 840 quam
2311 766 2504 833 verbo,
2536 781 2601 820 ac
2643 763 2869 834 scripto,
2903 769 3197 831 antequam
3247 774 3340 812 rex
3369 770 3729 812 consecrare-

2116 867 2226 924 tur,
2251 854 2576 927 primatibus
2595 860 2650 907 et
2678 850 2958 922 episcopis
2987 848 3209 903 fecerat.
3249 845 3477 916 Scripsit
3505 859 3731 915 quoque

2117 945 2429 1022 multaslad
2467 946 2645 1016 ipsum
2687 957 2873 1014 regem
2913 938 3194 1011 epistolas,
3239 943 3300 992 ut
3343 935 3437 1006 qui
3479 934 3729 1006 ejusdem

2119 1037 2526 1110 archiepiscopi
2555 1037 2625 1090 de
2658 1034 2846 1090 multis
2877 1031 3195 1104 requirebat
3215 1028 3526 1091 consilium,
3557 1033 3614 1081 et
3636 1042 3732 1096 per

2119 1131 2239 1200 ejus
2263 1129 2573 1201 prudentiae
2603 1126 3020 1202 suggestionem
3045 1122 3214 1177 multa
3243 1119 3514 1174 industrie
3541 1117 3732 1186 dispo-

2122 1223 2307 1278 nebat.
2339 1222 2567 1286 Quando
2600 1219 2766 1275 etiam
2801 1216 2951 1272 ﬁlius
2980 1231 3112 1270 suus
3144 1212 3545 1268 Karlomannus
3563 1208 3730 1264 cleri-

2120 1328 2217 1366 cus
2243 1311 2503 1366 adversus
2533 1325 2657 1364 eum
2707 1305 3069 1367 consurrexit,
3103 1311 3159 1358 et
3186 1305 3305 1374 ipse
3331 1316 3424 1355 rex
3453 1299 3522 1354 ad
3557 1297 3733 1351 Vien-

2115 1420 2241 1457 nam
2268 1408 2459 1458 contra
2515 1399 2814 1454 Gerardum
2850 1397 3130 1461 comitem,
3176 1393 3345 1465 (quia
3393 1407 3454 1444 se
3481 1388 3735 1444 descive-

2116 1493 2217 1560 rat)
2248 1489 2530 1561 profectus
2568 1494 2704 1554 erat,
2734 1487 2863 1540 huic
2895 1483 3116 1556 praesuli
3154 1487 3346 1536 nostro
3375 1479 3586 1533 litteras
3609 1491 3736 1530 suas

2116 1581 2282 1647 misit,
2325 1580 2594 1634 mandans
2636 1585 2694 1632 ut
2732 1582 3060 1632 convocaret
3109 1572 3404 1643 episcopos
3450 1569 3627 1642 regni,
3673 1582 3737 1621 ac

2118 1673 2292 1728 laicos
2314 1671 2423 1743 ipsi
2444 1669 2659 1736 fideles,
2689 1675 2749 1723 ut
2765 1667 3012 1739 episcopi
3041 1663 3348 1720 secundum
3370 1658 3736 1715 ministerium

2121 1777 2281 1817 suum
2314 1758 2677 1830 prohiberent
2713 1757 3080 1812 Karlomanno
3109 1768 3178 1807 ne
3222 1750 3444 1821 aliquod
3474 1749 3737 1803 damnum

2121 1853 2176 1906 in
2225 1853 2331 1907 hoc
2379 1865 2548 1924 regno
2601 1848 2827 1916 faceret,
2887 1855 2942 1901 et
2993 1844 3119 1899 laici
3173 1842 3495 1897 resisterent
3538 1839 3618 1892 illi
3671 1853 3741 1892 ne

2121 1943 2227 1997 hoc
2242 1940 2425 1996 facere
2458 1945 2662 2010 posset.
2700 1939 2814 2002 Qua
2844 1937 2912 1992 de
2942 1951 3001 1990 re
3030 1933 3386 2007 Engilranno,
3418 1927 3651 1984 Gossino
3689 1933 3743 1980 et

2122 2033 2404 2089 Adelelmo
2459 2031 2758 2087 comitibus
2805 2028 3047 2100 scripsit,
3090 2039 3347 2098 quaerens
3383 2023 3453 2077 ab
3488 2020 3591 2086 eis,
3631 2019 3742 2073 imo

2124 2125 2416 2184 consilium
2460 2124 2618 2188 dans,
2647 2122 2782 2194 quid
2812 2136 2980 2191 super
3020 2120 3125 2173 hac
3163 2132 3220 2170 re
3264 2114 3405 2170 foret
3434 2113 3542 2166 illis
3569 2127 3737 2186 agen-

2125 2217 2276 2271 dum.
2308 2216 2537 2270 Litteras
2566 2227 2788 2285 quoque
2815 2206 3225 2280 deprecatorias
3252 2203 3368 2276 regi
3387 2203 3500 2272 jam
3528 2217 3628 2272 pro
3645 2215 3742 2255 eo-

2125 2309 2251 2364 dem
2279 2308 2646 2363 Karlomanno
2678 2304 2976 2370 direxerat,
3009 2310 3066 2356 et
3095 2316 3195 2371 pro
3218 2287 3354 2371 pace
3385 2298 3530 2352 inter
3559 2296 3741 2366 ipsum

2127 2406 2181 2454 et
2222 2406 2430 2471 patrem
2471 2398 2593 2466 ejus
2650 2395 2982 2460 laborabat;
3039 2393 3214 2448 multa
3265 2399 3448 2445 tamen
3493 2388 3638 2443 mala
3689 2395 3745 2441 et

2127 2490 2573 2564 depraedationes
2589 2489 2657 2544 ab
2689 2488 2834 2559 ipso,
2857 2487 3088 2556 ejusque
3111 2481 3475 2554 complicibus
3496 2477 3748 2550 patieba-

2127 2595 2230 2642 tur.
2271 2581 2552 2636 Accedens
2599 2585 2782 2633 autem
2838 2592 2961 2632 cum
3011 2574 3140 2629 aliis
3176 2572 3437 2627 fidelibus
3480 2568 3630 2642 regis
3673 2567 3742 2620 ad

2127 2675 2302 2747 ipsius
2331 2669 2685 2727 Karlomanni
2716 2667 3074 2738 colloquium,
3133 2663 3358 2720 obsides
3387 2662 3438 2717 ei
3469 2660 3645 2724 dedit,
3691 2665 3747 2712 et

2129 2746 2342 2832 accepit
2377 2760 2444 2814 ab
2470 2759 2615 2830 ipso,
2647 2763 2705 2812 ut
2741 2772 2846 2827 pax
2876 2753 3035 2809 fieret
3073 2753 3129 2807 in
3162 2766 3353 2824 regno,
3396 2757 3450 2806 et
3488 2746 3748 2803 homines

2130 2855 2307 2926 ipsius
2337 2850 2688 2906 Karlomanni
2716 2846 2946 2920 paeifice
2977 2846 3034 2899 in
3066 2859 3238 2917 regno
3269 2841 3656 2899 consisterent.
3687 2837 3748 2891 Et

2133 2947 2276 3002 idem
2328 2944 2728 2999 Karlomannus
2787 2941 2841 2994 in
2892 2937 3042 2994 villis
3099 2935 3271 2991 sancti
3332 2933 3572 2989 Medardi
3621 2948 3744 2988 cum

418 3053 746 3109 cumstantia
792 3053 1061 3119 continet,
1104 3059 1161 3107 tu
1192 3061 1246 3107 et
1295 3060 1555 3110 strenuus
1603 3061 1896 3108 exsecutor
1924 3053 2036 3112 illic
2057 3061 2107 3130 Ο
2135 3035 2326 3106 Pallas
2355 3033 2584 3104 PaCiﬁce
2612 3038 2882 3096 maneret,
2914 3029 3096 3084 donec
3126 3025 3280 3082 miSSi
3300 3024 3444 3099 regis
3472 3023 3747 3089 venirem,

421 3147 643 3208 existas,
675 3152 730 3200 et
781 3147 927 3217 apud
963 3161 1065 3202 nos
1108 3162 1272 3201 verax
1317 3154 1372 3201 et
1429 3146 1674 3218 prudens
1704 3146 2034 3217 scriptorum

422 3241 638 3288 tuorum
670 3235 810 3288 serie
863 3235 1062 3290 relator
1091 3234 1410 3290 invenieris.
1471 3257 1499 3287 α
1531 3236 1698 3301 Quam
1748 3235 2036 3306 epistolam

424 3323 746 3378 Hincmarus
776 3324 1112 3395 suscipiens,
1147 3325 1204 3378 in
1229 3324 1545 3380 Corbanaco
1570 3325 1854 3395 (Corbeny)
1883 3325 2032 3394 pala-

424 3414 498 3468 tio
547 3414 867 3468 consistenti
899 3415 1015 3487 regi
1067 3415 1261 3470 Karolo
1293 3430 1415 3469 cum
1475 3413 1725 3485 pluribus
1755 3414 2033 3485 episcOpis

425 3505 640 3580 relegit,
663 3514 718 3561 et
735 3522 834 3576 per
854 3506 994 3561 alios
1023 3507 1492 3577 archiepiscopos,
1525 3506 1667 3561 sicut
1696 3505 1753 3560 in
1777 3507 2032 3562 mandato

425 3603 730 3667 acceperat,
784 3597 1023 3671 dirigere
1062 3599 1290 3653 studuit.
1351 3599 1609 3653 Nicolaus
1649 3613 1794 3669 papa
1851 3597 2037 3652 Idibus

427 3685 677 3756 proxime
708 3687 1070 3758 praecedentis
1099 3687 1305 3742 mensis
1321 3687 1641 3743 Decembris
1662 3687 1799 3742 obiit
1827 3686 1923 3756 (ad
1943 3702 2033 3741 an.

429 3779 518 3846 11,
549 3781 689 3834 Lud.
750 3780 832 3851 ιι),
864 3780 952 3834 cui
984 3779 1252 3834 Adrianus
1301 3797 1442 3852 papa
1479 3780 1753 3836 electione
1808 3779 2036 3836 clerico-

429 3883 570 3936 rum,
616 3874 672 3923 et
709 3883 981 3925 consensu
1015 3869 1274 3925 Ludovici
1320 3868 1669 3940 imperatoris
1700 3867 1756 3922 in
1803 3866 2033 3939 pontifi-

427 3966 548 4014 catu
578 3961 843 4016 successit
867 3979 881 4027 ;
915 3977 1077 4032 quem
1107 3963 1370 4017 Actardus
1400 3961 1626 4017 Romam
1655 3960 1885 4016 veniens
1912 3975 2036 4015 cum

427 4067 592 4121 supra
621 4051 837 4122 scriptis
865 4052 1135 4121 epistolis,
1169 4053 1222 4106 in
1256 4053 1554 4123 apostolica
1592 4051 1724 4106 sede
1741 4051 1854 4120 jam
1885 4050 2037 4106 ordi-

427 4145 609 4192 natum
634 4139 863 4193 invenit.

1015 4225 1225 4282 CAPUT
1265 4227 1445 4281 XVIII.

779 4343 910 4396 Item
949 4341 1014 4396 de
1049 4343 1281 4411 praefato
1313 4358 1435 4411 rege
1462 4345 1680 4398 Karolo.

502 4466 730 4537 Scripsit
787 4475 1240 4538 praememoratus
1295 4468 1530 4523 domnus
1567 4468 1911 4534 lHincmarus
1972 4471 2039 4525 ad

435 4559 690 4616 eumdem
722 4576 908 4634 regem
931 4561 1183 4618 Karolum
1217 4561 1485 4630 libellum,
1509 4577 1576 4616 ex
1596 4561 1777 4618 sacris
1794 4563 2041 4634 Scriptu-

434 4647 506 4702 ris
535 4655 590 4702 et
617 4648 1013 4705 catholicorum
1048 4649 1212 4704 dictis
1245 4649 1560 4718 collectum,
1591 4666 1656 4705 ac
1690 4649 1924 4708 triformi
1954 4650 2038 4706 di-

430 4744 681 4816 gestione
727 4745 1064 4812 distinctum,
1123 4745 1336 4800 scilicet
1377 4745 1446 4800 de
1500 4760 1736 4816 persona
1783 4744 1931 4818 regis
1985 4752 2041 4800 et

433 4838 586 4912 regio
617 4836 926 4893 ministerio
959 4837 1014 4892 in
1047 4853 1211 4893 causa
1237 4837 1580 4909 reipublicae,
1606 4844 1660 4892 et
1688 4853 1810 4907 quae
1841 4837 2043 4892 debeat

433 4942 552 4982 esse
596 4926 855 4981 discretio
881 4926 942 4982 in
995 4925 1394 4992 misericordia,
1423 4932 1477 4980 et
1533 4926 1602 4980 de
1650 4925 1862 4981 ultione
1913 4941 2040 4996 spe-

432 5021 655 5077 cialium
687 5037 1068 5092 personarum,
1097 5037 1262 5091 quem
1294 5020 1562 5077 conclusit
1583 5020 1638 5075 in
1669 5020 1926 5091 capitulis
1950 5020 2037 5075 33.

434 5112 638 5169 Scribit
671 5113 837 5168 etiam
895 5114 964 5168 ad
1025 5112 1310 5184 praefatum
1375 5127 1562 5187 regem
1624 5111 2039 5168 instructionem

433 5204 779 5260 utilissimam
821 5205 880 5275 (2’.
914 5205 968 5259 7.
1005 5206 1160 5275 epist.
1219 5203 1365 5272 126),
1393 5204 1462 5259 de
1510 5203 1771 5259 cavendis
1795 5201 1963 5269 vitiis,
1989 5208 2044 5257 et

436 5296 507 5350 de
547 5296 872 5352 exercendis
899 5296 1214 5364 virtutibus,
1254 5296 1478 5351 mittens
1507 5296 1557 5350 ei
1600 5295 1802 5366 pariter
1835 5293 2044 5364 episto-

435 5382 543 5439 lam
600 5384 750 5440 beati
807 5385 1053 5458 Gregorii
1106 5386 1174 5441 ad
1222 5385 1560 5440 Recaredum
1611 5381 2041 5454 Wisigothorum

437 5492 646 5550 regem.
682 5478 815 5531 ltem
841 5477 1035 5533 scribit
1055 5478 1123 5532 ad
1152 5477 1412 5533 eumdem
1441 5491 1626 5548 regem
1657 5474 2042 5532 collectionem

437 5571 732 5642 quamdam
789 5570 1080 5625 multarum
1130 5567 1507 5625 auctoritatum
1561 5567 1631 5622 de
1688 5566 1939 5623 ecclesiis
1991 5573 2046 5622 et

442 5662 692 5733 capellis,
731 5669 919 5719 contra
949 5661 1371 5734 dispositionem
1413 5658 1699 5717 Prudentii
1737 5657 2044 5714 Trecassini

2138 3133 2193 3180 et
2217 3125 2619 3180 Karlomannus
2636 3137 2760 3177 cum
2793 3119 3056 3174 fidelibus
3079 3117 3227 3192 regis
3257 3116 3325 3170 ad
3349 3123 3556 3186 patrem
3587 3130 3749 3168 suum

2133 3220 2412 3286 pergeret,
2444 3219 2499 3267 et
2537 3211 2791 3281 placitum
2845 3223 2969 3262 cum
3002 3221 3070 3261 eo
3102 3205 3325 3269 faceret,
3356 3203 3442 3258 vel
3473 3219 3641 3257 sanus
3680 3203 3750 3256 ad

2138 3318 2268 3358 suos
2298 3301 2519 3356 rediret.
2546 3299 2826 3369 Susceptis
2853 3306 3039 3352 autem
3069 3294 3252 3349 missis
3278 3293 3448 3366 regis,
3480 3291 3632 3346 misit
3660 3291 3750 3344 lit-

2135 3403 2280 3451 teras
2329 3393 2398 3447 ad
2450 3392 2895 3451 Karlomannum,
2957 3395 3019 3443 ut
3055 3386 3271 3442 veniret
3317 3384 3437 3452 ejus
3463 3383 3533 3437 ad
3576 3381 3753 3438 collo-

2135 3486 2346 3558 quium,
2382 3484 2670 3539 auditurus
2697 3481 2774 3536 ibi
2808 3480 2942 3552 quid
2973 3494 3068 3534 rex
3098 3477 3420 3532 mandaret:
3457 3473 3553 3528 ubi
3585 3473 3751 3527 etiam

2137 3578 2329 3633 ﬁdeles
2356 3576 2500 3649 regis
2541 3573 2886 3638 convocavit,
2929 3577 2991 3627 ut
3019 3569 3098 3624 ibi
3144 3569 3293 3640 quod
3343 3582 3433 3621 rex
3463 3565 3754 3620 mandaret

2138 3667 2208 3721 de
2239 3681 2374 3737 pace
2401 3663 2652 3719 stabilire
2679 3667 2930 3732 possent,
2963 3673 3238 3734 agereque
3267 3660 3560 3711 certarent.
3595 3652 3751 3718 Quod

2138 3763 2194 3811 et
2220 3762 2352 3810 tunc
2393 3752 2617 3824 quidem
2649 3750 2852 3804 factum
2877 3755 2980 3802 est.
3025 3746 3130 3802 Sed
3163 3761 3256 3800 rex
3287 3743 3544 3799 eumdem
3576 3740 3751 3796 lilium

2138 3863 2297 3904 suum
2327 3861 2451 3901 cum
2481 3843 2598 3899 suis
2641 3848 2835 3914 postea
2873 3836 3337 3895 excommunicari
3369 3835 3500 3891 fecit
3526 3835 3597 3889 ab
3627 3834 3750 3904 epi-

2137 3935 2321 4008 scopis
2359 3935 2530 3990 totius
2574 3931 2753 4004 regni,
2783 3943 2882 4000 pro
2929 3926 3088 3982 malis
3119 3942 3241 3996 quas
3287 3923 3606 3994 relinquere
3651 3937 3754 3977 no-

2139 4026 2304 4088 lebat,
2335 4024 2566 4094 insuper
2587 4028 2640 4076 et
2663 4017 3122 4088 comprehensum
3145 4013 3322 4069 oculis
3343 4011 3547 4083 privari
3562 4010 3750 4080 jussit.

2140 4120 2348 4173 Domno
2376 4129 2506 4170 vero
2535 4113 2827 4167 Hincmaro
2877 4123 2971 4163 rex
2999 4107 3145 4161 idem
3179 4120 3290 4161 non
3320 4103 3500 4158 solum
3545 4102 3616 4156 de
3659 4117 3750 4156 re-

2140 4208 2244 4262 bus
2273 4203 2683 4268 ecclesiasticis,
2714 4199 2813 4254 sed
2842 4207 2898 4253 et
2935 4197 3005 4252 de
3033 4195 3242 4267 populo
3276 4195 3330 4248 in
3363 4194 3576 4247 hostem
3609 4207 3748 4247 con-

2138 4297 2406 4362 vocando,
2436 4301 2496 4349 ut
2525 4294 2647 4364 ipse
2701 4293 2804 4347 hoc
2833 4295 3041 4363 ageret,
3097 4287 3360 4342 mandare
3397 4283 3614 4339 solebat
3645 4300 3658 4336 :
3701 4289 3755 4336 et

2142 4391 2262 4462 ipse
2290 4393 2517 4458 accepto
2549 4384 2696 4459 regis
2726 4382 2985 4438 mandato
3004 4388 3114 4436 tam
3145 4378 3436 4450 episcopos
3464 4391 3628 4448 quam
3660 4390 3756 4430 co-

2142 4480 2304 4534 mites
2323 4489 2629 4533 convocare
2657 4472 2854 4528 solitus
2865 4477 3000 4526 erat.

2213 4571 2287 4625 De
2331 4571 2433 4624 hoc
2465 4581 2593 4642 rege
2624 4564 2818 4620 Karolo
2860 4563 2916 4616 in
2957 4561 3173 4617 visione
3205 4557 3464 4613 Bernoldi
3521 4555 3758 4611 redivivi

2140 4664 2230 4734 (de
2274 4678 2383 4734 qua
2438 4658 2698 4730 superius
2750 4657 2816 4726 [c.
2877 4655 2928 4726 3]
2984 4651 3169 4724 aliqua
3220 4651 3333 4721 jam
3391 4648 3759 4716 narravimus)

2143 4752 2268 4808 talia
2298 4750 2613 4805 referuntur
2648 4746 2786 4802 visa.
2828 4743 2989 4799 Venit
3019 4743 3074 4796 in
3105 4740 3400 4812 quemdam
3455 4739 3638 4794 locum
3671 4743 3760 4792 te-

2142 4839 2460 4905 nebrosum,
2493 4836 2562 4892 ad
2600 4849 2763 4908 quem
2796 4850 2862 4889 ex
2899 4832 3006 4888 alia
3036 4837 3187 4902 parte
3229 4830 3320 4884 lux
3361 4825 3763 4897 resplendebat

2142 4933 2212 4987 de
2237 4930 2420 4987 vicino
2459 4930 2583 4984 loco
2615 4927 2751 4982 satis
2778 4924 3144 4990 lucidissime,
3176 4932 3232 4977 et
3261 4919 3631 4993 pulcherrime
3658 4921 3766 4976 ﬂo-

2144 5025 2264 5080 rido
2321 5039 2384 5079 ac
2410 5020 2710 5087 odorifero,
2772 5018 2964 5089 ibique
2989 5017 3175 5085 jacere
3231 5013 3370 5068 vidit
3394 5014 3544 5068 hunc
3570 5029 3762 5086 regem

2144 5113 2398 5169 Karolum
2423 5111 2478 5165 in
2505 5110 2622 5166 luto
2653 5125 2719 5164 ex
2745 5107 2901 5163 sanie
2927 5106 3100 5177 ipsius
3130 5102 3460 5175 putredinis,
3496 5109 3548 5156 et
3579 5118 3612 5155 a
3631 5117 3763 5156 ver-

2144 5206 2328 5261 mibus
2357 5203 2471 5270 edi,
2513 5202 2609 5273 qui
2633 5217 2853 5256 carnem
2901 5198 3078 5270 ipsius
3107 5211 3328 5252 omnem
3353 5195 3465 5263 jam
3497 5209 3639 5264 pene
3667 5209 3768 5248 as-

2143 5298 2512 5366 sumpserant,
2561 5297 2615 5345 et
2671 5304 2780 5344 non
2838 5287 3140 5358 apparebat
3197 5286 3252 5340 in
3309 5298 3538 5354 corpore
3582 5283 3771 5354 ipsius

2144 5387 2315 5454 aliud,
2362 5385 2470 5440 nisi
2505 5382 2658 5439 nervi
2693 5391 2748 5436 et
2792 5396 2935 5436 ossa.
2988 5379 3089 5443 Qui
3141 5393 3343 5433 vocans
3375 5377 3521 5431 hunc
3562 5391 3629 5430 ex
3661 5391 3771 5430 no-

2144 5477 2292 5530 mine
2330 5473 2468 5528 dixit
2497 5490 2509 5525 :
2564 5471 2738 5536 Quare
2789 5485 2876 5523 me
2907 5483 3018 5524 non
3048 5466 3277 5536 adjuvas
3305 5465 3333 5518 ?
3390 5465 3486 5519 Cui
3519 5480 3770 5535 respon-

2145 5564 2265 5618 dit:
2314 5561 2566 5627 Domine,
2625 5559 2903 5631 quomodo
2942 5573 3040 5613 vos
3079 5571 3300 5628 possum
3357 5553 3668 5622 adjuvare?
3707 5567 3772 5610 et

2147 5656 2241 5713 ille
2270 5672 2282 5710 :
2314 5653 2553 5721 Prende,
2585 5651 2682 5719 ait,
2714 5651 2862 5707 illam
2889 5657 3122 5721 petram,
3151 5663 3276 5720 quae
3306 5648 3455 5714 iuxta
3485 5653 3536 5701 te
3567 5656 3673 5712 est,
3705 5655 3773 5700 et
