4010 6162
287 248 399 305 193

930 245 1256 301 HISTORUE
1296 243 1622 299 ECCLESUE
1661 243 1987 300 REMENSIS
2029 243 2204 298 LIBRI
2247 243 2572 308 QUATUOR.
2613 274 2684 285 —
2725 244 2848 300 LIB.
2894 247 2986 301 Ill.

3513 244 3618 298 194

290 397 442 456 pone
491 379 642 434 illam
690 378 792 433 sub
841 378 1024 449 capite
1067 392 1210 433 meo.
1259 377 1376 443 Quo
1430 378 1596 442 facto,
1649 376 1786 432 dixit
1840 377 1909 430 ad
1927 383 1979 448 Α
2008 391 2206 432 vocare
2233 375 2479 449 gestiens
2513 377 2708 442 ;item,
2740 376 2810 432 de
2839 377 3117 433 missatico
3139 376 3429 448 suo,quod
3460 392 3620 432 exse-

293 472 554 528 eumdem
587 470 772 525 :Vade
827 470 894 524 ad
955 470 1306 525 Hincmarum
1359 469 1706 540 episcopum,
1737 475 1792 522 et
1820 467 1911 522 dic

289 565 342 619 ei
370 563 502 635 quia
533 562 683 616 illius
711 570 766 616 et
804 562 1038 617 aliorum
1086 559 1252 615 fidem
1319 575 1562 616 meorum
1597 559 1744 614 bona
1773 574 1910 614 con-

289 653 417 707 silia
441 667 554 706 non
583 649 869 718 obaudivi,
901 650 1028 705 ideo
1080 649 1182 704 ista
1243 664 1366 720 quae
1419 649 1572 704 vides
1603 663 1702 719 pro
1731 649 1911 718 culpis

289 744 433 800 meis
450 743 724 808 sustineo,
768 749 824 796 et
853 742 942 796 die
993 741 1072 795 illi
1123 741 1254 812 quia
1282 757 1502 811 semper
1535 741 1589 794 in
1620 740 1714 796 illo
1761 739 1906 795 ﬁdu-

288 837 433 890 ciam
477 835 670 901 habui,
698 842 759 888 ut
797 849 886 888 me
924 834 1175 902 adjuvet,
1230 839 1505 903 quatenus
1529 833 1598 887 de
1621 833 1724 887 ista
1748 847 1910 903 poena

291 928 398 982 sim
433 927 731 994 liberatus,
749 933 804 981 et
825 942 924 996 per
947 941 1146 981 omnes
1166 927 1262 997 qui
1287 926 1423 980 mihi
1451 925 1673 981 fuerunt
1695 925 1907 990 ﬁdeles,

287 1036 354 1075 ex
389 1036 516 1075 mea
545 1026 699 1090 parte
727 1020 968 1090 postulet
998 1026 1058 1074 ut
1079 1035 1168 1073 me
1195 1018 1461 1086 adiuvent
1492 1037 1506 1084 ;
1540 1019 1671 1090 quia
1702 1018 1747 1072 si
1781 1017 1909 1071 inde

288 1115 578 1163 certamen
609 1107 930 1173 habuerint,
962 1108 1074 1164 cito
1111 1107 1180 1162 de
1198 1107 1481 1176 istapmna
1504 1123 1598 1162 ero
1619 1107 1906 1160 liberatus.

289 1197 538 1270 Cumque
568 1198 963 1271 interregasset
1031 1213 1180 1261 eum,
1236 1197 1360 1268 quis
1414 1197 1566 1250 locus
1593 1203 1739 1249 esset
1765 1194 1910 1248 unde

287 1291 382 1346 illa
411 1292 504 1345 lux
543 1289 959 1361 resplendebat,
1021 1289 1234 1344 audivit
1287 1297 1601 1343 sanctorum
1662 1302 1781 1342 esse
1814 1302 1908 1339 re-

290 1383 481 1454 quiem
517 1400 532 1448 ;
569 1390 910 1452 conatusque
961 1381 1191 1451 propius
1227 1379 1514 1441 accedere,
1546 1379 1681 1433 vidit
1707 1387 1911 1432 tantam

288 1475 619 1538 claritatem,
653 1474 937 1544 sensitque
995 1473 1342 1537 suavitatem,
1396 1479 1716 1541 tantumque
1747 1470 1914 1524 deco-

290 1579 406 1618 rem
431 1563 498 1634 [j,
528 1561 829 1630 dulcorem]
860 1567 1127 1631 quantum
1165 1561 1406 1616 humana
1436 1573 1546 1613 non
1579 1563 1761 1628 potest
1783 1557 1911 1610 edi-

287 1671 417 1710 cere
449 1656 661 1728 lingua.
697 1653 951 1724 Viditque
983 1652 1120 1706 inibi
1173 1651 1591 1707 multitudinem
1623 1649 1908 1704 hominum

289 1743 498 1798 diversi
529 1741 744 1797 ordinis
801 1741 854 1793 in
909 1740 1050 1794 albis
1106 1740 1354 1795 vestibus
1409 1739 1821 1802 collmtantium,
1857 1747 1911 1792 et

2010 475 2168 523 cutus
2187 475 2272 522 est
2301 468 2448 538 apud
2498 467 2811 523 Lotharium
2861 469 3271 540 imperatorem,
3304 475 3360 524 et
3385 469 3621 524 Ludovi-

2009 575 2133 614 cum
2177 559 2701 623 Transrhenensem,
2752 558 2950 614 fratres
3023 560 3200 631 ipsius
3257 559 3457 622 Karoli,
3519 574 3619 629 pro

2011 658 2171 720 pacto
2201 650 2352 721 pacis
2378 650 2524 704 inter
2555 650 2779 705 eosdem
2827 657 2936 704 tres
2960 649 3158 706 fratres
3189 651 3576 722 componendo
3601 669 3616 716 ;

2010 739 2138 794 item
2169 740 2330 794 aliam
2363 738 2652 810 epistolam
2693 738 2762 795 de
2789 737 2983 792 eadem
3016 755 3096 805 re,
3129 739 3185 792 in
3228 755 3336 810 qua
3365 740 3619 795 eumdem

2011 848 2197 904 regem
2229 832 2483 887 Karolum
2517 823 2790 896 instruxit,
2825 831 3061 903 qualiter
3090 847 3252 906 agere
3284 849 3413 904 erga
3427 833 3620 890 fratres

2011 940 2140 981 suos
2152 925 2662 996 deberetsimulque
2687 925 2757 978 de
2781 923 3103 995 receptione
3121 925 3204 979 vel
3223 925 3518 994 rejectione
3533 942 3624 981 eo-

2011 1030 2154 1076 rum,
2174 1014 2243 1069 de
2270 1011 3041 1085 quibusratioventilabatur;
3066 1013 3194 1067 item
3251 1014 3320 1068 de
3341 1030 3503 1069 causa
3526 1015 3622 1070 Lo-

2012 1105 2174 1159 tharii
2192 1105 2725 1175 imperatorisfratris
2738 1105 3178 1178 ipsius,qualiter
3191 1105 3624 1161 Romaehabeba—

2013 1205 2119 1259 tur,
2152 1204 2203 1250 et
2221 1197 2441 1267 quando
2454 1204 2718 1253 venturus
2730 1205 2874 1254 esset
2895 1198 2949 1252 in
2981 1198 3111 1253 istas
3122 1197 3622 1268 partes.lnstruens

2013 1285 2178 1339 etiam
2212 1287 2357 1339 hunc
2389 1302 2598 1360 regem,
2633 1287 2852 1357 qualem
2884 1303 2943 1342 se
2975 1297 3082 1342 tam
3115 1302 3297 1342 coram
3330 1287 3442 1342 Deo
3459 1303 3622 1358 quam

2015 1376 2180 1429 etiam
2234 1392 2417 1430 coram
2468 1378 2792 1433 hominibus
2844 1379 3108 1434 exhibere
3167 1379 3415 1434 deberet.
3471 1379 3625 1433 Unde

2015 1468 2261 1538 reginam
2291 1484 2512 1540 quoque
2561 1471 2846 1537 admonet,
2885 1479 2945 1525 ut
2991 1487 3174 1543 regem
3224 1473 3291 1525 ad
3337 1471 3658 1527 honestam’

2015 1563 2068 1610 et
2101 1557 2213 1628 regi
2239 1571 2533 1628 congruam
2556 1559 2773 1612 studeat
2811 1560 3083 1614 exhortari
3119 1561 3626 1626 conversationem;

2017 1647 2168 1710 item,
2234 1648 2303 1702 de
2329 1649 2582 1703 militaris
2639 1650 2716 1703 rei
2774 1651 3158 1721 dispositione,
3217 1667 3315 1721 pro
3363 1652 3626 1707 solvenda

3218 1699 3311 1721 ,ην
3364 1699 3626 1707 παν-ηπ

1943 1699 1988 1764 Β
2016 1739 2360 1793 Belvacensis
2390 1739 2545 1793 urbis
2575 1741 2890 1808 obsidione,
2923 1743 2977 1796 in
3000 1759 3110 1813 qua
3136 1743 3427 1815 designare
3467 1759 3628 1798 cura-

289 1831 545 1903 quzedam
578 1830 774 1884 sedilia
796 1829 997 1894 lucida,
1035 1830 1087 1883 in
1118 1830 1324 1900 quibus
1358 1843 1523 1883 nemo
1554 1827 1734 1882 adhuc
1750 1827 1914 1881 sede-
2011 1827 2108 1887 vit,
2140 1827 2376 1898 qualiter
2424 1827 2720 1882 Ecclesiam
2779 1829 2885 1882 sibi
2953 1830 3300 1885 commissam
3345 1838 3622 1898 tractaret,

291 1919 385 1974 bat
405 1935 598 1974 eorum
627 1919 832 1989 quibus
863 1926 1170 1989 praeparata
1193 1927 1370 1972 erant.
1404 1918 1465 1971 Et
1497 1916 1552 1970 in
1585 1917 1679 1971 illo
1713 1915 1913 1969 itinere

295 2013 582 2082 ingressus
610 2021 692 2065 est
714 2010 1004 2065 ecclesiam
1060 2009 1377 2080 quamdam,
1413 2009 1466 2063 in
1513 2025 1620 2079 qua
1644 2006 1914 2077 reperisse

293 2104 471 2158 visum
497 2103 603 2156 sibi
636 2111 719 2157 est
775 2103 1127 2157 Hincmarum
1152 2102 1495 2172 episcopum,
1552 2108 1913 2168 praeparatum

294 2212 419 2250 cum
463 2195 683 2249 clericis
715 2195 990 2249 revestitis
1012 2201 1070 2248 ut
1099 2193 1320 2247 missam
1354 2193 1666 2248 celebraret
1702 2211 1716 2258 ;
1750 2193 1917 2248 dixit-

296 2304 403 2360 que
437 2287 517 2342 illi
560 2287 662 2341 hoc
695 2283 843 2356 quod
893 2283 1119 2338 Karolus
1147 2283 1270 2351 ejus
1321 2283 1690 2337 mandaverat.
1727 2283 1916 2336 Statim

296 2395 587 2453 regressus
627 2377 693 2431 ad
737 2377 916 2430 locum
969 2375 1062 2429 ubi
1116 2374 1373 2429 eumdem
1427 2390 1611 2445 regem
1638 2375 1915 2442 jacentem

296 2469 534 2532 viderat,
566 2466 780 2520 invenit
807 2481 933 2519 eum
968 2466 1024 2518 in
1060 2465 1178 2520 loco
1217 2463 1400 2518 lucido
1431 2479 1626 2518 sanum
1660 2479 1914 2534 corpore,

296 2567 349 2614 et
384 2561 643 2615 indutum
703 2559 870 2634 regiis
916 2559 1186 2623 vestibus,
1247 2557 1497 2628 dixitque
1557 2557 1633 2610 illi
1683 2575 1695 2610 :
1752 2557 1917 2611 Vides

299 2649 582 2720 quomodo
621 2665 709 2703 me
757 2649 966 2717 adjuvit
999 2656 1123 2702 tuus
1174 2647 1486 2701 missaticus
1534 2645 1561 2698 ?
1591 2654 1646 2700 et
1695 2653 1914 2700 caetera.

301 2739 472 2802 Quam
500 2738 771 2792 visionem
790 2737 1030 2791 domnus
1055 2735 1379 2789 Hincmarus
1409 2735 1516 2788 sibi
1558 2736 1785 2789 relatam
1819 2735 1920 2788 de-

298 2829 573 2894 scribens,
601 2836 655 2882 et
677 2844 776 2898 per
820 2827 937 2881 loca
975 2825 1071 2880 ubi
1129 2839 1356 2879 necesse
1388 2824 1565 2878 visum
1604 2832 1687 2878 est
1749 2839 1922 2895 expo-

301 2937 460 2985 nens,
493 2920 562 2974 ad
594 2921 889 2974 multorum
933 2917 1183 2973 notitiam
1216 2914 1506 2987 pervenire
1540 2915 1689 2980 fecit,
1727 2923 1782 2970 et
1815 2924 1920 2970 tam

301 3025 399 3079 per
417 3025 480 3063 se
505 3025 673 3080 quam
705 3025 803 3079 per
862 3008 1000 3063 alios
1029 3007 1172 3080 regis
1203 3005 1384 3060 fidelis
1413 3004 1518 3060 sibi
1545 3019 1764 3076 quoque
1781 3005 1917 3058 sub-

293 3102 497 3169 jectos,
529 3116 630 3171 pro
658 3100 834 3172 ipsius
855 3099 1204 3155 absolutione
1225 3098 1444 3160 animae,
1473 3106 1529 3152 et
1557 3095 1917 3167 adipiscenda
1945 3065 1994 3134 Ε

300 3194 517 3264 requie,
540 3193 628 3262 pie
661 3192 1012 3264 fideliterque
1046 3191 1340 3246 laboravit.

371 3282 526 3335 [dem
555 3297 684 3335 vero
711 3280 912 3351 praasul
943 3280 1012 3334 de
1060 3279 1250 3333 multis
1292 3279 1407 3352 regi
1459 3277 1790 3333 necessariis
1812 3292 1917 3332 sae-

299 3375 532 3445 pissime
559 3373 910 3446 suggerebat.
975 3374 1123 3426 lnter
1152 3387 1274 3442 quae
1333 3369 1528 3425 scribit
1557 3369 1626 3424 ad
1655 3385 1781 3424 eum
1817 3385 1914 3439 pro

298 3464 576 3518 electione
617 3462 966 3517 Belvacensis
1020 3460 1292 3532 epise0pi,
1323 3469 1447 3530 post
1483 3459 1696 3514 obitum
1730 3458 1918 3513 Hilde-

300 3556 490 3610 manni
525 3555 774 3626 praesulis
796 3554 970 3624 ipsius
1000 3553 1173 3607 urbis.
1209 3553 1268 3606 ln
1309 3568 1418 3623 qua
1449 3551 1685 3623 epistola
1731 3565 1916 3623 regem

297 3645 486 3699 studet
516 3660 548 3697 a
603 3642 914 3698 Simoniaca
971 3641 1168 3696 haeresi
1226 3655 1602 3712 compescere,
1663 3654 1920 3694 asserens

298 3734 410 3788 sibi
433 3733 612 3788 multo
659 3731 952 3786 amabilius
980 3747 1100 3786 esse
1132 3731 1294 3785 istum
1324 3731 1702 3801 episc0patum
1718 3743 1920 3783 secun-

296 3829 432 3882 dum
465 3825 729 3881 saculum
786 3824 1083 3889 dimittere,
1142 3839 1306 3895 quam
1371 3822 1696 3893 episcopum
1730 3827 1921 3877 contra

297 3919 627 3975 canonicam
658 3915 1062 3971 institutionem
1081 3929 1191 3970 non
1237 3921 1345 3968 tam
1372 3913 1733 3978 benedicere,
1756 3926 1918 3982 quam

300 4017 511 4064 aeterna
541 4023 727 4063 secum
787 4005 1175 4062 maledictione
1221 4003 1555 4059 maledicere
1589 4020 1604 4069 ;
1640 4003 1791 4067 item,
1822 4017 1921 4072 pro

299 4099 465 4160 cella.
504 4098 593 4152 vel
632 4095 970 4152 monasterio
1011 4093 1284 4160 Flaviaco,
1317 4092 1466 4164 quod
1492 4091 1638 4146 idem
1668 4107 1761 4146 rex
1789 4090 1918 4155 sibi,

303 4188 436 4242 dum
469 4187 528 4240 in
553 4186 729 4257 ipsius
759 4192 887 4240 ante
917 4184 1296 4254 episcOpatum
1327 4188 1637 4236 moraretur
1670 4178 1919 4241 servitio,

305 4279 630 4342 donaverat,
674 4281 731 4330 et
751 4281 810 4328 ut
842 4274 898 4327 in
924 4272 1034 4327 vita
1063 4287 1162 4326 sua
1207 4270 1343 4325 illud
1375 4275 1612 4331 teneret,
1645 4275 1922 4339 praecepto

304 4369 750 4432 contirmaverat,
797 4364 1060 4437 quodque
1084 4379 1114 4417 a
1147 4363 1386 4434 quodam
1420 4361 1675 4416 invasere
1707 4360 1924 4414 destru-

2015 1917 2416 1972 ecclesiasticas
2473 1917 2686 1973 scilicet
2734 1919 2983 1974 actiones
3042 1937 3140 1991 per
3168 1923 3625 1978 monasteriorum

2017 2007 2364 2076 przepositos,
2413 2013 2467 2060 et
2508 2007 3038 2080 archipresbyteros,
3071 2025 3256 2065 curam
3289 2010 3541 2065 villarum
3565 2027 3628 2065 ac

2017 2094 2402 2165 dispositionis
2459 2085 2675 2163 domus,
2741 2097 3123 2172 regaliumque
3177 2101 3522 2156 servitiorum
3578 2108 3632 2155 et

2019 2188 2317 2256 hospitum,
2349 2189 2718 2258 querclasque
2775 2189 3130 2246 clamantium
3160 2193 3244 2248 vel
3271 2194 3633 2265 interpellan-

2020 2275 2178 2336 tium,
2205 2292 2304 2346 per
2330 2275 2686 2333 ﬁdelissimos
2731 2277 2902 2334 laicos
2931 2298 2946 2344 ;
2974 2280 3126 2346 item,
3182 2281 3250 2336 de
3303 2282 3499 2338 itinere
3563 2285 3631 2338 ad

2019 2364 2362 2432 superiorem
2411 2365 2714 2430 Franciam,
2757 2367 2991 2438 qualiter
3020 2369 3369 2439 disponatur,
3403 2378 3457 2426 et
3496 2388 3638 2444 quo-

2019 2455 2182 2509 modo
2212 2471 2440 2527 regnum
2473 2457 2617 2511 istud
2650 2458 2960 2514 ordinatum
2995 2460 3300 2516 dimittatur
3331 2480 3346 2527 ;
3380 2463 3534 2533 item,
3566 2465 3635 2519 de

2019 2546 2230 2615 synodo
2252 2563 2413 2616 quam
2445 2548 2803 2619 pnecipiebat
2857 2567 2950 2605 rex
2981 2553 3270 2608 convocari
3303 2554 3444 2609 infra
3469 2572 3634 2625 paro-

2019 2634 2196 2688 chiam
2226 2635 2574 2696 Remensem.
2637 2639 2938 2694 ostendens
2960 2640 3172 2711 auibus
3201 2657 3265 2696 ex
3295 2643 3476 2698 causis
3496 2660 3633 2700 con-

2021 2724 2201 2777 vocari
2234 2723 2436 2779 debeat
2459 2727 2720 2796 synodus,
2755 2734 2807 2782 et
2852 2729 2919 2782 de
2961 2729 3086 2783 aliis
3114 2730 3452 2801 quibusdam
3479 2734 3635 2788 utili-

2024 2812 2128 2866 bus
2153 2814 2318 2868 rebus
2351 2833 2364 2868 :
2391 2816 2518 2871 item
2551 2817 2619 2870 de
2650 2833 2815 2872 causa
2847 2817 3324 2873 Hilduiniabbatis
3346 2819 3587 2877 defuncti
3618 2843 3632 2890 ;

2024 2905 2177 2971 item,
2207 2906 2276 2960 de
2331 2923 2498 2963 causa
2556 2907 2781 2962 Gerardi
2839 2909 3098 2976 comitis;
3141 2909 3293 2977 item,
3348 2909 3417 2964 de
3473 2925 3634 2964 causa

2025 2997 2285 3052 Ludovici
2313 2999 2458 3072 regis
2511 3000 2816 3054 Germania:
2864 2999 3044 3056 fratris
3101 3001 3348 3069 ejusdem
3410 3000 3636 3065 Karoli;

2020 3084 2170 3148 item,
2207 3086 2274 3140 de
2306 3102 2473 3141 causa
2504 3087 2745 3143 Lotliarii
2779 3089 2926 3161 regis
2985 3089 3172 3157 Italiae,
3197 3090 3418 3160 nepotis
3463 3090 3638 3161 ipsius

2018 3173 2196 3228 Karoli
2227 3192 2239 3236 ;
2270 3174 2421 3239 item,
2454 3176 2522 3229 de
2553 3191 2720 3246 Opera
2769 3178 2972 3247 pontis,
3029 3195 3190 3248 quem
3226 3195 3316 3231 rex
3357 3195 3478 3233 cum
3516 3179 3636 3249 ipso

2018 3280 2079 3318 ac
2109 3266 2323 3320 czeteris
2354 3267 2635 3321 nonnullis
2663 3267 2926 3322 fidelibus
2956 3269 3071 3322 suis
3100 3270 3336 3324 faciebat
3370 3271 3438 3323 ad
3463 3269 3636 3324 Pistas

2023 3357 2078 3410 in
2105 3356 2392 3428 Sequana;
2428 3357 2579 3421 item,
2618 3357 2688 3411 de
2733 3374 2899 3412 causa
2951 3359 3222 3413 Hincmari
3254 3361 3472 3430 nepotis
3517 3359 3626 3425 sui,

2020 3448 2224 3503 montis
2257 3448 2503 3502 Lauduni
2564 3449 2836 3520 episc0pi,
2896 3450 3084 3520 plures
3123 3451 3314 3504 scribit
3352 3450 3636 3520 epistolas,

2022 3552 2122 3608 pro
2144 3553 2254 3608 quo
2309 3538 2540 3592 multum
2600 3537 2746 3608 apud
2792 3539 3050 3592 eumdem
3104 3554 3286 3612 regem
3319 3538 3636 3604 laboravit;

2021 3628 2260 3695 item,de
2292 3627 2608 3684 infirmitate
2640 3645 2760 3695 sua,
2821 3637 2874 3683 et
2926 3629 2995 3683 de
3049 3630 3360 3704 peregrinis
3391 3631 3633 3702 quibus-

2021 3721 2145 3774 dam
2179 3721 2465 3775 monachis
2517 3721 2890 3790 suscipiendis
2922 3739 2936 3784 ;
2963 3721 3112 3785 item,
3165 3722 3232 3774 de
3268 3721 3432 3775 rebus
3461 3723 3637 3775 sancti

2023 3809 2256 3882 Remigii
2287 3811 2408 3863 sitis
2439 3810 2493 3862 in
2518 3808 2800 3878 provincia
2841 3809 3164 3873 Viennensi,
3227 3807 3311 3861 vel
3341 3808 3584 3877 Aquensi
3620 3825 3634 3872 ;

2024 3901 2173 3966 item,
2208 3901 2275 3953 de
2334 3897 2781 3954 ordinationibus
2829 3898 3191 3968 quorumdam
3252 3897 3636 3967 episcoporum

2023 3991 2476 4046 etnonnullarum
2511 3990 2908 4056 ecclesiarum;
2943 3992 3095 4054 item,
3147 3993 3214 4045 de
3249 3990 3445 4046 itinere
3467 3991 3642 4061 ipsius

2023 4084 2169 4159 regis
2194 4085 2261 4139 ad
2286 4085 2494 4140 Italiam
2546 4093 2666 4156 post
2715 4093 2944 4141 mortem
2979 4085 3197 4156 nepotis
3244 4085 3364 4153 ejus
3391 4085 3639 4154 impera-

2023 4174 2158 4228 toris
2215 4175 2498 4242 Ludovici,
2568 4176 2856 4246 quomodo
2916 4176 3019 4229 iter
3063 4174 3196 4229 illud
3253 4173 3529 4244 disponat,
3589 4181 3643 4228 et

2024 4267 2304 4336 quomodo
2359 4283 2586 4340 regnum
2645 4267 2788 4322 istud
2819 4267 3133 4321 ordinatum
3166 4265 3407 4319 dimittat
3439 4282 3452 4328 ;
3487 4265 3638 4331 item,

2025 4358 2095 4414 de
2115 4359 2517 4430 quaestionibus
2540 4359 2823 4426 cujusdam
2855 4359 3161 4413 Mancionis
3196 4376 3210 4422 ;
3244 4357 3394 4418 item,
3421 4356 3489 4411 de
3516 4357 3641 4410 villa

303 4467 449 4513 ctum
482 4432 838 4518 restruxerat,
870 4463 924 4509 et
963 4432 1314 4524 religionem,
1344 4457 1503 4522 prout
1559 4449 1750 4515 valuit,
1784 4448 1841 4502 in
1862 4432 2002 4503 COD
2028 4453 2350 4518 Novilliaco,
2385 4460 2438 4508 et,
2466 4453 2633 4507 rebus
2664 4451 2732 4506 ad
2788 4452 2959 4522 ipsam
2996 4450 3400 4521 pertinentibus
3435 4467 3448 4513 ;
3482 4449 3636 4510 item,

307 4554 730 4612 restauraverat,
760 4545 906 4618 quod
956 4552 1148 4616 postea
1193 4559 1286 4598 rex
1325 4543 1468 4598 idem
1500 4541 1810 4598 conabatur
1839 4541 1928 4594 in-

303 4647 445 4714 juste
473 4661 506 4699 a
540 4645 666 4712 jure
723 4641 897 4713 ipsius
925 4639 1139 4695 auferre
1174 4657 1188 4704 ;
1230 4638 1382 4701 item,
1423 4652 1520 4708 pro
1561 4636 1801 4707 quodam
1834 4651 1926 4689 re-

309 4737 456 4811 fuga,
491 4736 588 4807 qui
609 4733 901 4807 quamdam
923 4730 1398 4786 sanctimonialem
1414 4728 1524 4782 sibi
1547 4727 1924 4798 c0pulaverat,

309 4844 619 4904 suggerens
650 4826 788 4900 regi,
821 4831 879 4880 ut
907 4841 1032 4879 eum
1065 4821 1465 4894 comprehendi
1493 4819 1722 4884 faceret,
1759 4828 1927 4891 atque

309 4939 404 4977 sua
434 4921 591 4995 regia
621 4925 892 4990 potestate
921 4924 1206 4988 separaret
1254 4915 1324 4969 ab
1355 4915 1459 4968 hoc
1507 4913 1762 4979 crimine,
1797 4912 1927 4984 quia

311 5012 426 5082 ipse
448 5017 732 5080 stuprator
784 5005 1087 5078 episc0pali
1110 5003 1323 5073 judicio
1361 5008 1618 5057 renuerat
1647 5000 1875 5055 obedire
1909 5017 1923 5065 ;

311 5105 460 5171 item,
521 5117 622 5175 pro
674 5116 836 5155 causa
866 5097 1101 5154 Rothadi
1163 5097 1306 5167 [ms..
1337 5093 1618 5164 Rothardi]
1653 5093 1924 5163 episcopi,

309 5209 476 5264 quem
503 5207 596 5245 rex
643 5188 711 5243 ad
753 5203 949 5242 causas
979 5201 1108 5240 suas
1145 5191 1449 5249 vocaverat,
1502 5189 1556 5236 et
1604 5181 1926 5236 advocatum

308 5286 556 5358 dirigere
579 5286 935 5352 prmeeperat,
971 5279 1065 5351 qui
1116 5277 1482 5348 responderet
1521 5281 1711 5331 contra
1741 5274 1928 5329 homi-

308 5391 438 5429 nem
473 5371 770 5444 quemdam
804 5369 979 5440 ipsius
1027 5368 1259 5424 Rothadi
1290 5368 1359 5422 de
1414 5363 1690 5421 beneﬁcio
1731 5364 1926 5434 ipsius,

307 5463 460 5518 unde
486 5462 632 5515 inter
659 5475 757 5516 eos
793 5475 958 5515 causa
1006 5457 1345 5519 versabatur,
1401 5470 1501 5526 pro
1533 5469 1640 5525 qua
1667 5469 1726 5507 re
1756 5451 1931 5506 subti-

309 5552 434 5606 liter
464 5566 528 5604 ac
569 5548 870 5622 diligenter
922 5547 1176 5602 eumdem
1230 5561 1415 5618 regem
1458 5541 1832 5614 reprehendit,
1859 5541 1927 5595 ab

309 5639 415 5694 hac
448 5637 782 5703 intentione,
815 5633 1420 5692 sacrisauctoritatibus
1437 5631 1800 5704 interpositis,
1840 5645 1931 5685 re-

2029 4557 2128 4614 pro
2159 4541 2357 4596 litteris
2382 4541 2640 4595 Ludovici
2664 4539 2812 4610 regis
2841 4539 3023 4593 fratris
3052 4538 3229 4609 ipsius
3250 4537 3461 4603 Karoli,
3503 4553 3642 4608 quas

2029 4631 2106 4684 illi
2162 4646 2261 4702 pro
2310 4630 2543 4693 visione,
2611 4646 2718 4700 qua
2766 4637 2921 4700 pater
2966 4645 3098 4682 suus
3147 4628 3253 4682 sibi
3294 4626 3567 4697 apparuit,
3592 4633 3644 4679 et

2029 4719 2270 4781 miserat,
2298 4735 2528 4790 quarum
2567 4718 2848 4789 exemplar
2897 4715 3399 4771 transmisiteidem
3425 4713 3641 4779 Karolo,

2027 4829 2150 4869 cum
2174 4814 2474 4884 exemplari
2510 4813 2781 4884 epistolae,
2835 4830 2998 4884 quam
3051 4827 3150 4883 pro
3181 4812 3284 4866 hac
3315 4826 3374 4865 re
3403 4810 3508 4881 ipsi
3529 4809 3640 4863 Lu-

2029 4901 2222 4956 dovico
2263 4901 2536 4956 direxerat
2596 4902 2807 4966 ;item,
2873 4916 2973 4971 pro
3031 4915 3197 4956 causa
3240 4898 3482 4953 Waltarii
3540 4897 3642 4951 de-

2029 4991 2224 5056 functi,
2281 4992 2384 5046 viri
2435 4990 2746 5053 clarissimi,
2808 5000 2862 5044 et
2901 4989 2971 5044 de
3028 4989 3268 5061 imagine
3298 4988 3640 5053 Salvatoris;

2029 5087 2182 5151 item,
2216 5101 2316 5156 pro
2362 5100 2526 5139 causa
2584 5083 3058 5148 Laudunensium,
3119 5088 3172 5136 et
3221 5079 3530 5136 ordinando
3561 5078 3643 5133 eis

2031 5173 2292 5247 pontifice
2344 5182 2468 5244 post
2493 5171 2862 5240 dejectionem
2922 5170 3194 5224 Hincmari
3224 5187 3238 5235 ;
3275 5170 3424 5236 item,
3454 5169 3523 5222 de
3547 5184 3642 5223 ea—

2032 5267 2156 5320 dem
2191 5281 2249 5319 re
2280 5264 2472 5328 ;item,
2507 5261 2576 5315 de
2608 5260 2864 5332 passione
2896 5259 3070 5314 sancti
3102 5259 3346 5330 Dionysii
3377 5274 3407 5312 a
3433 5257 3644 5311 Metho-

2032 5359 2124 5414 dio
2156 5354 2766 5426 ConstantinOpolitano
2813 5353 2998 5407 Graece
3043 5351 3268 5418 dictata,
3319 5357 3371 5404 et
3400 5348 3470 5403 ab
3501 5350 3643 5402 Ana-

2031 5451 2219 5517 stasio,
2275 5451 2530 5505 Romana:
2581 5447 2730 5502 sedis
2779 5443 3208 5500 bibliothecario
3266 5441 3455 5496 Latine
3508 5455 3640 5492 con-

2031 5538 2254 5610 scripta,
2287 5545 2343 5594 et
2371 5537 2440 5591 de
2461 5537 2570 5592 vita
2585 5535 2671 5591 vel
2697 5533 2914 5589 actibus
2939 5531 3087 5587 beati
3119 5527 3384 5591 Sanctini,
3417 5533 3473 5579 et
3504 5522 3638 5593 quid

2031 5626 2088 5681 in
2113 5627 2200 5682 his
2233 5623 2509 5683 invenerit
2565 5625 2636 5681 de
2687 5619 3210 5681 commemoratione
3237 5617 3290 5672 S.
3343 5611 3587 5683 Dionysii
3620 5629 3638 5680 ;
