4012 6164
435 245 544 301 195

1552 241 1917 296 FLODOARDI
1961 242 2264 297 CANONlCl
2307 245 2632 300 REMENSIS

3647 253 3742 310 196

428 390 581 457 item,
606 389 676 442 de
717 385 862 440 villis
917 384 1089 438 sancti
1145 383 1376 454 Remigii
1432 385 1487 437 in
1535 383 1768 458 Vosego,
1800 384 2037 456 qualiter
2061 389 2111 456 Α
2138 386 2462 456 petitionem
2486 386 2658 458 ipsius
2685 389 2848 463 regis,
2883 389 2953 444 de
2985 390 3316 461 quibusdam
3349 394 3744 463 quaestionibus

423 491 601 548 usque
656 475 724 530 ad
783 474 834 526 id
895 472 1158 542 temporis
1212 473 1322 526 sint
1375 473 1597 528 habitae.
1651 474 1752 528 Pro
1806 474 2036 529 diversis

423 580 643 636 quoque
676 562 841 616 rebus
885 561 1006 615 aliis
1037 561 1284 616 diversas
1340 561 1407 615 ad
1440 562 1696 616 eumdem
1728 562 1881 617 dedit
1914 563 2034 633 epi-

423 653 612 708 stolas.

1032 719 1241 774 CAPUT
1292 721 1422 774 XIX.

586 795 713 860 Quae
743 792 1010 846 Ludovico
1034 792 1270 860 ejusdem
1284 793 1474 846 Karoli
1491 794 1602 862 ﬁlio
1627 795 1863 862 scripsit.

492 908 648 971 Item,
680 906 748 960 ad
782 905 1112 960 Ludovicum
1145 905 1366 975 (Ludov.
1427 906 1607 976 Balb.)
1642 920 1825 978 regem
1857 903 2029 958 filium

418 995 581 1063 hujus
631 994 830 1059 Karoli,
889 1009 1052 1064 quem
1119 999 1347 1047 unxerat
1376 1000 1430 1047 et
1467 1001 1906 1057 consecraverat,
1961 993 2031 1048 de

416 1083 667 1150 conjecto
721 1082 1046 1136 Normannis
1109 1081 1336 1145 dando;
1369 1081 1520 1145 item,
1571 1083 1640 1135 de
1667 1082 2030 1152 disponendis

415 1175 573 1248 regni
628 1173 976 1238 utilitatibus,
1031 1181 1086 1228 et
1157 1173 1509 1228 ordinatione
1547 1181 1731 1245 .atque
1797 1175 2028 1230 consilio

415 1264 585 1334 patris
633 1263 974 1334 imperatoris
1055 1263 1388 1333 sequendo;
1445 1263 1598 1329 item,
1647 1273 1773 1334 post
1813 1264 2024 1319 obitum

416 1352 665 1420 ejusdem
700 1351 1066 1423 imperatoris,
1100 1351 1169 1405 de
1220 1352 1544 1405 ordinandis
1584 1351 1846 1424 regnisui
1871 1353 2022 1423 prin-

412 1440 593 1510 cipiis,
647 1453 962 1510 preponens
1007 1441 1057 1492 ei
1108 1439 1360 1509 exempla
1390 1439 1861 1509 praedecessorum
1893 1455 2024 1494 suo-

411 1546 555 1598 rum,
579 1540 633 1585 et
663 1531 947 1585 instruens
993 1546 1118 1584 eum
1152 1547 1254 1601 per
1307 1531 1546 1601 capitula
1577 1531 1646 1586 de
1680 1532 1831 1599 justo
1866 1532 2020 1605 regni

411 1623 702 1695 regimine,
734 1629 787 1676 et
809 1623 1018 1677 honore
1071 1629 1272 1677 sanctae
1326 1624 1418 1677 Dei
1478 1623 2024 1682 Ecclesiae.c2eteris—

411 1726 518 1781 que
549 1711 654 1764 sibi
685 1727 748 1764 ac
779 1726 949 1784 regno
1004 1710 1334 1765 necessariis
1380 1712 1584 1778 rebus;
1629 1712 1778 1779 item,
1811 1714 1879 1766 de
1901 1713 2025 1783 qui-

411 1800 643 1855 busdam
676 1799 1167 1869 praesumptoribus
1191 1799 1558 1870 corrigendis,
1588 1807 1641 1854 et
1673 1801 2026 1871 temperanda

412 1879 645 1942 censura
676 1887 1054 1952 correctionis,
1077 1894 1132 1940 et
1154 1887 1278 1940 aliis
1305 1887 1792 1942 commoditatibus
1824 1905 1838 1953 ;
1876 1889 2024 1951 item,

413 1990 482 2028 ne
513 1974 796 2044 quippiam
863 1981 1052 2028 contra
1110 1975 1404 2030 canonicas
1461 1976 1748 2030 moliretur
1787 1977 2024 2049 regulas,

415 2081 516 2120 nec
538 2065 740 2120 alicubi
775 2065 879 2120 hoc
905 2066 1289 2136 episcoporum
1324 2067 1667 2138 praeciperet,
1695 2085 1764 2122 ne
1796 2076 2026 2123 senten-

412 2155 543 2208 tiam
569 2155 809 2208 divinam
862 2155 1165 2208 incurreret
1221 2173 1235 2220 ;
1297 2155 1454 2220 item,
1509 2156 1744 2226 qualiter
1773 2172 2026 2212 commo-

408 2246 591 2300 nuerit
620 2262 685 2300 ex
717 2253 992 2315 prazcepto
1042 2245 1189 2319 regis
1246 2246 1421 2316 ipsius
1453 2248 1737 2320 Hugonem
1781 2248 2020 2304 Lotharii

407 2334 554 2406 regis
614 2332 810 2398 lilium,
842 2349 1010 2402 super
1057 2333 1362 2389 malefactis
1411 2350 1532 2406 quae
1581 2335 1799 2410 agebat,
1849 2345 1903 2390 et
1953 2337 2021 2392 de

406 2426 723 2481 hominibus
776 2425 891 2479 suis
957 2425 1024 2478 ad
1083 2441 1269 2496 regem
1317 2442 1438 2481 cum
1510 2428 1694 2483 hostili
1755 2436 2020 2501 apparatu

406 2515 729 2587 dirigendis.
786 2515 862 2568 Ad
922 2513 1067 2569 filios
1121 2531 1344 2586 quoque
1395 2516 1568 2586 ipsius
1625 2516 1868 2572 defuncti
1928 2533 2020 2572 re-

403 2607 488 2679 gis
514 2606 650 2677 (10),
679 2605 1015 2660 Ludovicum
1046 2613 1101 2659 et
1131 2605 1576 2674 Karlomannum,
1611 2623 1710 2678 pro
1747 2608 2018 2665 electione

406 2695 673 2750 canonica
738 2695 982 2750 ecclesim
1075 2695 1406 2751 Tornacensi
1495 2699 1580 2752 vel
1662 2699 2016 2754 Noviomensi

405 2786 713 2841 obtinenda
789 2794 913 2857 post
999 2785 1209 2842 obitum
1303 2789 1628 2861 Ragenelini
1718 2792 2014 2863 episcopi;

404 2878 555 2944 item,
587 2893 684 2948 pro
715 2877 833 2948 ipsa
859 2877 1128 2932 electione
1175 2879 1288 2947 jam
1345 2880 1507 2948 facta,
1569 2899 1734 2953 quam
1786 2884 2016 2959 indigne

404 2967 643 3020 tulerant
688 2964 756 3018 ab
814 2965 935 3034 ipso
965 2966 1384 3038 archiepiscopo
1439 2968 1610 3025 fuisse
1641 2971 1962 3042 dispositam
1998 2991 2012 3040 ;
2045 2973 2093 3041 C

401 3055 531 3108 item
588 3069 686 3124 pro
737 3054 953 3119 eadem,
1001 3056 1305 3111 ostendens
1353 3057 1590 3128 qualiter
1637 3060 1690 3114 in
1740 3064 2011 3122 electione

406 3147 651 3217 ipsorum
702 3147 1073 3214 consenserit,
1127 3148 1349 3219 quando
1415 3150 1577 3208 electi
1606 3160 1733 3208 sunt
1761 3155 1828 3209 ad
1856 3159 2012 3230 regni

401 3238 776 3309 principatum
801 3247 853 3295 et
879 3256 1001 3310 qua:
1020 3239 1089 3294 ab
1112 3240 1192 3295 eis
1214 3256 1312 3310 pro
1331 3241 1432 3296 hac
1453 3243 1726 3301 electione
1754 3249 2012 3306 mandata

402 3327 713 3398 perceperit
743 3335 797 3382 et
822 3329 985 3399 quale
1022 3329 1092 3384 sit
1141 3331 1509 3388 ministerium
1541 3336 1746 3410 regale,
1771 3346 1825 3393 et
1851 3339 2012 3409 quale

401 3414 740 3485 pontificale,
773 3424 827 3471 et
856 3417 1037 3488 qualis
1079 3419 1371 3492 eligendus
1430 3423 1514 3477 vel
1559 3425 1906 3481 ordinandus
1942 3427 2013 3482 sit

399 3509 714 3580 episc0pus,
745 3519 800 3564 et
819 3511 996 3580 qualis
1017 3511 1348 3583 velqualiter
1369 3531 1479 3570 non
1507 3516 1710 3573 debeat
1738 3519 2009 3588 ordinari,

398 3603 454 3650 et
478 3603 538 3651 ut
557 3597 770 3652 divinas
789 3600 1145 3654 auctoritates
1175 3602 1464 3659 addiscere
1486 3614 1679 3661 curent
1710 3626 1724 3672 ;
1754 3609 2010 3680 item,pro

400 3689 594 3743 eadem
627 3705 704 3757 re,
747 3689 916 3744 sacris
947 3690 1330 3748 demonstrans
1384 3697 1806 3754 auctoritatibus
1845 3717 2011 3771 quam

396 3777 638 3851 graviter
692 3778 746 3832 in
807 3779 976 3834 Deum
1037 3791 1350 3851 peccarent,
1379 3786 1473 3856 qui
1497 3787 1902 3844 ordinationem
1936 3791 2007 3846 il-

395 3870 500 3924 lam
525 3869 714 3924 tandiu
747 3869 968 3925 differre
989 3870 1253 3942 facerent,
1273 3881 1329 3930 et
1351 3876 1418 3932 de
1435 3878 1669 3947 objectis
1689 3881 1796 3936 sibi
1830 3883 2010 3938 aGos-

393 3974 528 4015 seno
573 3976 742 4030 super
772 3959 1030 4016 Ludovici
1088 3965 1233 4035 regis
1283 3967 1455 4035 patris
1514 3985 1702 4025 eorum
1756 3989 2007 4028 assensu.

394 4048 570 4111 Quare
593 4050 915 4122 Ausgardim
981 4070 1207 4109 uxorem
1265 4055 1535 4126 abjectam
1592 4075 1717 4114 eum
1761 4064 2008 4132 recipere

395 4155 505 4194 non
531 4142 798 4212 coegerit,
821 4149 876 4196 et
895 4144 1202 4200 Adelaidim
1231 4147 1300 4200 ab
1336 4163 1403 4202 eo
1436 4149 1658 4204 retineri
1683 4168 1790 4206 non
1821 4157 2008 4223 prohi-

395 4227 600 4292 buerit,
633 4235 688 4282 et
717 4229 786 4283 de
818 4230 1014 4285 litteris
1040 4233 1298 4288 Ludovici
1333 4236 1479 4306 regis
1511 4238 1578 4291 ad
1612 4255 1736 4293 eum
1755 4257 1851 4310 pro
1871 4241 2007 4297 ﬁlio-

391 4336 509 4373 rum
541 4336 766 4375 suorum
810 4323 1161 4391 provectione
1210 4326 1373 4393 datis,
1406 4335 1462 4382 et
1485 4329 1554 4383 de
1613 4332 1888 4387 mandatis
1920 4334 1999 4388 is-

389 4417 568 4464 torum
604 4425 793 4483 regum
844 4411 910 4465 ad
939 4429 999 4467 se
1031 4412 1281 4470 indebite
1310 4416 1491 4472 missis
1523 4436 1537 4484 ;
1578 4419 1729 4488 item,
1761 4422 1998 4479 adhunc

391 4497 725 4555 Ludovicum
757 4501 934 4556 solum
963 4501 1032 4558 de
1083 4504 1316 4561 consilio
1355 4522 1386 4561 a
1414 4523 1474 4562 se
1507 4509 1701 4579 petito,
1729 4511 1892 4582 quale
1933 4512 2004 4568 sit

388 4587 522 4642 utile
553 4589 668 4663 regi
695 4589 1010 4657 consilium,
1045 4601 1099 4647 et
1145 4593 1384 4665 qualiter
1423 4596 1624 4652 debeat
1648 4615 1814 4674 agere
1838 4601 1998 4670 judi-

388 4675 532 4730 cium
564 4685 620 4732 et
643 4677 929 4746 justitiam,
991 4687 1047 4736 et
1093 4682 1224 4752 quid
1259 4684 1375 4739 hzec
1415 4685 1545 4741 boni
1579 4688 1868 4746 conferant
1897 4691 1999 4747 ob-

385 4772 619 4832 servata,
650 4767 855 4839 quidve
887 4769 1016 4823 mali
1046 4771 1296 4842 neglecta
1329 4774 1571 4850 irrogare
1601 4780 1836 4847 soleant,
1864 4788 1998 4849 etc.;

384 4857 538 4925 item,
567 4860 634 4913 ad
701 4877 884 4936 regem
933 4863 1358 4921 Karlomannum
1407 4869 1814 4926 adolescentem
1847 4880 1902 4928 et
1929 4875 1998 4929 ad

381 4950 674 5022 episc0pos
701 4953 1139 5011 admonitionem
1196 4958 1264 5013 de
1303 4959 1658 5030 disponendo
1691 4966 1858 5036 regali
1890 4967 1999 5020 mi-

387 5037 617 5095 nisterio
645 5058 746 5112 per
775 5042 1016 5113 capitula
1046 5062 1060 5110 ;
1095 5045 1226 5100 item
1274 5046 1435 5101 aliam
1464 5049 1898 5109 admonitionem
1930 5055 1997 5110 ad

391 5131 648 5188 eumdem
674 5151 880 5209 regem,
913 5137 1167 5195 similiter
1196 5156 1295 5210 per
1318 5143 1579 5213 capitula.

1050 5251 1191 5305 CAP.
1224 5252 1331 5307 XX.

449 5317 522 5369 De
534 5317 604 5371 iis
621 5333 740 5386 qua
753 5319 1024 5377 Ludovico
1039 5323 1214 5389 fratri
1229 5325 1466 5394 ejusdem
1482 5329 1673 5383 Κανοιὶ
1686 5333 1923 5401 scripsit.

449 5419 725 5478 Ludovico
757 5425 874 5499 regi
902 5427 1226 5496 Germania},
1261 5433 1469 5502 przefati
1502 5435 1679 5491 Karoli
1715 5440 1858 5514 regis
1887 5456 1994 5497 no-

375 5511 470 5566 stri
505 5510 680 5579 fratri,
723 5515 974 5570 nonnulli
1005 5533 1229 5590 quoque
1261 5521 1551 5592 scripsisse
1603 5510 1896 5598 reperitur,
1927 5532 1995 5586 ad

443 5611 556 5682 (10)
597 5614 740 5672 Obiit
773 5616 980 5673 Ludov.
1020 5620 1169 5677 Bald.
1205 5622 1331 5689 870,
1367 5624 1458 5680 die
1484 5627 1550 5682 10
1578 5629 1705 5700 Apr.

2135 491 2303 546 super
2331 477 2535 548 quibus
2584 477 2760 534 fuerat
2813 480 3191 554 interrogatus
3216 483 3286 537 ab
3328 484 3446 554 ipso
3488 501 3586 555 pro
3607 501 3747 556 quo-

2135 563 2260 617 dam
2293 565 2559 632 Fulcrico,
2583 567 2823 622 reddens
2853 569 2903 622 ei
2939 570 3208 624 rationem
3255 571 3500 646 dignam,
3528 589 3626 627 cur
3643 590 3742 627 ex-

2133 657 2622 713 communicaverit
2669 659 2869 730 ipsum,
2899 678 3064 732 quem
3109 663 3214 716 sub
3247 663 3478 718 obtentu
3509 665 3747 720 absolvit

2135 746 2360 816 agendae
2393 747 2738 816 pcenitentize
2769 749 2953 816 ;item,
2978 750 3328 820 protuitione
3343 769 3406 806 ac
3421 752 3746 807 defensione

2135 849 2316 888 rerum
2347 835 2634 889 Remensis
2679 836 2932 891 ecclesiae
2983 838 3039 891 in
3094 839 3393 914 Thoringia
3442 841 3744 908 conjacen-

2135 921 2267 976 tium
2302 922 2494 989 ;item,
2528 923 2598 977 de
2638 925 2966 993 pervasione
3014 927 3168 995 regni
3199 926 3446 994 fraterni,
3478 928 3664 1001 dignis
3695 940 3748 982 et

2132 1013 2384 1068 utillimis
2410 1015 2458 1069 ei
2491 1015 2596 1070 hoc
2625 1016 2956 1071 dissuadens
2984 1018 3484 1086 admonitionibus,
3511 1036 3581 1074 ne
3605 1019 3657 1073 id
3678 1022 3745 1073 ad

2130 1121 2285 1159 suam
2325 1107 2677 1180 aggrediatur
2707 1108 3156 1175 damnationem;
3189 1110 3344 1177 item,
3374 1111 3534 1165 aliam
3562 1112 3632 1165 de
3647 1112 3746 1165 hac

2129 1196 2324 1252 eadem
2353 1215 2411 1252 re
2436 1214 2558 1253 cum
2591 1200 2807 1255 caeteris
2831 1201 3164 1275 regnihujus
3193 1203 3470 1273 episcopis
3493 1203 3560 1257 ad
3588 1219 3748 1258 eum-

2130 1289 2254 1341 dem
2305 1304 2491 1362 regem
2545 1291 2738 1346 scribit
2795 1291 3109 1362 epistolam,
3142 1293 3443 1364 episcopali
3484 1295 3745 1350 modera-

2125 1376 2271 1431 tione
2302 1377 2559 1432 refcrtam
2597 1397 2611 1444 ;
2647 1379 2798 1444 item,
2858 1381 3030 1435 semel
3060 1398 3124 1437 ac
3171 1382 3421 1437 secundo
3452 1383 3520 1437 ad
3555 1383 3741 1454 ipsum

2126 1485 2227 1538 per
2253 1485 2334 1534 se,
2365 1469 2434 1524 de
2463 1471 2551 1524 his
2581 1487 2703 1542 quae
2761 1473 3121 1528 mandaverat
3177 1474 3246 1528 ab
3294 1489 3360 1529 eo
3391 1473 3511 1529 fieri
3565 1475 3623 1528 in
3644 1476 3748 1529 ad-

2123 1569 2289 1613 ventu
2315 1575 2415 1615 suo
2447 1560 2652 1623 Remis,
2699 1569 2760 1616 ut
2799 1578 2908 1617 non
2938 1564 3081 1618 sicut
3121 1565 3481 1635 disponebat,
3511 1582 3615 1621 nec
3649 1568 3743 1621 tali

2053 1657 2099 1722 B
2127 1647 2343 1702 veniret
2399 1655 2648 1720 tempore
2700 1650 2829 1720 quia
2867 1651 3232 1724 incongruum
3265 1663 3427 1713 esset.
3463 1663 3519 1709 et
3547 1656 3747 1709 animae

2127 1749 2239 1788 sure
2262 1733 2693 1805 inopportunum
2719 1755 2733 1802 ;
2753 1738 2883 1793 item
2909 1740 2976 1793 ad
2995 1741 3252 1794 eumdem
3268 1742 3506 1811 qualiter
3527 1743 3596 1796 de
3612 1759 3747 1814 pace

2130 1824 2272 1879 inter
2303 1826 2480 1895 ipsum
2509 1837 2564 1880 et
2621 1828 2842 1883 fratrem
2870 1830 2990 1898 ejus
3024 1831 3276 1886 Karolum
3307 1831 3639 1887 stabilienda
3665 1834 3747 1887 la-

2129 1915 2380 1982 borabat,
2411 1918 2655 1974 referens
2684 1920 2734 1974 ei
2773 1920 3072 1994 gratiarum
3103 1923 3350 1978 actiones
3373 1938 3470 1992 pro
3499 1922 3629 1978 filiis
3652 1940 3747 1978 ec-

2128 2004 2311 2059 clesia
2355 2005 2661 2073 Remensis,
2691 2008 2783 2079 qui
2807 2009 3055 2079 inipsius
3093 2010 3240 2065 bene
3267 2011 3746 2067 tractabanturre-

2126 2108 2235 2163 gno
2269 2111 2282 2158 ;
2317 2103 2511 2164 petens
2550 2103 2608 2149 ut
2662 2113 2855 2152 secure
2908 2098 3102 2153 liceret
3163 2099 3273 2154 illis
3312 2115 3458 2165 suas,
3495 2117 3632 2171 quas
3667 2101 3742 2154 ibi

2127 2180 2428 2248 habebant,
2463 2190 2649 2239 tenere
2681 2185 3076 2255 proprietates;
3109 2186 3239 2240 item
3265 2188 3333 2241 de
3351 2187 3572 2242 metallo
3589 2189 3743 2258 quod

2125 2267 2176 2320 ei
2211 2269 2510 2325 transmisit
2540 2271 2609 2324 ad
2642 2270 2954 2326 faciendum
2987 2272 3228 2345 signum,
3285 2273 3744 2348 subjungensque

2124 2359 2192 2412 de
2223 2376 2358 2429 pace
2393 2369 2555 2432 atque
2587 2363 2855 2418 charitatc
2882 2364 3152 2420 servanda
3172 2365 3518 2420 etvoluntate
3545 2366 3638 2420 Dei
3662 2383 3747 2421 se-

2121 2452 2360 2521 quenda,
2384 2460 2444 2507 ut
2471 2452 2551 2507 illi
2580 2455 2822 2522 mandat,
2855 2455 3289 2511 admonitionem
3325 2457 3492 2521 ;item
3522 2473 3620 2527 pro
3652 2475 3746 2513 re-

2121 2541 2225 2596 bus
2254 2543 2502 2598 ecclesiae
2535 2545 2824 2600 Remensis
2855 2548 3001 2617 apud
3031 2548 3382 2622 Thoringiam
3413 2549 3533 2604 sitis
3567 2568 3580 2614 ;
3606 2551 3741 2604 item

2122 2632 2190 2686 de
2222 2634 2474 2705 reliquiis
2515 2644 2830 2692 sanctorum
2866 2638 3152 2694 Remensis
3207 2640 3478 2704 ecclesiae,
3500 2656 3638 2710 quas
3662 2641 3742 2695 illi

2119 2724 2260 2780 sicut
2289 2726 2966 2797 petierattransmittebat,
3009 2739 3066 2786 et
3114 2731 3346 2787 delibro
3376 2732 3524 2797 vitae,
3561 2733 3744 2788 virtu-

2119 2824 2348 2888 tumque
2373 2819 2427 2872 S.
2473 2820 2728 2893 Remigii,
2797 2823 2926 2877 item
2956 2824 3026 2878 de
3056 2823 3225 2878 rebus
3253 2825 3307 2878 S.
3345 2824 3579 2898 Remigii
3611 2825 3742 2880 sitis

2119 2909 2174 2962 in
2203 2911 2498 2986 Thoringia
2533 2931 2548 2978 ;
2583 2914 2734 2979 item,
2771 2914 2838 2968 de
2897 2915 3252 2985 passionibus
3294 2925 3636 2984 sanctorum,
3680 2927 3739 2972 et

2117 3007 2184 3061 de
2215 3007 2384 3062 rebus
2409 3025 2631 3064 suorum
2656 3010 2965 3077 hominum,
2996 3028 3134 3082 quas
3165 3012 3219 3066 in
3252 3013 3403 3068 illius
3439 3028 3609 3087 regno
3640 3015 3744 3069 ha-

2113 3097 2338 3166 bebant,
2381 3107 2441 3155 ut
2467 3100 2536 3155 de
2558 3101 2642 3155 his
2669 3101 2880 3157 nullum
2934 3103 3312 3173 praeiudicium
3346 3105 3696 3161 sustinerent
3726 3124 3739 3170 ;

2114 3186 2247 3241 item
2278 3188 2472 3243 scribit
2502 3205 2627 3244 cum
2660 3190 2911 3265 Remigio
2953 3192 3327 3265 Lugdunensi,
3361 3192 3598 3248 Arduico
3631 3194 3743 3249 Ve-

2114 3279 2482 3347 sontionensi,
2537 3281 2741 3336 Erardo
2789 3282 3117 3350 Turonensi,
3159 3284 3348 3338 Adone
3403 3283 3738 3352 Viennensi,

2117 3367 2343 3439 Egilone
2401 3369 2671 3424 Sennensi
2721 3369 3157 3441 archiepiscOpis
3211 3372 3392 3426 eidem
3453 3373 3740 3430 Ludovico

2116 3458 2273 3533 Regi,
2309 3475 2408 3530 pro
2442 3461 2744 3532 Bertulpho
2799 3462 3116 3517 Treverensi
3175 3464 3614 3535 archiepiSCOpo,
3645 3482 3741 3520 re-

2114 3548 2494 3618 prehensibile
2519 3565 2583 3604 ac
2612 3549 2985 3620 periculosum
3000 3550 3386 3606 demonstrans
3416 3568 3561 3616 esse,
3581 3554 3734 3624 quod

2113 3647 2293 3694 actum
2324 3639 2393 3694 ab
2426 3655 2492 3696 eo
2518 3651 2879 3711 compererat,
2915 3641 2984 3695 de
3042 3643 3142 3698 hac
3173 3643 3484 3714 {metropoli
3515 3645 3738 3701 scilicet

2113 3735 2168 3783 et
2197 3729 2519 3785 Treverensi
2546 3731 2802 3800 ecclesia,
2825 3742 2886 3786 ut
2913 3747 3035 3786 eam
3062 3733 3265 3798 invadi,
3291 3733 3528 3789 discindi
3554 3751 3620 3790 ac
3643 3736 3740 3791 de-

2113 3822 2363 3892 populari
2395 3839 2427 3876 a
2457 3839 2750 3893 pervasere
2810 3825 3156 3894 permitteret
3178 3825 3418 3896 quodam
3459 3829 3738 3884 monacho

2111 3910 2361 3978 ejusdem
2391 3911 2637 3966 ecclesiae
2669 3913 3030 3980 :ostendens,
3071 3914 3202 3985 quia
3230 3913 3358 3969 licet
3389 3916 3596 3989 regulis
3627 3931 3734 3986 po-

2109 4006 2277 4053 testas
2334 4000 2626 4069 prwsideat
2675 4001 2915 4057 humano
2955 4003 3144 4074 generi
3198 4003 3488 4076 dignitate,
3541 4020 3729 4059 rerum

2109 4091 2438 4161 praesulibus
2468 4099 2651 4147 tamen
2681 4092 2992 4148 divinarum
3024 4094 3223 4149 devote
3254 4095 3397 4149 colla
3425 4095 3730 4164 submittit,

2107 4186 2274 4250 atque
2331 4179 2400 4234 ab
2457 4181 2540 4235 eis
2595 4197 2789 4236 causas
2843 4198 2955 4237 suae
3017 4183 3208 4238 salutis
3265 4184 3494 4254 expetit,
3555 4185 3732 4256 inque

2106 4271 2391 4326 sumendis
2428 4272 2750 4328 coelestibus
2793 4275 3172 4344 sacramentis,
3214 4275 3410 4346 eisque
3470 4283 3532 4330 ut
3562 4292 3729 4332 com-

2023 4335 2078 4404 D
2101 4359 2240 4429 petit
2269 4359 2655 4430 disponendis,
2686 4362 2847 4417 subdi
2878 4380 2939 4419 se
2995 4335 3200 4419 debere
3259 4335 3546 4440 cognoscit
3589 4367 3728 4421 reli-

2103 4449 2286 4523 gionis
2315 4451 2530 4518 ordine,
2551 4454 2736 4524 potius
2765 4471 2928 4526 quam
2944 4471 3201 4526 praeesse.
3226 4457 3413 4528 itaque
3446 4457 3593 4512 inter
3612 4459 3732 4514 haec

2103 4540 2322 4596 illorum
2347 4559 2408 4597 se
2439 4543 2922 4614 penderejudicio,
2944 4561 3054 4602 non
3084 4547 3304 4603 illorum
3327 4547 3395 4603 ad
3409 4564 3566 4604 suam
3585 4551 3732 4604 velle

2101 4629 2279 4704 redigi
2306 4632 2646 4687 voluntatem
2715 4655 2740 4684 «
2774 4634 3037 4702 Proinde,
3091 4657 3116 4685 ιο
3151 4636 3348 4708 inquit,
3382 4658 3406 4689 α
3443 4637 3582 4692 sicut
3614 4653 3731 4694 non

2103 4721 2222 4777 leve
2250 4723 2545 4779 discrimen
2600 4725 2874 4782 incumbit
2927 4727 3306 4798 pontificibus,
3367 4729 3595 4784 siluisse
3623 4746 3730 4800 pro

2102 4813 2404 4870 divinitatis
2427 4817 2579 4872 cultu
2627 4818 2775 4889 quod
2828 4820 3084 4892 congruit
3110 4840 3126 4875 :
3158 4821 3232 4876 ita
3263 4821 3429 4895 regiae
3462 4823 3726 4892 potestati

2105 4905 2271 4976 (quod
2303 4905 2467 4974 absit)
2498 4923 2611 4964 non
2633 4909 2913 4966 mediocre
2945 4911 3200 4982 peculum
3233 4919 3338 4979 est,
3368 4913 3414 4967 si
3457 4929 3582 4968 cum
3614 4915 3723 4969 de-

2098 4996 2227 5051 beat
2248 5013 2442 5067 parere
2469 5000 2687 5073 refugit,
2721 5004 2868 5073 quod
2919 5004 2970 5059 ei
2997 5020 3063 5059 ex
3106 5005 3296 5060 divina
3326 5020 3463 5062 voce
3493 5023 3728 5062 asacer-

2099 5087 2324 5145 dotibus
2353 5092 2667 5148 nuntiatur:
2724 5094 2957 5151 Domino
2991 5097 3212 5152 dicente
3266 5097 3322 5151 in
3372 5098 3669 5170 Evangelia
3710 5117 3725 5152 :

2097 5178 2202 5245 Qui
2226 5183 2303 5234 est
2327 5195 2395 5235 ea:
2421 5184 2546 5249 Deo,
2600 5185 2766 5239 verba
2825 5188 2921 5240 Dei
2949 5187 3109 5241 audit
3159 5186 3336 5256 (Joan.
3370 5188 3508 5257 vm).
3543 5187 3596 5242 Si
3622 5204 3729 5242 au-

2100 5277 2207 5325 tem
2228 5271 2388 5327 vobis
2423 5274 2626 5346 aliquis
2669 5277 2855 5332 minus
2883 5277 3119 5334 devotus
3147 5279 3441 5352 suggessit,
3478 5281 3630 5350 quod
3663 5279 3725 5334 in

2101 5362 2294 5416 eadem
2317 5367 2633 5436 metropoli,
2691 5368 2748 5422 in
2803 5376 3122 5440 contemptu
3176 5377 3380 5438 vestro,
3411 5369 3496 5424 vel
3529 5377 3725 5426 contra

2098 5448 2421 5506 fidelitatem
2451 5462 2709 5523 vestram,
2759 5457 3248 5528 metropolitanum
3288 5457 3608 5529 pontiﬁcem
3628 5473 3726 5512 or—

2099 5537 2279 5594 dinari
2303 5538 2553 5610 fecimus,
2613 5545 2747 5616 quin
2804 5547 2990 5616 potius
3027 5561 3304 5606 consensu
3335 5547 3722 5602 unanimitatis
