4008 6158
235 166 341 220 197

877 137 1214 227 HlSTORlAE
1255 170 1609 232 ECCLESl/E
1648 179 1975 240 REMENSIS
2018 186 2200 242 LIBRI
2246 187 2570 252 QUATUOR.
2613 225 2692 236 -—
2746 188 2872 259 LlB.
2917 207 3006 261 ΠΙ.

3536 218 3634 272 198

239 320 447 368 uestrae
469 314 575 386 ipsi
607 317 913 373 secundum
970 336 1158 376 sacros
1184 337 1466 380 canones
1503 330 1898 403 ordinavimus,
1927 321 1978 387 A
2004 332 2149 382 mus,
2175 324 2232 372 θί
2270 318 2316 372 εί
2369 336 2601 380 necesse
2658 324 2853 400 fuerit,
2885 336 3257 396 οδιθηάθῐηιιε·
3293 343 3634 418 Quapropter

238 407 395 477 quia,
430 413 490 460 ut
519 409 790 479 scriptum
820 421 938 466 est:
973 415 1120 470 Sicut
1171 415 1328 470 Deus
1367 417 1486 473 loci
1515 428 1764 496 angustia
1791 445 1902 485 non

239 499 600 564 continetur,
660 500 736 554 ita
788 503 1019 558 verbum
1103 507 1216 574 ejus
1276 521 1413 562 non
1480 523 1562 568 est
1616 517 1900 592 alligatum

241 593 316 656 (ΙΙ
347 593 491 646 Tim.
527 592 587 661 ιι)
621 609 635 644 :
682 593 1038 652 collaudante
1089 598 1483 668 Redemptore
1520 621 1586 660 ac
1616 607 1902 667 Salvatore

240 685 435 734 nostro
466 679 635 750 :quod
696 683 956 738 centurio
1015 685 1074 740 in
1118 687 1220 741 hoc
1253 703 1439 744 sensu
1507 693 1718 751 dixerat
1760 703 1901 756 :Dz'c

236 771 426 837 verbo,
459 777 512 825 et
539 774 830 828 sanabitur
847 791 990 846 puer
1012 793 1159 832 meus
1183 780 1408 844 (Matth.
1449 788 1563 851 Vill)
1598 805 1612 852 ;
1647 788 1907 845 videlicet

238 859 391 929 quod
451 860 542 914 hic
591 860 824 929 dixeris,
887 865 1005 920 illic
1057 865 1170 920 fiet.
1205 866 1305 930 Qui
1342 869 1401 922 in
1433 871 1730 944 discipulis
1785 879 1904 933 suis

238 952 529 1024 hodieque
586 954 768 1022 nobis,
832 957 969 1013 licet
1025 959 1292 1031 indignis,
1330 960 1901 1038 loquitur:Spiritus

230 1045 419 1110 patris
447 1046 613 1097 vestri
635 1044 886 1113 loquitur
930 1050 994 1102 in
1054 1049 1202 1103 vobis
1237 1052 1459 1114 (Matth.
1486 1065 1560 1118 xl,
1598 1057 1690 1125 qui
1725 1059 1900 1128 replet

234 1129 435 1184 orbem
476 1140 736 1187 terrarum
762 1135 925 1205 (Sap.
956 1137 1015 1205 ι).
1045 1137 1219 1192 Nolite
1239 1141 1505 1212 credere,
1556 1168 1896 1221 quzesumus,

236 1237 407 1292 prava
433 1224 701 1292 suadenti,
748 1227 890 1298 quia
943 1243 1044 1298 pro
1072 1237 1222 1284 certo
1268 1233 1492 1302 sciatis,
1537 1257 1648 1296 non
1683 1244 1736 1297 in
1765 1262 1898 1300 con-

238 1322 455 1385 temptu
487 1324 682 1379 vestro,
716 1333 911 1390 neque
943 1328 1132 1376 contra
1178 1321 1516 1381 fidelitatem
1546 1342 1806 1403 vestram,
1839 1339 1895 1392 in

239 1401 441 1456 eadem
488 1407 769 1476 metropoli
810 1407 961 1462 sede
993 1407 1308 1479 pontiﬁcem
1338 1411 1762 1486 ordinavimus,
1794 1401 1894 1479 sed

240 1494 649 1562 perpendentes
686 1495 864 1566 (quod
921 1503 980 1551 et
1007 1513 1103 1552 vos
1141 1497 1338 1552 melius
1367 1501 1570 1574 scitis)
1605 1518 1815 1578 quanta
1842 1521 1897 1568 et

242 1597 346 1650 per
375 1591 580 1653 quanta
611 1590 864 1654 tempora
921 1585 1043 1656 ipsa
1071 1585 1310 1641 Ecclesia
1347 1588 1618 1650 desolata
1639 1607 1692 1653 et
1724 1599 1894 1656 desti-

241 1678 361 1726 tuta
389 1675 479 1740 sit,
517 1683 572 1728 et
595 1684 794 1746 quanta
817 1686 1028 1734 contra
1049 1681 1142 1734 Dei
1168 1680 1520 1739 voluntatem
1551 1703 1661 1743 non
1715 1693 1892 1748 solum

242 1760 302 1812 in
335 1761 533 1816 eadem
557 1767 837 1834 parochia,
875 1769 984 1822 sed
1015 1775 1072 1822 ct
1101 1769 1157 1821 in
1206 1774 1314 1823 tota
1343 1772 1640 1839 provincia
1677 1779 1747 1832 ad
1771 1795 1892 1835 eam

239 1852 585 1918 pertinente,
609 1855 966 1912 increverint
993 1875 1005 1910 :
1027 1873 1151 1912 cum
1179 1857 1314 1911 nihil
1335 1862 1612 1918 canonice
1637 1867 1758 1922 sine
1777 1870 1894 1938 pri-

248 1946 402 1993 mate
432 1941 758 2015 suffraganei
787 1945 1060 2016 episc0pi
1093 1961 1254 2020 agere
1309 1947 1552 2017 valeant,
1585 1953 1722 2008 nihil
1743 1958 1892 2026 quod

247 2030 321 2082 ad
357 2034 610 2102 preprias
638 2037 939 2106 parochias
993 2036 1249 2107 pertinet,
1285 2036 1417 2092 ibid.
1445 2045 1894 2103 commoditatem

248 2127 565 2199 regularem
595 2128 962 2183 invenientes
982 2169 996 2195 ,
1029 2129 1295 2184 canonice
1324 2133 1646 2200 pontificem
1673 2140 1898 2195 ordina-

249 2214 454 2269 vimus.
478 2215 633 2279 Quod
656 2226 710 2270 et
726 2217 1050 2272 secundum
1074 2217 1288 2273 divinas
1311 2219 1464 2292 leges
1489 2238 1654 2297 agere
1668 2237 1896 2296 possent

248 2311 425 2373 atque
475 2305 749 2360 deberent
800 2307 986 2376 ipsius
1035 2308 1362 2377 metropolis
1429 2310 1784 2387 sufiraganei,
1847 2320 1897 2373 ei

251 2397 395 2450 tanti
429 2399 645 2452 numeri
681 2399 890 2466 forent,
942 2410 1004 2454 ut
1063 2416 1163 2471 per
1217 2417 1276 2456 se
1321 2405 1647 2477 regulariter
1677 2420 1900 2478 possent

248 2484 521 2540 ordinare
543 2485 894 2555 pontificem,
929 2504 1026 2558 qun
1073 2504 1184 2544 non
1212 2490 1396 2545 minus
1419 2493 1621 2563 quibus
1654 2513 1682 2551 a
1725 2499 1900 2555 tribus

249 2576 526 2645 praevalet
577 2579 911 2649 regulariter
971 2581 1239 2635 ordinari.
1276 2606 1302 2628 »
1332 2583 1692 2656 Prosequitur
1735 2591 1899 2645 etiam

246 2665 604 2734 depromens
632 2667 994 2723 auctoritates
1033 2675 1347 2724 sanctorum
1400 2671 1642 2741 Patrum,
1691 2677 1894 2747 quibus

247 2752 380 2806 fulti
413 2755 522 2809 hoc
546 2765 798 2827 egerant.
823 2757 888 2810 Et
914 2756 1160 2812 subinde
1186 2777 1196 2811 :
1233 2779 1256 2808 (ι
1275 2759 1336 2813 Et
1366 2761 1496 2831 quia
1524 2769 1599 2818 tot
1626 2763 1682 2817 in
1701 2767 1893 2821 eadem

247 2847 549 2916 provincia
576 2847 916 2922 suffraganei
950 2864 1061 2904 non
1094 2857 1253 2904 erant
1283 2851 1554 2924 episc0pi,
1590 2863 1647 2909 ut
1687 2865 1895 2914 metro-

246 2934 573 3004 politanum
632 2935 965 3008 regulariter
1022 2937 1286 2993 ordinare
1325 2939 1595 3010 valerent,
1628 2947 1891 3015 quoniam

245 3027 527 3082 Ecclesiae
566 3028 852 3082 Remensis
884 3034 940 3082 et
983 3027 1338 3084 Treverensis
1387 3034 1892 3102 comprovinciales

245 3128 428 3190 atque
455 3135 676 3174 sorores
707 3127 760 3174 et
791 3136 856 3174 ex
909 3121 1237 3175 auctoritate
1267 3128 1321 3175 et
1382 3138 1448 3176 ex
1505 3126 1731 3197 antiqua
1756 3144 1892 3184 con-

244 3212 566 3266 suetudine
597 3211 886 3279 habentur,
917 3227 984 3266 ea
999 3213 1323 3268 conditione
1352 3215 1515 3286 utqui
1539 3218 1890 3286 priorearum

243 3300 428 3356 fuerit
459 3301 754 3370 cpiscopus
801 3301 1114 3366 ordinatus,
1150 3301 1302 3372 prior
1331 3303 1493 3358 etiam
1539 3305 1805 3362 habeatur
1834 3311 1890 3364 in

244 3391 507 3462 synodo,
537 3398 591 3444 et
619 3390 663 3444 si
717 3397 907 3445 mutuo
959 3390 1198 3445 consilio
1229 3397 1285 3444 et
1323 3392 1526 3448 auxilio
1582 3395 1889 3466 faveantur,

243 3490 429 3554 atque
459 3481 760 3537 fulciuntur
791 3501 804 3536 :
836 3482 1195 3537 Treverensis
1251 3484 1546 3553 provincia:
1581 3487 1830 3560 episcopi
1862 3508 1889 3546 a

245 3577 502 3646 primate
548 3575 840 3645 provinciae
897 3577 1197 3630 Remorum
1235 3576 1495 3631 solatium
1531 3595 1644 3633 suae
1661 3581 1893 3638 ordina-

244 3665 456 3731 tionis,
497 3665 795 3718 secundum
848 3680 1036 3719 sacras
1086 3663 1310 3737 regulas
1343 3666 1703 3736 quaesierunt,
1751 3670 1892 3728 sicut

241 3758 440 3813 sancti
471 3755 839 3811 Sardacenses
871 3771 1122 3811 canones
1153 3757 1336 3826 (Coac.
1369 3758 1532 3813 Βανά.
1567 3776 1616 3814 c.
1649 3762 1704 3828 5,
1735 3764 1808 3817 al.
1835 3765 1890 3836 6)

244 3852 483 3916 dicunt,
516 3849 722 3903 scilicet
751 3856 808 3902 ut
831 3848 877 3902 si
911 3847 1210 3921 contigerit
1251 3847 1307 3900 in
1349 3863 1460 3903 una
1488 3850 1798 3920 Provincia,
1833 3855 1889 3909 in

244 3957 369 4012 qua
397 3937 626 4010 plurimi
656 3937 874 3991 fuerunt
919 3935 1192 4007 episcOpi,
1224 3951 1398 3990 unum
1432 3936 1570 3994 forte
1604 3955 1889 4000 remanere

244 4030 617 4100 episc0pum,
647 4033 698 4080 et
738 4024 928 4095 p0puli
959 4024 1344 4091 convenerint,
1370 4025 1664 4099 episc0pus
1694 4030 1889 4088 vicinae

245 4117 588 4190 provinciae,
617 4115 819 4170 debere
850 4116 1005 4169 illum
1036 4114 1192 4185 prius
1221 4115 1510 4170 conveniri
1537 4117 1887 4190 episcopum,

243 4212 345 4282 qui
382 4210 443 4263 in
478 4207 670 4262 eadem
698 4206 982 4278 provincia
1033 4212 1299 4272 moratur,
1334 4211 1388 4259 et
1414 4209 1706 4264 ostendere
1738 4212 1889 4282 quod

246 4301 459 4373 populi
498 4306 682 4369 petant
708 4299 814 4353 sibi
870 4306 1164 4365 rectorem,
1201 4306 1257 4352 et
1287 4297 1394 4352 hoc
1415 4297 1624 4366 justum
1657 4317 1804 4368 esse,
1831 4311 1888 4358 ut

1923 1634 1974 1702 B

2007 410 2185 480 ipsius
2213 411 2648 485 ordinationem,
2686 422 2744 471 et
2776 422 3186 497 diapositionem
3251 453 3426 492 rerum
3460 456 3522 495 ac
3553 441 3631 497 fa-

2004 503 2270 558 cultatum
2337 507 2863 580 ecclesiasticarum,
2929 521 3068 576 sicut
3133 527 3272 580 sacri
3339 531 3632 604 praeﬁgunt

2003 608 2273 661 canones,
2296 595 2367 650 ita
2422 597 2802 670 defendimus,
2853 617 2907 662 et
2957 622 3223 682 perpetuo
3265 595 3629 680 defendemus

2008 681 2152 736 sicut
2201 688 2256 736 et
2285 684 2540 741 ordinem
2625 697 2872 747 nostrum
2909 698 3083 767 :quia
3135 702 3182 755 si
3235 703 3356 774 ipse
3389 725 3518 766 anon
3549 722 3633 769 est

2007 772 2331 845 episc0pus,
2355 792 2460 832 nec
2486 793 2588 834 nos
2610 781 2883 840 debemus
2903 789 3173 846 nominari
3202 772 3472 870 episcopi.
3495 805 3554 860 Et
3583 809 3630 862 si

2007 863 2136 934 quis
2191 864 2431 921 voluerit
2487 875 2681 924 contra
2740 873 3147 934 ordinationem
3217 863 3340 950 ejus
3396 863 3635 952 sinistris

2007 953 2294 1024 quidpiam
2324 955 2706 1024 dicere,exeat
2729 968 2783 1015 et
2813 963 2958 1020 dicat
2991 979 3398 1032 :verumtamen
3425 997 3637 1042 memor

2003 1042 2419 1098 communionis
2447 1061 2583 1113 suae,
2619 1049 2752 1120 quia
2778 1059 2872 1106 aut
2903 1054 3019 1124 ipse
3061 1072 3172 1111 non
3203 1071 3634 1128 communicabit

2003 1129 2382 1188 ecclesiastico
2414 1141 2468 1188 et
2522 1137 2826 1208 episcopali
2857 1143 3060 1208 ordini,
3085 1153 3179 1200 aut
3206 1164 3312 1205 nos
3343 1171 3454 1212 non
3483 1175 3633 1216 com-

2005 1217 2441 1290 municabimus,
2499 1224 2812 1283 ministerio
2870 1231 3196 1302 episcopali.
3263 1240 3416 1300 Unde
3447 1250 3633 1306 verbis

2003 1307 2150 1362 beati
2175 1310 2376 1366 Leonis
2409 1315 2559 1384 (Leo,
2614 1334 2699 1386 ep.
2732 1323 2878 1392 xxw)
2926 1323 3298 1386 Theodosium
3330 1336 3633 1413 Augustum

1999 1400 2285 1467 quondam
2321 1403 2685 1474 alloquentis,
2719 1424 2838 1474 vos,
2879 1409 3355 1482 Christianissime
3383 1400 3444 1484 ei
3465 1448 3639 1488 vene-

1999 1485 2189 1542 rabilis
2205 1490 2484 1563 nobisque
2512 1494 2844 1552 charissime
2871 1515 3129 1570 rex,cum
3145 1519 3638 1577 consacerdotihus

1998 1577 2205 1631 nostris
2221 1579 2584 1651 alloquimur,
2607 1583 2907 1654 implentes
2931 1600 3300 1657 reverentiam
3327 1607 3640 1668 clementia,

1997 1676 2192 1724 vestrae
2223 1671 2431 1727 sinceri
2465 1676 2672 1730 amoris
2704 1677 2920 1745 officio,
2953 1687 3360 1768 cupientesque
3401 1717 3498 1758 vos
3521 1705 3637 1775 pla-
3727 1765 3732 1768 _

1996 1775 2122 1816 cere
2153 1777 2258 1831 per
2291 1765 2480 1820 omnia
2515 1767 2647 1835 Deo,
2699 1771 2786 1824 cui
2846 1789 2951 1842 pro
2982 1777 3141 1836 vobis
3193 1802 3224 1841 a
3271 1765 3460 1862 nobis,
3491 1765 3544 1850 et
3572 1799 3639 1852 ab

1999 1850 2258 1908 Ecclesiis
2286 1855 2452 1912 nobis
2507 1861 2824 1917 commissis
2875 1870 3244 1947 supplicatur,
3278 1899 3346 1937 ne
3378 1850 3503 1941 ante
3536 1890 3638 1943 tri-

1995 1939 2164 1994 bunal
2193 1942 2417 1998 Domini
2451 1946 2530 2000 rei
2555 1946 2624 2001 de
2643 1949 2870 2008 silentio
2910 1939 3258 2036 judicemur,
3283 1939 3643 2036 obsecramus

1999 2048 2184 2138 coram
2211 2036 2387 2138 unius
2417 2038 2648 2138 deitatis.
2673 2041 3034 2114 inseparabili
3077 2053 3360 2130 Trinitate,
3393 2083 3518 2138 quae
3550 2073 3640 2128 tali

1999 2121 2140 2176 facto
2169 2122 2417 2191 laeditur,
2451 2144 2575 2181 cum
2635 2129 2756 2200 ipsa
2805 2137 2976 2190 vestri
3009 2139 3083 2194 sit
3139 2155 3325 2205 custos
3348 2121 3426 2208 et;
3442 2121 3646 2216 auctor

2000 2210 2175 2282 regni,
2205 2220 2262 2266 et
2290 2229 2475 2268 coram
2495 2218 2702 2271 sanctis
2732 2221 2950 2292 angelis
2976 2224 3201 2297 Christi,
3236 2244 3294 2291 ut
3325 2240 3380 2294 in
3411 2210 3642 2304 eo

2001 2308 2163 2371 atque
2195 2303 2551 2361 immunitate
2613 2325 2712 2364 seu
2747 2312 3045 2388 privilegio
3087 2337 3214 2378 cum
3243 2343 3344 2385 suo
3378 2337 3642 2402 pontiﬁce

2001 2390 2396 2447 Treverensem
2448 2396 2745 2452 ecclesiam
2774 2416 2896 2456 esse
2939 2404 3191 2471 jubeatis
3222 2390 3391 2488 atque
3413 2437 3640 2481 conser-

2002 2483 2157 2549 vetis,
2203 2501 2315 2555 quo
2349 2489 2516 2542 vestri
2551 2491 2939 2562 progenitores
2965 2503 3143 2569 atque
3165 2483 3630 2586 praedecessores,

2002 2574 2098 2627 sed
2130 2582 2184 2628 et
2214 2576 2271 2629 in
2295 2578 2589 2647 quofrater
2609 2597 2671 2636 ac
2723 2596 3095 2654 neposvester
3128 2593 3436 2670 Lotharius,
3473 2574 3628 2676 pater

2001 2662 2213 2716 scilicet
2239 2681 2302 2719 ac
2360 2665 2527 2730 ﬁlius,
2563 2672 2830 2726 canonica
2877 2690 3298 2752 conservarunt,
3353 2662 3626 2761 qu'afenus

1997 2759 2048 2808 et
2078 2770 2174 2810 vos
2200 2758 2459 2813 meritum
2490 2761 2622 2816 inde
2643 2765 2791 2834 apud
2820 2766 3017 2838 Deum,
3049 2781 3104 2828 et
3135 2758 3621 2856 beatumvaposto-

1995 2843 2171 2898 lorum
2202 2847 2512 2918 principem
2547 2850 2768 2906 Petrum
2802 2854 2857 2908 in
2899 2858 3060 2926 cujus
3108 2863 3319 2922 honore
3385 2843 3622 2932 ecclesia

1996 2929 2115 3001 ipsa
2136 2940 2220 2986 est
2259 2945 2604 3004 consecrata,
2640 2940 2911 3010 habeatis,
2966 2956 3020 3000 et
3070 2965 3172 3005 nos
3201 2955 3439 3024 amplius
3468 2929 3625 3017 debi-

1916 3003 1965 3072 C
1994 3029 2140 3078 tores
2163 3025 2216 3078 in
2242 3027 2588 3084 orationibus
2617 3037 2669 3085 et
2723 3036 2941 3090 caeteris
2975 3039 3178 3096 debitis
3218 3003 3505 3120 obsequiis
3533 3070 3626 3109 ac-

1993 3111 2244 3181 quiratis.
2283 3115 2416 3178 Quia
2449 3117 2554 3171 nisi
2615 3135 2715 3188 pro
2748 3131 2934 3178 vestra
2985 3133 3299 3187 reverentia
3330 3111 3433 3192 hec
3465 3139 3625 3194 diffe-

1994 3203 2328 3270 ramus,jam
2360 3204 2415 3258 in
2464 3223 2819 3276 pervasorem
2857 3214 3034 3283 ipsius
3065 3220 3315 3275 ecclesia:
3347 3225 3618 3292 judicium

1992 3288 2046 3342 in
2079 3291 2238 3344 terris
2267 3300 2516 3348 exertum
2560 3295 2918 3369 haberemus,
2951 3305 3098 3374 quod
3131 3307 3235 3363 630
3284 3288 3528 3384 episc0pi
3564 3317 3617 3369 in

1994 3394 2198 3450 magna
2224 3379 2660 3438 Chalcedonensi
2684 3387 2898 3455 synodo
2921 3391 2990 3445 de
3016 3379 3333 3462 hujusmodi
3356 3379 3620 3457 decreve-

1995 3472 2327 3541 runt(Jua:ta
2368 3491 2492 3530 can.
2524 3477 2578 3542 7,
2630 3477 2743 3547 18).
2797 3489 2854 3534 et
2884 3482 2955 3537 de
2982 3486 3122 3540 caelo
3155 3504 3325 3558 super
3375 3508 3500 3547 eum
3532 3495 3617 3547 in-

1995 3569 2229 3628 tentant,
2255 3573 2310 3618 et
2334 3564 2389 3621 in
2423 3566 2636 3634 judicio
2656 3568 2846 3626 divino
2894 3575 2962 3628 ad
2993 3583 3252 3632 zeternam
3309 3583 3619 3640 damnatio—

1995 3665 2120 3703 nem
2160 3661 2407 3721 exerent,
2458 3654 2562 3708 nisi
2616 3654 2842 3728 dignam
2889 3663 3267 3732 pcenitentiam
3325 3674 3550 3745 egerit;
3589 3694 3612 3724 ι)

1991 3745 2045 3792 et
2075 3748 2270 3794 czetera
2301 3741 2370 3794 de
2401 3743 2827 3801 auctoritatibus
2853 3764 3132 3805 sacrorum
3163 3741 3459 3813 canondm.
3487 3761 3614 3814 Post

1992 3841 2115 3896 qua}
2146 3826 2535 3899 subjungitur:
2577 3850 2601 3879 «
2643 3831 2798 3886 Unde
2867 3844 3048 3891 vestra
3080 3841 3343 3912 religiosa
3365 3856 3420 3900 et
3451 3847 3614 3901 nobis

1992 3917 2314 3972 charissima
2340 3921 2643 3976 dominatio
2670 3925 2982 3982 certissime
3012 3930 3171 3999 sciat,
3201 3935 3334 4004 quia
3365 3939 3611 4008 quandiu

1992 4007 2093 4060 iste
2148 4007 2313 4062 frater
2372 4017 2560 4064 noster
2620 4011 2896 4070 Bertulfus
2927 4033 2958 4070 a
2990 4018 3153 4073 nobis
3206 4022 3260 4075 in
3291 4007 3610 4081 Treverensi

1992 4095 2236 4150 Ecclesia
2256 4097 2545 4154 ordinatus
2575 4099 2875 4172 episcopus
2905 4105 2960 4158 in
2989 4106 3092 4161 hoc
3117 4113 3335 4166 mortali
3380 4130 3610 4186 corpore

1989 4185 2206 4254 vixerit,
2239 4188 2378 4242 alter
2409 4190 2464 4244 in
2493 4191 2687 4245 eadem
2713 4193 2959 4251 Ecclesia
2997 4197 3286 4256 ordinatus
3318 4206 3612 4277 episcopus

1992 4291 2102 4331 non
2135 4278 2257 4346 erit,
2280 4279 2385 4334 nisi
2417 4280 2556 4336 forte
2586 4283 2726 4352 ipse,
2763 4288 2911 4357 quod
2964 4288 3129 4356 absit,
3187 4295 3360 4348 sacris
3404 4297 3610 4370 regulis

241 4367 302 4447 ἐι
329 4367 469 4461 ἡ)Ξὶ
498 4367 749 4456 ‘veniam,
777 4395 830 4443 et
877 4403 1002 4442 cum
1053 4387 1172 4457 ipso
1239 4386 1504 4442 ordinem
1528 4367 1878 4462 episcopum.
1903 4370 1954 4437 θ
1987 4367 2236 4462 obvians,
2274 4387 2373 4442 per
2419 4373 2642 4427 easdem
2685 4391 2872 4432 sacras
2933 4381 3151 4452 regulas
3181 4384 3510 4455 deponatur.
3549 4387 3609 4442 Et

241 4482 416 4547 Quod
454 4479 502 4532 si
541 4484 838 4532 conventus
856 4475 1056 4531 litteris
1077 4475 1334 4542 tacuerit,
1349 4482 1403 4530 et
1429 4476 1887 4550 dissimulaverit,

247 4574 526 4642 nihilque
557 4569 917 4640 rescripserit,
952 4567 1410 4623 satisfaciendum
1470 4585 1591 4624 esse
1639 4573 1885 4642 p0pulis,

245 4672 309 4717 ut
337 4659 580 4717 veniant
606 4675 669 4713 ex
697 4658 876 4713 vicina
915 4655 1197 4727 provincia
1226 4655 1496 4726 episcOpi.
1541 4666 1594 4712 et
1623 4659 1888 4715 ordinent

244 4757 615 4828 episcopum.
664 4750 735 4804 Ex
782 4749 986 4821 quibus
1037 4750 1136 4804 rite
1193 4748 1488 4820 colligitur,
1522 4750 1652 4821 quia
1682 4753 1726 4806 si
1758 4768 1887 4823 pro-

246 4843 453 4897 vincia
479 4839 830 4894 Treverensis
845 4852 957 4892 non
992 4837 1289 4892 nisiunum
1313 4836 1399 4892 vel
1420 4837 1631 4893 nullum
1657 4840 1886 4896 haberet

250 4933 618 5002 episcopum,
660 4927 904 4998 episcopi
961 4927 1249 4982 Remensis
1306 4926 1622 4996 provinciae,
1671 4932 1881 4999 petenti

251 5022 416 5075 clero
452 5025 504 5073 et
533 5017 739 5088 papulo
768 5014 1116 5070 Treverensis
1146 5014 1420 5077 Ecclesiae,
1471 5015 1701 5072 deberet
1729 5019 1881 5073 ordi-

252 5132 398 5171 nare
432 5113 778 5183 episcOpum.
808 5109 905 5164 Cui
938 5108 1196 5163 Ecclesiae
1241 5123 1458 5178 omnes,
1511 5125 1744 5180 quorum
1777 5128 1883 5168 no-

252 5210 422 5262 mina
449 5203 766 5275 praescripta
794 5202 850 5254 in
867 5202 1045 5272 capite
1076 5201 1237 5271 hujus
1268 5200 1514 5270 epistolae
1548 5201 1680 5274 legit
1708 5203 1883 5276 gloria

247 5303 472 5358 vestra,
505 5289 754 5347 unanimi
777 5297 900 5344 voto
928 5296 1091 5360 atque
1121 5304 1395 5343 consensu
1427 5289 1648 5345 fratrem
1669 5299 1724 5346 et
1756 5307 1884 5348 con-

247 5387 610 5442 sacerdotem
670 5390 913 5438 nostrum
971 5382 1267 5437 Bertulfum
1302 5423 1316 5447 ,
1373 5390 1432 5438 ut
1489 5384 1879 5454 praemisimus,

248 5480 598 5554 regulariter
663 5474 979 5547 pontiﬁcem
1029 5473 1580 5545 ordinavimus,sicut
1611 5492 1675 5532 ex
1709 5478 1882 5534 sacris
1911 5503 1921 5514 ι

247 5569 545 5644 reguliset
567 5565 937 5624 ordinationis
993 5565 1113 5632 ejus
1159 5563 1328 5636 gestis
1356 5565 1648 5622 ostendere
1682 5582 1879 5637 possu-

1992 4459 2165 4514 isdem
2198 4471 2565 4534 praesumptor
2608 4473 2663 4518 et
2692 4475 2943 4538 apostata
3001 4475 3307 4529 monachus
3333 4477 3506 4533 Walto
3539 4479 3606 4532 de

1991 4553 2325 4607 monasterio
2381 4554 2733 4610 Treverensis
2813 4555 3087 4629 parochias
3139 4580 3443 4637 nunquam,
3493 4569 3603 4639 jam

1982 4641 2193 4709 judicio
2221 4644 2454 4714 Spiritus
2483 4648 2656 4702 sancti
2688 4665 2856 4719 super
2899 4667 3024 4706 eum
3049 4655 3282 4722 prolato,
3311 4658 3366 4711 in
3397 4659 3603 4714 Treve-

1989 4731 2136 4785 rensi
2165 4733 2422 4801 Ecclesia;
2456 4751 2624 4806 quam
2656 4737 3010 4794 exitiabiliter
3037 4745 3326 4814 usurpavit
3357 4755 3411 4800 et
3441 4747 3602 4816 laesit,

1987 4827 2189 4896 poterit
2228 4845 2354 4883 esse
2381 4830 2698 4901 episcopus.
2729 4833 2791 4887 Et
2821 4834 2890 4902 si,
2925 4845 2985 4890 ut
3014 4836 3276 4906 diximus,
3304 4855 3403 4910 pro
3423 4853 3603 4898 vestra

1986 4921 2295 4976 reverentia
2310 4923 2414 4977 hoc
2433 4939 2542 4978 non
2564 4923 2934 4992 differremus,
2965 4944 3076 4983 non
3089 4930 3264 4985 solum
3295 4948 3392 5002 per
3416 4950 3602 4990 sacros

1983 5023 2228 5064 canones
2257 5010 2700 5078 decerneremus,
2738 5021 2798 5068 ut
2828 5030 3110 5086 nunquam
3143 5025 3197 5073 et
3236 5035 3504 5091 nusquam
3529 5024 3597 5077 ad

1982 5100 2186 5171 gradus
2207 5101 2610 5158 ecclesiasticos
2658 5117 3016 5174 praesumeret
3073 5111 3358 5178 accedere,
3407 5130 3593 5168 verum

1983 5187 2088 5241 sub
2118 5190 2467 5245 anathemate
2495 5207 2619 5246 eum
2652 5203 2943 5262 ponentes,
2970 5197 3176 5251 retrudi
3210 5198 3263 5251 in
3297 5202 3593 5274 ergastulo,

1984 5277 2289 5330 secundum
2347 5293 2529 5332 sacras
2572 5283 2810 5354 regulas,
2862 5283 3326 5341 decerneremus:
3362 5298 3415 5344 et
3464 5290 3508 5343 si
3540 5290 3595 5342 in

1983 5366 2328 5421 contumacia
2385 5384 2484 5422 sua
2535 5370 2860 5441 perstiterit,
2891 5373 3013 5428 sine
3064 5375 3175 5429 ulla
3209 5377 3595 5432 retractatione

1983 5455 2162 5511 modis
2218 5458 2480 5514 omnibus
2529 5461 2918 5522 decernemus.
2958 5466 2999 5518 A
3028 5467 3267 5536 praefatis
3299 5476 3482 5522 autem
3515 5467 3594 5519 in-

1982 5550 2378 5608 tentationibus
2391 5569 2673 5611 sacrorum
2696 5571 2970 5613 canonum
2988 5573 3086 5614 vos
3106 5559 3408 5614 immunem
3425 5565 3591 5629 atque
