4012 6164
424 217 526 273 199

1537 217 1900 273 FLODOARDI
1943 217 2244 273 CANONICI
2295 217 2629 273 REMENSIS

3633 221 3744 279 200

417 358 686 405 exsortem
715 365 746 403 a
772 349 1021 417 Domino,
1071 366 1169 421 per
1195 368 1358 424 quem
1388 370 1549 430 reges
1579 364 1809 429 regnant
1837 356 2020 426 (Prov.
2047 358 2099 425 Α
2125 367 2249 407 eum
2283 353 2521 409 retinere
2569 353 2788 420 fatetur,
2852 351 3117 407 intimans
3172 354 3319 423 quod
3350 359 3577 408 sanctus
3608 352 3741 407 Clo-

418 441 551 508 vni),
581 446 635 492 et
663 455 726 492 ex
751 454 860 508 quo
889 446 944 492 et
993 455 1092 508 per
1134 457 1299 511 quem
1353 444 1638 500 exordium
1673 461 1827 500 sacer
1856 447 2026 517 ccepit

419 530 786 599 episcopatus,
821 528 938 583 ﬁeri
977 531 1106 586 totis
1145 533 1365 588 nisibus
1393 551 1710 604 exoramus,
1745 537 1893 591 illius
1916 538 2028 592 cle-

419 617 675 672 mentiam
706 617 1090 688 deprecantes,
1123 628 1182 675 ut
1210 622 1303 676 det
1329 623 1487 678 vobis
1517 626 1656 680 velle
1685 632 1740 680 et
1764 625 2027 696 perficere

420 725 518 780 pro
538 711 687 766 bona
732 711 1022 768 voluntate
1049 729 1172 785 qum
1224 716 1485 787 praecepit
1511 717 1736 787 (Philip,
1770 718 1829 788 ιι)
1856 735 1868 772 :
1893 735 2031 789 qua-

417 810 584 856 tenus
609 803 935 858 mereamini
989 806 1273 876 percipere
1322 814 1527 862 aeterna
1575 809 1796 883 gaudia,
1825 825 1947 881 quae
1968 825 2028 864 se

418 894 780 967 diligentibus
802 898 1152 966 repromittit.
1182 918 1210 948 ι)
1248 900 1378 953 ltem
1412 900 1753 970 respondens
1782 901 1846 954 ad
1881 899 2027 955 litte-

416 1001 522 1051 ras,
545 1002 685 1056 quas
718 986 864 1041 idem
901 1005 993 1043 rex
1052 989 1104 1044 ei
1165 991 1567 1059 transmiserat,
1598 1007 1799 1065 rogans
1828 1001 1889 1048 ut
1919 1000 2026 1047 tam

417 1089 515 1143 per
561 1089 623 1128 se
669 1091 832 1145 quam
885 1093 1254 1150 quoscunque
1279 1086 1518 1151 poterat,
1543 1082 1822 1138 orationes
1843 1087 2031 1154 ageret

415 1179 516 1234 pro
538 1165 788 1234 genitore
821 1167 994 1236 ipsius
1042 1169 1207 1242 regis,
1265 1170 1358 1240 qui
1410 1176 1740 1241 apparuerat
1780 1171 1831 1224 ei
1861 1171 1915 1224 in
1947 1171 2031 1224 vi-

415 1256 590 1319 sione,
648 1256 946 1313 obsecrans
1005 1267 1064 1314 ut
1135 1261 1314 1331 pmnis
1369 1262 1607 1333 eriperet
1650 1278 1776 1317 eum
1827 1261 2030 1332 quibus

417 1348 787 1403 detinebatur.
820 1350 974 1405 Unde
1024 1360 1080 1406 et
1135 1353 1266 1407 satis
1311 1353 1500 1408 utilem
1534 1355 1601 1408 ad
1633 1371 1757 1410 eum
1781 1355 2033 1410 rescribit

418 1441 707 1512 epistolam
740 1444 810 1498 de
835 1442 1000 1497 modo
1033 1450 1087 1497 et
1128 1445 1392 1515 qualitate
1415 1447 1704 1513 orationis,
1737 1447 2034 1502 auctorita-

417 1533 565 1589 tibus
595 1535 833 1605 plenam.
869 1536 1002 1589 [tem
1033 1551 1131 1605 pro
1153 1536 1321 1592 rebus
1350 1539 1522 1593 sancti
1557 1539 1788 1612 Remigii
1822 1538 1944 1593 sitis
1971 1539 2027 1592 in

416 1623 648 1698 Vosego,
679 1632 734 1679 et
751 1624 857 1678 alia
883 1625 1056 1695 plura.
1079 1623 1159 1678 Ad
1184 1624 1354 1680 ﬁlium
1385 1642 1607 1698 quoque
1635 1627 1832 1698 ipsius,
1861 1627 2031 1698 aequi-

2128 443 2358 498 doaldus
2389 446 2637 500 eamdem
2669 451 2858 500 sancto
2888 443 3138 517 Remigio
3170 444 3408 506 dederit,
3438 445 3746 499 admonens

2129 548 2198 587 ne
2223 533 2473 588 hocinde
2495 541 2702 606 ageret,
2721 533 2871 588 unde
2894 531 3415 588 condemnationem
3437 534 3634 587 animae
3647 549 3744 587 ac-

2129 625 2392 696 quireret.
2428 626 2560 680 ltem
2594 640 2695 695 pro
2734 625 3006 680 electione
3036 624 3285 695 episc0pi
3323 624 3570 678 ecclesim
3597 641 3742 679 con-

2129 713 2378 768 cedenda
2437 712 2834 768 Cameracensi.
2896 715 3028 768 ltem
3095 713 3165 768 de
3244 712 3483 768 utilitate
3544 712 3744 766 animae

2131 805 2586 879 regioqueipsius
2618 805 2847 872 honore,
2890 805 2944 858 in
2975 820 3085 875 qua
3115 812 3532 871 commemorat,
3567 804 3746 875 quali-

2130 904 2214 952 ter
2241 905 2399 967 pater
2423 897 2600 967 ipsius
2657 896 2947 951 Lotharius
3005 899 3281 971 Augustus
3329 898 3379 952 ei
3418 913 3476 951 se
3540 898 3744 968 ipsum,

2130 1003 2398 1060 suamque
2421 989 2904 1044 commendaverat
2933 988 3194 1043 animam.

2751 1095 2962 1150 CAPUT
2991 1095 3121 1149 XXI.

2204 1168 2277 1221 De
2297 1167 2379 1222 his
2396 1183 2516 1236 qua
2528 1167 2858 1237 quibusdam
2883 1169 3302 1238 archiepiscopis
3321 1168 3404 1223 vel
3413 1169 3672 1237 episcopis

2805 1241 3027 1308 scripsit
3054 1278 3066 1292 .

2204 1351 2440 1406 Diversis
2469 1352 2634 1406 etiam
2653 1360 2761 1407 tam
2789 1352 3072 1423 episcOpis
3117 1369 3279 1424 quam
3312 1352 3750 1423 archiepisc0pis

2133 1443 2457 1498 multimoda
2510 1444 2743 1499 utillima
2773 1444 2929 1499 dedit
2957 1445 3179 1516 scripta.
3215 1445 3365 1500 Hecti
3420 1445 3746 1500 trevirorum

2130 1532 2548 1603 archiepiscopo
2604 1533 2796 1588 scribit
2833 1534 3203 1589 ordinationis
3242 1550 3355 1588 suae
3417 1533 3743 1604 primordia.

2130 1622 2368 1678 offerens
2397 1640 2458 1678 se
2488 1624 2699 1679 socium
2748 1631 2803 1678 et
2832 1625 3220 1680 obsecutorem
3275 1625 3330 1678 in
3353 1625 3750 1680 ecclesiasticis

415 1727 608 1767 vocum
639 1713 780 1781 ejus,
805 1712 999 1768 scribit
1030 1728 1130 1783 pro
1181 1713 1308 1768 villa
1340 1714 1670 1782 Deduciaco,
1705 1713 2030 1790 signiﬁcans
2056 1727 2108 1794 Β
2131 1714 2369 1786 negotiis
2399 1715 2573 1784 ipsius
2599 1716 2913 1786 paternitati
2948 1717 3117 1781 ;item
3141 1716 3210 1771 de
3236 1717 3430 1772 eadem
3454 1732 3532 1782 re,
3553 1725 3750 1788 petens

417 1805 652 1876 qualiter
673 1811 894 1859 sanctus
913 1803 1247 1859 Clodoaldus
1275 1821 1396 1859 eam
1430 1806 1485 1862 S.
1513 1807 1765 1880 Remigio
1786 1806 2024 1870 dederit,

419 1903 475 1950 et
500 1895 778 1966 quomodo
827 1896 1057 1951 Karolus
1118 1897 1334 1968 Pippini
1394 1898 1540 1973 regis
1596 1897 1743 1952 ﬁlius
1774 1898 2026 1953 eamdem

415 1989 598 2043 villam
627 1990 774 2060 apud
802 1990 1080 2062 Tilpinum
1120 1991 1598 2063 archiepiscopum
1638 1991 1942 2047 obtinuerit
1972 1992 2028 2045 in

419 2082 776 2152 praestariam,
806 2099 871 2136 ea
917 2082 1257 2148 conditione,
1323 2091 1383 2138 ut
1448 2084 1687 2155 capellas
1748 2085 1817 2139 ad
1849 2084 2026 2155 ipsam

419 2173 758 2243 pertinentes
786 2189 909 2227 cum
937 2173 1100 2228 nonis
1132 2180 1186 2229 et
1218 2173 1449 2229 decimis
1495 2174 1792 2245 episcopus
1827 2176 2025 2230 Remo-

418 2278 536 2317 rum
577 2263 861 2328 retineret,
903 2269 958 2317 et
988 2279 1077 2318 rex
1140 2264 1432 2319 duodecim
1478 2263 1647 2319 libras
1700 2266 1915 2340 argenti
1975 2265 2030 2319 in

418 2351 784 2405 luminaribus
836 2349 1084 2405 ecclesiae
1138 2352 1314 2418 daret,
1356 2359 1411 2407 et
1439 2353 1589 2423 quod
1626 2353 1772 2408 hunc
1801 2369 2026 2408 censum

415 2449 523 2496 tam
555 2441 672 2512 ipse
699 2458 812 2508 rex,
837 2457 1000 2513 quam
1027 2459 1376 2499 successores
1406 2445 1528 2513 ejus
1554 2445 1940 2515 persolverint,
1973 2453 2029 2499 et

417 2535 565 2606 quod
593 2535 711 2605 ipse
733 2550 953 2605 quoque
981 2551 1013 2588 a
1033 2542 1186 2604 patre
1245 2536 1394 2591 illius
1416 2537 1672 2592 eumdem
1701 2552 1928 2592 censum
1958 2537 2028 2592 de

415 2621 642 2692 prmfata
669 2622 800 2678 villa
853 2623 1143 2692 receperit.
1178 2625 1284 2679 Sed
1349 2634 1404 2680 et
1458 2625 1527 2680 de
1569 2626 1698 2680 villa
1726 2625 2025 2692 Noviliaca,

416 2715 693 2784 quomodo
724 2714 1138 2771 aKarlomanno
1159 2716 1285 2770 data
1307 2716 1484 2772 fuerat
1523 2724 1714 2772 sancto
1755 2717 2026 2792 Remigio,

417 2815 472 2859 et
501 2805 633 2875 quid
660 2813 851 2876 postea
881 2805 949 2860 de
979 2807 1099 2876 ipsa
1116 2806 1281 2862 fuerit
1299 2814 1502 2864 actum.
1520 2809 1650 2864 Item
1677 2809 1744 2863 ad
1768 2811 2023 2865 eumdem

413 2894 483 2948 de
515 2893 745 2948 consilio
803 2894 1112 2949 divinarum
1166 2895 1570 2967 Scripturarum
1620 2896 1920 2968 quaerendo
1971 2903 2026 2951 et

416 2985 781 3052 observando,
810 2992 864 3040 et
891 2985 961 3040 de
991 2987 1324 3042 consiliariis
1371 2988 1817 3056 inconsideratis,
1859 2995 2023 3043 caete-
2057 2999 2106 3067 C

417 3081 606 3153 risque
636 3080 804 3135 rebus
835 3079 1073 3151 qualiter
1094 3081 1239 3136 istud
1271 3097 1505 3155 regnum
1536 3080 1865 3148 habebatur,
1890 3088 2030 3136 etne

416 3169 552 3226 illud
585 3169 845 3224 invadere
877 3175 1256 3239 praesumeret.
1295 3171 1424 3224 ltem
1469 3185 1567 3240 pro
1606 3169 1869 3224 salvanda
1896 3169 2032 3224 civi-

416 3263 527 3312 tate
560 3257 836 3324 Remensi,
867 3265 921 3312 et
967 3258 1244 3328 parcendo
1315 3257 1484 3313 sacris
1514 3257 1671 3324 locis,
1703 3259 1750 3313 si
1795 3258 2028 3314 veniret.

419 3347 552 3401 ltem
573 3346 810 3417 qualiter
829 3346 1047 3421 egerint
1068 3347 1318 3418 episcOpi
1341 3363 1470 3421 erga
1498 3347 1833 3424 Ludovicum
1857 3346 2031 3402 ﬁlium

416 3436 617 3504 Karoli,
649 3436 872 3507 quando
902 3452 1029 3490 eum
1059 3452 1246 3508 regem
1287 3435 2032 3508 consecraverunt,quiaiste

413 3527 574 3582 aliter
602 3528 870 3582 audierat.
896 3529 1032 3583 Item
1071 3528 1142 3582 de
1173 3527 1391 3582 duabus
1429 3526 1698 3583 uxoribus
1722 3528 1894 3598 ipsius
1924 3527 2030 3582 Lu-

413 3616 591 3672 dovici
623 3615 1200 3688 ﬁliiKaroli,qualiter
1221 3623 1404 3671 actum
1433 3615 1618 3680 fuerit,
1648 3624 1703 3670 et
1735 3623 1957 3670 caetera.

483 3708 757 3764 Scribitet
785 3707 1021 3779 Pippino
1048 3708 1163 3783 regi
1194 3707 1541 3779 Aquitanico,
1602 3723 1702 3778 pro
1749 3707 1916 3762 rebus
1937 3723 2031 3762 ec-

415 3796 597 3852 clesiae
627 3813 740 3852 sum
771 3797 828 3851 in
851 3796 1008 3872 pagis
1035 3796 1323 3862 Arvenico,
1358 3794 1648 3851 Lemovico
1680 3804 1734 3850 et
1756 3795 2029 3852 Pictavico

413 3889 556 3957 sitis,
590 3905 690 3961 pro
722 3889 928 3960 quibus
948 3889 1114 3944 etiam
1147 3889 1357 3943 litteras
1379 3887 1559 3944 Karoli
1595 3887 1742 3959 regis
1769 3887 1837 3941 ad
1872 3903 2030 3942 eum-

414 3980 539 4035 dem
566 3981 859 4052 Pippinum
877 3981 1021 4036 mitti
1037 3981 1437 4052 obtinuit,quas
1459 3995 1547 4036 res
1558 3979 1896 4053 Frigidoloni
1915 3981 2032 4036 viro

415 4072 613 4127 illustri
644 4073 901 4127 tutandas
929 4072 1220 4128 commisit.
1265 4072 1459 4127 Karolo
1518 4087 1740 4143 quoque
1775 4071 2033 4128 Ludovici

414 4165 833 4219 transremensis
885 4162 1020 4231 ﬁlio,
1077 4163 1397 4218 collaudans
1440 4162 1569 4217 ﬁdei
1601 4164 2024 4237 benignitatem,

414 4268 578 4324 quam
605 4251 967 4307 conservabat
1021 4267 1152 4325 erga
1209 4250 1352 4306 ﬁlios
1382 4250 1593 4306 sobrini
1649 4251 1735 4306 sui
1767 4251 2029 4306 Ludovici

2129 1817 2188 1857 se
2217 1802 2285 1856 ab
2318 1818 2384 1857 eo
2417 1803 2638 1870 instrui,
2671 1812 2725 1858 et
2755 1820 2854 1874 pro
2872 1803 2985 1860 ﬁlio
3003 1804 3217 1871 haberi,
3237 1803 3556 1879 signiﬁcans
3578 1805 3747 1859 etiam

2130 1891 2199 1946 de
2230 1890 2428 1945 itinere
2457 1906 2575 1956 suo,
2606 1907 2716 1963 quo
2746 1907 2803 1946 se
2863 1893 3088 1948 Romam
3142 1899 3332 1963 petere
3363 1892 3700 1963 disponebat
3735 1910 3750 1957 ;

2132 1981 2262 2036 item
2295 1982 2363 2036 de
2405 1982 2702 2048 Gondrico,
2737 1999 2898 2054 quem
2940 1983 3509 2039 excommunicaverat
3555 1983 3672 2049 ille,
3696 1991 3754 2037 et

2130 2076 2199 2130 de
2219 2075 2464 2130 Fulcrico
2519 2092 2550 2130 a
2606 2091 2665 2130 se
2718 2075 3212 2137 excommunicato,
3248 2075 3342 2146 qui
3383 2073 3655 2147 refugium
3694 2074 3747 2127 in

2130 2167 2454 2223 Treverensi
2487 2167 2692 2222 habere
2745 2166 3040 2222 videbatur
3066 2165 3409 2236 episcopatu.
3435 2165 3749 2220 Guntbaldo

2131 2257 2320 2325 (Gunt.
2355 2257 2631 2327 Rothom.)
2688 2255 3107 2326 archiepisc0po
3132 2255 3326 2311 scribit
3356 2270 3454 2325 pro
3505 2255 3746 2326 quodam

2133 2345 2476 2416 presbytero,
2501 2345 2571 2399 de
2591 2345 2719 2412 jure
2748 2344 3126 2400 ecclesiastico
3158 2343 3538 2399 conservando
3571 2361 3585 2407 ;
3616 2345 3749 2397 item

2129 2451 2226 2507 pro
2246 2437 2332 2490 his
2357 2451 2478 2507 quae
2498 2436 2554 2489 in
2574 2435 2798 2506 synodo
2824 2444 2980 2510 gesta
3008 2435 3227 2491 fuerant
3252 2435 3474 2501 ;Amolo
3525 2434 3751 2508 Lugdu-

2129 2526 2308 2591 nensi,
2337 2526 2405 2581 de
2437 2525 2638 2596 placito
2670 2526 2816 2596 quod
2863 2525 3133 2580 habuerat
3158 2541 3282 2580 cum
3317 2540 3445 2598 rege
3480 2524 3752 2598 regnique

2130 2613 2487 2684 primoribus,
2517 2614 2586 2668 de
2613 2613 2927 2669 Judteorum
2983 2614 3040 2668 in
3071 2614 3176 2668 hoc
3205 2628 3374 2685 regno
3405 2619 3545 2666 statu
3580 2612 3752 2675 ;item

2131 2706 2200 2759 de
2230 2707 2441 2777 synodo
2481 2721 2511 2760 a
2539 2704 2717 2760 tribus
2778 2705 3005 2780 regibus
3057 2704 3332 2768 condicta,
3385 2712 3440 2758 et
3464 2703 3532 2758 de
3563 2702 3754 2757 Ebone

2129 2812 2460 2868 praecessore
2493 2796 2762 2868 ipsius,et
2787 2796 2914 2850 aliis
2943 2795 3314 2862 nonnullis,in
3342 2810 3449 2866 qua
3469 2809 3596 2848 eum
3618 2792 3757 2848 cha-

2128 2885 2403 2942 rissimum
2417 2894 2472 2940 et
2484 2885 2804 2940 unanimem
2819 2884 2927 2938 sibi
2945 2891 3155 2955 patrem
3169 2900 3229 2939 se
3243 2883 3445 2938 habere
3458 2881 3754 2956 signiﬁcat;

2130 2977 2262 3032 item
2294 2976 2363 3030 de
2393 2974 2652 3031 Lothario
2683 2990 2836 3049 rege,
2859 2980 2915 3028 et
2957 2974 3080 3028 aliis
3110 2972 3439 3046 quibusdam
3483 2971 3674 3037 rebus,
3697 2971 3752 3024 in

2133 3083 2243 3137 qua
2271 3081 2331 3120 se
2353 3064 2525 3120 ﬁlium
2585 3063 2902 3120 dilectionis
2955 3063 3129 3134 ipsius
3184 3061 3425 3134 appellat
3476 3061 3653 3131 ;item
3684 3061 3758 3115 de

2134 3159 2473 3216 Gothescalci
2508 3160 2612 3214 rita
2627 3159 2714 3215 vel
2738 3159 3179 3226 conversatione,
3208 3157 3626 3229 praedicatione,
3658 3157 3760 3210 de-

2133 3255 2531 3326 prehensione,
2575 3262 2740 3326 atque
2780 3254 3268 3316 condemnatione,
3327 3253 3405 3306 rei
3462 3251 3758 3305 veritatem

2133 3363 2419 3418 exponens
2454 3365 2468 3412 ;
2500 3346 2750 3401 Hrabano
2780 3345 3076 3419 Moguntiae
3118 3344 3364 3416 praesuli,
3393 3359 3558 3414 super
3597 3343 3758 3411 ejus-

2133 3440 2260 3494 dem
2287 3438 2630 3494 Gothescalci
2685 3438 2872 3508 (quem
2930 3437 3074 3492 idem
3138 3435 3382 3509 pontifex
3423 3451 3454 3489 a
3495 3433 3763 3505 parochia

2134 3547 2236 3586 sua
2273 3531 2344 3586 ob
2375 3531 2646 3584 haeresum
2678 3529 2916 3593 semina,
2942 3544 3066 3600 quae
3098 3527 3416 3601 spargebat,
3449 3526 3757 3597 repulsum,

2132 3619 2200 3674 ad
2241 3618 2496 3673 eumdem
2551 3633 2676 3674 eum
2735 3618 3070 3690 quibusdam
3131 3616 3497 3688 complicibus
3549 3614 3666 3669 suis
3697 3614 3757 3685 [i,

2133 3709 2324 3781 ipsius]
2360 3709 2650 3780 direxerat)
2683 3709 3042 3780 susceptione
3073 3709 3160 3765 vel
3195 3707 3547 3763 discussione
3583 3705 3754 3770 ;item

2131 3799 2200 3855 de
2232 3800 2331 3856 hac
2357 3800 2551 3854 eadem
2581 3813 2663 3866 re,
2714 3804 2769 3853 et
2799 3797 2932 3869 quid
2994 3803 3120 3869 post
3150 3797 3559 3868 susceptionem
3580 3796 3760 3867 ipsius

2132 3893 2202 3946 de
2229 3891 2425 3948 eodem
2474 3890 2672 3966 egerit,
2730 3889 3021 3961 qualemve
3063 3887 3337 3943 invenerit
3370 3887 3543 3958 ipsius
3593 3903 3758 3941 vesa-

2135 3984 2306 4050 niam,
2333 3982 2620 4038 consilium
2652 3980 2721 4036 ab
2755 3996 2822 4036 eo
2853 3979 3402 4051 rationabilius,quid
3424 3977 3531 4033 sibi
3553 3978 3759 4032 adver-

2133 4087 2228 4126 sus
2253 4087 2378 4126 eum
2411 4069 2686 4144 agendum
2717 4069 2809 4136 sit,
2833 4078 3100 4140 expetens
3133 4087 3146 4134 ;
3173 4068 3301 4123 item
3332 4068 3402 4123 de
3427 4067 3682 4122 doctrina
3702 4075 3757 4121 et

2135 4163 2330 4219 haeresi
2359 4162 2628 4232 ejusdem,
2649 4171 2705 4217 et
2734 4162 2869 4234 quid
2900 4162 2958 4216 in
2988 4177 3115 4216 eum
3138 4160 3350 4229 fecerit,
3383 4166 3676 4232 postquam
3698 4158 3755 4213 in

2131 4254 2342 4325 synodo
2379 4254 2671 4309 haereticus
2728 4253 3120 4324 comprobatus
3169 4252 3366 4315 fuerat.
3401 4267 3505 4306 nec
3549 4250 3755 4324 corrigi

413 4342 841 4398 Karlomannum
876 4344 1016 4408 (Car.
1039 4343 1248 4413 Crass,)
1280 4348 1334 4396 et
1365 4341 2106 4438 Ludovicum,obsecransD
2130 4345 2395 4417 potuit,et
2411 4344 2543 4416 quid
2569 4345 2690 4415 ipse
2703 4352 2895 4401 contra
2917 4345 3222 4401 doctrinam
3237 4344 3358 4412 ejus
3389 4342 3758 4398 sentiatdam-

413 4451 540 4490 eum
569 4451 667 4507 pro
700 4435 958 4490 Ecclesiae
987 4434 1080 4490 Dei
1113 4435 1323 4490 honore
1352 4451 1415 4490 ac
1444 4435 1601 4511 regni
1634 4435 1799 4505 hujus
1820 4433 2091 4491 statuet—
2131 4437 2524 4508 nationemque
2555 4436 2751 4508 ipsius,
2784 4453 2980 4508 quaeve
3004 4443 3194 4492 contra
3217 4435 3471 4490 eumdem
3505 4433 3758 4504 scripse-

411 4526 758 4594 defensione,
786 4534 950 4599 atque
968 4534 1028 4582 ut
1040 4525 1279 4598 praefatis
1308 4528 1495 4598 pueris
1524 4526 1693 4598 regiis
1714 4527 2026 4583 constitue-

414 4628 496 4674 ret
535 4621 856 4691 prudentes,
885 4621 1174 4692 justosque
1196 4620 1550 4696 paedagogos,
1591 4621 1686 4692 qui
1726 4636 1823 4676 eos
1857 4621 2029 4676 doce-

413 4718 537 4764 rent
570 4710 666 4765 Dei
692 4709 927 4765 famulos
954 4710 1249 4776 honorare,
1291 4718 1346 4763 et
1367 4707 1625 4763 mandata
1656 4707 1751 4763 Dei
1784 4724 2025 4776 servare,

411 4802 743 4874 semetipsos
807 4817 1020 4874 regere,
1055 4801 1326 4876 regnique
1379 4801 1891 4874 gubernacula-trite
1924 4810 2036 4856 tra-

410 4897 579 4956 ctare.
614 4890 754 4945 Item
776 4906 874 4961 pro
905 4906 1070 4946 causa
1100 4889 1373 4966 Sigeberti
1406 4888 1585 4944 ﬁdelis
1610 4889 1713 4944 sui.
1751 4890 1884 4944 Item
1921 4889 2030 4944 Lo-

411 4980 592 5035 thario
621 4981 758 5054 regi,
789 4979 904 5037 ﬁlio
958 4980 1308 5052 imperatoris
1337 4980 1597 5046 Lotharii,
1631 4995 1729 5051 pro
1760 4979 1889 5034 villa
1929 4980 2034 5035 De-

411 5068 662 5135 duciaco,
709 5085 872 5141 quam
923 5077 1079 5140 pater
1118 5069 1239 5138 ejus
1265 5068 1582 5123 reddiderat
1635 5067 1888 5122 ecclesiae
1929 5067 2034 5122 Re-

408 5158 614 5223 mensi,
649 5173 718 5214 ne
749 5174 836 5214 res
865 5157 933 5213 ad
967 5157 1142 5229 ipsam
1164 5156 1512 5230 pertinentes
1528 5155 1809 5227 aliquibus
1831 5170 2031 5238 perso-

412 5249 518 5316 nis,
579 5249 724 5306 sicut
774 5267 897 5306 eum
962 5250 1143 5306 facere
1201 5250 1464 5306 audiebat
1518 5249 1574 5302 in
1632 5248 2026 5320 proprietatem

409 5341 656 5413 periculo
693 5358 794 5398 suo
826 5343 1088 5410 traderet,
1119 5343 1451 5400 velcolonos
1469 5342 1644 5413 ipsius
1671 5339 1814 5396 villae
1845 5339 2031 5396 absol-

409 5444 585 5502 veret,
619 5436 665 5490 si
688 5433 823 5507 quid
855 5440 1039 5490 autem
1079 5436 1190 5490 tale
1219 5451 1250 5489 a
1280 5450 1340 5490 se
1362 5434 1564 5489 factum
1589 5432 1806 5499 fuisset,
1831 5447 2028 5487 emen-

410 5524 541 5580 dare
570 5532 805 5580 curaret.
837 5525 970 5579 Item
1012 5538 1112 5594 pro
1167 5523 1417 5591 ejusdem
1446 5521 1589 5578 villae
1624 5522 1767 5577 male
1800 5526 2028 5577 tractata

409 5617 792 5689 dispositione,
827 5623 882 5672 et
936 5631 1127 5683 censu,
1187 5632 1354 5688 quem
1384 5631 1510 5672 cum
1538 5613 1786 5686 periculo
1825 5613 2025 5671 animm

2130 4527 2218 4594 rit,
2248 4526 2378 4582 huic
2407 4523 2756 4581 discutienda
2777 4525 3002 4589 direxit,
3034 4540 3291 4596 quaerens
3323 4524 3486 4578 etiam
3515 4521 3758 4594 qualiter

2129 4618 2200 4672 de
2251 4615 2527 4671 Trinitatis
2581 4614 2690 4670 ﬁde
2749 4631 2811 4670 ac
2845 4614 3334 4686 praedestinatione
3396 4612 3753 4667 diversorum

2134 4707 2351 4761 Patrum
2373 4705 2483 4759 sint
2503 4704 2876 4778 intelligendae
2898 4701 3270 4759 sententiaezin
3297 4717 3406 4772 qua
3419 4699 3656 4771 epistola
3671 4715 3756 4754 as-

2134 4794 2269 4850 serit
2291 4795 2443 4848 hunc
2471 4792 2696 4847 beatum
2738 4792 3018 4846 Hrbanum
3043 4791 3221 4846 solum
3258 4796 3386 4844 tunc
3400 4788 3669 4858 temporis
3684 4788 3758 4842 de

2135 4883 2476 4955 discipulatu
2503 4881 2654 4938 beati
2695 4881 2910 4937 Alcuini
2953 4879 3206 4935 relictum
3238 4896 3252 4946 ;
3286 4877 3634 4932 Landramno
3662 4891 3756 4929 ar-

2133 4977 2514 5048 chiepiscopo,
2546 4975 2614 5030 de
2644 4972 3060 5045 consilio,quod
3074 4971 3143 5026 ab
3171 4986 3236 5026 eo
3270 4969 3621 5041 petieratpro
3640 4983 3759 5023 mo-

2133 5066 2373 5122 nasterio
2396 5065 2724 5137 puellarum,
2747 5063 2896 5135 quod
2931 5079 3022 5117 rex
3039 5060 3157 5116 dari
3175 5057 3536 5132 praecipiebat
3562 5058 3758 5113 incon-

2128 5155 2375 5212 venienti
2401 5169 2671 5225 personae,
2695 5152 2830 5224 quid
2861 5149 3113 5206 indesibi
3143 5148 3283 5204 foret
3302 5145 3758 5223 agendum,utili-

2130 5255 2214 5305 ter
2248 5248 2577 5311 admonens,
2609 5251 2669 5300 ut
2699 5242 2990 5305 ministerii
3021 5241 3129 5297 sibi
3159 5239 3439 5298 commissi
3471 5237 3753 5294 sollicitu-

2129 5342 2316 5397 dinem
2347 5337 2654 5395 ferventius
2674 5342 2830 5412 gerat
2858 5354 2873 5403 ;
2909 5333 3251 5409 Teutgaudio
3300 5329 3652 5396 Treverensi,
3685 5329 3755 5384 de

2128 5431 2364 5503 primatu
2381 5443 2547 5500 quem
2576 5425 2779 5483 deferri
2801 5426 2870 5480 ab
2886 5439 2952 5481 eo
2970 5424 3178 5480 debere
3191 5421 3489 5492 scripserat
3519 5419 3615 5474 ille
3634 5418 3755 5473 sedi

2126 5522 2488 5588 Trevirorum,
2522 5520 2813 5576 insinuans
2864 5518 2920 5572 id
2951 5517 3131 5573 eidem
3163 5513 3282 5571 sedi
3314 5530 3347 5568 a
3377 5513 3515 5568 sede
3542 5512 3752 5566 Remo-

2125 5631 2247 5672 rum
2270 5629 2559 5685 nunquam
2590 5612 2763 5669 fuisse
2793 5610 3057 5678 delatum,
3091 5615 3224 5674 etc.,
3251 5607 3377 5662 item
3410 5603 3666 5659 secundo
3692 5617 3754 5656 ac
