4008 6158
192 232 289 289 201

862 238 1202 297 ΗΙΞΤΟΒΙᾸΕ
1242 245 1576 305 ECCLESl/E
1614 253 1941 313 REMENSIS
1982 259 2162 314 LIBRI
2206 261 2538 325 QUATUOR.
2565 303 2634 313 —
2677 276 2900 336 LIB.lll

192 374 356 428 tertio
389 373 463 427 de
505 389 669 430 causa
699 375 938 464 Fulcrici
994 386 1500 455 cxcommunicati;
1554 390 1681 446 item
1739 409 1842 464 pro
1873 400 1926 468 Α
1948 397 2262 467 sequenda,
2294 398 2668 476 depromens;
2701 413 2771 467 de
2803 415 3082 474 Hincmari
3117 437 3348 497 quoque
3379 429 3606 493 Laudu-

194 465 361 497 -Αῑιηο
414 466 670 497 ιἠηιηοζεν.
699 465 1074 497 'T---.-_.._-:-
1116 476 1168 497 ε..
1225 478 1241 497 Α
1268 479 1394 497 --__-.,
1458 481 1469 492 -
2099 489 2110 497 .
2206 489 2219 497 .
2373 491 2384 497 -
2420 493 2430 497 -

194 465 363 522 rebus
411 466 670 523 Ecclesiae
699 451 1077 528 ‘I‘reverensis
1116 476 1172 529 in
1211 478 1505 549 Aquitania
1549 484 1688 551 sitis,
1741 503 1844 557 pro

193 556 397 627 quibus
439 557 585 612 idem
625 559 869 614 domnus
921 561 1257 620 Hincmarus
1299 571 1432 624 satis
1473 580 1660 645 egerat
1697 556 1844 645 apud

193 648 496 704 Arnoldum
538 652 833 722 quemdam
878 655 1284 725 Aquitannum,
1328 661 1420 730 qui
1461 677 1556 717 eas
1598 665 1844 731 tenebat,

195 750 246 794 ut
277 741 437 812 ipsas
466 743 719 798 Ecclesiae
748 746 1085 802 Treverensi
1133 751 1468 819 restitueret,
1512 758 1664 826 quod
1693 765 1744 812 et
1787 773 1846 813 se

194 835 508 890 obtinuisse
541 836 813 911 signiﬁcat
867 840 1143 897 Amalrico
1176 843 1385 912 (Amal.
1444 850 1676 920 Turon.)
1718 853 1843 906 reli-

191 923 371 998 gioso,
397 925 837 997 archiepiscopo,
873 931 1225 1000 compatiens
1258 933 1726 992 tribulationibus
1755 941 1842 1011 ip-

191 1017 322 1079 sius,
378 1025 436 1072 et
480 1019 769 1073 consolans
829 1021 1177 1090 patientiam.
1238 1031 1404 1095 atque
1466 1031 1842 1103 congaudens

191 1110 473 1164 sanctitati
501 1111 638 1178 ejus,
666 1128 829 1183 quem
857 1113 1169 1168 chariorem
1195 1115 1343 1169 inter
1361 1117 1572 1172 charos
1599 1135 1661 1174 se
1690 1121 1841 1176 dele-

190 1202 341 1273 gisse
394 1202 683 1276 signiﬁcat,
716 1204 950 1259 mittens
990 1205 1042 1261 ei
1081 1207 1331 1277 quiedam
1364 1210 1628 1279 pretiosa
1668 1227 1840 1269 orna-

191 1301 406 1358 menta,
440 1293 673 1348 casulam
706 1294 927 1349 scilicet
957 1294 1351 1366 diaprasinam,
1384 1313 1564 1367 quam
1602 1301 1845 1360 habebat

192 1381 440 1444 unicam,
464 1390 515 1436 et
536 1383 635 1437 alia
665 1384 1009 1438 munuscula
1041 1401 1162 1439 cum
1185 1385 1377 1440 solidis
1407 1393 1671 1444 centum.
1709 1392 1840 1447 Item

190 1470 390 1525 scribit
421 1472 595 1527 eidem
635 1488 730 1544 pro
761 1473 942 1528 rebus
974 1475 1266 1529 Remensis
1293 1475 1562 1530 Ecclesim
1597 1479 1655 1532 in
1687 1481 1843 1552 Aqui-

190 1561 340 1614 tania
374 1561 514 1624 sitis,
547 1578 678 1633 quas
716 1570 770 1617 et
803 1579 904 1616 rex
940 1563 1154 1618 restitui
1181 1561 1359 1632 jubet,
1411 1580 1684 1638 quasque
1720 1579 1836 1624 tra-

187 1656 428 1711 ctandas
487 1658 660 1712 eidem
742 1659 1028 1715 Amalrico
1103 1658 1430 1715 ﬁducialiter
1512 1667 1831 1723 committit.

189 1750 510 1806 Rothlando
539 1752 986 1824 archiepiscopo,
1030 1769 1130 1824 pro
1163 1754 1330 1809 rebus
1383 1757 1569 1811 sancti
1604 1759 1836 1835 Remigii

187 1842 612 1909 conjacentibus
659 1845 714 1898 in
752 1844 1074 1915 provincia,
1135 1853 1188 1900 et
1235 1861 1335 1916 pro
1374 1848 1658 1917 quondam
1700 1869 1831 1922 pre-

187 1935 419 2007 sbytero
450 1937 508 1991 in
538 1939 745 2008 synodo
775 1939 1290 2006 excommunicato,
1327 1947 1380 1994 et
1409 1941 1582 2021 altero
1630 1945 1685 1998 in
1713 1945 1833 2003 loco

187 2031 367 2102 ipsius
401 2034 670 2091 ordinato.
715 2035 966 2091 Rodulfo
999 2036 1364 2111 Biturigensi,
1398 2052 1495 2108 pro
1527 2039 1692 2095 rebus
1723 2043 1831 2098 Re-

186 2123 402 2177 mensis
432 2124 686 2179 Ecclesiae
744 2127 799 2179 in
833 2141 984 2200 pago
1017 2126 1313 2181 Lemovico
1357 2125 1774 2194 conjacentibus
1807 2153 1822 2201 ;

184 2214 314 2267 item
395 2229 496 2284 pro
557 2215 894 2286 quibusdam
960 2217 1496 2280 cxcommunicatis;
1564 2219 1823 2279 Guntario

183 2306 529 2374 Coloniensi,
557 2317 615 2363 ut
641 2311 958 2366 intercedat
990 2311 1139 2382 apud
1167 2311 1483 2366 Lotharium
1527 2326 1734 2390 regem,
1770 2326 1822 2374 et

180 2411 399 2474 satagat
429 2419 532 2473 pro
564 2404 835 2461 electione
858 2407 1132 2462 canonica
1159 2406 1571 2464 Cameracensis
1594 2412 1816 2483 episco-

178 2495 229 2563 pi
261 2502 393 2565 post
439 2495 726 2551 decessum
782 2499 1115 2553 Theoderici
1177 2501 1479 2554 venerandi
1523 2505 1816 2572 praesulis;

181 2588 306 2642 item
338 2589 613 2654 secundo,
634 2591 720 2645 vel
748 2592 916 2647 tertio
952 2607 1054 2662 pro
1086 2593 1187 2647 hac
1208 2593 1404 2647 eadem
1437 2611 1513 2662 re,
1536 2595 1816 2653 afﬁrmans

177 2692 287 2730 non
338 2678 444 2732 nisi
485 2679 813 2752 regulariter
844 2682 901 2735 in
963 2681 1164 2736 diebus
1194 2683 1309 2737 suis
1355 2682 1464 2738 illic
1494 2686 1811 2759 episcopum

178 2770 558 2824 ordinandum
591 2769 876 2827 Luitberto
913 2773 976 2845 [ο.
1005 2775 1080 2843 j,,
1124 2775 1318 2846 Luidb]
1354 2776 1689 2851 Maguntino,
1717 2797 1818 2851 pro

177 2863 351 2917 rebus
406 2865 586 2919 sancti
666 2866 904 2940 Remigii
984 2867 1104 2922 sitis
1174 2869 1226 2922 in
1283 2870 1496 2943 Vosago
1549 2872 1818 2946 [Vosgc],

176 2953 508 3030 signiﬁcans
530 2955 770 3027 qualiter
794 2959 1019 3030 quidam
1054 2959 1268 3015 Gibero
1295 2977 1396 3030 pro
1426 2951 1609 3017 earum
1636 2981 1814 3020 rerum

176 3050 512 3118 pervasione
543 3066 766 3106 sensum
796 3054 1322 3125 perdiderit,etper
1349 3056 1621 3131 integrum
1653 3075 1811 3115 men-

172 3158 290 3197 sem
321 3143 451 3197 sine
486 3142 899 3200 intermissione
931 3151 1178 3211 vexatus,
1217 3161 1340 3199 cum
1362 3145 1551 3201 dolore
1578 3155 1630 3203 et
1663 3150 1814 3218 peri-

170 3239 297 3294 culo
329 3238 576 3294 maximo
598 3240 764 3295 vitam
815 3239 1027 3296 ﬁnierit
1051 3258 1064 3304 ;
1091 3240 1220 3294 item
1252 3256 1352 3311 pro
1376 3240 1610 3296 tuitione
1630 3258 1812 3298 rerum

172 3315 648 3403 praescriptarum,
698 3341 751 3389 et
793 3350 982 3390 earum
1033 3334 1258 3390 familia:
1318 3333 1664 3402 defensione,
1723 3339 1811 3393 vel

169 3426 584 3500 gubernatione
611 3443 762 3498 smpe
786 3427 980 3483 scribit
1004 3447 1018 3494 ;
1051 3429 1179 3482 item
1212 3428 1283 3482 de
1315 3427 1688 3484 collocutione
1711 3447 1809 3486 sua

169 3535 338 3590 quam
374 3518 573 3573 habuit
608 3518 755 3589 apud
791 3519 987 3574 Trecas
1010 3535 1132 3574 cum
1157 3519 1374 3574 Joanne
1401 3535 1560 3589 papa,
1595 3527 1648 3574 et
1674 3522 1807 3592 quid

169 3613 303 3670 boui
357 3629 487 3669 cum
538 3628 605 3668 eo
661 3613 876 3669 locutus
922 3613 1086 3668 fuerit
1116 3614 1186 3669 de
1227 3614 1372 3684 ipso,
1426 3613 1720 3670 exhortans
1751 3624 1807 3672 ut

169 3705 389 3761 litteras
415 3713 473 3760 et
528 3704 757 3759 missum
809 3721 966 3776 papae
1027 3705 1271 3781 benigne
1315 3703 1602 3774 suscipiat,
1637 3714 1690 3760 et
1736 3708 1804 3762 ad

168 3814 298 3854 eum
335 3796 530 3852 venire
563 3796 780 3853 studeat
809 3815 824 3863 ;
858 3798 989 3854 item
1018 3798 1087 3854 de
1127 3797 1371 3872 quodam
1403 3803 1805 3872 transgressore

167 3889 529 3959 presbytero.
577 3887 781 3944 Scribit
826 3890 971 3944 idem
1027 3889 1367 3946 venerabilis
1398 3888 1722 3945 Hincmarus
1750 3898 1804 3946 et

165 3979 231 4032 ad
291 3977 618 4034 Lotharium
660 3977 827 4033 italiae
867 3995 1075 4052 regem.
1104 3981 1200 4052 qui
1249 3996 1333 4046 se,
1391 3977 1584 4032 relicta
1632 3994 1802 4034 uxore

165 4069 421 4142 propria,
459 4070 680 4125 cuidam
696 4069 918 4127 feminae
948 4073 1330 4143 copulaverat,
1365 4071 1503 4124 dans
1537 4070 1587 4124 ei
1621 4071 1803 4126 consi—

160 4161 331 4229 lium,
364 4168 420 4217 et
471 4161 800 4228 admonens,
832 4169 893 4218 ut
925 4179 1044 4218 eam
1077 4181 1106 4220 a
1154 4162 1454 4236 prseseutia
1484 4177 1581 4216 sua
1619 4162 1800 4217 omni-

162 4250 268 4306 bus
304 4258 642 4316 removeret,
674 4252 998 4325 signiﬁcans
1017 4269 1075 4310 se
1105 4254 1294 4310 domui
1320 4251 1541 4307 Adriani
1575 4252 1798 4323 (4dria-

161 4347 221 4398 ni
247 4346 323 4409 II]
356 4360 522 4415 papae
560 4344 772 4400 litteras
810 4347 906 4415 (est
943 4361 1024 4415 ep.
1085 4347 1173 4418 13)
1222 4356 1279 4402 et
1334 4345 1590 4401 mandata
1634 4361 1802 4415 super

160 4436 265 4491 hac
297 4453 357 4492 re
379 4436 724 4507 suscepisse,
754 4444 808 4492 et
830 4445 891 4492 ut
913 4437 1058 4493 idem
1083 4454 1174 4494 rex
1213 4439 1271 4493 in
1301 4439 1405 4493 hac
1431 4453 1594 4491 causa
1625 4436 1800 4507 ipsius

159 4544 322 4600 papae
362 4536 651 4601 praecepta
693 4538 1004 4595 conservet,
1044 4547 1341 4608 suggerere
1394 4537 1590 4595 curat;
1634 4529 1786 4596 item,
1814 4508 1873 4577 D

157 4620 326 4676 aliam
351 4620 650 4691 epistolam
675 4621 742 4675 de
769 4621 1090 4676 hominibus
1105 4638 1297 4693 pacem
1325 4619 1573 4691 recipere
1596 4618 1791 4674 nolen-

158 4712 337 4780 tibus,
387 4714 527 4785 quid
569 4712 702 4768 inde
746 4713 866 4768 fieri
906 4713 1124 4783 debeat,
1165 4714 1490 4770 collaudans
1529 4712 1675 4785 quod
1721 4712 1790 4766 de

155 4806 505 4874 quibusdam
559 4805 763 4861 talibus
819 4808 1004 4880 regale
1046 4809 1154 4877 jam
1201 4806 1570 4862 ministerium
1627 4823 1788 4863 exer-

156 4894 358 4948 cuerit.
394 4893 694 4963 Scripsitet
727 4895 1139 4970 Apologeticum
1171 4903 1364 4953 contra
1395 4894 1791 4952 obtrectatores

157 5002 316 5052 suos,
348 4985 444 5058 qui
477 4985 966 5042 calumniabantur
1018 5004 1140 5043 eum
1195 4987 1429 5045 diversis
1491 4988 1789 5045 detractio-

155 5093 296 5132 num
332 5077 800 5150 appetitiouibus,
861 5079 1069 5136 scilicet
1099 5083 1245 5153 apud
1277 5097 1474 5153 papam
1518 5081 1786 5137 Joannem

153 5169 344 5235 (Ioan.
393 5170 566 5241 VIII],
609 5173 757 5243 quod
796 5169 969 5228 nollet
996 5174 1374 5230 auctoritatem
1407 5171 1654 5244 recipere
1685 5174 1786 5228 de-

152 5268 443 5314 cretorum
466 5260 796 5332 pontiﬁcum
819 5261 968 5317 sedis
985 5263 1263 5328 Romanaz,
1289 5263 1355 5318 ad
1378 5279 1500 5335 qua),
1520 5261 1664 5332 [rest.
1683 5279 1786 5333 pro

151 5350 360 5422 amne]
393 5357 446 5404 et
493 5357 626 5405 tunc
670 5350 724 5404 in
757 5350 968 5423 synodo
1006 5350 1327 5408 Trecassina
1360 5353 1495 5419 (syn.
1544 5353 1782 5407 Trecass.

145 5458 238 5495 an.
299 5441 450 5508 378},
495 5449 551 5498 et
599 5451 791 5514 postea
845 5443 898 5498 in
943 5445 1050 5499 hoc
1084 5443 1440 5519 Apologetico
1481 5443 1786 5515 reSpondit,

142 5528 426 5585 refellens
469 5530 571 5587 hos
610 5531 1012 5589 conviciatores
1064 5549 1215 5600 suos,
1270 5540 1326 5589 et
1375 5548 1435 5587 se
1491 5531 1788 5588 decretalia

143 5617 491 5687 pontiﬁcum
532 5619 903 5677 Romanorum
962 5637 994 5676 a
1022 5621 1226 5677 sanctis
1271 5620 1527 5678 conciliis
1567 5627 1788 5691 recepta

139 5715 198 5762 et
235 5707 561 5778 approbata
595 5710 844 5780 recipere
883 5717 938 5766 et
965 5710 1121 5782 sequi
1153 5710 1410 5774 discrete,
1464 5717 1627 5779 prout
1655 5715 1786 5764 sunt

469 5815 773 5879 PATROL.
829 5817 1159 5880 CXXXV.

1949 489 2144 542 nensis
2189 489 2548 560 depositione
2586 502 2674 555 vel
2714 507 3089 579 restitutione,
3136 489 3394 587 qualiter
3423 537 3606 589 actum

1949 759 2169 816 diceret
2219 777 2331 818 non
2371 765 2554 836 ipsum
2606 775 2836 843 majoris
2875 781 3164 854 dignitatis
3220 759 3350 848 esse
3405 759 3602 873 papam

1950 867 2121 954 quam
2144 858 2446 954 esset-ipse
2483 879 2496 927 ;
2554 864 2623 919 de
2656 869 3006 930 ordinatione
3039 893 3274 951 quoque
3311 858 3598 954 Hedenulﬁ

1946 940 2003 993 in
2061 940 2259 1052 locum.
2292 945 2569 1006 Hincmari
2620 953 2676 1008 in
2732 959 3054 1032 episcOpatu
3117 940 3505 1052 Lauduneusi,
3544 998 3598 1044 et

1945 1027 2374 1127 c'on‘tirmatione
2430 1053 2591 1109 papae
2652 1027 2827 1114 ipsius
2869 1027 3288 1127 ordinationis;
3354 1066 3366 1120 i

1945 1114 2341 1189 Karlomanno,
2395 1132 2451 1180 et
2480 1127 2606 1183 aliis
2669 1134 3000 1203 quibusdam
3033 1144 3234 1218 rebus,
3277 1114 3349 1207 de
3393 1114 3597 1229 quibus

1946 1222 2078 1262 eum
2110 1212 2314 1269 veritas
2343 1220 2720 1278 excusabilem
2754 1228 3018 1287 reddidit.
3055 1212 3592 1323 Quibusdamrquo:

1945 1315 2056 1404 que
2108 1304 2599 1382 calumniantibus,
2655 1315 2784 1374 licet
2839 1327 3182 1393 respondere
3240 1304 3594 1410 possent};

1943 1393 2082 1449 serit
2135 1413 2196 1452 se
2261 1400 2532 1470 noluisse,
2591 1421 2660 1461 ne
2715 1412 2982 1469 conviciis
3044 1393 3314 1484 convicia
3363 1393 3589 1492 videre-

1943 1489 2424 1598 tur-reddidisse
2496 1495 2639 1598 ima,
2700 1500 2832 1557 vitia
2893 1505 3186 1567 videretur
3255 1489 3586 1598 addidisse],

1937 1576 2240 1648 gloriosius
2304 1598 2426 1639 esse
2490 1586 2700 1645 ducens
2775 1595 2999 1652 eosdem
3076 1608 3324 1667 tacendo
3394 1576 3586 1689 fugere

1869 1683 2115 1786 Bquam.
2172 1677 2563 1745 respondendo
2638 1698 2924 1754 superare,
2995 1707 3065 1747 ne
3128 1712 3290 1757 suam
3349 1677 3581 1778 gloriam

1941 1759 2212 1862 quaesisse
2281 1771 2584 1833 putaretur.
2659 1772 2893 1844 Scripsit
2957 1780 3128 1839 etiam
3193 1759 3582 1862 quaedam-mad-

1938 1849 2241 1948 A-drianum
2288 1874 2508 1929 papam.
2545 1863 2640 1933 qui
2693 1865 2974 1926 Romanus
3013 1849 3273 1945 pontifex
3315 1891 3582 1948 nonnulla

1935 1940 1986 1994 ei
2049 1942 2293 2018 dirigere
2349 1966 2411 2006 se
2473 1953 2679 2026 scripta
2743 1974 3170 2025 commemorat.
3249 1976 3343 2031 Cui
3411 1981 3578 2036 etiam

1934 2032 2160 2090 mittens
2208 2040 2500 2109 epistolam
2552 2063 2710 2103 suam
2761 2067 2862 2121 per
2916 2056 3220 2119 Actardum
3258 2032 3578 2129 Nannelen:

1927 2139 2044 2224 sem
2077 2128 2406 2231 episcOpum
2438 2136 2700 2196 laudibus
2740 2143 2985 2212 plenam,
3017 2151 3324 2229 delegavit,
3360 2169 3420 2217 ut
3451 2165 3573 2233 ejus

1925 2217 2045 2270 vice
2099 2217 2156 2272 in
2214 2221 2336 2276 istis
2389 2228 2647 2296 partibus
2700 2248 2869 2303 super
2922 2217 3186 2300 Lotharii
3219 2217 3383 2306 causa
3439 2217 3568 2311 fun-

1922 2314 2170 2378 geretur,
2223 2320 2500 2383 quatenus
2557 2322 2706 2391 quod
2767 2323 2896 2380 inde
2953 2329 3216 2391 Nicolaus
3264 2357 3409 2411 papa
3455 2345 3560 2401 de-

1921 2404 2170 2501 creverat
2224 2413 2557 2462 servaretur.
2617 2409 2923 2482 Respondit
2970 2418 3141 2475 etiam
3195 2404 3276 2479 ad'
3315 2404 3556 2501 capitula

1919 2485 2194 2596 quaedam,
2229 2495 2385 2596 regni
2419 2497 2751 2556 Francorum
2785 2505 3070 2579 epjscopis
3100 2529 3131 2566 a
3167 2485 3555 2596 Joanne‘

1917 2579 2242 2685 transmissa
2273 2585 2342 2640 de
2374 2588 2682 2664 privilegiis
2711 2593 2863 2650 sedis
2893 2613 2994 2667 per
3026 2601 3056 2656 7
3097 2606 3358 2676 capitula,

1917 2664 2063 2764 niam
2117 2669 2263 2725 idem
2299 2691 2443 2746 papa
2473 2679 2628 2734 nisus
2656 2680 2833 2738 fuerat
2870 2664 3199 2764 Ansegisum
3247 2664 3546 2761 Scnletisem

1918 2768 2243 2862 e‘plscOpum
2333 2764 2623 2833 primatem
2705 2773 3047 2833 constituere
3148 2783 3349 2856 (epist.
3432 2794 3541 2862 13,

1917 2842 2206 2936 adﬂant),
2240 2857 2300 2904 ut
2320 2855 2628 2922 apostolica
2647 2857 2768 2914 vice
2792 2877 2891 2930 per
2914 2863 3117 2924 Gallias
3143 2842 3545 2936 ethermanias

1918 2930 2197 2992 frueretur
2221 2939 2306 3010 [νη
2332 2941 2694 3020 fungeretur].
2719 2950 2816 3006 Cui
2837 2959 3062 3013 conatui
3087 2930 3542 3028 venerabilis—hic

1917 3027 2116 3126 praesul
2148 3030 2477 3126 [Iincmarus
2507 3037 2808 3097 efﬁcaciter
2837 3045 3074 3106 obstitit.
3107 3053 3340 3126 Scripsit
3369 3027 3537 3116 deni?

1913 3129 2020 3184 que
2050 3116 2120 3170 ad
2149 3117 2399 3179 diversos
2429 3126 2722 3199 episcopos
2753 3130 2902 3189 idem
2945 3136 3183 3196 domnus
3213 3116 3538 3205 Iiiucmarus

1916 3209 2196 3302 plurima;
2244 3215 2495 3293 Remigio
2541 3225 2945 3298 archipraesuli,
2997 3249 3098 3302 pro
3139 3235 3306 3290 rebus
3359 3240 3533 3295 sancti

1917 3296 2151 3396 Remigii
2182 3302 2239 3356 in
2271 3309 2557 3375 provincia
2605 3311 2884 3386 Cisalpina
2913 3322 3354 3392 coujacentibus,
3395 3343 3534 3398 quas

1915 3385 2061 3441 idem
2102 3393 2473 3463 committens,
2523 3399 2663 3469 petit
2698 3385 2761 3458 ut
2796 3385 3034 3463 easdem.
3075 3410 3130 3463 in
3162 3427 3261 3466 sua
3298 3385 3532 3470 tuitione

1908 3479 2175 3550 suscipiat
2207 3500 2220 3549 ;
2255 3483 2406 3550 item,
2440 3505 2539 3558 pro
2583 3491 2936 3552 ordinatione
2970 3501 3120 3556 Isaac
3160 3501 3532 3576 Lingoncnsis

1908 3572 2153 3643 episcOpi
2182 3591 2196 3639 ;
2240 3574 2370 3631 item
2405 3579 2474 3634 de
2503 3583 2901 3643 constitutione
2951 3589 3065 3660 [ms
3102 3572 3526 3666 consuetudine]

1905 3664 2166 3734 synodica
2197 3679 2426 3740 prOpter
2456 3674 2955 3736 ecclesiasticarum
2989 3698 3171 3738 rerum
3205 3701 3529 3755 pervasores

1909 3755 2072 3827 [Rem.
2107 3759 2402 3832 Lugdun],
2433 3773 2488 3818 et
2516 3765 2663 3831 alia;
2695 3767 2849 3833 item,
2883 3771 2952 3825 de
2984 3788 3149 3828 causa
3180 3775 3391 3844 praefati
3420 3778 3527 3834 Lo-

1904 3848 2064 3902 tharii
2095 3849 2265 3922 regis,
2297 3859 2352 3907 et
2399 3854 2468 3909 de
2495 3857 2776 3924 prmdictis
2822 3861 2992 3916 rebus
3021 3863 3205 3917 eidem
3255 3869 3524 3924 nonnulla

1901 3941 2103 4012 scripta
2159 3941 2394 4010 direxit;
2431 3946 2586 4013 item,
2651 3949 2719 4004 ad
2775 3953 3032 4007 eumdem
3085 3954 3416 4031 Remigium,
3467 3967 3523 4016 et

1899 4038 2129 4088 caeteros
2159 4033 2473 4107 episcopos,
2505 4037 2694 4095 domui
2737 4059 2894 4113 papae
2925 4044 3131 4100 Nicolai
3170 4048 3516 4117 auctoritate,

1900 4123 1954 4179 in
2005 4126 2274 4196 synodum
2336 4131 2484 4201 apud
2540 4131 2895 4191 Suessionem
2945 4138 3136 4194 venire
3179 4139 3383 4208 jussos,
3418 4159 3518 4212 pro

1899 4229 2064 4271 causa
2092 4217 2314 4272 Vulsadi
2361 4225 2416 4274 et
2446 4220 2782 4297 collegarum
2823 4225 2963 4293 ejus.
2998 4227 3173 4284 Adoni
3219 4229 3517 4287 Viennensi

1900 4305 2317 4378 archiepiscOpo
2343 4309 2538 4366 scribit
2565 4311 2712 4368 inter
2740 4322 2958 4378 caetera,
2984 4333 3084 4387 pro
3115 4318 3347 4388 epistola
3368 4319 3516 4376 beati

1899 4394 2038 4450 Aviti
2070 4397 2138 4450 ad
2169 4405 2418 4453 sanctum
2450 4399 2760 4474 Remigium
2805 4404 3028 4475 scripta,
3075 4423 3236 4478 quam
3289 4408 3513 4480 quidam

1901 4482 2182 4541 Rotfridus
2237 4489 2542 4543 monachus
2593 4489 2646 4544 ei
2692 4491 2904 4549 dixerat
2949 4511 3008 4549 se
3063 4497 3207 4567 apud
3255 4498 3512 4553 eumdem

1899 4577 2143 4633 Adonem
2174 4577 2395 4650 legisse.
2429 4580 2534 4634 Sed
2580 4588 2634 4636 et
2681 4583 2729 4637 si
2763 4601 2871 4656 qua
2917 4593 3185 4656 praeterea
3221 4588 3290 4643 de
3323 4598 3512 4645 sancto

1895 4665 2147 4741 Remigio
2166 4669 2417 4738 reperire
2442 4669 2668 4737 valeret,
2693 4672 2743 4726 ei
2776 4690 3146 4745 superaurum
3173 4684 3226 4731 et
3255 4678 3510 4747 topazion

1895 4759 2064 4828 (Psal.
2113 4776 2298 4830 cxvm,
2358 4762 2479 4832 127)
2534 4762 2776 4832 pretiosa
2837 4775 2892 4821 et
2944 4768 3202 4823 amabilia
3246 4767 3507 4824 mitteret.

1895 4850 2135 4908 Herardo
2178 4853 2576 4909 Turonensium
2608 4857 2861 4924 antistiti,
2905 4859 2975 4914 de
3015 4859 3348 4932 quibusdam
3379 4877 3509 4934 apo-

1893 4943 2047 4997 statis
2077 4942 2146 4996 ad
2193 4941 2488 4998 Ecclesiam
2519 4945 2906 5014 redeuntibus,
2942 4949 2990 5003 ei
3033 4949 3155 5006 aliis
3186 4954 3506 5023 paenitenti-

1891 5031 1999 5088 bus
2023 5032 2410 5104 suscipiendis.
2441 5036 2576 5090 Item
2607 5036 2676 5092 de
2707 5037 2830 5093 aliis
2861 5039 3191 5110 quibusdam
3225 5044 3414 5114 rebus,
3447 5055 3506 5102 ut

1890 5121 2067 5178 amico
2124 5123 2476 5193 charissima,
2528 5127 2622 5197 qui
2665 5127 2855 5182 eadem
2916 5132 3136 5200 prmsuli
3189 5142 3376 5190 nostro
3435 5137 3504 5190 ad

1889 5215 2070 5286 ipsum
2102 5217 2334 5273 veniens
2384 5217 2625 5274 fraterna
2673 5236 2731 5274 se
2781 5221 3078 5279 dilectione
3131 5225 3503 5296 commiserat,

1889 5317 2086 5379 petens
2116 5316 2175 5364 ut
2217 5310 2538 5383 ubicunque
2569 5323 2760 5384 posset
2792 5315 2958 5389 regite
3008 5315 3372 5375 dominationi
3405 5337 3504 5392 pro

1890 5396 2133 5452 Ecclesia
2160 5397 2310 5454 illius
2330 5410 2671 5475 suggereret.
2701 5403 2863 5459 Obitu
2893 5422 3116 5479 quoque
3146 5423 3245 5464 suo
3280 5410 3505 5481 prepin-

1889 5495 2115 5560 quante,
2170 5490 2376 5548 litteras
2431 5493 2497 5547 ad
2545 5508 2670 5550 eum
2725 5495 2846 5565 ipse
2906 5496 3152 5563 dictavit,
3203 5503 3258 5552 et
3301 5499 3350 5552 ei
3410 5497 3500 5566 qui

1888 5577 2092 5634 domno
2119 5577 2408 5636 Hincmaro
2440 5581 2510 5636 de
2563 5580 2719 5638 obitu
2772 5583 2919 5638 illius
2973 5586 3322 5641 nuntiaturus
3364 5590 3502 5649 erat,

1888 5670 2110 5727 easdem
2159 5671 2370 5728 litteras
2407 5673 2514 5743 ipsi
2546 5673 2878 5729 deferendas
2900 5676 3074 5732 dedit.
3123 5675 3230 5731 Sed
3263 5684 3318 5730 et
3346 5672 3499 5728 missi

3173 5821 3211 5843 Η

3184 5839 3204 5882 ι

3493 297 3605 356 202

3655 1757 3682 1779 ο
