  <div class='ocr_page' id='page_1' title='image "/cluster/home/n/w/nwhite01/storage/ocr_20150623/135/hvd.32044054759956/107.png"; bbox 0 0 4008 6158; ppageno 0'>
   <div class='ocr_carea' id='block_1_1' title="bbox 505 229 3830 292">
    <p class='ocr_par' dir='ltr' id='par_1_1' title="bbox 505 229 3830 292">
     <span class='ocr_line' id='line_1_1' title="bbox 505 229 3830 292; baseline -0.001 0"><span class='ocrx_word' id='word_1_1' title='bbox 505 237 613 292; x_wconf 68' lang='grc'><strong>203</strong></span> <span class='ocrx_word' id='word_1_2' title='bbox 1611 231 1980 286; x_wconf 80' lang='lat' dir='ltr'><strong>FLODOARDI</strong></span> <span class='ocrx_word' id='word_1_3' title='bbox 2022 229 2327 287; x_wconf 80' lang='lat' dir='ltr'><strong>CANONlCl</strong></span> <span class='ocrx_word' id='word_1_4' title='bbox 2370 230 2715 286; x_wconf 84' lang='lat' dir='ltr'><strong>REMENSIS.</strong></span> <span class='ocrx_word' id='word_1_5' title='bbox 3726 233 3830 289; x_wconf 67' lang='grc'><strong>204</strong></span> 
     </span>
    </p>
   </div>
   <div class='ocr_carea' id='block_1_2' title="bbox 504 367 3832 441">
    <p class='ocr_par' dir='ltr' id='par_1_2' title="bbox 504 367 3832 441">
     <span class='ocr_line' id='line_1_2' title="bbox 504 367 3832 441; baseline -0.002 -11"><span class='ocrx_word' id='word_1_6' title='bbox 504 373 841 431; x_wconf 88' lang='lat' dir='ltr'><strong>Turonensis</strong></span> <span class='ocrx_word' id='word_1_7' title='bbox 868 370 1125 426; x_wconf 88' lang='lat' dir='ltr'><strong>Ecclesia</strong></span> <span class='ocrx_word' id='word_1_8' title='bbox 1180 370 1281 425; x_wconf 90' lang='lat' dir='ltr'><strong>hac</strong></span> <span class='ocrx_word' id='word_1_9' title='bbox 1311 368 1514 425; x_wconf 91' lang='lat' dir='ltr'><strong>ﬁducia</strong></span> <span class='ocrx_word' id='word_1_10' title='bbox 1552 367 1695 436; x_wconf 93' lang='lat' dir='ltr'><strong>fulti,</strong></span> <span class='ocrx_word' id='word_1_11' title='bbox 1735 376 1858 439; x_wconf 91' lang='lat' dir='ltr'><strong>post</strong></span> <span class='ocrx_word' id='word_1_12' title='bbox 1901 367 2114 423; x_wconf 88' lang='lat' dir='ltr'><strong>obitum</strong></span> <span class='ocrx_word' id='word_1_13' title='bbox 2143 377 2188 440; x_wconf 84' lang='grc' dir='ltr'>Α</span> <span class='ocrx_word' id='word_1_14' title='bbox 2215 368 2362 424; x_wconf 90' lang='lat' dir='ltr'><strong>dono</strong></span> <span class='ocrx_word' id='word_1_15' title='bbox 2410 368 2570 435; x_wconf 90' lang='lat' dir='ltr'><strong>data,</strong></span> <span class='ocrx_word' id='word_1_16' title='bbox 2624 368 2729 423; x_wconf 89' lang='lat' dir='ltr'><strong>sita</strong></span> <span class='ocrx_word' id='word_1_17' title='bbox 2761 367 2816 422; x_wconf 93' lang='lat' dir='ltr'><strong>in</strong></span> <span class='ocrx_word' id='word_1_18' title='bbox 2856 368 3114 423; x_wconf 82' lang='lat' dir='ltr'><strong>Remensi</strong></span> <span class='ocrx_word' id='word_1_19' title='bbox 3139 367 3439 441; x_wconf 83' lang='lat' dir='ltr'><strong>|parochia,</strong></span> <span class='ocrx_word' id='word_1_20' title='bbox 3486 382 3612 440; x_wconf 84' lang='lat' dir='ltr'><strong>qua</strong></span> <span class='ocrx_word' id='word_1_21' title='bbox 3647 368 3832 437; x_wconf 86' lang='lat' dir='ltr'><strong>Turris</strong></span> 
     </span>
    </p>
   </div>
   <div class='ocr_carea' id='block_1_3' title="bbox 505 460 3829 536">
    <p class='ocr_par' dir='ltr' id='par_1_3' title="bbox 505 460 3829 536">
     <span class='ocr_line' id='line_1_3' title="bbox 505 460 3829 536; baseline -0.001 -14"><span class='ocrx_word' id='word_1_22' title='bbox 505 469 669 536; x_wconf 89' lang='lat' dir='ltr'><strong>hujus</strong></span> <span class='ocrx_word' id='word_1_23' title='bbox 696 465 782 520; x_wconf 90' lang='lat' dir='ltr'><strong>sui</strong></span> <span class='ocrx_word' id='word_1_24' title='bbox 832 462 1258 534; x_wconf 84' lang='lat' dir='ltr'><strong>archiepiscopi,</strong></span> <span class='ocrx_word' id='word_1_25' title='bbox 1299 462 1367 516; x_wconf 89' lang='lat' dir='ltr'><strong>ad</strong></span> <span class='ocrx_word' id='word_1_26' title='bbox 1398 461 1653 516; x_wconf 90' lang='lat' dir='ltr'><strong>eumdem</strong></span> <span class='ocrx_word' id='word_1_27' title='bbox 1687 461 1949 516; x_wconf 93' lang='lat' dir='ltr'><strong>domnum</strong></span> <span class='ocrx_word' id='word_1_28' title='bbox 1982 460 2118 514; x_wconf 86' lang='lat' dir='ltr'><strong>Hin-</strong></span> <span class='ocrx_word' id='word_1_29' title='bbox 2217 472 2460 528; x_wconf 88' lang='lat' dir='ltr'><strong>vocatur,</strong></span> <span class='ocrx_word' id='word_1_30' title='bbox 2507 461 2780 529; x_wconf 78' lang='lat' dir='ltr'><strong>rescribit,</strong></span> <span class='ocrx_word' id='word_1_31' title='bbox 2829 462 3001 534; x_wconf 90' lang='lat' dir='ltr'><strong>petita</strong></span> <span class='ocrx_word' id='word_1_32' title='bbox 3055 463 3364 518; x_wconf 87' lang='lat' dir='ltr'><strong>concedens</strong></span> <span class='ocrx_word' id='word_1_33' title='bbox 3393 479 3459 518; x_wconf 91' lang='lat' dir='ltr'><strong>ea</strong></span> <span class='ocrx_word' id='word_1_34' title='bbox 3507 462 3829 518; x_wconf 89' lang='lat' dir='ltr'><strong>conditione</strong></span> 
     </span>
    </p>
   </div>
   <div class='ocr_carea' id='block_1_4' title="bbox 502 552 3830 630">
    <p class='ocr_par' dir='ltr' id='par_1_4' title="bbox 502 552 3830 630">
     <span class='ocr_line' id='line_1_4' title="bbox 502 552 3830 630; baseline -0 -17"><span class='ocrx_word' id='word_1_35' title='bbox 502 573 744 613; x_wconf 88' lang='lat' dir='ltr'><strong>cmarum</strong></span> <span class='ocrx_word' id='word_1_36' title='bbox 765 563 1056 612; x_wconf 90' lang='lat' dir='ltr'><strong>venerunt.</strong></span> <span class='ocrx_word' id='word_1_37' title='bbox 1082 553 1222 609; x_wconf 83' lang='lat' dir='ltr'><strong>Cleri</strong></span> <span class='ocrx_word' id='word_1_38' title='bbox 1245 570 1468 626; x_wconf 90' lang='lat' dir='ltr'><strong>quoque</strong></span> <span class='ocrx_word' id='word_1_39' title='bbox 1499 569 1563 608; x_wconf 91' lang='lat' dir='ltr'><strong>ac</strong></span> <span class='ocrx_word' id='word_1_40' title='bbox 1582 552 1762 624; x_wconf 88' lang='lat' dir='ltr'><strong>plebis</strong></span> <span class='ocrx_word' id='word_1_41' title='bbox 1787 552 2112 623; x_wconf 74' lang='lat' dir='ltr'><strong>petitionem</strong></span> <span class='ocrx_word' id='word_1_42' title='bbox 2216 563 2274 610; x_wconf 89' lang='lat' dir='ltr'><strong>ut</strong></span> <span class='ocrx_word' id='word_1_43' title='bbox 2321 558 2548 628; x_wconf 90' lang='lat' dir='ltr'><strong>antiqua</strong></span> <span class='ocrx_word' id='word_1_44' title='bbox 2578 557 2719 612; x_wconf 87' lang='lat' dir='ltr'><strong>villa</strong></span> <span class='ocrx_word' id='word_1_45' title='bbox 2754 557 2930 627; x_wconf 87' lang='lat' dir='ltr'><strong>ipsius</strong></span> <span class='ocrx_word' id='word_1_46' title='bbox 2959 557 3212 623; x_wconf 87' lang='lat' dir='ltr'><strong>ecclesia,</strong></span> <span class='ocrx_word' id='word_1_47' title='bbox 3242 558 3327 612; x_wconf 86' lang='lat' dir='ltr'><strong>vel</strong></span> <span class='ocrx_word' id='word_1_48' title='bbox 3357 557 3652 630; x_wconf 78' lang='lat' dir='ltr'><strong>presbyter</strong></span> <span class='ocrx_word' id='word_1_49' title='bbox 3680 559 3830 627; x_wconf 89' lang='lat' dir='ltr'><strong>ejus-</strong></span> 
     </span>
    </p>
   </div>
   <div class='ocr_carea' id='block_1_5' title="bbox 499 642 3829 722">
    <p class='ocr_par' dir='ltr' id='par_1_5' title="bbox 499 642 3829 722">
     <span class='ocr_line' id='line_1_5' title="bbox 499 642 3829 722; baseline 0 -19"><span class='ocrx_word' id='word_1_50' title='bbox 499 650 567 702; x_wconf 88' lang='lat' dir='ltr'><strong>ad</strong></span> <span class='ocrx_word' id='word_1_51' title='bbox 600 649 778 720; x_wconf 90' lang='lat' dir='ltr'><strong>ipsum</strong></span> <span class='ocrx_word' id='word_1_52' title='bbox 811 647 1148 717; x_wconf 88' lang='lat' dir='ltr'><strong>deferentes,</strong></span> <span class='ocrx_word' id='word_1_53' title='bbox 1172 653 1230 700; x_wconf 92' lang='lat' dir='ltr'><strong>ut</strong></span> <span class='ocrx_word' id='word_1_54' title='bbox 1251 645 1456 718; x_wconf 78' lang='lat' dir='ltr'><strong>regiam</strong></span> <span class='ocrx_word' id='word_1_55' title='bbox 1486 643 1870 700; x_wconf 87' lang='lat' dir='ltr'><strong>celsitudinem</strong></span> <span class='ocrx_word' id='word_1_56' title='bbox 1902 658 2002 714; x_wconf 91' lang='lat' dir='ltr'><strong>pro</strong></span> <span class='ocrx_word' id='word_1_57' title='bbox 2034 642 2115 697; x_wconf 90' lang='lat' dir='ltr'><strong>eis</strong></span> <span class='ocrx_word' id='word_1_58' title='bbox 2219 648 2343 702; x_wconf 91' lang='lat' dir='ltr'><strong>dem</strong></span> <span class='ocrx_word' id='word_1_59' title='bbox 2372 648 2581 702; x_wconf 91' lang='lat' dir='ltr'><strong>nullum</strong></span> <span class='ocrx_word' id='word_1_60' title='bbox 2618 647 2892 722; x_wconf 77' lang='lat' dir='ltr'><strong>privilegii</strong></span> <span class='ocrx_word' id='word_1_61' title='bbox 2923 649 3008 703; x_wconf 91' lang='lat' dir='ltr'><strong>sui</strong></span> <span class='ocrx_word' id='word_1_62' title='bbox 3049 658 3272 720; x_wconf 83' lang='lat' dir='ltr'><strong>prepter</strong></span> <span class='ocrx_word' id='word_1_63' title='bbox 3299 650 3402 705; x_wconf 90' lang='lat' dir='ltr'><strong>hoc</strong></span> <span class='ocrx_word' id='word_1_64' title='bbox 3432 649 3829 704; x_wconf 83' lang='lat' dir='ltr'><strong>detrimentum</strong></span> 
     </span>
    </p>
   </div>
   <div class='ocr_carea' id='block_1_6' title="bbox 499 737 3831 815">
    <p class='ocr_par' dir='ltr' id='par_1_6' title="bbox 499 737 3831 815">
     <span class='ocr_line' id='line_1_6' title="bbox 499 737 3831 815; baseline 0 -16"><span class='ocrx_word' id='word_1_65' title='bbox 499 744 913 815; x_wconf 88' lang='lat' dir='ltr'><strong>deprecaretur,</strong></span> <span class='ocrx_word' id='word_1_66' title='bbox 973 750 1246 814; x_wconf 87' lang='lat' dir='ltr'><strong>quatenus</strong></span> <span class='ocrx_word' id='word_1_67' title='bbox 1291 741 1621 796; x_wconf 91' lang='lat' dir='ltr'><strong>electionem</strong></span> <span class='ocrx_word' id='word_1_68' title='bbox 1652 737 1975 795; x_wconf 86' lang='lat' dir='ltr'><strong>canonicam</strong></span> <span class='ocrx_word' id='word_1_69' title='bbox 2022 752 2114 791; x_wconf 87' lang='lat' dir='ltr'><strong>rex</strong></span> <span class='ocrx_word' id='word_1_70' title='bbox 2217 742 2479 811; x_wconf 89' lang='lat' dir='ltr'><strong>pariatur.</strong></span> <span class='ocrx_word' id='word_1_71' title='bbox 2539 742 2706 798; x_wconf 88' lang='lat' dir='ltr'><strong>Leoni</strong></span> <span class='ocrx_word' id='word_1_72' title='bbox 2763 743 3048 814; x_wconf 92' lang='lat' dir='ltr'><strong>episcopo,</strong></span> <span class='ocrx_word' id='word_1_73' title='bbox 3108 753 3162 798; x_wconf 92' lang='lat' dir='ltr'><strong>et</strong></span> <span class='ocrx_word' id='word_1_74' title='bbox 3205 743 3419 799; x_wconf 89' lang='lat' dir='ltr'><strong>custodi</strong></span> <span class='ocrx_word' id='word_1_75' title='bbox 3472 743 3831 800; x_wconf 83' lang='lat' dir='ltr'><strong>bibliotheca</strong></span> 
     </span>
    </p>
   </div>
   <div class='ocr_carea' id='block_1_7' title="bbox 500 831 3832 908">
    <p class='ocr_par' dir='ltr' id='par_1_7' title="bbox 500 831 3832 908">
     <span class='ocr_line' id='line_1_7' title="bbox 500 831 3832 908; baseline -0 -18"><span class='ocrx_word' id='word_1_76' title='bbox 500 838 675 908; x_wconf 87' lang='lat' dir='ltr'><strong>ipsius</strong></span> <span class='ocrx_word' id='word_1_77' title='bbox 701 838 1050 894; x_wconf 88' lang='lat' dir='ltr'><strong>concederet.</strong></span> <span class='ocrx_word' id='word_1_78' title='bbox 1085 836 1238 901; x_wconf 84' lang='lat' dir='ltr'><strong>Quod</strong></span> <span class='ocrx_word' id='word_1_79' title='bbox 1269 843 1324 891; x_wconf 91' lang='lat' dir='ltr'><strong>et</strong></span> <span class='ocrx_word' id='word_1_80' title='bbox 1353 835 1500 890; x_wconf 91' lang='lat' dir='ltr'><strong>idem</strong></span> <span class='ocrx_word' id='word_1_81' title='bbox 1533 834 1780 907; x_wconf 84' lang='lat' dir='ltr'><strong>pontifex</strong></span> <span class='ocrx_word' id='word_1_82' title='bbox 1807 832 2109 904; x_wconf 88' lang='lat' dir='ltr'><strong>promptis-</strong></span> <span class='ocrx_word' id='word_1_83' title='bbox 2218 831 2472 886; x_wconf 84' lang='lat' dir='ltr'><strong>Romanae</strong></span> <span class='ocrx_word' id='word_1_84' title='bbox 2534 832 2789 888; x_wconf 91' lang='lat' dir='ltr'><strong>Ecclesia</strong></span> <span class='ocrx_word' id='word_1_85' title='bbox 2847 834 3058 888; x_wconf 88' lang='lat' dir='ltr'><strong>litteras</strong></span> <span class='ocrx_word' id='word_1_86' title='bbox 3119 834 3285 889; x_wconf 91' lang='lat' dir='ltr'><strong>mittit</strong></span> <span class='ocrx_word' id='word_1_87' title='bbox 3340 849 3439 905; x_wconf 92' lang='lat' dir='ltr'><strong>pro</strong></span> <span class='ocrx_word' id='word_1_88' title='bbox 3471 834 3832 905; x_wconf 89' lang='lat' dir='ltr'><strong>susceptione</strong></span> 
     </span>
    </p>
   </div>
   <div class='ocr_carea' id='block_1_8' title="bbox 497 923 3832 1008">
    <p class='ocr_par' dir='ltr' id='par_1_8' title="bbox 497 923 3832 1008">
     <span class='ocr_line' id='line_1_8' title="bbox 497 923 3832 1008; baseline -0.002 -20"><span class='ocrx_word' id='word_1_89' title='bbox 497 933 636 988; x_wconf 89' lang='lat' dir='ltr'><strong>sime</strong></span> <span class='ocrx_word' id='word_1_90' title='bbox 668 935 898 1008; x_wconf 75' lang='lat' dir='ltr'><strong>peregit.</strong></span> <span class='ocrx_word' id='word_1_91' title='bbox 951 932 1216 988; x_wconf 89' lang='lat' dir='ltr'><strong>Intimans</strong></span> <span class='ocrx_word' id='word_1_92' title='bbox 1263 932 1428 988; x_wconf 87' lang='lat' dir='ltr'><strong>etiam</strong></span> <span class='ocrx_word' id='word_1_93' title='bbox 1457 931 1573 1004; x_wconf 83' lang='lat' dir='ltr'><strong>regi</strong></span> <span class='ocrx_word' id='word_1_94' title='bbox 1607 931 1675 986; x_wconf 92' lang='lat' dir='ltr'><strong>de</strong></span> <span class='ocrx_word' id='word_1_95' title='bbox 1729 929 1967 1002; x_wconf 87' lang='lat' dir='ltr'><strong>quodam</strong></span> <span class='ocrx_word' id='word_1_96' title='bbox 2001 927 2114 984; x_wconf 81' lang='lat' dir='ltr'><strong>cle-</strong></span> <span class='ocrx_word' id='word_1_97' title='bbox 2215 923 2507 996; x_wconf 82' lang='lat' dir='ltr'><strong>legationis</strong></span> <span class='ocrx_word' id='word_1_98' title='bbox 2554 939 2689 982; x_wconf 88' lang='lat' dir='ltr'><strong>sua.</strong></span> <span class='ocrx_word' id='word_1_99' title='bbox 2731 931 2792 979; x_wconf 90' lang='lat' dir='ltr'><strong>ut</strong></span> <span class='ocrx_word' id='word_1_100' title='bbox 2835 925 3084 980; x_wconf 88' lang='lat' dir='ltr'><strong>obtineat</strong></span> <span class='ocrx_word' id='word_1_101' title='bbox 3128 926 3274 997; x_wconf 90' lang='lat' dir='ltr'><strong>apud</strong></span> <span class='ocrx_word' id='word_1_102' title='bbox 3319 943 3522 998; x_wconf 89' lang='lat' dir='ltr'><strong>papam</strong></span> <span class='ocrx_word' id='word_1_103' title='bbox 3564 927 3832 993; x_wconf 84' lang='lat' dir='ltr'><strong>Leonem,</strong></span> 
     </span>
    </p>
   </div>
   <div class='ocr_carea' id='block_1_9' title="bbox 499 1019 3830 1102">
    <p class='ocr_par' dir='ltr' id='par_1_9' title="bbox 499 1019 3830 1102">
     <span class='ocr_line' id='line_1_9' title="bbox 499 1019 3830 1102; baseline -0.002 -20"><span class='ocrx_word' id='word_1_104' title='bbox 499 1027 636 1093; x_wconf 90' lang='lat' dir='ltr'><strong>rico,</strong></span> <span class='ocrx_word' id='word_1_105' title='bbox 691 1027 784 1098; x_wconf 89' lang='lat' dir='ltr'><strong>qui</strong></span> <span class='ocrx_word' id='word_1_106' title='bbox 817 1043 872 1082; x_wconf 91' lang='lat' dir='ltr'><strong>se</strong></span> <span class='ocrx_word' id='word_1_107' title='bbox 926 1027 1234 1102; x_wconf 78' lang='lat' dir='ltr'><strong>ingerebat,</strong></span> <span class='ocrx_word' id='word_1_108' title='bbox 1269 1043 1378 1082; x_wconf 92' lang='lat' dir='ltr'><strong>non</strong></span> <span class='ocrx_word' id='word_1_109' title='bbox 1435 1024 1778 1097; x_wconf 90' lang='lat' dir='ltr'><strong>recipiendo,</strong></span> <span class='ocrx_word' id='word_1_110' title='bbox 1835 1022 2111 1099; x_wconf 89' lang='lat' dir='ltr'><strong>signiﬁcat</strong></span> <span class='ocrx_word' id='word_1_111' title='bbox 2212 1025 2484 1087; x_wconf 88' lang='lat' dir='ltr'><strong>quatenus</strong></span> <span class='ocrx_word' id='word_1_112' title='bbox 2519 1019 2637 1086; x_wconf 85' lang='lat' dir='ltr'><strong>ejus</strong></span> <span class='ocrx_word' id='word_1_113' title='bbox 2667 1019 2990 1088; x_wconf 86' lang='lat' dir='ltr'><strong>petitionem</strong></span> <span class='ocrx_word' id='word_1_114' title='bbox 3033 1019 3272 1096; x_wconf 82' lang='lat' dir='ltr'><strong>benigne</strong></span> <span class='ocrx_word' id='word_1_115' title='bbox 3309 1022 3597 1091; x_wconf 89' lang='lat' dir='ltr'><strong>suscipiat,</strong></span> <span class='ocrx_word' id='word_1_116' title='bbox 3632 1028 3692 1076; x_wconf 92' lang='lat' dir='ltr'><strong>et</strong></span> <span class='ocrx_word' id='word_1_117' title='bbox 3735 1037 3830 1091; x_wconf 92' lang='lat' dir='ltr'><strong>pa-</strong></span> 
     </span>
    </p>
   </div>
   <div class='ocr_carea' id='block_1_10' title="bbox 499 1106 3833 1188">
    <p class='ocr_par' dir='ltr' id='par_1_10' title="bbox 499 1106 3833 1188">
     <span class='ocr_line' id='line_1_10' title="bbox 499 1106 3833 1188; baseline 0 -26"><span class='ocrx_word' id='word_1_118' title='bbox 499 1116 644 1186; x_wconf 86' lang='lat' dir='ltr'><strong>quod</strong></span> <span class='ocrx_word' id='word_1_119' title='bbox 677 1116 922 1187; x_wconf 81' lang='lat' dir='ltr'><strong>episcopi</strong></span> <span class='ocrx_word' id='word_1_120' title='bbox 959 1117 1205 1185; x_wconf 73' lang='lat' dir='ltr'><strong>ejusdem</strong></span> <span class='ocrx_word' id='word_1_121' title='bbox 1238 1116 1558 1188; x_wconf 61' lang='lat' dir='ltr'><strong>provincize,</strong></span> <span class='ocrx_word' id='word_1_122' title='bbox 1600 1115 1781 1170; x_wconf 77' lang='lat' dir='ltr'><strong>clerus</strong></span> <span class='ocrx_word' id='word_1_123' title='bbox 1814 1128 2034 1186; x_wconf 81' lang='lat' dir='ltr'><strong>quoque</strong></span> <span class='ocrx_word' id='word_1_124' title='bbox 2064 1119 2119 1166; x_wconf 74' lang='lat' dir='ltr'><strong>et</strong></span> <span class='ocrx_word' id='word_1_125' title='bbox 2220 1112 2375 1159; x_wconf 89' lang='lat' dir='ltr'><strong>terne</strong></span> <span class='ocrx_word' id='word_1_126' title='bbox 2424 1106 2691 1161; x_wconf 72' lang='lat' dir='ltr'><strong>rescribat</strong></span> <span class='ocrx_word' id='word_1_127' title='bbox 2720 1106 2900 1162; x_wconf 90' lang='lat' dir='ltr'><strong>eidem</strong></span> <span class='ocrx_word' id='word_1_128' title='bbox 2942 1108 3009 1163; x_wconf 91' lang='lat' dir='ltr'><strong>de</strong></span> <span class='ocrx_word' id='word_1_129' title='bbox 3044 1108 3131 1163; x_wconf 88' lang='lat' dir='ltr'><strong>his</strong></span> <span class='ocrx_word' id='word_1_130' title='bbox 3174 1125 3294 1180; x_wconf 85' lang='lat' dir='ltr'><strong>qua</strong></span> <span class='ocrx_word' id='word_1_131' title='bbox 3324 1109 3378 1163; x_wconf 90' lang='lat' dir='ltr'><strong>in</strong></span> <span class='ocrx_word' id='word_1_132' title='bbox 3411 1109 3615 1164; x_wconf 87' lang='lat' dir='ltr'><strong>litteris</strong></span> <span class='ocrx_word' id='word_1_133' title='bbox 3643 1109 3718 1164; x_wconf 88' lang='lat' dir='ltr'><strong>ab</strong></span> <span class='ocrx_word' id='word_1_134' title='bbox 3771 1124 3833 1163; x_wconf 92' lang='lat' dir='ltr'><strong>eo</strong></span> 
     </span>
    </p>
   </div>
   <div class='ocr_carea' id='block_1_11' title="bbox 497 1196 3834 1279">
    <p class='ocr_par' dir='ltr' id='par_1_11' title="bbox 497 1196 3834 1279">
     <span class='ocr_line' id='line_1_11' title="bbox 497 1196 3834 1279; baseline -0.003 -17"><span class='ocrx_word' id='word_1_135' title='bbox 497 1208 656 1278; x_wconf 90' lang='lat' dir='ltr'><strong>plebs</strong></span> <span class='ocrx_word' id='word_1_136' title='bbox 686 1209 863 1279; x_wconf 91' lang='lat' dir='ltr'><strong>ipsius</strong></span> <span class='ocrx_word' id='word_1_137' title='bbox 893 1209 1170 1276; x_wconf 86' lang='lat' dir='ltr'><strong>Ecclesia,</strong></span> <span class='ocrx_word' id='word_1_138' title='bbox 1196 1208 1409 1264; x_wconf 86' lang='lat' dir='ltr'><strong>invitati</strong></span> <span class='ocrx_word' id='word_1_139' title='bbox 1442 1207 1768 1263; x_wconf 89' lang='lat' dir='ltr'><strong>auctoritate</strong></span> <span class='ocrx_word' id='word_1_140' title='bbox 1799 1203 2113 1276; x_wconf 87' lang='lat' dir='ltr'><strong>apostolica</strong></span> <span class='ocrx_word' id='word_1_141' title='bbox 2217 1196 2400 1250; x_wconf 80' lang='lat' dir='ltr'><strong>missis</strong></span> <span class='ocrx_word' id='word_1_142' title='bbox 2425 1197 2869 1253; x_wconf 78' lang='lat' dir='ltr'><strong>continebantur.</strong></span> <span class='ocrx_word' id='word_1_143' title='bbox 2899 1197 3160 1272; x_wconf 83' lang='lat' dir='ltr'><strong>Gregorio</strong></span> <span class='ocrx_word' id='word_1_144' title='bbox 3190 1215 3409 1270; x_wconf 88' lang='lat' dir='ltr'><strong>quoque</strong></span> <span class='ocrx_word' id='word_1_145' title='bbox 3437 1200 3694 1269; x_wconf 88' lang='lat' dir='ltr'><strong>ejusdem</strong></span> <span class='ocrx_word' id='word_1_146' title='bbox 3728 1199 3834 1253; x_wconf 81' lang='lat' dir='ltr'><strong>Ro-</strong></span> 
     </span>
    </p>
   </div>
   <div class='ocr_carea' id='block_1_12' title="bbox 495 1289 3835 1368">
    <p class='ocr_par' dir='ltr' id='par_1_12' title="bbox 495 1289 3835 1368">
     <span class='ocr_line' id='line_1_12' title="bbox 495 1289 3835 1368; baseline -0.001 -18"><span class='ocrx_word' id='word_1_147' title='bbox 495 1296 667 1367; x_wconf 89' lang='lat' dir='ltr'><strong>sedis,</strong></span> <span class='ocrx_word' id='word_1_148' title='bbox 697 1297 990 1352; x_wconf 87' lang='lat' dir='ltr'><strong>Actardum</strong></span> <span class='ocrx_word' id='word_1_149' title='bbox 1021 1297 1127 1351; x_wconf 89' lang='lat' dir='ltr'><strong>sibi</strong></span> <span class='ocrx_word' id='word_1_150' title='bbox 1177 1298 1347 1353; x_wconf 90' lang='lat' dir='ltr'><strong>velint</strong></span> <span class='ocrx_word' id='word_1_151' title='bbox 1385 1296 1579 1352; x_wconf 91' lang='lat' dir='ltr'><strong>donari</strong></span> <span class='ocrx_word' id='word_1_152' title='bbox 1622 1296 1973 1368; x_wconf 87' lang='lat' dir='ltr'><strong>episcOpum,</strong></span> <span class='ocrx_word' id='word_1_153' title='bbox 2019 1293 2113 1364; x_wconf 92' lang='lat' dir='ltr'><strong>qui</strong></span> <span class='ocrx_word' id='word_1_154' title='bbox 2217 1304 2392 1342; x_wconf 86' lang='lat' dir='ltr'><strong>mana</strong></span> <span class='ocrx_word' id='word_1_155' title='bbox 2437 1289 2690 1344; x_wconf 87' lang='lat' dir='ltr'><strong>Ecclesia</strong></span> <span class='ocrx_word' id='word_1_156' title='bbox 2722 1291 3119 1345; x_wconf 90' lang='lat' dir='ltr'><strong>nomenclatori</strong></span> <span class='ocrx_word' id='word_1_157' title='bbox 3153 1299 3209 1346; x_wconf 91' lang='lat' dir='ltr'><strong>ct</strong></span> <span class='ocrx_word' id='word_1_158' title='bbox 3239 1290 3599 1362; x_wconf 88' lang='lat' dir='ltr'><strong>apocrisiario</strong></span> <span class='ocrx_word' id='word_1_159' title='bbox 3631 1298 3835 1361; x_wconf 88' lang='lat' dir='ltr'><strong>petens</strong></span> 
     </span>
    </p>
   </div>
   <div class='ocr_carea' id='block_1_13' title="bbox 497 1379 3832 1464">
    <p class='ocr_par' dir='ltr' id='par_1_13' title="bbox 497 1379 3832 1464">
     <span class='ocr_line' id='line_1_13' title="bbox 497 1379 3832 1464; baseline -0.002 -18"><span class='ocrx_word' id='word_1_160' title='bbox 497 1392 551 1446; x_wconf 90' lang='lat' dir='ltr'><strong>in</strong></span> <span class='ocrx_word' id='word_1_161' title='bbox 582 1393 774 1447; x_wconf 90' lang='lat' dir='ltr'><strong>eadem</strong></span> <span class='ocrx_word' id='word_1_162' title='bbox 801 1392 1034 1448; x_wconf 87' lang='lat' dir='ltr'><strong>ecclesia</strong></span> <span class='ocrx_word' id='word_1_163' title='bbox 1071 1393 1402 1464; x_wconf 86' lang='lat' dir='ltr'><strong>baptizatus,</strong></span> <span class='ocrx_word' id='word_1_164' title='bbox 1453 1393 1692 1448; x_wconf 91' lang='lat' dir='ltr'><strong>nutritus</strong></span> <span class='ocrx_word' id='word_1_165' title='bbox 1739 1397 1794 1445; x_wconf 90' lang='lat' dir='ltr'><strong>et</strong></span> <span class='ocrx_word' id='word_1_166' title='bbox 1823 1389 2110 1445; x_wconf 89' lang='lat' dir='ltr'><strong>ordinatus</strong></span> <span class='ocrx_word' id='word_1_167' title='bbox 2217 1387 2275 1433; x_wconf 80' lang='lat' dir='ltr'><strong>ut</strong></span> <span class='ocrx_word' id='word_1_168' title='bbox 2326 1379 2470 1434; x_wconf 74' lang='lat' dir='ltr'><strong>inter</strong></span> <span class='ocrx_word' id='word_1_169' title='bbox 2505 1379 2698 1435; x_wconf 79' lang='lat' dir='ltr'><strong>ﬁdeles</strong></span> <span class='ocrx_word' id='word_1_170' title='bbox 2726 1381 2933 1435; x_wconf 82' lang='lat' dir='ltr'><strong>amicos</strong></span> <span class='ocrx_word' id='word_1_171' title='bbox 2971 1395 3102 1436; x_wconf 88' lang='lat' dir='ltr'><strong>suos</strong></span> <span class='ocrx_word' id='word_1_172' title='bbox 3132 1396 3256 1436; x_wconf 85' lang='lat' dir='ltr'><strong>eum</strong></span> <span class='ocrx_word' id='word_1_173' title='bbox 3307 1389 3500 1436; x_wconf 86' lang='lat' dir='ltr'><strong>tenere</strong></span> <span class='ocrx_word' id='word_1_174' title='bbox 3545 1381 3832 1452; x_wconf 81' lang='lat' dir='ltr'><strong>dignetur.</strong></span> 
     </span>
    </p>
   </div>
   <div class='ocr_carea' id='block_1_14' title="bbox 494 1469 2092 1556">
    <p class='ocr_par' dir='ltr' id='par_1_14' title="bbox 494 1483 2092 1556">
     <span class='ocr_line' id='line_1_14' title="bbox 494 1483 2092 1556; baseline -0.003 -18"><span class='ocrx_word' id='word_1_175' title='bbox 494 1484 690 1549; x_wconf 82' lang='lat' dir='ltr'><strong>fuerat,</strong></span> <span class='ocrx_word' id='word_1_176' title='bbox 739 1485 867 1540; x_wconf 88' lang='lat' dir='ltr'><strong>licet</strong></span> <span class='ocrx_word' id='word_1_177' title='bbox 896 1485 1016 1541; x_wconf 90' lang='lat' dir='ltr'><strong>alia</strong></span> <span class='ocrx_word' id='word_1_178' title='bbox 1073 1487 1277 1542; x_wconf 88' lang='lat' dir='ltr'><strong>civitati</strong></span> <span class='ocrx_word' id='word_1_179' title='bbox 1311 1487 1470 1541; x_wconf 88' lang='lat' dir='ltr'><strong>datus</strong></span> <span class='ocrx_word' id='word_1_180' title='bbox 1512 1485 1826 1556; x_wconf 89' lang='lat' dir='ltr'><strong>episcopus,</strong></span> <span class='ocrx_word' id='word_1_181' title='bbox 1863 1483 1961 1538; x_wconf 90' lang='lat' dir='ltr'><strong>sed</strong></span> <span class='ocrx_word' id='word_1_182' title='bbox 2013 1497 2092 1552; x_wconf 89' lang='lat' dir='ltr'><strong>pa-</strong></span> 
     </span>
    </p>
   </div>
   <div class='ocr_carea' id='block_1_15' title="bbox 2203 1469 3832 1556">
    <p class='ocr_par' dir='ltr' id='par_1_15' title="bbox 2211 1469 3832 1546">
     <span class='ocr_line' id='line_1_15' title="bbox 2211 1469 3832 1546; baseline 0.001 -23"><span class='ocrx_word' id='word_1_183' title='bbox 2211 1469 2343 1524; x_wconf 90' lang='lat' dir='ltr'><strong>ltem</strong></span> <span class='ocrx_word' id='word_1_184' title='bbox 2377 1472 2662 1541; x_wconf 90' lang='lat' dir='ltr'><strong>postulans</strong></span> <span class='ocrx_word' id='word_1_185' title='bbox 2701 1478 2761 1525; x_wconf 91' lang='lat' dir='ltr'><strong>ut</strong></span> <span class='ocrx_word' id='word_1_186' title='bbox 2805 1471 3010 1526; x_wconf 94' lang='lat' dir='ltr'><strong>domno</strong></span> <span class='ocrx_word' id='word_1_187' title='bbox 3061 1471 3361 1542; x_wconf 89' lang='lat' dir='ltr'><strong>apostolico</strong></span> <span class='ocrx_word' id='word_1_188' title='bbox 3407 1471 3832 1546; x_wconf 87' lang='lat' dir='ltr'><strong>suggestionem</strong></span> 
     </span>
    </p>
   </div>
   <div class='ocr_carea' id='block_1_16' title="bbox 488 1556 2092 1648">
    <p class='ocr_par' dir='ltr' id='par_1_16' title="bbox 488 1573 2092 1648">
     <span class='ocr_line' id='line_1_16' title="bbox 488 1573 2092 1648; baseline -0.004 -20"><span class='ocrx_word' id='word_1_189' title='bbox 488 1590 756 1648; x_wconf 88' lang='lat' dir='ltr'><strong>ganorum</strong></span> <span class='ocrx_word' id='word_1_190' title='bbox 805 1575 1160 1630; x_wconf 87' lang='lat' dir='ltr'><strong>infestatione</strong></span> <span class='ocrx_word' id='word_1_191' title='bbox 1218 1576 1504 1646; x_wconf 88' lang='lat' dir='ltr'><strong>depulsus,</strong></span> <span class='ocrx_word' id='word_1_192' title='bbox 1561 1583 1614 1628; x_wconf 91' lang='lat' dir='ltr'><strong>et</strong></span> <span class='ocrx_word' id='word_1_193' title='bbox 1648 1573 1814 1644; x_wconf 91' lang='lat' dir='ltr'><strong>pallio</strong></span> <span class='ocrx_word' id='word_1_194' title='bbox 1871 1573 2092 1626; x_wconf 63' lang='lat' dir='ltr'><strong>fuerat:</strong></span> 
     </span>
    </p>
   </div>
   <div class='ocr_carea' id='block_1_17' title="bbox 2203 1556 3838 1648">
    <p class='ocr_par' dir='ltr' id='par_1_17' title="bbox 2209 1556 3838 1630">
     <span class='ocr_line' id='line_1_17' title="bbox 2209 1556 3838 1630; baseline 0.001 -19"><span class='ocrx_word' id='word_1_195' title='bbox 2209 1573 2363 1612; x_wconf 91' lang='lat' dir='ltr'><strong>suam</strong></span> <span class='ocrx_word' id='word_1_196' title='bbox 2393 1559 2791 1630; x_wconf 89' lang='lat' dir='ltr'><strong>acceptabilem</strong></span> <span class='ocrx_word' id='word_1_197' title='bbox 2824 1556 2944 1614; x_wconf 82' lang='lat' dir='ltr'><strong>fieri</strong></span> <span class='ocrx_word' id='word_1_198' title='bbox 2973 1567 3142 1630; x_wconf 91' lang='lat' dir='ltr'><strong>petat,</strong></span> <span class='ocrx_word' id='word_1_199' title='bbox 3184 1558 3596 1615; x_wconf 89' lang='lat' dir='ltr'><strong>benedictionis</strong></span> <span class='ocrx_word' id='word_1_200' title='bbox 3623 1559 3677 1614; x_wconf 89' lang='lat' dir='ltr'><strong>ei</strong></span> <span class='ocrx_word' id='word_1_201' title='bbox 3711 1577 3838 1614; x_wconf 92' lang='lat' dir='ltr'><strong>mu-</strong></span> 
     </span>
    </p>
   </div>
   <div class='ocr_carea' id='block_1_18' title="bbox 490 1649 3835 1764">
    <p class='ocr_par' dir='ltr' id='par_1_18' title="bbox 490 1649 3835 1764">
     <span class='ocr_line' id='line_1_18' title="bbox 490 1649 3835 1764; baseline 0.001 -44"><span class='ocrx_word' id='word_1_202' title='bbox 490 1667 622 1720; x_wconf 91' lang='lat' dir='ltr'><strong>sede</strong></span> <span class='ocrx_word' id='word_1_203' title='bbox 653 1667 953 1737; x_wconf 88' lang='lat' dir='ltr'><strong>apostolica</strong></span> <span class='ocrx_word' id='word_1_204' title='bbox 983 1668 1307 1734; x_wconf 90' lang='lat' dir='ltr'><strong>honoratus,</strong></span> <span class='ocrx_word' id='word_1_205' title='bbox 1340 1675 1399 1722; x_wconf 88' lang='lat' dir='ltr'><strong>ut</strong></span> <span class='ocrx_word' id='word_1_206' title='bbox 1425 1667 1588 1721; x_wconf 89' lang='lat' dir='ltr'><strong>etiam</strong></span> <span class='ocrx_word' id='word_1_207' title='bbox 1629 1666 1674 1720; x_wconf 93' lang='lat' dir='ltr'><strong>si</strong></span> <span class='ocrx_word' id='word_1_208' title='bbox 1709 1665 1863 1720; x_wconf 92' lang='lat' dir='ltr'><strong>locus</strong></span> <span class='ocrx_word' id='word_1_209' title='bbox 1890 1663 1958 1717; x_wconf 91' lang='lat' dir='ltr'><strong>de</strong></span> <span class='ocrx_word' id='word_1_210' title='bbox 1989 1677 2107 1716; x_wconf 89' lang='lat' dir='ltr'><strong>me-</strong></span> <span class='ocrx_word' id='word_1_211' title='bbox 2131 1695 2185 1764; x_wconf 84' lang='lat' dir='ltr'><strong>B</strong></span> <span class='ocrx_word' id='word_1_212' title='bbox 2211 1651 2440 1704; x_wconf 72' lang='grc' dir='ltr'><strong>ηυεευίει</strong></span> <span class='ocrx_word' id='word_1_213' title='bbox 2470 1650 2740 1764; x_wconf 25' lang='lat' dir='ltr'><strong>dirigens;</strong></span> <span class='ocrx_word' id='word_1_214' title='bbox 2789 1650 3046 1764; x_wconf 56' lang='grc' dir='ltr'><strong>Ὲῗΐῐηοεο</strong></span> <span class='ocrx_word' id='word_1_215' title='bbox 3076 1649 3226 1705; x_wconf 69' lang='lat' dir='ltr'><strong>sedis</strong></span> <span class='ocrx_word' id='word_1_216' title='bbox 3261 1650 3506 1764; x_wconf 59' lang='lat' dir='ltr'><strong>erSdfm</strong></span> <span class='ocrx_word' id='word_1_217' title='bbox 3559 1651 3835 1724; x_wconf 65' lang='lat' dir='ltr'><strong>religioso</strong></span> 
     </span>
     <span class='ocr_line' id='line_1_19' title="bbox 652 1739 3801 1764; baseline 0 0"><span class='ocrx_word' id='word_1_218' title='bbox 652 1757 684 1764; x_wconf 82' lang='lat'>..</span> <span class='ocrx_word' id='word_1_219' title='bbox 771 1758 784 1764; x_wconf 84' lang='grc'><strong>-</strong></span> <span class='ocrx_word' id='word_1_220' title='bbox 904 1757 914 1764; x_wconf 84' lang='grc'>.</span> <span class='ocrx_word' id='word_1_221' title='bbox 1056 1756 1087 1764; x_wconf 79' lang='lat'><strong>..</strong></span> <span class='ocrx_word' id='word_1_222' title='bbox 1118 1757 1128 1764; x_wconf 93' lang='lat'>.</span> <span class='ocrx_word' id='word_1_223' title='bbox 1157 1757 1167 1764; x_wconf 85' lang='lat'><em>.</em></span> <span class='ocrx_word' id='word_1_224' title='bbox 1327 1755 1361 1764; x_wconf 67' lang='grc' dir='ltr'><strong>ι.</strong></span> <span class='ocrx_word' id='word_1_225' title='bbox 1514 1763 1518 1764; x_wconf 63' lang='lat'><strong><em>,</em></strong></span> <span class='ocrx_word' id='word_1_226' title='bbox 1630 1755 1669 1764; x_wconf 73' lang='grc' dir='ltr'><strong><em>,ι</em></strong></span> <span class='ocrx_word' id='word_1_227' title='bbox 2048 1753 2060 1764; x_wconf 66' lang='grc' dir='ltr'><strong><em>Α</em></strong></span> <span class='ocrx_word' id='word_1_228' title='bbox 2081 1750 2096 1764; x_wconf 75' lang='grc' dir='ltr'><strong><em>ι</em></strong></span> <span class='ocrx_word' id='word_1_229' title='bbox 2212 1739 2467 1764; x_wconf 50' lang='grc' dir='ltr'><strong>Αῃῖι-ΑΑ-ιλ</strong></span> <span class='ocrx_word' id='word_1_230' title='bbox 2495 1745 2506 1764; x_wconf 91' lang='grc' dir='ltr'><strong><em>Ι</em></strong></span> <span class='ocrx_word' id='word_1_231' title='bbox 2645 1756 2701 1764; x_wconf 65' lang='grc' dir='ltr'><strong>’.Α</strong></span> <span class='ocrx_word' id='word_1_232' title='bbox 2751 1757 2814 1764; x_wconf 66' lang='grc'><strong>...-</strong></span> <span class='ocrx_word' id='word_1_233' title='bbox 2863 1757 2958 1764; x_wconf 51' lang='lat' dir='ltr'><strong>An-</strong></span> <span class='ocrx_word' id='word_1_234' title='bbox 2980 1741 3093 1764; x_wconf 66' lang='grc' dir='ltr'><strong>..ξ--.ι-</strong></span> <span class='ocrx_word' id='word_1_235' title='bbox 3135 1757 3291 1764; x_wconf 66' lang='grc' dir='ltr'><strong>η........</strong></span> <span class='ocrx_word' id='word_1_236' title='bbox 3327 1756 3390 1764; x_wconf 63' lang='grc' dir='ltr'><strong>Α--</strong></span> <span class='ocrx_word' id='word_1_237' title='bbox 3438 1740 3571 1764; x_wconf 63' lang='grc' dir='ltr'><strong>ἶΑ-Αο</strong></span> <span class='ocrx_word' id='word_1_238' title='bbox 3620 1741 3801 1764; x_wconf 55' lang='grc' dir='ltr'><strong>λημΑιΞ</strong></span> 
     </span>
    </p>
   </div>
   <div class='ocr_carea' id='block_1_19' title="bbox 490 1739 2092 1828">
    <p class='ocr_par' dir='ltr' id='par_1_19' title="bbox 490 1750 2092 1828">
     <span class='ocr_line' id='line_1_20' title="bbox 490 1750 2092 1828; baseline -0.004 -18"><span class='ocrx_word' id='word_1_239' title='bbox 490 1757 687 1828; x_wconf 85' lang='lat' dir='ltr'><strong>trOpoli</strong></span> <span class='ocrx_word' id='word_1_240' title='bbox 720 1757 1024 1822; x_wconf 90' lang='lat' dir='ltr'><strong>adveniret,</strong></span> <span class='ocrx_word' id='word_1_241' title='bbox 1055 1756 1131 1810; x_wconf 91' lang='lat' dir='ltr'><strong>ibi</strong></span> <span class='ocrx_word' id='word_1_242' title='bbox 1155 1755 1595 1811; x_wconf 90' lang='lat' dir='ltr'><strong>incardinaretur</strong></span> <span class='ocrx_word' id='word_1_243' title='bbox 1622 1755 1894 1820; x_wconf 61' lang='lat' dir='ltr'><strong>(Annum,</strong></span> <span class='ocrx_word' id='word_1_244' title='bbox 1931 1768 2012 1822; x_wconf 83' lang='lat' dir='ltr'><strong>ep.</strong></span> <span class='ocrx_word' id='word_1_245' title='bbox 2042 1750 2092 1804; x_wconf 88' lang='grc'><strong>11</strong></span> 
     </span>
    </p>
   </div>
   <div class='ocr_carea' id='block_1_20' title="bbox 2203 1739 3836 1828">
    <p class='ocr_par' dir='ltr' id='par_1_20' title="bbox 2210 1739 3836 1811">
     <span class='ocr_line' id='line_1_21' title="bbox 2210 1739 3836 1811; baseline 0.002 -19"><span class='ocrx_word' id='word_1_246' title='bbox 2210 1739 2470 1810; x_wconf 89' lang='lat' dir='ltr'><strong>episcopo</strong></span> <span class='ocrx_word' id='word_1_247' title='bbox 2494 1741 2624 1810; x_wconf 80' lang='grc'>(11),</span> <span class='ocrx_word' id='word_1_248' title='bbox 2641 1740 2960 1795; x_wconf 88' lang='lat' dir='ltr'><strong>collaudans</strong></span> <span class='ocrx_word' id='word_1_249' title='bbox 2977 1741 3115 1809; x_wconf 89' lang='lat' dir='ltr'><strong>ejus,</strong></span> <span class='ocrx_word' id='word_1_250' title='bbox 3131 1757 3294 1811; x_wconf 90' lang='lat' dir='ltr'><strong>quam</strong></span> <span class='ocrx_word' id='word_1_251' title='bbox 3324 1740 3594 1808; x_wconf 90' lang='lat' dir='ltr'><strong>audierat,</strong></span> <span class='ocrx_word' id='word_1_252' title='bbox 3618 1741 3836 1796; x_wconf 89' lang='lat' dir='ltr'><strong>sancti-</strong></span> 
     </span>
    </p>
   </div>
   <div class='ocr_carea' id='block_1_21' title="bbox 490 1845 2104 1921">
    <p class='ocr_par' dir='ltr' id='par_1_21' title="bbox 490 1845 2104 1921">
     <span class='ocr_line' id='line_1_22' title="bbox 490 1845 2104 1921; baseline -0.001 -19"><span class='ocrx_word' id='word_1_253' title='bbox 490 1853 539 1902; x_wconf 81' lang='lat' dir='ltr'><strong>et</strong></span> <span class='ocrx_word' id='word_1_254' title='bbox 576 1849 684 1919; x_wconf 78' lang='grc'>12).</span> <span class='ocrx_word' id='word_1_255' title='bbox 723 1850 932 1920; x_wconf 89' lang='lat' dir='ltr'><strong>Datque</strong></span> <span class='ocrx_word' id='word_1_256' title='bbox 981 1849 1208 1919; x_wconf 86' lang='lat' dir='ltr'><strong>insuper</strong></span> <span class='ocrx_word' id='word_1_257' title='bbox 1237 1848 1352 1921; x_wconf 87' lang='lat' dir='ltr'><strong>regi</strong></span> <span class='ocrx_word' id='word_1_258' title='bbox 1384 1846 1698 1912; x_wconf 90' lang='lat' dir='ltr'><strong>consilium,</strong></span> <span class='ocrx_word' id='word_1_259' title='bbox 1760 1845 1893 1916; x_wconf 89' lang='lat' dir='ltr'><strong>quid</strong></span> <span class='ocrx_word' id='word_1_260' title='bbox 1934 1846 2104 1914; x_wconf 89' lang='lat' dir='ltr'><strong>clero,</strong></span> 
     </span>
    </p>
   </div>
   <div class='ocr_carea' id='block_1_22' title="bbox 490 1935 2103 2011">
    <p class='ocr_par' dir='ltr' id='par_1_22' title="bbox 490 1935 2103 2011">
     <span class='ocr_line' id='line_1_23' title="bbox 490 1935 2103 2011; baseline -0.001 -19"><span class='ocrx_word' id='word_1_261' title='bbox 490 1937 624 2009; x_wconf 92' lang='lat' dir='ltr'><strong>quid</strong></span> <span class='ocrx_word' id='word_1_262' title='bbox 655 1937 808 1993; x_wconf 88' lang='lat' dir='ltr'><strong>laicis</strong></span> <span class='ocrx_word' id='word_1_263' title='bbox 839 1953 1002 2011; x_wconf 90' lang='lat' dir='ltr'><strong>agere</strong></span> <span class='ocrx_word' id='word_1_264' title='bbox 1027 1937 1095 1992; x_wconf 90' lang='lat' dir='ltr'><strong>sit</strong></span> <span class='ocrx_word' id='word_1_265' title='bbox 1126 1937 1344 1991; x_wconf 91' lang='lat' dir='ltr'><strong>interim</strong></span> <span class='ocrx_word' id='word_1_266' title='bbox 1376 1935 1829 2010; x_wconf 65' lang='lat' dir='ltr'><strong>pracipiepdum,</strong></span> <span class='ocrx_word' id='word_1_267' title='bbox 1865 1935 1999 2006; x_wconf 89' lang='lat' dir='ltr'><strong>quid</strong></span> <span class='ocrx_word' id='word_1_268' title='bbox 2035 1936 2103 1991; x_wconf 92' lang='lat' dir='ltr'><strong>de</strong></span> 
     </span>
    </p>
   </div>
   <div class='ocr_carea' id='block_1_23' title="bbox 491 2025 2105 2102">
    <p class='ocr_par' dir='ltr' id='par_1_23' title="bbox 491 2025 2105 2102">
     <span class='ocr_line' id='line_1_24' title="bbox 491 2025 2105 2102; baseline -0.001 -22"><span class='ocrx_word' id='word_1_269' title='bbox 491 2027 658 2082; x_wconf 88' lang='lat' dir='ltr'><strong>rebus</strong></span> <span class='ocrx_word' id='word_1_270' title='bbox 687 2045 824 2100; x_wconf 91' lang='lat' dir='ltr'><strong>quas</strong></span> <span class='ocrx_word' id='word_1_271' title='bbox 853 2044 916 2083; x_wconf 87' lang='lat' dir='ltr'><strong>ex</strong></span> <span class='ocrx_word' id='word_1_272' title='bbox 965 2027 1236 2084; x_wconf 88' lang='lat' dir='ltr'><strong>beneficio</strong></span> <span class='ocrx_word' id='word_1_273' title='bbox 1263 2028 1412 2102; x_wconf 89' lang='lat' dir='ltr'><strong>regis</strong></span> <span class='ocrx_word' id='word_1_274' title='bbox 1449 2026 1690 2081; x_wconf 89' lang='lat' dir='ltr'><strong>habebat</strong></span> <span class='ocrx_word' id='word_1_275' title='bbox 1730 2025 1940 2092; x_wconf 90' lang='lat' dir='ltr'><strong>fecerit,</strong></span> <span class='ocrx_word' id='word_1_276' title='bbox 1974 2025 2105 2080; x_wconf 92' lang='lat' dir='ltr'><strong>inti-</strong></span> 
     </span>
    </p>
   </div>
   <div class='ocr_carea' id='block_1_24' title="bbox 489 2119 2100 2193">
    <p class='ocr_par' dir='ltr' id='par_1_24' title="bbox 489 2119 2100 2193">
     <span class='ocr_line' id='line_1_25' title="bbox 489 2119 2100 2193; baseline -0.001 -19"><span class='ocrx_word' id='word_1_277' title='bbox 489 2137 666 2187; x_wconf 88' lang='lat' dir='ltr'><strong>mans,</strong></span> <span class='ocrx_word' id='word_1_278' title='bbox 699 2123 793 2193; x_wconf 90' lang='lat' dir='ltr'><strong>qui</strong></span> <span class='ocrx_word' id='word_1_279' title='bbox 823 2137 888 2175; x_wconf 91' lang='lat' dir='ltr'><strong>ex</strong></span> <span class='ocrx_word' id='word_1_280' title='bbox 920 2121 1024 2187; x_wconf 90' lang='lat' dir='ltr'><strong>his,</strong></span> <span class='ocrx_word' id='word_1_281' title='bbox 1057 2137 1194 2191; x_wconf 90' lang='lat' dir='ltr'><strong>quas</strong></span> <span class='ocrx_word' id='word_1_282' title='bbox 1227 2120 1526 2192; x_wconf 89' lang='lat' dir='ltr'><strong>reliquerat</strong></span> <span class='ocrx_word' id='word_1_283' title='bbox 1573 2119 1689 2192; x_wconf 89' lang='lat' dir='ltr'><strong>regi</strong></span> <span class='ocrx_word' id='word_1_284' title='bbox 1723 2119 1960 2189; x_wconf 89' lang='lat' dir='ltr'><strong>placeat,</strong></span> <span class='ocrx_word' id='word_1_285' title='bbox 2007 2132 2100 2172; x_wconf 90' lang='lat' dir='ltr'><strong>re-</strong></span> 
     </span>
    </p>
   </div>
   <div class='ocr_carea' id='block_1_25' title="bbox 487 2210 2106 2284">
    <p class='ocr_par' dir='ltr' id='par_1_25' title="bbox 487 2210 2106 2284">
     <span class='ocr_line' id='line_1_26' title="bbox 487 2210 2106 2284; baseline -0.001 -18"><span class='ocrx_word' id='word_1_286' title='bbox 487 2213 734 2284; x_wconf 91' lang='lat' dir='ltr'><strong>quirens.</strong></span> <span class='ocrx_word' id='word_1_287' title='bbox 783 2213 856 2266; x_wconf 91' lang='lat' dir='ltr'><strong>De</strong></span> <span class='ocrx_word' id='word_1_288' title='bbox 887 2211 1219 2282; x_wconf 90' lang='lat' dir='ltr'><strong>quibusdam</strong></span> <span class='ocrx_word' id='word_1_289' title='bbox 1253 2227 1474 2282; x_wconf 90' lang='lat' dir='ltr'><strong>quoque</strong></span> <span class='ocrx_word' id='word_1_290' title='bbox 1511 2210 1671 2264; x_wconf 88' lang='lat' dir='ltr'><strong>libris</strong></span> <span class='ocrx_word' id='word_1_291' title='bbox 1709 2210 1882 2264; x_wconf 90' lang='lat' dir='ltr'><strong>sancti</strong></span> <span class='ocrx_word' id='word_1_292' title='bbox 1917 2211 2106 2283; x_wconf 86' lang='lat' dir='ltr'><strong>Augu-</strong></span> 
     </span>
    </p>
   </div>
   <div class='ocr_carea' id='block_1_26' title="bbox 484 2298 2102 2372">
    <p class='ocr_par' dir='ltr' id='par_1_26' title="bbox 484 2298 2102 2372">
     <span class='ocr_line' id='line_1_27' title="bbox 484 2298 2102 2372; baseline -0.002 -17"><span class='ocrx_word' id='word_1_293' title='bbox 484 2301 637 2366; x_wconf 90' lang='lat' dir='ltr'><strong>stini,</strong></span> <span class='ocrx_word' id='word_1_294' title='bbox 687 2316 828 2372; x_wconf 91' lang='lat' dir='ltr'><strong>quos</strong></span> <span class='ocrx_word' id='word_1_295' title='bbox 874 2299 977 2354; x_wconf 88' lang='lat' dir='ltr'><strong>sibi</strong></span> <span class='ocrx_word' id='word_1_296' title='bbox 1025 2299 1093 2353; x_wconf 88' lang='lat' dir='ltr'><strong>ab</strong></span> <span class='ocrx_word' id='word_1_297' title='bbox 1143 2299 1340 2354; x_wconf 88' lang='lat' dir='ltr'><strong>eodem</strong></span> <span class='ocrx_word' id='word_1_298' title='bbox 1386 2299 1590 2353; x_wconf 88' lang='lat' dir='ltr'><strong>remitti</strong></span> <span class='ocrx_word' id='word_1_299' title='bbox 1636 2299 1888 2368; x_wconf 87' lang='lat' dir='ltr'><strong>petierat.</strong></span> <span class='ocrx_word' id='word_1_300' title='bbox 1941 2306 1995 2353; x_wconf 90' lang='lat' dir='ltr'><strong>et</strong></span> <span class='ocrx_word' id='word_1_301' title='bbox 2033 2298 2102 2352; x_wconf 91' lang='lat' dir='ltr'><strong>de</strong></span> 
     </span>
    </p>
   </div>
   <div class='ocr_carea' id='block_1_27' title="bbox 485 2387 2104 2459">
    <p class='ocr_par' dir='ltr' id='par_1_27' title="bbox 485 2387 2104 2459">
     <span class='ocr_line' id='line_1_28' title="bbox 485 2387 2104 2459; baseline -0.003 -13"><span class='ocrx_word' id='word_1_302' title='bbox 485 2389 898 2459; x_wconf 90' lang='lat' dir='ltr'><strong>objectionibus</strong></span> <span class='ocrx_word' id='word_1_303' title='bbox 916 2388 1246 2454; x_wconf 84' lang='lat' dir='ltr'><strong>Gracorum,</strong></span> <span class='ocrx_word' id='word_1_304' title='bbox 1275 2402 1442 2458; x_wconf 88' lang='lat' dir='ltr'><strong>super</strong></span> <span class='ocrx_word' id='word_1_305' title='bbox 1458 2387 1662 2458; x_wconf 89' lang='lat' dir='ltr'><strong>quibus</strong></span> <span class='ocrx_word' id='word_1_306' title='bbox 1679 2387 1719 2440; x_wconf 84' lang='lat' dir='ltr'><strong>N</strong></span> <span class='ocrx_word' id='word_1_307' title='bbox 1729 2387 1936 2442; x_wconf 90' lang='lat' dir='ltr'><strong>icolaus</strong></span> <span class='ocrx_word' id='word_1_308' title='bbox 1962 2403 2104 2458; x_wconf 90' lang='lat' dir='ltr'><strong>papa</strong></span> 
     </span>
    </p>
   </div>
   <div class='ocr_carea' id='block_1_28' title="bbox 487 2479 2103 2551">
    <p class='ocr_par' dir='ltr' id='par_1_28' title="bbox 487 2479 2103 2551">
     <span class='ocr_line' id='line_1_29' title="bbox 487 2479 2103 2551; baseline -0.003 -14"><span class='ocrx_word' id='word_1_309' title='bbox 487 2483 669 2538; x_wconf 90' lang='lat' dir='ltr'><strong>eidem</strong></span> <span class='ocrx_word' id='word_1_310' title='bbox 696 2482 1049 2536; x_wconf 88' lang='lat' dir='ltr'><strong>mandaverat</strong></span> <span class='ocrx_word' id='word_1_311' title='bbox 1079 2489 1133 2535; x_wconf 93' lang='lat' dir='ltr'><strong>et</strong></span> <span class='ocrx_word' id='word_1_312' title='bbox 1177 2481 1286 2534; x_wconf 89' lang='lat' dir='ltr'><strong>alia</strong></span> <span class='ocrx_word' id='word_1_313' title='bbox 1315 2479 1587 2551; x_wconf 86' lang='lat' dir='ltr'><strong>quadam.</strong></span> <span class='ocrx_word' id='word_1_314' title='bbox 1642 2479 1886 2535; x_wconf 85' lang='lat' dir='ltr'><strong>Bertulfo</strong></span> <span class='ocrx_word' id='word_1_315' title='bbox 1915 2479 2103 2535; x_wconf 88' lang='lat' dir='ltr'><strong>Trevi-</strong></span> 
     </span>
    </p>
   </div>
   <div class='ocr_carea' id='block_1_29' title="bbox 486 2567 2102 2640">
    <p class='ocr_par' dir='ltr' id='par_1_29' title="bbox 486 2567 2102 2640">
     <span class='ocr_line' id='line_1_30' title="bbox 486 2567 2102 2640; baseline -0.005 -11"><span class='ocrx_word' id='word_1_316' title='bbox 486 2573 632 2630; x_wconf 90' lang='lat' dir='ltr'><strong>rensi</strong></span> <span class='ocrx_word' id='word_1_317' title='bbox 664 2571 1102 2640; x_wconf 83' lang='lat' dir='ltr'><strong>archiepiscOpo,</strong></span> <span class='ocrx_word' id='word_1_318' title='bbox 1137 2569 1420 2623; x_wconf 89' lang='lat' dir='ltr'><strong>instruens</strong></span> <span class='ocrx_word' id='word_1_319' title='bbox 1452 2584 1579 2622; x_wconf 90' lang='lat' dir='ltr'><strong>eum</strong></span> <span class='ocrx_word' id='word_1_320' title='bbox 1607 2567 1676 2623; x_wconf 89' lang='lat' dir='ltr'><strong>de</strong></span> <span class='ocrx_word' id='word_1_321' title='bbox 1709 2567 2018 2622; x_wconf 89' lang='lat' dir='ltr'><strong>ordinanda</strong></span> <span class='ocrx_word' id='word_1_322' title='bbox 2047 2575 2102 2623; x_wconf 85' lang='lat' dir='ltr'><strong>et</strong></span> 
     </span>
    </p>
   </div>
   <div class='ocr_carea' id='block_1_30' title="bbox 483 2658 2100 2736">
    <p class='ocr_par' dir='ltr' id='par_1_30' title="bbox 483 2658 2100 2736">
     <span class='ocr_line' id='line_1_31' title="bbox 483 2658 2100 2736; baseline -0.002 -19"><span class='ocrx_word' id='word_1_323' title='bbox 483 2662 846 2736; x_wconf 82' lang='lat' dir='ltr'><strong>gubernanda</strong></span> <span class='ocrx_word' id='word_1_324' title='bbox 886 2661 1113 2716; x_wconf 77' lang='lat' dir='ltr'><strong>diacesi</strong></span> <span class='ocrx_word' id='word_1_325' title='bbox 1155 2659 1238 2714; x_wconf 86' lang='lat' dir='ltr'><strong>vel</strong></span> <span class='ocrx_word' id='word_1_326' title='bbox 1297 2658 1556 2730; x_wconf 90' lang='lat' dir='ltr'><strong>parochia</strong></span> <span class='ocrx_word' id='word_1_327' title='bbox 1599 2675 1720 2724; x_wconf 91' lang='lat' dir='ltr'><strong>sua,</strong></span> <span class='ocrx_word' id='word_1_328' title='bbox 1762 2670 1867 2714; x_wconf 87' lang='lat' dir='ltr'><strong>etc.</strong></span> <span class='ocrx_word' id='word_1_329' title='bbox 1915 2660 1953 2713; x_wconf 82' lang='lat' dir='ltr'><strong>A</strong></span> <span class='ocrx_word' id='word_1_330' title='bbox 1990 2675 2100 2731; x_wconf 90' lang='lat' dir='ltr'><strong>quo</strong></span> 
     </span>
    </p>
   </div>
   <div class='ocr_carea' id='block_1_31' title="bbox 484 2746 2101 2822">
    <p class='ocr_par' dir='ltr' id='par_1_31' title="bbox 484 2746 2101 2822">
     <span class='ocr_line' id='line_1_32' title="bbox 484 2746 2101 2822; baseline -0.002 -17"><span class='ocrx_word' id='word_1_331' title='bbox 484 2751 652 2805; x_wconf 89' lang='lat' dir='ltr'><strong>etiam</strong></span> <span class='ocrx_word' id='word_1_332' title='bbox 702 2757 925 2822; x_wconf 87' lang='lat' dir='ltr'><strong>rogatus</strong></span> <span class='ocrx_word' id='word_1_333' title='bbox 954 2747 1339 2802; x_wconf 88' lang='lat' dir='ltr'><strong>Wiliebertum</strong></span> <span class='ocrx_word' id='word_1_334' title='bbox 1379 2746 1834 2802; x_wconf 88' lang='lat' dir='ltr'><strong>Catalaunensem</strong></span> <span class='ocrx_word' id='word_1_335' title='bbox 1881 2747 2101 2818; x_wconf 88' lang='lat' dir='ltr'><strong>episco-</strong></span> 
     </span>
    </p>
   </div>
   <div class='ocr_carea' id='block_1_32' title="bbox 484 2838 2092 2912">
    <p class='ocr_par' dir='ltr' id='par_1_32' title="bbox 484 2838 2092 2912">
     <span class='ocr_line' id='line_1_33' title="bbox 484 2838 2092 2912; baseline -0.002 -16"><span class='ocrx_word' id='word_1_336' title='bbox 484 2859 615 2912; x_wconf 91' lang='lat' dir='ltr'><strong>pum</strong></span> <span class='ocrx_word' id='word_1_337' title='bbox 661 2841 810 2895; x_wconf 90' lang='lat' dir='ltr'><strong>misit</strong></span> <span class='ocrx_word' id='word_1_338' title='bbox 839 2841 907 2895; x_wconf 90' lang='lat' dir='ltr'><strong>ad</strong></span> <span class='ocrx_word' id='word_1_339' title='bbox 947 2839 1354 2895; x_wconf 90' lang='lat' dir='ltr'><strong>ordinationem</strong></span> <span class='ocrx_word' id='word_1_340' title='bbox 1391 2838 1616 2894; x_wconf 81' lang='lat' dir='ltr'><strong>Arnoldi</strong></span> <span class='ocrx_word' id='word_1_341' title='bbox 1664 2839 1935 2894; x_wconf 90' lang='lat' dir='ltr'><strong>Tullensis</strong></span> <span class='ocrx_word' id='word_1_342' title='bbox 1978 2839 2092 2910; x_wconf 88' lang='lat' dir='ltr'><strong>epi-</strong></span> 
     </span>
    </p>
   </div>
   <div class='ocr_carea' id='block_1_33' title="bbox 481 2927 2093 3003">
    <p class='ocr_par' dir='ltr' id='par_1_33' title="bbox 481 2927 2093 3003">
     <span class='ocr_line' id='line_1_34' title="bbox 481 2927 2093 3003; baseline -0.002 -17"><span class='ocrx_word' id='word_1_343' title='bbox 481 2932 658 3003; x_wconf 91' lang='lat' dir='ltr'><strong>scopi,</strong></span> <span class='ocrx_word' id='word_1_344' title='bbox 692 2930 824 3002; x_wconf 90' lang='lat' dir='ltr'><strong>quia</strong></span> <span class='ocrx_word' id='word_1_345' title='bbox 861 2929 1055 2984; x_wconf 90' lang='lat' dir='ltr'><strong>eodem</strong></span> <span class='ocrx_word' id='word_1_346' title='bbox 1084 2928 1330 2984; x_wconf 89' lang='lat' dir='ltr'><strong>Bertulfo</strong></span> <span class='ocrx_word' id='word_1_347' title='bbox 1360 2927 1678 2983; x_wconf 88' lang='lat' dir='ltr'><strong>infirmitate</strong></span> <span class='ocrx_word' id='word_1_348' title='bbox 1699 2928 1948 2994; x_wconf 90' lang='lat' dir='ltr'><strong>detento,</strong></span> <span class='ocrx_word' id='word_1_349' title='bbox 1979 2944 2093 2982; x_wconf 91' lang='lat' dir='ltr'><strong>nu-</strong></span> 
     </span>
    </p>
   </div>
   <div class='ocr_carea' id='block_1_34' title="bbox 484 3018 2096 3092">
    <p class='ocr_par' dir='ltr' id='par_1_34' title="bbox 484 3018 2096 3092">
     <span class='ocr_line' id='line_1_35' title="bbox 484 3018 2096 3092; baseline -0.004 -14"><span class='ocrx_word' id='word_1_350' title='bbox 484 3037 669 3078; x_wconf 89' lang='lat' dir='ltr'><strong>merus</strong></span> <span class='ocrx_word' id='word_1_351' title='bbox 698 3021 1085 3092; x_wconf 85' lang='lat' dir='ltr'><strong>episcOporum</strong></span> <span class='ocrx_word' id='word_1_352' title='bbox 1131 3036 1162 3074; x_wconf 90' lang='lat' dir='ltr'><strong>a</strong></span> <span class='ocrx_word' id='word_1_353' title='bbox 1200 3019 1372 3075; x_wconf 90' lang='lat' dir='ltr'><strong>sacris</strong></span> <span class='ocrx_word' id='word_1_354' title='bbox 1408 3018 1716 3074; x_wconf 89' lang='lat' dir='ltr'><strong>canonibus</strong></span> <span class='ocrx_word' id='word_1_355' title='bbox 1744 3018 2000 3090; x_wconf 85' lang='lat' dir='ltr'><strong>prafixus</strong></span> <span class='ocrx_word' id='word_1_356' title='bbox 2039 3019 2096 3072; x_wconf 92' lang='lat' dir='ltr'><strong>in</strong></span> 
     </span>
    </p>
   </div>
   <div class='ocr_carea' id='block_1_35' title="bbox 483 3112 2096 3183">
    <p class='ocr_par' dir='ltr' id='par_1_35' title="bbox 483 3112 2096 3183">
     <span class='ocr_line' id='line_1_36' title="bbox 483 3112 2096 3183; baseline -0.002 -13"><span class='ocrx_word' id='word_1_357' title='bbox 483 3114 834 3170; x_wconf 88' lang='lat' dir='ltr'><strong>ordinatione</strong></span> <span class='ocrx_word' id='word_1_358' title='bbox 864 3113 1114 3183; x_wconf 87' lang='lat' dir='ltr'><strong>prasulis</strong></span> <span class='ocrx_word' id='word_1_359' title='bbox 1143 3112 1192 3167; x_wconf 89' lang='lat' dir='ltr'><strong>ei</strong></span> <span class='ocrx_word' id='word_1_360' title='bbox 1222 3128 1331 3168; x_wconf 91' lang='lat' dir='ltr'><strong>non</strong></span> <span class='ocrx_word' id='word_1_361' title='bbox 1376 3113 1585 3167; x_wconf 86' lang='lat' dir='ltr'><strong>aderat.</strong></span> <span class='ocrx_word' id='word_1_362' title='bbox 1621 3113 1679 3167; x_wconf 92' lang='lat' dir='ltr'><strong>In</strong></span> <span class='ocrx_word' id='word_1_363' title='bbox 1738 3112 1904 3180; x_wconf 86' lang='lat' dir='ltr'><strong>hujus</strong></span> <span class='ocrx_word' id='word_1_364' title='bbox 1933 3113 2096 3168; x_wconf 91' lang='lat' dir='ltr'><strong>etiam</strong></span> 
     </span>
    </p>
   </div>
   <div class='ocr_carea' id='block_1_36' title="bbox 483 3205 2096 3276">
    <p class='ocr_par' dir='ltr' id='par_1_36' title="bbox 483 3205 2096 3276">
     <span class='ocr_line' id='line_1_37' title="bbox 483 3205 2096 3276; baseline 0.001 -15"><span class='ocrx_word' id='word_1_365' title='bbox 483 3205 706 3262; x_wconf 88' lang='lat' dir='ltr'><strong>Bertulﬁ</strong></span> <span class='ocrx_word' id='word_1_366' title='bbox 739 3206 1087 3262; x_wconf 90' lang='lat' dir='ltr'><strong>ordinatione</strong></span> <span class='ocrx_word' id='word_1_367' title='bbox 1112 3206 1224 3274; x_wconf 90' lang='lat' dir='ltr'><strong>jam</strong></span> <span class='ocrx_word' id='word_1_368' title='bbox 1256 3205 1472 3276; x_wconf 89' lang='lat' dir='ltr'><strong>pridem</strong></span> <span class='ocrx_word' id='word_1_369' title='bbox 1495 3205 1749 3274; x_wconf 87' lang='lat' dir='ltr'><strong>jussione</strong></span> <span class='ocrx_word' id='word_1_370' title='bbox 1791 3205 1968 3262; x_wconf 84' lang='lat' dir='ltr'><strong>Karoli</strong></span> <span class='ocrx_word' id='word_1_371' title='bbox 2003 3223 2096 3262; x_wconf 91' lang='lat' dir='ltr'><strong>re-</strong></span> 
     </span>
    </p>
   </div>
   <div class='ocr_carea' id='block_1_37' title="bbox 481 3293 2096 3368">
    <p class='ocr_par' dir='ltr' id='par_1_37' title="bbox 481 3293 2096 3368">
     <span class='ocr_line' id='line_1_38' title="bbox 481 3293 2096 3368; baseline -0.001 -19"><span class='ocrx_word' id='word_1_372' title='bbox 481 3295 566 3368; x_wconf 80' lang='lat' dir='ltr'><strong>gis</strong></span> <span class='ocrx_word' id='word_1_373' title='bbox 592 3295 939 3349; x_wconf 86' lang='lat' dir='ltr'><strong>Hincmarum</strong></span> <span class='ocrx_word' id='word_1_374' title='bbox 971 3293 1294 3364; x_wconf 87' lang='lat' dir='ltr'><strong>episc0pum</strong></span> <span class='ocrx_word' id='word_1_375' title='bbox 1337 3293 1776 3356; x_wconf 88' lang='lat' dir='ltr'><strong>Laudunensem,</strong></span> <span class='ocrx_word' id='word_1_376' title='bbox 1812 3293 2096 3349; x_wconf 87' lang='lat' dir='ltr'><strong>Hodonem</strong></span> 
     </span>
    </p>
   </div>
   <div class='ocr_carea' id='block_1_38' title="bbox 480 3387 2095 3455">
    <p class='ocr_par' dir='ltr' id='par_1_38' title="bbox 480 3387 2095 3455">
     <span class='ocr_line' id='line_1_39' title="bbox 480 3387 2095 3455; baseline -0.001 -13"><span class='ocrx_word' id='word_1_377' title='bbox 480 3389 893 3455; x_wconf 88' lang='lat' dir='ltr'><strong>Belvacensem,</strong></span> <span class='ocrx_word' id='word_1_378' title='bbox 932 3396 987 3443; x_wconf 93' lang='lat' dir='ltr'><strong>et</strong></span> <span class='ocrx_word' id='word_1_379' title='bbox 1014 3388 1322 3443; x_wconf 85' lang='lat' dir='ltr'><strong>Johannem</strong></span> <span class='ocrx_word' id='word_1_380' title='bbox 1355 3387 1802 3442; x_wconf 88' lang='lat' dir='ltr'><strong>Cameracensem</strong></span> <span class='ocrx_word' id='word_1_381' title='bbox 1833 3387 2095 3442; x_wconf 89' lang='lat' dir='ltr'><strong>transmi-</strong></span> 
     </span>
    </p>
   </div>
   <div class='ocr_carea' id='block_1_39' title="bbox 479 3473 2096 3548">
    <p class='ocr_par' dir='ltr' id='par_1_39' title="bbox 479 3473 2096 3548">
     <span class='ocr_line' id='line_1_40' title="bbox 479 3473 2096 3548; baseline -0.002 -16"><span class='ocrx_word' id='word_1_382' title='bbox 479 3485 649 3544; x_wconf 87' lang='lat' dir='ltr'><strong>serat,</strong></span> <span class='ocrx_word' id='word_1_383' title='bbox 673 3478 740 3532; x_wconf 90' lang='lat' dir='ltr'><strong>ad</strong></span> <span class='ocrx_word' id='word_1_384' title='bbox 766 3476 1090 3548; x_wconf 90' lang='lat' dir='ltr'><strong>petitionem</strong></span> <span class='ocrx_word' id='word_1_385' title='bbox 1118 3475 1371 3531; x_wconf 84' lang='lat' dir='ltr'><strong>Adventii</strong></span> <span class='ocrx_word' id='word_1_386' title='bbox 1402 3484 1456 3529; x_wconf 92' lang='lat' dir='ltr'><strong>et</strong></span> <span class='ocrx_word' id='word_1_387' title='bbox 1475 3473 1681 3529; x_wconf 86' lang='lat' dir='ltr'><strong>Arnulﬁ</strong></span> <span class='ocrx_word' id='word_1_388' title='bbox 1709 3475 2096 3545; x_wconf 89' lang='lat' dir='ltr'><strong>episcoporum</strong></span> 
     </span>
    </p>
   </div>
   <div class='ocr_carea' id='block_1_40' title="bbox 479 3563 2098 3635">
    <p class='ocr_par' dir='ltr' id='par_1_40' title="bbox 479 3563 2098 3635">
     <span class='ocr_line' id='line_1_41' title="bbox 479 3563 2098 3635; baseline -0.002 -13"><span class='ocrx_word' id='word_1_389' title='bbox 479 3567 728 3635; x_wconf 90' lang='lat' dir='ltr'><strong>ejusdem</strong></span> <span class='ocrx_word' id='word_1_390' title='bbox 777 3565 1119 3622; x_wconf 88' lang='lat' dir='ltr'><strong>Trevirensis</strong></span> <span class='ocrx_word' id='word_1_391' title='bbox 1177 3565 1502 3631; x_wconf 88' lang='lat' dir='ltr'><strong>dioeceseos,</strong></span> <span class='ocrx_word' id='word_1_392' title='bbox 1565 3563 1842 3635; x_wconf 91' lang='lat' dir='ltr'><strong>quomodo</strong></span> <span class='ocrx_word' id='word_1_393' title='bbox 1888 3564 1943 3618; x_wconf 93' lang='lat' dir='ltr'><strong>id</strong></span> <span class='ocrx_word' id='word_1_394' title='bbox 1994 3563 2098 3618; x_wconf 91' lang='lat' dir='ltr'><strong>rite</strong></span> 
     </span>
    </p>
   </div>
   <div class='ocr_carea' id='block_1_41' title="bbox 478 3649 2100 3725">
    <p class='ocr_par' dir='ltr' id='par_1_41' title="bbox 478 3649 2100 3725">
     <span class='ocr_line' id='line_1_42' title="bbox 478 3649 2100 3725; baseline -0.002 -16"><span class='ocrx_word' id='word_1_395' title='bbox 478 3655 726 3721; x_wconf 90' lang='lat' dir='ltr'><strong>deberet,</strong></span> <span class='ocrx_word' id='word_1_396' title='bbox 746 3671 851 3714; x_wconf 48' lang='lat' dir='ltr'><strong>eos.</strong></span> <span class='ocrx_word' id='word_1_397' title='bbox 868 3655 1132 3710; x_wconf 92' lang='lat' dir='ltr'><strong>canonica</strong></span> <span class='ocrx_word' id='word_1_398' title='bbox 1149 3652 1561 3725; x_wconf 86' lang='lat' dir='ltr'><strong>apostolicaque</strong></span> <span class='ocrx_word' id='word_1_399' title='bbox 1582 3649 1888 3706; x_wconf 89' lang='lat' dir='ltr'><strong>informans</strong></span> <span class='ocrx_word' id='word_1_400' title='bbox 1913 3658 2100 3705; x_wconf 89' lang='lat' dir='ltr'><strong>aucto-</strong></span> 
     </span>
    </p>
   </div>
   <div class='ocr_carea' id='block_1_42' title="bbox 479 3739 2098 3818">
    <p class='ocr_par' dir='ltr' id='par_1_42' title="bbox 479 3739 2098 3818">
     <span class='ocr_line' id='line_1_43' title="bbox 479 3739 2098 3818; baseline -0.003 -20"><span class='ocrx_word' id='word_1_401' title='bbox 479 3745 658 3808; x_wconf 88' lang='lat' dir='ltr'><strong>ritate,</strong></span> <span class='ocrx_word' id='word_1_402' title='bbox 693 3753 751 3800; x_wconf 92' lang='lat' dir='ltr'><strong>ut</strong></span> <span class='ocrx_word' id='word_1_403' title='bbox 784 3744 1004 3800; x_wconf 90' lang='lat' dir='ltr'><strong>asacris</strong></span> <span class='ocrx_word' id='word_1_404' title='bbox 1035 3743 1258 3818; x_wconf 89' lang='lat' dir='ltr'><strong>regulis,</strong></span> <span class='ocrx_word' id='word_1_405' title='bbox 1292 3741 1442 3797; x_wconf 91' lang='lat' dir='ltr'><strong>nulla</strong></span> <span class='ocrx_word' id='word_1_406' title='bbox 1471 3748 1564 3796; x_wconf 90' lang='lat' dir='ltr'><strong>aut</strong></span> <span class='ocrx_word' id='word_1_407' title='bbox 1595 3739 1958 3815; x_wconf 87' lang='lat' dir='ltr'><strong>negligentia,</strong></span> <span class='ocrx_word' id='word_1_408' title='bbox 2002 3747 2098 3794; x_wconf 90' lang='lat' dir='ltr'><strong>aut</strong></span> 
     </span>
    </p>
   </div>
   <div class='ocr_carea' id='block_1_43' title="bbox 476 3830 2091 3908">
    <p class='ocr_par' dir='ltr' id='par_1_43' title="bbox 476 3830 2091 3908">
     <span class='ocr_line' id='line_1_44' title="bbox 476 3830 2091 3908; baseline -0.006 -16"><span class='ocrx_word' id='word_1_409' title='bbox 476 3837 926 3908; x_wconf 85' lang='lat' dir='ltr'><strong>prasumptione,</strong></span> <span class='ocrx_word' id='word_1_410' title='bbox 957 3835 1010 3890; x_wconf 93' lang='lat' dir='ltr'><strong>in</strong></span> <span class='ocrx_word' id='word_1_411' title='bbox 1055 3835 1241 3906; x_wconf 90' lang='lat' dir='ltr'><strong>aliquo</strong></span> <span class='ocrx_word' id='word_1_412' title='bbox 1286 3833 1656 3889; x_wconf 87' lang='lat' dir='ltr'><strong>discederent.</strong></span> <span class='ocrx_word' id='word_1_413' title='bbox 1699 3830 1900 3886; x_wconf 89' lang='lat' dir='ltr'><strong>Scribit</strong></span> <span class='ocrx_word' id='word_1_414' title='bbox 1927 3830 2091 3885; x_wconf 88' lang='lat' dir='ltr'><strong>etiam</strong></span> 
     </span>
    </p>
   </div>
   <div class='ocr_carea' id='block_1_44' title="bbox 475 3927 2090 4002">
    <p class='ocr_par' dir='ltr' id='par_1_44' title="bbox 475 3927 2090 4002">
     <span class='ocr_line' id='line_1_45' title="bbox 475 3927 2090 4002; baseline -0.005 -15"><span class='ocrx_word' id='word_1_415' title='bbox 475 3932 702 4002; x_wconf 90' lang='lat' dir='ltr'><strong>prafato</strong></span> <span class='ocrx_word' id='word_1_416' title='bbox 750 3930 993 3988; x_wconf 87' lang='lat' dir='ltr'><strong>Bertulfo</strong></span> <span class='ocrx_word' id='word_1_417' title='bbox 1033 3947 1131 4002; x_wconf 92' lang='lat' dir='ltr'><strong>pro</strong></span> <span class='ocrx_word' id='word_1_418' title='bbox 1167 3929 1498 4002; x_wconf 88' lang='lat' dir='ltr'><strong>quibusdam</strong></span> <span class='ocrx_word' id='word_1_419' title='bbox 1545 3927 1774 3998; x_wconf 90' lang='lat' dir='ltr'><strong>capellis</strong></span> <span class='ocrx_word' id='word_1_420' title='bbox 1807 3927 1875 3981; x_wconf 92' lang='lat' dir='ltr'><strong>ad</strong></span> <span class='ocrx_word' id='word_1_421' title='bbox 1905 3927 2090 3981; x_wconf 90' lang='lat' dir='ltr'><strong>villam</strong></span> 
     </span>
    </p>
   </div>
   <div class='ocr_carea' id='block_1_45' title="bbox 474 4019 2089 4092">
    <p class='ocr_par' dir='ltr' id='par_1_45' title="bbox 474 4019 2089 4092">
     <span class='ocr_line' id='line_1_46' title="bbox 474 4019 2089 4092; baseline -0.001 -17"><span class='ocrx_word' id='word_1_422' title='bbox 474 4023 871 4078; x_wconf 87' lang='lat' dir='ltr'><strong>Duodeciacam</strong></span> <span class='ocrx_word' id='word_1_423' title='bbox 929 4021 1354 4092; x_wconf 89' lang='lat' dir='ltr'><strong>pertinentibus,</strong></span> <span class='ocrx_word' id='word_1_424' title='bbox 1409 4036 1544 4091; x_wconf 89' lang='lat' dir='ltr'><strong>quas</strong></span> <span class='ocrx_word' id='word_1_425' title='bbox 1579 4019 1804 4090; x_wconf 90' lang='lat' dir='ltr'><strong>quidam</strong></span> <span class='ocrx_word' id='word_1_426' title='bbox 1836 4034 1902 4072; x_wconf 91' lang='lat' dir='ltr'><strong>ex</strong></span> <span class='ocrx_word' id='word_1_427' title='bbox 1925 4032 2089 4087; x_wconf 88' lang='lat' dir='ltr'><strong>paro-</strong></span> 
     </span>
    </p>
   </div>
   <div class='ocr_carea' id='block_1_46' title="bbox 474 4108 2090 4182">
    <p class='ocr_par' dir='ltr' id='par_1_46' title="bbox 474 4108 2090 4182">
     <span class='ocr_line' id='line_1_47' title="bbox 474 4108 2090 4182; baseline -0.002 -18"><span class='ocrx_word' id='word_1_428' title='bbox 474 4112 599 4165; x_wconf 91' lang='lat' dir='ltr'><strong>chia</strong></span> <span class='ocrx_word' id='word_1_429' title='bbox 635 4112 945 4168; x_wconf 87' lang='lat' dir='ltr'><strong>Trevirensi</strong></span> <span class='ocrx_word' id='word_1_430' title='bbox 977 4111 1281 4182; x_wconf 89' lang='lat' dir='ltr'><strong>usurpabat</strong></span> <span class='ocrx_word' id='word_1_431' title='bbox 1329 4126 1427 4180; x_wconf 88' lang='lat' dir='ltr'><strong>per</strong></span> <span class='ocrx_word' id='word_1_432' title='bbox 1465 4109 1762 4164; x_wconf 88' lang='lat' dir='ltr'><strong>factionem</strong></span> <span class='ocrx_word' id='word_1_433' title='bbox 1804 4108 2090 4176; x_wconf 91' lang='lat' dir='ltr'><strong>cujusdam</strong></span> 
     </span>
    </p>
   </div>
   <div class='ocr_carea' id='block_1_47' title="bbox 474 4197 2092 4273">
    <p class='ocr_par' dir='ltr' id='par_1_47' title="bbox 474 4197 2092 4273">
     <span class='ocr_line' id='line_1_48' title="bbox 474 4197 2092 4273; baseline -0.001 -20"><span class='ocrx_word' id='word_1_434' title='bbox 474 4201 809 4272; x_wconf 82' lang='lat' dir='ltr'><strong>presbyteri,</strong></span> <span class='ocrx_word' id='word_1_435' title='bbox 844 4202 1092 4273; x_wconf 87' lang='lat' dir='ltr'><strong>petitque</strong></span> <span class='ocrx_word' id='word_1_436' title='bbox 1132 4199 1240 4255; x_wconf 90' lang='lat' dir='ltr'><strong>sibi</strong></span> <span class='ocrx_word' id='word_1_437' title='bbox 1272 4200 1340 4254; x_wconf 91' lang='lat' dir='ltr'><strong>de</strong></span> <span class='ocrx_word' id='word_1_438' title='bbox 1380 4199 1751 4268; x_wconf 89' lang='lat' dir='ltr'><strong>hisjustitiam</strong></span> <span class='ocrx_word' id='word_1_439' title='bbox 1780 4197 1921 4252; x_wconf 86' lang='lat' dir='ltr'><strong>ﬁeri.</strong></span> <span class='ocrx_word' id='word_1_440' title='bbox 1959 4200 2092 4253; x_wconf 91' lang='lat' dir='ltr'><strong>ltem</strong></span> 
     </span>
    </p>
   </div>
   <div class='ocr_carea' id='block_1_48' title="bbox 474 4287 2098 4364">
    <p class='ocr_par' dir='ltr' id='par_1_48' title="bbox 474 4287 2098 4364">
     <span class='ocr_line' id='line_1_49' title="bbox 474 4287 2098 4364; baseline -0.004 -19"><span class='ocrx_word' id='word_1_441' title='bbox 474 4306 575 4360; x_wconf 90' lang='lat' dir='ltr'><strong>pro</strong></span> <span class='ocrx_word' id='word_1_442' title='bbox 607 4292 806 4348; x_wconf 90' lang='lat' dir='ltr'><strong>litteris</strong></span> <span class='ocrx_word' id='word_1_443' title='bbox 829 4309 968 4364; x_wconf 90' lang='lat' dir='ltr'><strong>quas</strong></span> <span class='ocrx_word' id='word_1_444' title='bbox 996 4291 1271 4348; x_wconf 85' lang='lat' dir='ltr'><strong>Ludovico</strong></span> <span class='ocrx_word' id='word_1_445' title='bbox 1297 4291 1414 4364; x_wconf 90' lang='lat' dir='ltr'><strong>regi</strong></span> <span class='ocrx_word' id='word_1_446' title='bbox 1444 4289 1482 4344; x_wconf 90' lang='grc' dir='ltr'>Τ</span> <span class='ocrx_word' id='word_1_447' title='bbox 1488 4287 1881 4344; x_wconf 89' lang='lat' dir='ltr'><strong>ransrhenensi</strong></span> <span class='ocrx_word' id='word_1_448' title='bbox 1913 4288 2098 4343; x_wconf 91' lang='lat' dir='ltr'><strong>mitte.</strong></span> 
     </span>
    </p>
   </div>
   <div class='ocr_carea' id='block_1_49' title="bbox 474 4379 2170 4482">
    <p class='ocr_par' dir='ltr' id='par_1_49' title="bbox 474 4379 2170 4482">
     <span class='ocr_line' id='line_1_50' title="bbox 474 4379 2170 4482; baseline -0.002 -44"><span class='ocrx_word' id='word_1_449' title='bbox 474 4384 587 4451; x_wconf 89' lang='lat' dir='ltr'><strong>bat,</strong></span> <span class='ocrx_word' id='word_1_450' title='bbox 621 4394 683 4440; x_wconf 89' lang='lat' dir='ltr'><strong>ut</strong></span> <span class='ocrx_word' id='word_1_451' title='bbox 729 4399 822 4439; x_wconf 89' lang='lat' dir='ltr'><strong>eas</strong></span> <span class='ocrx_word' id='word_1_452' title='bbox 851 4383 966 4457; x_wconf 87' lang='lat' dir='ltr'><strong>regi</strong></span> <span class='ocrx_word' id='word_1_453' title='bbox 1000 4391 1164 4456; x_wconf 91' lang='lat' dir='ltr'><strong>atque</strong></span> <span class='ocrx_word' id='word_1_454' title='bbox 1190 4382 1396 4456; x_wconf 87' lang='lat' dir='ltr'><strong>regina</strong></span> <span class='ocrx_word' id='word_1_455' title='bbox 1447 4381 1618 4456; x_wconf 90' lang='lat' dir='ltr'><strong>relegi</strong></span> <span class='ocrx_word' id='word_1_456' title='bbox 1640 4379 1826 4448; x_wconf 89' lang='lat' dir='ltr'><strong>faciat,</strong></span> <span class='ocrx_word' id='word_1_457' title='bbox 1859 4389 1913 4434; x_wconf 89' lang='lat' dir='ltr'><strong>et</strong></span> <span class='ocrx_word' id='word_1_458' title='bbox 1965 4395 2088 4452; x_wconf 88' lang='lat' dir='ltr'><strong>qua</strong></span> <span class='ocrx_word' id='word_1_459' title='bbox 2113 4414 2170 4482; x_wconf 85' lang='lat' dir='ltr'><strong>D</strong></span> 
     </span>
    </p>
   </div>
   <div class='ocr_carea' id='block_1_50' title="bbox 472 4477 2089 4552">
    <p class='ocr_par' dir='ltr' id='par_1_50' title="bbox 472 4477 2089 4552">
     <span class='ocr_line' id='line_1_51' title="bbox 472 4477 2089 4552; baseline -0.002 -16"><span class='ocrx_word' id='word_1_460' title='bbox 472 4482 617 4552; x_wconf 87' lang='lat' dir='ltr'><strong>apud</strong></span> <span class='ocrx_word' id='word_1_461' title='bbox 640 4496 736 4536; x_wconf 89' lang='lat' dir='ltr'><strong>eos</strong></span> <span class='ocrx_word' id='word_1_462' title='bbox 758 4481 887 4535; x_wconf 90' lang='lat' dir='ltr'><strong>inde</strong></span> <span class='ocrx_word' id='word_1_463' title='bbox 909 4481 1147 4537; x_wconf 90' lang='lat' dir='ltr'><strong>audierit</strong></span> <span class='ocrx_word' id='word_1_464' title='bbox 1163 4481 1361 4536; x_wconf 90' lang='lat' dir='ltr'><strong>litteris</strong></span> <span class='ocrx_word' id='word_1_465' title='bbox 1381 4481 1490 4536; x_wconf 88' lang='lat' dir='ltr'><strong>sibi</strong></span> <span class='ocrx_word' id='word_1_466' title='bbox 1521 4479 1825 4535; x_wconf 91' lang='lat' dir='ltr'><strong>remandet.</strong></span> <span class='ocrx_word' id='word_1_467' title='bbox 1857 4477 2089 4532; x_wconf 90' lang='lat' dir='ltr'><strong>Litteras</strong></span> 
     </span>
    </p>
   </div>
   <div class='ocr_carea' id='block_1_51' title="bbox 471 4574 2087 4650">
    <p class='ocr_par' dir='ltr' id='par_1_51' title="bbox 471 4574 2087 4650">
     <span class='ocr_line' id='line_1_52' title="bbox 471 4574 2087 4650; baseline -0.002 -18"><span class='ocrx_word' id='word_1_468' title='bbox 471 4579 638 4634; x_wconf 90' lang='lat' dir='ltr'><strong>etiam</strong></span> <span class='ocrx_word' id='word_1_469' title='bbox 669 4594 807 4650; x_wconf 89' lang='lat' dir='ltr'><strong>quas</strong></span> <span class='ocrx_word' id='word_1_470' title='bbox 832 4579 1037 4634; x_wconf 89' lang='lat' dir='ltr'><strong>Arnoni</strong></span> <span class='ocrx_word' id='word_1_471' title='bbox 1068 4577 1332 4649; x_wconf 91' lang='lat' dir='ltr'><strong>episcopo</strong></span> <span class='ocrx_word' id='word_1_472' title='bbox 1386 4577 1789 4642; x_wconf 89' lang='lat' dir='ltr'><strong>transmiserat,</strong></span> <span class='ocrx_word' id='word_1_473' title='bbox 1823 4574 1931 4629; x_wconf 90' lang='lat' dir='ltr'><strong>sibi</strong></span> <span class='ocrx_word' id='word_1_474' title='bbox 1977 4574 2087 4643; x_wconf 79' lang='lat' dir='ltr'><strong>legi</strong></span> 
     </span>
    </p>
   </div>
   <div class='ocr_carea' id='block_1_52' title="bbox 473 4666 2088 4742">
    <p class='ocr_par' dir='ltr' id='par_1_52' title="bbox 473 4666 2088 4742">
     <span class='ocr_line' id='line_1_53' title="bbox 473 4666 2088 4742; baseline -0.001 -20"><span class='ocrx_word' id='word_1_475' title='bbox 473 4669 654 4737; x_wconf 85' lang='lat' dir='ltr'><strong>faciat,</strong></span> <span class='ocrx_word' id='word_1_476' title='bbox 698 4677 752 4724; x_wconf 91' lang='lat' dir='ltr'><strong>et</strong></span> <span class='ocrx_word' id='word_1_477' title='bbox 780 4685 967 4742; x_wconf 91' lang='lat' dir='ltr'><strong>regem</strong></span> <span class='ocrx_word' id='word_1_478' title='bbox 997 4677 1163 4741; x_wconf 89' lang='lat' dir='ltr'><strong>atque</strong></span> <span class='ocrx_word' id='word_1_479' title='bbox 1206 4668 1475 4742; x_wconf 87' lang='lat' dir='ltr'><strong>reginam,</strong></span> <span class='ocrx_word' id='word_1_480' title='bbox 1508 4669 1605 4724; x_wconf 89' lang='lat' dir='ltr'><strong>sed</strong></span> <span class='ocrx_word' id='word_1_481' title='bbox 1636 4678 1691 4725; x_wconf 91' lang='lat' dir='ltr'><strong>et</strong></span> <span class='ocrx_word' id='word_1_482' title='bbox 1721 4667 1988 4740; x_wconf 91' lang='lat' dir='ltr'><strong>populum</strong></span> <span class='ocrx_word' id='word_1_483' title='bbox 2019 4666 2088 4721; x_wconf 89' lang='lat' dir='ltr'><strong>de</strong></span> 
     </span>
    </p>
   </div>
   <div class='ocr_carea' id='block_1_53' title="bbox 475 4764 2087 4837">
    <p class='ocr_par' dir='ltr' id='par_1_53' title="bbox 475 4764 2087 4837">
     <span class='ocr_line' id='line_1_54' title="bbox 475 4764 2087 4837; baseline -0.001 -18"><span class='ocrx_word' id='word_1_484' title='bbox 475 4765 692 4820; x_wconf 91' lang='lat' dir='ltr'><strong>illorum</strong></span> <span class='ocrx_word' id='word_1_485' title='bbox 724 4766 898 4821; x_wconf 89' lang='lat' dir='ltr'><strong>salute</strong></span> <span class='ocrx_word' id='word_1_486' title='bbox 929 4773 984 4821; x_wconf 89' lang='lat' dir='ltr'><strong>et</strong></span> <span class='ocrx_word' id='word_1_487' title='bbox 1014 4781 1150 4837; x_wconf 90' lang='lat' dir='ltr'><strong>pace</strong></span> <span class='ocrx_word' id='word_1_488' title='bbox 1190 4774 1391 4821; x_wconf 88' lang='lat' dir='ltr'><strong>sancta</strong></span> <span class='ocrx_word' id='word_1_489' title='bbox 1426 4765 1520 4819; x_wconf 91' lang='lat' dir='ltr'><strong>Dei</strong></span> <span class='ocrx_word' id='word_1_490' title='bbox 1551 4764 1812 4820; x_wconf 88' lang='lat' dir='ltr'><strong>Ecclesia</strong></span> <span class='ocrx_word' id='word_1_491' title='bbox 1841 4777 2087 4819; x_wconf 92' lang='lat' dir='ltr'><strong>commo-</strong></span> 
     </span>
    </p>
   </div>
   <div class='ocr_carea' id='block_1_54' title="bbox 471 4860 2090 4936">
    <p class='ocr_par' dir='ltr' id='par_1_54' title="bbox 471 4860 2090 4936">
     <span class='ocr_line' id='line_1_55' title="bbox 471 4860 2090 4936; baseline 0.001 -21"><span class='ocrx_word' id='word_1_492' title='bbox 471 4867 616 4917; x_wconf 88' lang='lat' dir='ltr'><strong>neat.</strong></span> <span class='ocrx_word' id='word_1_493' title='bbox 651 4861 848 4916; x_wconf 86' lang='lat' dir='ltr'><strong>Joanni</strong></span> <span class='ocrx_word' id='word_1_494' title='bbox 879 4862 1331 4936; x_wconf 83' lang='lat' dir='ltr'><strong>Rothomogensi,</strong></span> <span class='ocrx_word' id='word_1_495' title='bbox 1365 4861 1709 4932; x_wconf 86' lang='lat' dir='ltr'><strong>respondens</strong></span> <span class='ocrx_word' id='word_1_496' title='bbox 1746 4861 1816 4915; x_wconf 89' lang='lat' dir='ltr'><strong>ad</strong></span> <span class='ocrx_word' id='word_1_497' title='bbox 1847 4860 2090 4916; x_wconf 90' lang='lat' dir='ltr'><strong>interro-</strong></span> 
     </span>
    </p>
   </div>
   <div class='ocr_carea' id='block_1_55' title="bbox 469 4956 2084 5031">
    <p class='ocr_par' dir='ltr' id='par_1_55' title="bbox 469 4956 2084 5031">
     <span class='ocr_line' id='line_1_56' title="bbox 469 4956 2084 5031; baseline -0.001 -20"><span class='ocrx_word' id='word_1_498' title='bbox 469 4957 748 5031; x_wconf 90' lang='lat' dir='ltr'><strong>gationem</strong></span> <span class='ocrx_word' id='word_1_499' title='bbox 785 4959 960 5030; x_wconf 89' lang='lat' dir='ltr'><strong>ipsius</strong></span> <span class='ocrx_word' id='word_1_500' title='bbox 1005 4959 1073 5014; x_wconf 93' lang='lat' dir='ltr'><strong>de</strong></span> <span class='ocrx_word' id='word_1_501' title='bbox 1105 4958 1344 5029; x_wconf 88' lang='lat' dir='ltr'><strong>quodam</strong></span> <span class='ocrx_word' id='word_1_502' title='bbox 1388 4957 1610 5023; x_wconf 90' lang='lat' dir='ltr'><strong>clerico,</strong></span> <span class='ocrx_word' id='word_1_503' title='bbox 1658 4956 1752 5028; x_wconf 90' lang='lat' dir='ltr'><strong>qui</strong></span> <span class='ocrx_word' id='word_1_504' title='bbox 1792 4956 1857 5010; x_wconf 90' lang='lat' dir='ltr'><strong>ad</strong></span> <span class='ocrx_word' id='word_1_505' title='bbox 1896 4956 2084 5011; x_wconf 89' lang='lat' dir='ltr'><strong>Eccle-</strong></span> 
     </span>
    </p>
   </div>
   <div class='ocr_carea' id='block_1_56' title="bbox 467 5045 2085 5122">
    <p class='ocr_par' dir='ltr' id='par_1_56' title="bbox 467 5045 2085 5122">
     <span class='ocr_line' id='line_1_57' title="bbox 467 5045 2085 5122; baseline -0.001 -20"><span class='ocrx_word' id='word_1_506' title='bbox 467 5048 604 5102; x_wconf 90' lang='lat' dir='ltr'><strong>siam</strong></span> <span class='ocrx_word' id='word_1_507' title='bbox 653 5049 946 5122; x_wconf 89' lang='lat' dir='ltr'><strong>quamdam</strong></span> <span class='ocrx_word' id='word_1_508' title='bbox 1005 5056 1292 5120; x_wconf 89' lang='lat' dir='ltr'><strong>promotus</strong></span> <span class='ocrx_word' id='word_1_509' title='bbox 1338 5047 1658 5121; x_wconf 87' lang='lat' dir='ltr'><strong>regendam,</strong></span> <span class='ocrx_word' id='word_1_510' title='bbox 1709 5045 1952 5101; x_wconf 89' lang='lat' dir='ltr'><strong>ordinari</strong></span> <span class='ocrx_word' id='word_1_511' title='bbox 1985 5062 2085 5116; x_wconf 91' lang='lat' dir='ltr'><strong>per</strong></span> 
     </span>
    </p>
   </div>
   <div class='ocr_carea' id='block_1_57' title="bbox 466 5137 2079 5212">
    <p class='ocr_par' dir='ltr' id='par_1_57' title="bbox 466 5137 2079 5212">
     <span class='ocr_line' id='line_1_58' title="bbox 466 5137 2079 5212; baseline -0.002 -16"><span class='ocrx_word' id='word_1_512' title='bbox 466 5148 683 5196; x_wconf 88' lang='lat' dir='ltr'><strong>atatem</strong></span> <span class='ocrx_word' id='word_1_513' title='bbox 713 5142 812 5198; x_wconf 90' lang='lat' dir='ltr'><strong>rite</strong></span> <span class='ocrx_word' id='word_1_514' title='bbox 860 5157 970 5197; x_wconf 91' lang='lat' dir='ltr'><strong>non</strong></span> <span class='ocrx_word' id='word_1_515' title='bbox 1002 5148 1238 5212; x_wconf 87' lang='lat' dir='ltr'><strong>poterat.</strong></span> <span class='ocrx_word' id='word_1_516' title='bbox 1296 5141 1600 5196; x_wconf 81' lang='lat' dir='ltr'><strong>Rothstano</strong></span> <span class='ocrx_word' id='word_1_517' title='bbox 1640 5137 1927 5205; x_wconf 84' lang='lat' dir='ltr'><strong>Arlatensi,</strong></span> <span class='ocrx_word' id='word_1_518' title='bbox 1986 5138 2079 5209; x_wconf 90' lang='lat' dir='ltr'><strong>qui</strong></span> 
     </span>
    </p>
   </div>
   <div class='ocr_carea' id='block_1_58' title="bbox 466 5227 2082 5302">
    <p class='ocr_par' dir='ltr' id='par_1_58' title="bbox 466 5227 2082 5302">
     <span class='ocr_line' id='line_1_59' title="bbox 466 5227 2082 5302; baseline -0.001 -16"><span class='ocrx_word' id='word_1_519' title='bbox 466 5233 519 5286; x_wconf 91' lang='lat' dir='ltr'><strong>ei</strong></span> <span class='ocrx_word' id='word_1_520' title='bbox 553 5232 621 5287; x_wconf 90' lang='lat' dir='ltr'><strong>de</strong></span> <span class='ocrx_word' id='word_1_521' title='bbox 662 5248 774 5287; x_wconf 89' lang='lat' dir='ltr'><strong>sua</strong></span> <span class='ocrx_word' id='word_1_522' title='bbox 803 5229 1052 5288; x_wconf 88' lang='lat' dir='ltr'><strong>ecclesia</strong></span> <span class='ocrx_word' id='word_1_523' title='bbox 1082 5229 1370 5288; x_wconf 83' lang='lat' dir='ltr'><strong>vexatione</strong></span> <span class='ocrx_word' id='word_1_524' title='bbox 1401 5227 1718 5300; x_wconf 90' lang='lat' dir='ltr'><strong>scripserat,</strong></span> <span class='ocrx_word' id='word_1_525' title='bbox 1763 5236 1818 5284; x_wconf 90' lang='lat' dir='ltr'><strong>et</strong></span> <span class='ocrx_word' id='word_1_526' title='bbox 1844 5230 1912 5284; x_wconf 89' lang='lat' dir='ltr'><strong>de</strong></span> <span class='ocrx_word' id='word_1_527' title='bbox 1943 5245 2082 5302; x_wconf 90' lang='lat' dir='ltr'><strong>qua-</strong></span> 
     </span>
    </p>
   </div>
   <div class='ocr_carea' id='block_1_59' title="bbox 465 5321 2074 5395">
    <p class='ocr_par' dir='ltr' id='par_1_59' title="bbox 465 5321 2074 5395">
     <span class='ocr_line' id='line_1_60' title="bbox 465 5321 2074 5395; baseline -0.001 -17"><span class='ocrx_word' id='word_1_528' title='bbox 465 5323 590 5378; x_wconf 87' lang='lat' dir='ltr'><strong>dam</strong></span> <span class='ocrx_word' id='word_1_529' title='bbox 628 5323 1092 5394; x_wconf 41' lang='lat' dir='ltr'><strong>feminaipotenti,</strong></span> <span class='ocrx_word' id='word_1_530' title='bbox 1141 5339 1262 5395; x_wconf 83' lang='lat' dir='ltr'><strong>qua</strong></span> <span class='ocrx_word' id='word_1_531' title='bbox 1285 5339 1374 5378; x_wconf 88' lang='lat' dir='ltr'><strong>res</strong></span> <span class='ocrx_word' id='word_1_532' title='bbox 1403 5321 1703 5392; x_wconf 91' lang='lat' dir='ltr'><strong>usurpabat</strong></span> <span class='ocrx_word' id='word_1_533' title='bbox 1732 5321 2074 5376; x_wconf 90' lang='lat' dir='ltr'><strong>ecclesiasti-</strong></span> 
     </span>
    </p>
   </div>
   <div class='ocr_carea' id='block_1_60' title="bbox 464 5413 2075 5489">
    <p class='ocr_par' dir='ltr' id='par_1_60' title="bbox 464 5413 2075 5489">
     <span class='ocr_line' id='line_1_61' title="bbox 464 5413 2075 5489; baseline -0.001 -18"><span class='ocrx_word' id='word_1_534' title='bbox 464 5433 574 5483; x_wconf 85' lang='lat' dir='ltr'><strong>cas,</strong></span> <span class='ocrx_word' id='word_1_535' title='bbox 617 5417 750 5488; x_wconf 88' lang='lat' dir='ltr'><strong>quid</strong></span> <span class='ocrx_word' id='word_1_536' title='bbox 781 5417 831 5471; x_wconf 91' lang='lat' dir='ltr'><strong>ei</strong></span> <span class='ocrx_word' id='word_1_537' title='bbox 878 5432 1046 5488; x_wconf 90' lang='lat' dir='ltr'><strong>super</strong></span> <span class='ocrx_word' id='word_1_538' title='bbox 1075 5415 1160 5470; x_wconf 89' lang='lat' dir='ltr'><strong>his</strong></span> <span class='ocrx_word' id='word_1_539' title='bbox 1201 5415 1274 5470; x_wconf 91' lang='lat' dir='ltr'><strong>sit</strong></span> <span class='ocrx_word' id='word_1_540' title='bbox 1319 5414 1594 5489; x_wconf 89' lang='lat' dir='ltr'><strong>agendum</strong></span> <span class='ocrx_word' id='word_1_541' title='bbox 1629 5413 1901 5469; x_wconf 88' lang='lat' dir='ltr'><strong>rescribit.</strong></span> <span class='ocrx_word' id='word_1_542' title='bbox 1933 5413 2075 5470; x_wconf 86' lang='lat' dir='ltr'><strong>Ade-</strong></span> 
     </span>
    </p>
   </div>
   <div class='ocr_carea' id='block_1_61' title="bbox 462 5501 2072 5576">
    <p class='ocr_par' dir='ltr' id='par_1_61' title="bbox 462 5501 2072 5576">
     <span class='ocr_line' id='line_1_62' title="bbox 462 5501 2072 5576; baseline -0.001 -16"><span class='ocrx_word' id='word_1_543' title='bbox 462 5505 611 5561; x_wconf 89' lang='lat' dir='ltr'><strong>loldo</strong></span> <span class='ocrx_word' id='word_1_544' title='bbox 662 5505 965 5561; x_wconf 85' lang='lat' dir='ltr'><strong>Turonensi</strong></span> <span class='ocrx_word' id='word_1_545' title='bbox 1007 5504 1220 5576; x_wconf 89' lang='lat' dir='ltr'><strong>petenti</strong></span> <span class='ocrx_word' id='word_1_546' title='bbox 1275 5513 1335 5559; x_wconf 91' lang='lat' dir='ltr'><strong>ut</strong></span> <span class='ocrx_word' id='word_1_547' title='bbox 1391 5501 1498 5558; x_wconf 89' lang='lat' dir='ltr'><strong>sibi</strong></span> <span class='ocrx_word' id='word_1_548' title='bbox 1549 5502 1741 5558; x_wconf 89' lang='lat' dir='ltr'><strong>liceret</strong></span> <span class='ocrx_word' id='word_1_549' title='bbox 1774 5504 2072 5559; x_wconf 91' lang='lat' dir='ltr'><strong>oratorium</strong></span> 
     </span>
    </p>
   </div>
   <div class='ocr_carea' id='block_1_62' title="bbox 459 5597 2070 5672">
    <p class='ocr_par' dir='ltr' id='par_1_62' title="bbox 459 5597 2070 5672">
     <span class='ocr_line' id='line_1_63' title="bbox 459 5597 2070 5672; baseline 0.001 -19"><span class='ocrx_word' id='word_1_550' title='bbox 459 5599 734 5654; x_wconf 65' lang='lat' dir='ltr'><strong>mtiiﬁcnf‘e</strong></span> <span class='ocrx_word' id='word_1_551' title='bbox 777 5616 840 5655; x_wconf 90' lang='lat' dir='ltr'><strong>ac</strong></span> <span class='ocrx_word' id='word_1_552' title='bbox 883 5616 1207 5656; x_wconf 85' lang='lat' dir='ltr'><strong>consecrare</strong></span> <span class='ocrx_word' id='word_1_553' title='bbox 1239 5600 1294 5652; x_wconf 92' lang='lat' dir='ltr'><strong>in</strong></span> <span class='ocrx_word' id='word_1_554' title='bbox 1326 5598 1453 5654; x_wconf 88' lang='lat' dir='ltr'><strong>villa</strong></span> <span class='ocrx_word' id='word_1_555' title='bbox 1496 5613 1610 5652; x_wconf 90' lang='lat' dir='ltr'><strong>sua</strong></span> <span class='ocrx_word' id='word_1_556' title='bbox 1641 5597 1891 5653; x_wconf 83' lang='lat' dir='ltr'><strong>ecclesia</strong></span> <span class='ocrx_word' id='word_1_557' title='bbox 1918 5599 2070 5672; x_wconf 88' lang='lat' dir='ltr'><strong>regio</strong></span> 
     </span>
    </p>
   </div>
   <div class='ocr_carea' id='block_1_63' title="bbox 529 5707 1617 5782">
    <p class='ocr_par' dir='ltr' id='par_1_63' title="bbox 529 5707 1617 5782">
     <span class='ocr_line' id='line_1_64' title="bbox 529 5707 1617 5782; baseline -0.003 -18"><span class='ocrx_word' id='word_1_558' title='bbox 529 5712 640 5780; x_wconf 81' lang='lat' dir='ltr'><strong>(li)</strong></span> <span class='ocrx_word' id='word_1_559' title='bbox 684 5711 778 5766; x_wconf 83' lang='lat' dir='ltr'><strong>llic</strong></span> <span class='ocrx_word' id='word_1_560' title='bbox 805 5721 997 5782; x_wconf 89' lang='lat' dir='ltr'><strong>postea</strong></span> <span class='ocrx_word' id='word_1_561' title='bbox 1025 5709 1126 5765; x_wconf 87' lang='lat' dir='ltr'><strong>fuit</strong></span> <span class='ocrx_word' id='word_1_562' title='bbox 1156 5709 1312 5765; x_wconf 81' lang='lat' dir='ltr'><strong>Rom.</strong></span> <span class='ocrx_word' id='word_1_563' title='bbox 1347 5707 1617 5780; x_wconf 87' lang='lat' dir='ltr'><strong>pontifex.</strong></span> 
     </span>
    </p>
   </div>
   <div class='ocr_carea' id='block_1_64' title="bbox 2209 1829 3835 1902">
    <p class='ocr_par' dir='ltr' id='par_1_64' title="bbox 2209 1829 3835 1902">
     <span class='ocr_line' id='line_1_65' title="bbox 2209 1829 3835 1902; baseline 0.002 -20"><span class='ocrx_word' id='word_1_564' title='bbox 2209 1830 2336 1884; x_wconf 89' lang='lat' dir='ltr'><strong>tatis</strong></span> <span class='ocrx_word' id='word_1_565' title='bbox 2364 1838 2418 1884; x_wconf 92' lang='lat' dir='ltr'><strong>et</strong></span> <span class='ocrx_word' id='word_1_566' title='bbox 2446 1830 2694 1885; x_wconf 89' lang='lat' dir='ltr'><strong>scientia</strong></span> <span class='ocrx_word' id='word_1_567' title='bbox 2723 1829 2972 1896; x_wconf 90' lang='lat' dir='ltr'><strong>formam,</strong></span> <span class='ocrx_word' id='word_1_568' title='bbox 3003 1846 3367 1902; x_wconf 81' lang='lat' dir='ltr'><strong>quarensque</strong></span> <span class='ocrx_word' id='word_1_569' title='bbox 3397 1830 3574 1901; x_wconf 89' lang='lat' dir='ltr'><strong>ipsius</strong></span> <span class='ocrx_word' id='word_1_570' title='bbox 3621 1831 3835 1886; x_wconf 89' lang='lat' dir='ltr'><strong>habere</strong></span> 
     </span>
    </p>
   </div>
   <div class='ocr_carea' id='block_1_65' title="bbox 2209 1926 3835 2000">
    <p class='ocr_par' dir='ltr' id='par_1_65' title="bbox 2209 1926 3835 2000">
     <span class='ocr_line' id='line_1_66' title="bbox 2209 1926 3835 2000; baseline 0.002 -20"><span class='ocrx_word' id='word_1_571' title='bbox 2209 1926 2659 1995; x_wconf 84' lang='lat' dir='ltr'><strong>familiaritatem,</strong></span> <span class='ocrx_word' id='word_1_572' title='bbox 2713 1937 2768 1982; x_wconf 88' lang='lat' dir='ltr'><strong>et</strong></span> <span class='ocrx_word' id='word_1_573' title='bbox 2813 1935 2870 1983; x_wconf 89' lang='lat' dir='ltr'><strong>ut</strong></span> <span class='ocrx_word' id='word_1_574' title='bbox 2925 1928 3047 1998; x_wconf 91' lang='lat' dir='ltr'><strong>ipse</strong></span> <span class='ocrx_word' id='word_1_575' title='bbox 3097 1943 3195 1999; x_wconf 92' lang='lat' dir='ltr'><strong>pro</strong></span> <span class='ocrx_word' id='word_1_576' title='bbox 3245 1944 3304 1982; x_wconf 92' lang='lat' dir='ltr'><strong>se</strong></span> <span class='ocrx_word' id='word_1_577' title='bbox 3334 1928 3595 2000; x_wconf 90' lang='lat' dir='ltr'><strong>dignetur</strong></span> <span class='ocrx_word' id='word_1_578' title='bbox 3646 1943 3835 1994; x_wconf 88' lang='lat' dir='ltr'><strong>orare,</strong></span> 
     </span>
    </p>
   </div>
   <div class='ocr_carea' id='block_1_66' title="bbox 2206 2020 3838 2092">
    <p class='ocr_par' dir='ltr' id='par_1_66' title="bbox 2206 2020 3838 2092">
     <span class='ocr_line' id='line_1_67' title="bbox 2206 2020 3838 2092; baseline 0.002 -19"><span class='ocrx_word' id='word_1_579' title='bbox 2206 2020 2384 2075; x_wconf 88' lang='lat' dir='ltr'><strong>vicem</strong></span> <span class='ocrx_word' id='word_1_580' title='bbox 2409 2021 2814 2092; x_wconf 90' lang='lat' dir='ltr'><strong>reprehendere</strong></span> <span class='ocrx_word' id='word_1_581' title='bbox 2840 2021 3145 2091; x_wconf 89' lang='lat' dir='ltr'><strong>spondens,</strong></span> <span class='ocrx_word' id='word_1_582' title='bbox 3170 2029 3222 2075; x_wconf 89' lang='lat' dir='ltr'><strong>et</strong></span> <span class='ocrx_word' id='word_1_583' title='bbox 3247 2020 3495 2092; x_wconf 85' lang='lat' dir='ltr'><strong>quadam</strong></span> <span class='ocrx_word' id='word_1_584' title='bbox 3518 2021 3570 2074; x_wconf 90' lang='lat' dir='ltr'><strong>ei</strong></span> <span class='ocrx_word' id='word_1_585' title='bbox 3595 2037 3838 2076; x_wconf 87' lang='lat' dir='ltr'><strong>munera</strong></span> 
     </span>
    </p>
   </div>
   <div class='ocr_carea' id='block_1_67' title="bbox 2208 2111 3834 2176">
    <p class='ocr_par' dir='ltr' id='par_1_67' title="bbox 2208 2111 3834 2176">
     <span class='ocr_line' id='line_1_68' title="bbox 2208 2111 3834 2176; baseline 0.002 -12"><span class='ocrx_word' id='word_1_586' title='bbox 2208 2111 2451 2176; x_wconf 90' lang='lat' dir='ltr'><strong>mittens,</strong></span> <span class='ocrx_word' id='word_1_587' title='bbox 2494 2121 2554 2166; x_wconf 92' lang='lat' dir='ltr'><strong>ut</strong></span> <span class='ocrx_word' id='word_1_588' title='bbox 2581 2111 2666 2166; x_wconf 91' lang='lat' dir='ltr'><strong>sui</strong></span> <span class='ocrx_word' id='word_1_589' title='bbox 2718 2111 3040 2166; x_wconf 90' lang='lat' dir='ltr'><strong>memoriam</strong></span> <span class='ocrx_word' id='word_1_590' title='bbox 3087 2111 3141 2165; x_wconf 91' lang='lat' dir='ltr'><strong>in</strong></span> <span class='ocrx_word' id='word_1_591' title='bbox 3188 2111 3538 2166; x_wconf 89' lang='lat' dir='ltr'><strong>orationibus</strong></span> <span class='ocrx_word' id='word_1_592' title='bbox 3599 2113 3834 2168; x_wconf 89' lang='lat' dir='ltr'><strong>habeat.</strong></span> 
     </span>
    </p>
   </div>
   <div class='ocr_carea' id='block_1_68' title="bbox 2207 2200 3836 2272">
    <p class='ocr_par' dir='ltr' id='par_1_68' title="bbox 2207 2200 3836 2272">
     <span class='ocr_line' id='line_1_69' title="bbox 2207 2200 3836 2272; baseline 0.001 -17"><span class='ocrx_word' id='word_1_593' title='bbox 2207 2203 2340 2256; x_wconf 91' lang='lat' dir='ltr'><strong>ltem</strong></span> <span class='ocrx_word' id='word_1_594' title='bbox 2373 2207 2663 2272; x_wconf 88' lang='lat' dir='ltr'><strong>postquam</strong></span> <span class='ocrx_word' id='word_1_595' title='bbox 2697 2200 2904 2255; x_wconf 89' lang='lat' dir='ltr'><strong>litteras</strong></span> <span class='ocrx_word' id='word_1_596' title='bbox 2931 2217 3060 2255; x_wconf 90' lang='lat' dir='ltr'><strong>suas</strong></span> <span class='ocrx_word' id='word_1_597' title='bbox 3089 2201 3235 2256; x_wconf 90' lang='lat' dir='ltr'><strong>idem</strong></span> <span class='ocrx_word' id='word_1_598' title='bbox 3263 2202 3558 2257; x_wconf 90' lang='lat' dir='ltr'><strong>Formosus</strong></span> <span class='ocrx_word' id='word_1_599' title='bbox 3587 2202 3641 2257; x_wconf 93' lang='lat' dir='ltr'><strong>ei</strong></span> <span class='ocrx_word' id='word_1_600' title='bbox 3660 2203 3836 2257; x_wconf 86' lang='lat' dir='ltr'><strong>remi-</strong></span> 
     </span>
    </p>
   </div>
   <div class='ocr_carea' id='block_1_69' title="bbox 2205 2292 3838 2368">
    <p class='ocr_par' dir='ltr' id='par_1_69' title="bbox 2205 2292 3838 2368">
     <span class='ocr_line' id='line_1_70' title="bbox 2205 2292 3838 2368; baseline 0.002 -22"><span class='ocrx_word' id='word_1_601' title='bbox 2205 2300 2372 2360; x_wconf 88' lang='lat' dir='ltr'><strong>serat,</strong></span> <span class='ocrx_word' id='word_1_602' title='bbox 2418 2293 2471 2345; x_wconf 90' lang='lat' dir='ltr'><strong>in</strong></span> <span class='ocrx_word' id='word_1_603' title='bbox 2507 2293 2707 2362; x_wconf 88' lang='lat' dir='ltr'><strong>quibus</strong></span> <span class='ocrx_word' id='word_1_604' title='bbox 2746 2293 2814 2346; x_wconf 91' lang='lat' dir='ltr'><strong>de</strong></span> <span class='ocrx_word' id='word_1_605' title='bbox 2845 2292 3112 2347; x_wconf 90' lang='lat' dir='ltr'><strong>charitate</strong></span> <span class='ocrx_word' id='word_1_606' title='bbox 3152 2308 3281 2365; x_wconf 87' lang='lat' dir='ltr'><strong>erga</strong></span> <span class='ocrx_word' id='word_1_607' title='bbox 3313 2309 3439 2348; x_wconf 91' lang='lat' dir='ltr'><strong>eum</strong></span> <span class='ocrx_word' id='word_1_608' title='bbox 3470 2293 3838 2368; x_wconf 82' lang='lat' dir='ltr'><strong>significave-</strong></span> 
     </span>
    </p>
   </div>
   <div class='ocr_carea' id='block_1_70' title="bbox 2206 2384 3836 2456">
    <p class='ocr_par' dir='ltr' id='par_1_70' title="bbox 2206 2384 3836 2456">
     <span class='ocr_line' id='line_1_71' title="bbox 2206 2384 3836 2456; baseline 0.001 -18"><span class='ocrx_word' id='word_1_609' title='bbox 2206 2393 2308 2451; x_wconf 85' lang='lat' dir='ltr'><strong>rat,</strong></span> <span class='ocrx_word' id='word_1_610' title='bbox 2343 2384 2556 2439; x_wconf 87' lang='lat' dir='ltr'><strong>intimat</strong></span> <span class='ocrx_word' id='word_1_611' title='bbox 2588 2385 2716 2456; x_wconf 89' lang='lat' dir='ltr'><strong>quia</strong></span> <span class='ocrx_word' id='word_1_612' title='bbox 2746 2401 3000 2456; x_wconf 84' lang='lat' dir='ltr'><strong>magnam</strong></span> <span class='ocrx_word' id='word_1_613' title='bbox 3033 2385 3090 2439; x_wconf 91' lang='lat' dir='ltr'><strong>in</strong></span> <span class='ocrx_word' id='word_1_614' title='bbox 3121 2385 3243 2455; x_wconf 89' lang='lat' dir='ltr'><strong>ipso</strong></span> <span class='ocrx_word' id='word_1_615' title='bbox 3275 2384 3505 2439; x_wconf 90' lang='lat' dir='ltr'><strong>haberet</strong></span> <span class='ocrx_word' id='word_1_616' title='bbox 3537 2384 3836 2442; x_wconf 88' lang='lat' dir='ltr'><strong>ﬁduciam.</strong></span> 
     </span>
    </p>
   </div>
   <div class='ocr_carea' id='block_1_71' title="bbox 2207 2475 3835 2546">
    <p class='ocr_par' dir='ltr' id='par_1_71' title="bbox 2207 2475 3835 2546">
     <span class='ocr_line' id='line_1_72' title="bbox 2207 2475 3835 2546; baseline 0.003 -18"><span class='ocrx_word' id='word_1_617' title='bbox 2207 2475 2340 2529; x_wconf 92' lang='lat' dir='ltr'><strong>ltem</strong></span> <span class='ocrx_word' id='word_1_618' title='bbox 2371 2475 2674 2529; x_wconf 83' lang='lat' dir='ltr'><strong>Gauderico</strong></span> <span class='ocrx_word' id='word_1_619' title='bbox 2705 2475 2968 2546; x_wconf 91' lang='lat' dir='ltr'><strong>episc0po</strong></span> <span class='ocrx_word' id='word_1_620' title='bbox 3011 2475 3246 2546; x_wconf 85' lang='lat' dir='ltr'><strong>prafata</strong></span> <span class='ocrx_word' id='word_1_621' title='bbox 3292 2475 3567 2540; x_wconf 88' lang='lat' dir='ltr'><strong>Ecclesia,</strong></span> <span class='ocrx_word' id='word_1_622' title='bbox 3606 2486 3666 2532; x_wconf 90' lang='lat' dir='ltr'><strong>ut</strong></span> <span class='ocrx_word' id='word_1_623' title='bbox 3698 2493 3835 2532; x_wconf 89' lang='lat' dir='ltr'><strong>eum</strong></span> 
     </span>
    </p>
   </div>
   <div class='ocr_carea' id='block_1_72' title="bbox 2204 2566 3837 2639">
    <p class='ocr_par' dir='ltr' id='par_1_72' title="bbox 2204 2566 3837 2639">
     <span class='ocr_line' id='line_1_73' title="bbox 2204 2566 3837 2639; baseline 0.004 -21"><span class='ocrx_word' id='word_1_624' title='bbox 2204 2566 2257 2619; x_wconf 92' lang='lat' dir='ltr'><strong>in</strong></span> <span class='ocrx_word' id='word_1_625' title='bbox 2290 2581 2403 2621; x_wconf 87' lang='lat' dir='ltr'><strong>sua</strong></span> <span class='ocrx_word' id='word_1_626' title='bbox 2434 2566 2749 2622; x_wconf 90' lang='lat' dir='ltr'><strong>dilectionis</strong></span> <span class='ocrx_word' id='word_1_627' title='bbox 2792 2567 3059 2639; x_wconf 87' lang='lat' dir='ltr'><strong>suscipiat</strong></span> <span class='ocrx_word' id='word_1_628' title='bbox 3098 2568 3390 2639; x_wconf 87' lang='lat' dir='ltr'><strong>gremium,</strong></span> <span class='ocrx_word' id='word_1_629' title='bbox 3424 2575 3479 2622; x_wconf 92' lang='lat' dir='ltr'><strong>et</strong></span> <span class='ocrx_word' id='word_1_630' title='bbox 3527 2569 3837 2624; x_wconf 90' lang='lat' dir='ltr'><strong>Dominum</strong></span> 
     </span>
    </p>
   </div>
   <div class='ocr_carea' id='block_1_73' title="bbox 2202 2657 3836 2732">
    <p class='ocr_par' dir='ltr' id='par_1_73' title="bbox 2202 2657 3836 2732">
     <span class='ocr_line' id='line_1_74' title="bbox 2202 2657 3836 2732; baseline 0.002 -21"><span class='ocrx_word' id='word_1_631' title='bbox 2202 2666 2530 2728; x_wconf 89' lang='lat' dir='ltr'><strong>sanctosque</strong></span> <span class='ocrx_word' id='word_1_632' title='bbox 2578 2659 2858 2728; x_wconf 86' lang='lat' dir='ltr'><strong>apostolos</strong></span> <span class='ocrx_word' id='word_1_633' title='bbox 2907 2674 3007 2729; x_wconf 92' lang='lat' dir='ltr'><strong>pro</strong></span> <span class='ocrx_word' id='word_1_634' title='bbox 3066 2674 3132 2712; x_wconf 91' lang='lat' dir='ltr'><strong>eo</strong></span> <span class='ocrx_word' id='word_1_635' title='bbox 3187 2658 3447 2732; x_wconf 89' lang='lat' dir='ltr'><strong>dignetur</strong></span> <span class='ocrx_word' id='word_1_636' title='bbox 3495 2657 3836 2730; x_wconf 87' lang='lat' dir='ltr'><strong>implorare.</strong></span> 
     </span>
    </p>
   </div>
   <div class='ocr_carea' id='block_1_74' title="bbox 2199 2749 3838 2822">
    <p class='ocr_par' dir='ltr' id='par_1_74' title="bbox 2199 2749 3838 2822">
     <span class='ocr_line' id='line_1_75' title="bbox 2199 2749 3838 2822; baseline 0.003 -20"><span class='ocrx_word' id='word_1_637' title='bbox 2199 2749 2396 2803; x_wconf 87' lang='lat' dir='ltr'><strong>Joanni</strong></span> <span class='ocrx_word' id='word_1_638' title='bbox 2443 2750 2682 2820; x_wconf 81' lang='lat' dir='ltr'><strong>prafata</strong></span> <span class='ocrx_word' id='word_1_639' title='bbox 2714 2751 2863 2805; x_wconf 91' lang='lat' dir='ltr'><strong>sedis</strong></span> <span class='ocrx_word' id='word_1_640' title='bbox 2893 2751 3158 2822; x_wconf 89' lang='lat' dir='ltr'><strong>episcopo</strong></span> <span class='ocrx_word' id='word_1_641' title='bbox 3189 2750 3382 2804; x_wconf 91' lang='lat' dir='ltr'><strong>eadem</strong></span> <span class='ocrx_word' id='word_1_642' title='bbox 3430 2766 3578 2820; x_wconf 90' lang='lat' dir='ltr'><strong>pene</strong></span> <span class='ocrx_word' id='word_1_643' title='bbox 3605 2752 3838 2818; x_wconf 90' lang='lat' dir='ltr'><strong>scribit,</strong></span> 
     </span>
    </p>
   </div>
   <div class='ocr_carea' id='block_1_75' title="bbox 2201 2838 3844 2914">
    <p class='ocr_par' dir='ltr' id='par_1_75' title="bbox 2201 2838 3844 2914">
     <span class='ocr_line' id='line_1_76' title="bbox 2201 2838 3844 2914; baseline 0.002 -21"><span class='ocrx_word' id='word_1_644' title='bbox 2201 2847 2256 2893; x_wconf 90' lang='lat' dir='ltr'><strong>et</strong></span> <span class='ocrx_word' id='word_1_645' title='bbox 2281 2855 2523 2896; x_wconf 89' lang='lat' dir='ltr'><strong>canones</strong></span> <span class='ocrx_word' id='word_1_646' title='bbox 2552 2840 2766 2895; x_wconf 87' lang='lat' dir='ltr'><strong>Martini</strong></span> <span class='ocrx_word' id='word_1_647' title='bbox 2797 2855 2973 2912; x_wconf 90' lang='lat' dir='ltr'><strong>papa,</strong></span> <span class='ocrx_word' id='word_1_648' title='bbox 3007 2838 3362 2914; x_wconf 83' lang='lat' dir='ltr'><strong>Evangelium</strong></span> <span class='ocrx_word' id='word_1_649' title='bbox 3393 2855 3620 2912; x_wconf 89' lang='lat' dir='ltr'><strong>quoque</strong></span> <span class='ocrx_word' id='word_1_650' title='bbox 3651 2842 3844 2898; x_wconf 55' lang='lat' dir='ltr'><strong>Nazao</strong></span> 
     </span>
    </p>
   </div>
   <div class='ocr_carea' id='block_1_76' title="bbox 2199 2935 3844 3009">
    <p class='ocr_par' dir='ltr' id='par_1_76' title="bbox 2199 2935 3844 3009">
     <span class='ocr_line' id='line_1_77' title="bbox 2199 2935 3844 3009; baseline 0.004 -21"><span class='ocrx_word' id='word_1_651' title='bbox 2199 2951 2457 2991; x_wconf 90' lang='lat' dir='ltr'><strong>renorum</strong></span> <span class='ocrx_word' id='word_1_652' title='bbox 2490 2936 2596 2990; x_wconf 92' lang='lat' dir='ltr'><strong>sibi</strong></span> <span class='ocrx_word' id='word_1_653' title='bbox 2628 2937 2693 2990; x_wconf 91' lang='lat' dir='ltr'><strong>ad</strong></span> <span class='ocrx_word' id='word_1_654' title='bbox 2720 2936 3201 2990; x_wconf 88' lang='lat' dir='ltr'><strong>transcribendum</strong></span> <span class='ocrx_word' id='word_1_655' title='bbox 3231 2935 3372 2988; x_wconf 90' lang='lat' dir='ltr'><strong>mitti</strong></span> <span class='ocrx_word' id='word_1_656' title='bbox 3405 2943 3625 3005; x_wconf 91' lang='lat' dir='ltr'><strong>petens,</strong></span> <span class='ocrx_word' id='word_1_657' title='bbox 3662 2954 3844 3009; x_wconf 79' lang='lat' dir='ltr'><strong>quae-</strong></span> 
     </span>
    </p>
   </div>
   <div class='ocr_carea' id='block_1_77' title="bbox 2201 3027 3844 3104">
    <p class='ocr_par' dir='ltr' id='par_1_77' title="bbox 2201 3027 3844 3104">
     <span class='ocr_line' id='line_1_78' title="bbox 2201 3027 3844 3104; baseline 0.002 -22"><span class='ocrx_word' id='word_1_658' title='bbox 2201 3028 2324 3083; x_wconf 89' lang='lat' dir='ltr'><strong>dam</strong></span> <span class='ocrx_word' id='word_1_659' title='bbox 2354 3030 2519 3084; x_wconf 89' lang='lat' dir='ltr'><strong>etiam</strong></span> <span class='ocrx_word' id='word_1_660' title='bbox 2551 3030 2712 3084; x_wconf 87' lang='lat' dir='ltr'><strong>xenia</strong></span> <span class='ocrx_word' id='word_1_661' title='bbox 2738 3029 2816 3083; x_wconf 87' lang='lat' dir='ltr'><strong>illi</strong></span> <span class='ocrx_word' id='word_1_662' title='bbox 2843 3028 3180 3083; x_wconf 89' lang='lat' dir='ltr'><strong>transmittit.</strong></span> <span class='ocrx_word' id='word_1_663' title='bbox 3216 3027 3447 3082; x_wconf 87' lang='lat' dir='ltr'><strong>Vulfado</strong></span> <span class='ocrx_word' id='word_1_664' title='bbox 3483 3028 3844 3104; x_wconf 88' lang='lat' dir='ltr'><strong>Biturigensi</strong></span> 
     </span>
    </p>
   </div>
   <div class='ocr_carea' id='block_1_78' title="bbox 2199 3119 3843 3192">
    <p class='ocr_par' dir='ltr' id='par_1_78' title="bbox 2199 3119 3843 3192">
     <span class='ocr_line' id='line_1_79' title="bbox 2199 3119 3843 3192; baseline 0.001 -16"><span class='ocrx_word' id='word_1_665' title='bbox 2199 3121 2640 3192; x_wconf 88' lang='lat' dir='ltr'><strong>archiepiscopo,</strong></span> <span class='ocrx_word' id='word_1_666' title='bbox 2669 3121 2738 3176; x_wconf 91' lang='lat' dir='ltr'><strong>de</strong></span> <span class='ocrx_word' id='word_1_667' title='bbox 2769 3121 2856 3174; x_wconf 89' lang='lat' dir='ltr'><strong>his</strong></span> <span class='ocrx_word' id='word_1_668' title='bbox 2881 3120 2974 3192; x_wconf 92' lang='lat' dir='ltr'><strong>qui</strong></span> <span class='ocrx_word' id='word_1_669' title='bbox 3008 3119 3314 3175; x_wconf 91' lang='lat' dir='ltr'><strong>inconsulte</strong></span> <span class='ocrx_word' id='word_1_670' title='bbox 3345 3135 3545 3174; x_wconf 88' lang='lat' dir='ltr'><strong>uxores</strong></span> <span class='ocrx_word' id='word_1_671' title='bbox 3571 3136 3709 3176; x_wconf 83' lang='lat' dir='ltr'><strong>suas</strong></span> <span class='ocrx_word' id='word_1_672' title='bbox 3734 3125 3843 3178; x_wconf 84' lang='lat' dir='ltr'><strong>in-</strong></span> 
     </span>
    </p>
   </div>
   <div class='ocr_carea' id='block_1_79' title="bbox 2200 3211 3847 3283">
    <p class='ocr_par' dir='ltr' id='par_1_79' title="bbox 2200 3211 3847 3283">
     <span class='ocr_line' id='line_1_80' title="bbox 2200 3211 3847 3283; baseline 0.001 -16"><span class='ocrx_word' id='word_1_673' title='bbox 2200 3211 2499 3278; x_wconf 87' lang='lat' dir='ltr'><strong>terﬁciunt,</strong></span> <span class='ocrx_word' id='word_1_674' title='bbox 2518 3213 2851 3268; x_wconf 89' lang='lat' dir='ltr'><strong>sententiam</strong></span> <span class='ocrx_word' id='word_1_675' title='bbox 2871 3212 3102 3278; x_wconf 91' lang='lat' dir='ltr'><strong>Paulini,</strong></span> <span class='ocrx_word' id='word_1_676' title='bbox 3133 3227 3296 3282; x_wconf 89' lang='lat' dir='ltr'><strong>quam</strong></span> <span class='ocrx_word' id='word_1_677' title='bbox 3321 3211 3430 3265; x_wconf 90' lang='lat' dir='ltr'><strong>sibi</strong></span> <span class='ocrx_word' id='word_1_678' title='bbox 3463 3211 3606 3266; x_wconf 91' lang='lat' dir='ltr'><strong>mitti</strong></span> <span class='ocrx_word' id='word_1_679' title='bbox 3639 3215 3847 3283; x_wconf 89' lang='lat' dir='ltr'><strong>petie-</strong></span> 
     </span>
    </p>
   </div>
   <div class='ocr_carea' id='block_1_80' title="bbox 2203 3298 3848 3366">
    <p class='ocr_par' dir='ltr' id='par_1_80' title="bbox 2203 3298 3848 3366">
     <span class='ocr_line' id='line_1_81' title="bbox 2203 3298 3848 3366; baseline 0.002 -13"><span class='ocrx_word' id='word_1_680' title='bbox 2203 3307 2303 3366; x_wconf 89' lang='lat' dir='ltr'><strong>rat,</strong></span> <span class='ocrx_word' id='word_1_681' title='bbox 2333 3300 2604 3356; x_wconf 88' lang='lat' dir='ltr'><strong>scribens.</strong></span> <span class='ocrx_word' id='word_1_682' title='bbox 2636 3301 2741 3354; x_wconf 91' lang='lat' dir='ltr'><strong>Sed</strong></span> <span class='ocrx_word' id='word_1_683' title='bbox 2765 3308 2821 3354; x_wconf 92' lang='lat' dir='ltr'><strong>et</strong></span> <span class='ocrx_word' id='word_1_684' title='bbox 2850 3299 2919 3354; x_wconf 90' lang='lat' dir='ltr'><strong>de</strong></span> <span class='ocrx_word' id='word_1_685' title='bbox 2949 3299 3072 3354; x_wconf 93' lang='lat' dir='ltr'><strong>aliis</strong></span> <span class='ocrx_word' id='word_1_686' title='bbox 3102 3299 3285 3354; x_wconf 91' lang='lat' dir='ltr'><strong>rebus.</strong></span> <span class='ocrx_word' id='word_1_687' title='bbox 3326 3298 3574 3355; x_wconf 88' lang='lat' dir='ltr'><strong>Frotario</strong></span> <span class='ocrx_word' id='word_1_688' title='bbox 3606 3301 3848 3362; x_wconf 85' lang='lat' dir='ltr'><strong>Burde—</strong></span> 
     </span>
    </p>
   </div>
   <div class='ocr_carea' id='block_1_81' title="bbox 2198 3391 3412 3467">
    <p class='ocr_par' dir='ltr' id='par_1_81' title="bbox 2198 3391 3412 3467">
     <span class='ocr_line' id='line_1_82' title="bbox 2198 3391 3412 3467; baseline -0.002 -20"><span class='ocrx_word' id='word_1_689' title='bbox 2198 3392 2433 3467; x_wconf 87' lang='lat' dir='ltr'><strong>galcnsi,</strong></span> <span class='ocrx_word' id='word_1_690' title='bbox 2463 3393 2557 3463; x_wconf 89' lang='lat' dir='ltr'><strong>qui</strong></span> <span class='ocrx_word' id='word_1_691' title='bbox 2585 3391 2692 3446; x_wconf 91' lang='lat' dir='ltr'><strong>sibi</strong></span> <span class='ocrx_word' id='word_1_692' title='bbox 2716 3392 2881 3447; x_wconf 89' lang='lat' dir='ltr'><strong>talem</strong></span> <span class='ocrx_word' id='word_1_693' title='bbox 2913 3391 3123 3446; x_wconf 88' lang='lat' dir='ltr'><strong>dixerat</strong></span> <span class='ocrx_word' id='word_1_694' title='bbox 3148 3407 3365 3446; x_wconf 88' lang='lat' dir='ltr'><strong>versum</strong></span> <span class='ocrx_word' id='word_1_695' title='bbox 3398 3409 3412 3445; x_wconf 90' lang='lat'><strong>:</strong></span> 
     </span>
    </p>
   </div>
   <div class='ocr_carea' id='block_1_82' title="bbox 2324 3484 3610 3551">
    <p class='ocr_par' dir='ltr' id='par_1_82' title="bbox 2324 3484 3610 3551">
     <span class='ocr_line' id='line_1_83' title="bbox 2324 3484 3610 3551; baseline -0.001 -15"><span class='ocrx_word' id='word_1_696' title='bbox 2324 3486 2510 3536; x_wconf 83' lang='lat' dir='ltr'><strong>Remus</strong></span> <span class='ocrx_word' id='word_1_697' title='bbox 2532 3502 2717 3551; x_wconf 89' lang='lat' dir='ltr'><strong>equum</strong></span> <span class='ocrx_word' id='word_1_698' title='bbox 2742 3487 2901 3546; x_wconf 91' lang='lat' dir='ltr'><strong>nobis,</strong></span> <span class='ocrx_word' id='word_1_699' title='bbox 2931 3487 3123 3535; x_wconf 88' lang='lat' dir='ltr'><strong>mulum</strong></span> <span class='ocrx_word' id='word_1_700' title='bbox 3145 3484 3422 3549; x_wconf 80' lang='lat' dir='ltr'><strong>Burdegala</strong></span> <span class='ocrx_word' id='word_1_701' title='bbox 3449 3486 3610 3536; x_wconf 82' lang='lat' dir='ltr'><strong>vobis.</strong></span> 
     </span>
    </p>
   </div>
   <div class='ocr_carea' id='block_1_83' title="bbox 2202 3569 2793 3639">
    <p class='ocr_par' dir='ltr' id='par_1_83' title="bbox 2202 3569 2793 3639">
     <span class='ocr_line' id='line_1_84' title="bbox 2202 3569 2793 3639; baseline -0.002 -16"><span class='ocrx_word' id='word_1_702' title='bbox 2202 3570 2366 3623; x_wconf 92' lang='lat' dir='ltr'><strong>talem</strong></span> <span class='ocrx_word' id='word_1_703' title='bbox 2395 3579 2519 3639; x_wconf 90' lang='lat' dir='ltr'><strong>post</strong></span> <span class='ocrx_word' id='word_1_704' title='bbox 2549 3569 2793 3623; x_wconf 89' lang='lat' dir='ltr'><strong>remisit:</strong></span> 
     </span>
    </p>
   </div>
   <div class='ocr_carea' id='block_1_84' title="bbox 2326 3661 3660 3726">
    <p class='ocr_par' dir='ltr' id='par_1_84' title="bbox 2326 3661 3660 3726">
     <span class='ocr_line' id='line_1_85' title="bbox 2326 3661 3660 3726; baseline -0.001 -12"><span class='ocrx_word' id='word_1_705' title='bbox 2326 3665 2511 3714; x_wconf 84' lang='lat' dir='ltr'><strong>Remus</strong></span> <span class='ocrx_word' id='word_1_706' title='bbox 2536 3676 2720 3726; x_wconf 88' lang='lat' dir='ltr'><strong>equum</strong></span> <span class='ocrx_word' id='word_1_707' title='bbox 2742 3661 2894 3719; x_wconf 90' lang='lat' dir='ltr'><strong>misit,</strong></span> <span class='ocrx_word' id='word_1_708' title='bbox 2921 3662 3112 3712; x_wconf 90' lang='lat' dir='ltr'><strong>mulum</strong></span> <span class='ocrx_word' id='word_1_709' title='bbox 3143 3661 3419 3726; x_wconf 81' lang='lat' dir='ltr'><strong>Burdegala</strong></span> <span class='ocrx_word' id='word_1_710' title='bbox 3438 3662 3660 3712; x_wconf 87' lang='lat' dir='ltr'><strong>nullum.</strong></span> 
     </span>
    </p>
   </div>
   <div class='ocr_carea' id='block_1_85' title="bbox 2202 3751 3852 3824">
    <p class='ocr_par' dir='ltr' id='par_1_85' title="bbox 2202 3751 3852 3824">
     <span class='ocr_line' id='line_1_86' title="bbox 2202 3751 3852 3824; baseline 0.002 -16"><span class='ocrx_word' id='word_1_711' title='bbox 2202 3754 2263 3808; x_wconf 87' lang='lat' dir='ltr'><strong>Et</strong></span> <span class='ocrx_word' id='word_1_712' title='bbox 2294 3753 2399 3808; x_wconf 91' lang='lat' dir='ltr'><strong>alia</strong></span> <span class='ocrx_word' id='word_1_713' title='bbox 2454 3752 2704 3824; x_wconf 89' lang='lat' dir='ltr'><strong>quadam</strong></span> <span class='ocrx_word' id='word_1_714' title='bbox 2750 3751 2818 3805; x_wconf 91' lang='lat' dir='ltr'><strong>ad</strong></span> <span class='ocrx_word' id='word_1_715' title='bbox 2856 3751 3110 3806; x_wconf 92' lang='lat' dir='ltr'><strong>eumdem</strong></span> <span class='ocrx_word' id='word_1_716' title='bbox 3169 3752 3424 3823; x_wconf 89' lang='lat' dir='ltr'><strong>scripsit;</strong></span> <span class='ocrx_word' id='word_1_717' title='bbox 3471 3769 3574 3824; x_wconf 88' lang='lat' dir='ltr'><strong>pro</strong></span> <span class='ocrx_word' id='word_1_718' title='bbox 3615 3769 3852 3812; x_wconf 80' lang='lat' dir='ltr'><strong>mona-</strong></span> 
     </span>
    </p>
   </div>
   <div class='ocr_carea' id='block_1_86' title="bbox 2198 3839 3856 3915">
    <p class='ocr_par' dir='ltr' id='par_1_86' title="bbox 2198 3839 3856 3915">
     <span class='ocr_line' id='line_1_87' title="bbox 2198 3839 3856 3915; baseline 0.002 -17"><span class='ocrx_word' id='word_1_719' title='bbox 2198 3843 2350 3898; x_wconf 88' lang='lat' dir='ltr'><strong>sterii</strong></span> <span class='ocrx_word' id='word_1_720' title='bbox 2390 3857 2612 3913; x_wconf 89' lang='lat' dir='ltr'><strong>quoque</strong></span> <span class='ocrx_word' id='word_1_721' title='bbox 2639 3848 2842 3895; x_wconf 88' lang='lat' dir='ltr'><strong>sancta</strong></span> <span class='ocrx_word' id='word_1_722' title='bbox 2874 3839 3229 3914; x_wconf 85' lang='lat' dir='ltr'><strong>Radegundis</strong></span> <span class='ocrx_word' id='word_1_723' title='bbox 3259 3841 3495 3915; x_wconf 91' lang='lat' dir='ltr'><strong>regulari</strong></span> <span class='ocrx_word' id='word_1_724' title='bbox 3537 3841 3856 3902; x_wconf 84' lang='lat' dir='ltr'><strong>electione</strong></span> 
     </span>
    </p>
   </div>
   <div class='ocr_carea' id='block_1_87' title="bbox 2197 3930 3853 4004">
    <p class='ocr_par' dir='ltr' id='par_1_87' title="bbox 2197 3930 3853 4004">
     <span class='ocr_line' id='line_1_88' title="bbox 2197 3930 3853 4004; baseline 0.001 -15"><span class='ocrx_word' id='word_1_725' title='bbox 2197 3933 2513 3998; x_wconf 89' lang='lat' dir='ltr'><strong>abbatissa,</strong></span> <span class='ocrx_word' id='word_1_726' title='bbox 2533 3941 2636 3987; x_wconf 91' lang='lat' dir='ltr'><strong>etc.</strong></span> <span class='ocrx_word' id='word_1_727' title='bbox 2663 3949 2676 3996; x_wconf 89' lang='lat'><strong>;</strong></span> <span class='ocrx_word' id='word_1_728' title='bbox 2703 3931 2858 3998; x_wconf 89' lang='lat' dir='ltr'><strong>item,</strong></span> <span class='ocrx_word' id='word_1_729' title='bbox 2881 3931 2949 3984; x_wconf 91' lang='lat' dir='ltr'><strong>de</strong></span> <span class='ocrx_word' id='word_1_730' title='bbox 2971 3930 3327 3986; x_wconf 89' lang='lat' dir='ltr'><strong>ordinatione</strong></span> <span class='ocrx_word' id='word_1_731' title='bbox 3349 3931 3582 3987; x_wconf 85' lang='lat' dir='ltr'><strong>Fulcrici</strong></span> <span class='ocrx_word' id='word_1_732' title='bbox 3609 3951 3625 3998; x_wconf 90' lang='lat'><strong>;</strong></span> <span class='ocrx_word' id='word_1_733' title='bbox 3661 3935 3853 4004; x_wconf 88' lang='lat' dir='ltr'><strong>item,</strong></span> 
     </span>
    </p>
   </div>
   <div class='ocr_carea' id='block_1_88' title="bbox 2195 4025 3866 4100">
    <p class='ocr_par' dir='ltr' id='par_1_88' title="bbox 2195 4025 3866 4100">
     <span class='ocr_line' id='line_1_89' title="bbox 2195 4025 3866 4100; baseline 0.001 -18"><span class='ocrx_word' id='word_1_734' title='bbox 2195 4028 2472 4084; x_wconf 87' lang='lat' dir='ltr'><strong>Weniloni</strong></span> <span class='ocrx_word' id='word_1_735' title='bbox 2498 4025 2945 4100; x_wconf 81' lang='lat' dir='ltr'><strong>Rothomagensi,</strong></span> <span class='ocrx_word' id='word_1_736' title='bbox 2979 4025 3047 4079; x_wconf 91' lang='lat' dir='ltr'><strong>de</strong></span> <span class='ocrx_word' id='word_1_737' title='bbox 3065 4025 3334 4096; x_wconf 91' lang='lat' dir='ltr'><strong>operariis</strong></span> <span class='ocrx_word' id='word_1_738' title='bbox 3357 4033 3618 4096; x_wconf 89' lang='lat' dir='ltr'><strong>etopera,</strong></span> <span class='ocrx_word' id='word_1_739' title='bbox 3654 4045 3866 4100; x_wconf 78' lang='lat' dir='ltr'><strong>quam</strong></span> 
     </span>
    </p>
   </div>
   <div class='ocr_carea' id='block_1_89' title="bbox 2193 4121 3862 4192">
    <p class='ocr_par' dir='ltr' id='par_1_89' title="bbox 2193 4121 3862 4192">
     <span class='ocr_line' id='line_1_90' title="bbox 2193 4121 3862 4192; baseline -0.002 -11"><span class='ocrx_word' id='word_1_740' title='bbox 2193 4126 2430 4181; x_wconf 88' lang='lat' dir='ltr'><strong>faciebat</strong></span> <span class='ocrx_word' id='word_1_741' title='bbox 2472 4123 2539 4177; x_wconf 92' lang='lat' dir='ltr'><strong>ad</strong></span> <span class='ocrx_word' id='word_1_742' title='bbox 2579 4123 2754 4177; x_wconf 89' lang='lat' dir='ltr'><strong>Pistas</strong></span> <span class='ocrx_word' id='word_1_743' title='bbox 2784 4121 2841 4175; x_wconf 90' lang='lat' dir='ltr'><strong>in</strong></span> <span class='ocrx_word' id='word_1_744' title='bbox 2875 4121 3175 4192; x_wconf 85' lang='lat' dir='ltr'><strong>Sequana;</strong></span> <span class='ocrx_word' id='word_1_745' title='bbox 3231 4122 3362 4176; x_wconf 92' lang='lat' dir='ltr'><strong>item</strong></span> <span class='ocrx_word' id='word_1_746' title='bbox 3411 4122 3480 4176; x_wconf 91' lang='lat' dir='ltr'><strong>de</strong></span> <span class='ocrx_word' id='word_1_747' title='bbox 3507 4138 3679 4178; x_wconf 89' lang='lat' dir='ltr'><strong>causa</strong></span> <span class='ocrx_word' id='word_1_748' title='bbox 3717 4126 3862 4184; x_wconf 82' lang='lat' dir='ltr'><strong>Ro-</strong></span> 
     </span>
    </p>
   </div>
   <div class='ocr_carea' id='block_1_90' title="bbox 2201 4213 3863 4288">
    <p class='ocr_par' dir='ltr' id='par_1_90' title="bbox 2201 4213 3863 4288">
     <span class='ocr_line' id='line_1_91' title="bbox 2201 4213 3863 4288; baseline 0.002 -16"><span class='ocrx_word' id='word_1_749' title='bbox 2201 4217 2353 4274; x_wconf 91' lang='lat' dir='ltr'><strong>thadi</strong></span> <span class='ocrx_word' id='word_1_750' title='bbox 2391 4222 2446 4270; x_wconf 90' lang='lat' dir='ltr'><strong>et</strong></span> <span class='ocrx_word' id='word_1_751' title='bbox 2497 4213 2702 4269; x_wconf 90' lang='lat' dir='ltr'><strong>Odonis</strong></span> <span class='ocrx_word' id='word_1_752' title='bbox 2740 4213 3150 4283; x_wconf 88' lang='lat' dir='ltr'><strong>episc0porum.</strong></span> <span class='ocrx_word' id='word_1_753' title='bbox 3212 4214 3448 4288; x_wconf 87' lang='lat' dir='ltr'><strong>Drogoni</strong></span> <span class='ocrx_word' id='word_1_754' title='bbox 3482 4213 3863 4276; x_wconf 86' lang='lat' dir='ltr'><strong>Metensium</strong></span> 
     </span>
    </p>
   </div>
   <div class='ocr_carea' id='block_1_91' title="bbox 2203 4304 3872 4380">
    <p class='ocr_par' dir='ltr' id='par_1_91' title="bbox 2203 4304 3872 4380">
     <span class='ocr_line' id='line_1_92' title="bbox 2203 4304 3872 4380; baseline 0.005 -17"><span class='ocrx_word' id='word_1_755' title='bbox 2203 4307 2443 4380; x_wconf 89' lang='lat' dir='ltr'><strong>prasuli,</strong></span> <span class='ocrx_word' id='word_1_756' title='bbox 2468 4304 2820 4376; x_wconf 88' lang='lat' dir='ltr'><strong>imperatoris</strong></span> <span class='ocrx_word' id='word_1_757' title='bbox 2843 4305 3103 4360; x_wconf 77' lang='lat' dir='ltr'><strong>Ludovici</strong></span> <span class='ocrx_word' id='word_1_758' title='bbox 3128 4305 3302 4373; x_wconf 88' lang='lat' dir='ltr'><strong>fratri,</strong></span> <span class='ocrx_word' id='word_1_759' title='bbox 3323 4321 3422 4377; x_wconf 70' lang='lat' dir='ltr'><strong>prio</strong></span> <span class='ocrx_word' id='word_1_760' title='bbox 3445 4305 3872 4370; x_wconf 77' lang='lat' dir='ltr'><strong>familiaritate</strong></span> 
     </span>
    </p>
   </div>
   <div class='ocr_carea' id='block_1_92' title="bbox 2200 4394 3871 4469">
    <p class='ocr_par' dir='ltr' id='par_1_92' title="bbox 2200 4394 3871 4469">
     <span class='ocr_line' id='line_1_93' title="bbox 2200 4394 3871 4469; baseline -0.003 -17"><span class='ocrx_word' id='word_1_761' title='bbox 2200 4398 2375 4469; x_wconf 91' lang='lat' dir='ltr'><strong>ipsius</strong></span> <span class='ocrx_word' id='word_1_762' title='bbox 2404 4394 2802 4466; x_wconf 90' lang='lat' dir='ltr'><strong>adipiscenda:</strong></span> <span class='ocrx_word' id='word_1_763' title='bbox 2832 4394 2963 4448; x_wconf 90' lang='lat' dir='ltr'><strong>item</strong></span> <span class='ocrx_word' id='word_1_764' title='bbox 3003 4395 3247 4450; x_wconf 88' lang='lat' dir='ltr'><strong>referens</strong></span> <span class='ocrx_word' id='word_1_765' title='bbox 3273 4396 3324 4449; x_wconf 88' lang='lat' dir='ltr'><strong>ei</strong></span> <span class='ocrx_word' id='word_1_766' title='bbox 3364 4397 3669 4469; x_wconf 88' lang='lat' dir='ltr'><strong>gratiarum</strong></span> <span class='ocrx_word' id='word_1_767' title='bbox 3730 4420 3871 4460; x_wconf 77' lang='lat' dir='ltr'><strong>ac-</strong></span> 
     </span>
    </p>
   </div>
   <div class='ocr_carea' id='block_1_93' title="bbox 2193 4488 3878 4563">
    <p class='ocr_par' dir='ltr' id='par_1_93' title="bbox 2193 4488 3878 4563">
     <span class='ocr_line' id='line_1_94' title="bbox 2193 4488 3878 4563; baseline -0.003 -14"><span class='ocrx_word' id='word_1_768' title='bbox 2193 4495 2373 4554; x_wconf 89' lang='lat' dir='ltr'><strong>tiones</strong></span> <span class='ocrx_word' id='word_1_769' title='bbox 2395 4506 2493 4563; x_wconf 88' lang='lat' dir='ltr'><strong>pro</strong></span> <span class='ocrx_word' id='word_1_770' title='bbox 2536 4488 2910 4545; x_wconf 90' lang='lat' dir='ltr'><strong>sollicitudine</strong></span> <span class='ocrx_word' id='word_1_771' title='bbox 2942 4505 3106 4560; x_wconf 91' lang='lat' dir='ltr'><strong>quam</strong></span> <span class='ocrx_word' id='word_1_772' title='bbox 3139 4490 3341 4545; x_wconf 89' lang='lat' dir='ltr'><strong>habere</strong></span> <span class='ocrx_word' id='word_1_773' title='bbox 3371 4491 3674 4548; x_wconf 84' lang='lat' dir='ltr'><strong>videbatur</strong></span> <span class='ocrx_word' id='word_1_774' title='bbox 3720 4497 3878 4556; x_wconf 77' lang='lat' dir='ltr'><strong>Re-</strong></span> 
     </span>
    </p>
   </div>
   <div class='ocr_carea' id='block_1_94' title="bbox 2192 4580 3880 4653">
    <p class='ocr_par' dir='ltr' id='par_1_94' title="bbox 2192 4580 3880 4653">
     <span class='ocr_line' id='line_1_95' title="bbox 2192 4580 3880 4653; baseline 0.002 -13"><span class='ocrx_word' id='word_1_775' title='bbox 2192 4584 2401 4640; x_wconf 90' lang='lat' dir='ltr'><strong>mensis</strong></span> <span class='ocrx_word' id='word_1_776' title='bbox 2448 4580 2726 4648; x_wconf 89' lang='lat' dir='ltr'><strong>Ecclesia,</strong></span> <span class='ocrx_word' id='word_1_777' title='bbox 2781 4587 2980 4650; x_wconf 91' lang='lat' dir='ltr'><strong>petens</strong></span> <span class='ocrx_word' id='word_1_778' title='bbox 3029 4580 3195 4635; x_wconf 89' lang='lat' dir='ltr'><strong>etiam</strong></span> <span class='ocrx_word' id='word_1_779' title='bbox 3236 4581 3304 4635; x_wconf 90' lang='lat' dir='ltr'><strong>de</strong></span> <span class='ocrx_word' id='word_1_780' title='bbox 3355 4583 3596 4653; x_wconf 84' lang='lat' dir='ltr'><strong>quodam</strong></span> <span class='ocrx_word' id='word_1_781' title='bbox 3650 4586 3880 4648; x_wconf 78' lang='lat' dir='ltr'><strong>fratre</strong></span> 
     </span>
    </p>
   </div>
   <div class='ocr_carea' id='block_1_95' title="bbox 2190 4670 3882 4753">
    <p class='ocr_par' dir='ltr' id='par_1_95' title="bbox 2190 4670 3882 4753">
     <span class='ocr_line' id='line_1_96' title="bbox 2190 4670 3882 4753; baseline 0.001 -22"><span class='ocrx_word' id='word_1_782' title='bbox 2190 4676 2354 4745; x_wconf 91' lang='lat' dir='ltr'><strong>hujus</strong></span> <span class='ocrx_word' id='word_1_783' title='bbox 2383 4671 2636 4728; x_wconf 88' lang='lat' dir='ltr'><strong>ecclesia</strong></span> <span class='ocrx_word' id='word_1_784' title='bbox 2675 4670 2951 4739; x_wconf 90' lang='lat' dir='ltr'><strong>ministro,</strong></span> <span class='ocrx_word' id='word_1_785' title='bbox 2983 4678 3040 4725; x_wconf 89' lang='lat' dir='ltr'><strong>ut</strong></span> <span class='ocrx_word' id='word_1_786' title='bbox 3084 4672 3159 4726; x_wconf 88' lang='lat' dir='ltr'><strong>ita</strong></span> <span class='ocrx_word' id='word_1_787' title='bbox 3197 4673 3474 4728; x_wconf 88' lang='lat' dir='ltr'><strong>frueretur</strong></span> <span class='ocrx_word' id='word_1_788' title='bbox 3499 4674 3882 4753; x_wconf 78' lang='lat' dir='ltr'><strong>obsequiis,</strong></span> 
     </span>
    </p>
   </div>
   <div class='ocr_carea' id='block_1_96' title="bbox 2189 4766 3882 4840">
    <p class='ocr_par' dir='ltr' id='par_1_96' title="bbox 2189 4766 3882 4840">
     <span class='ocr_line' id='line_1_97' title="bbox 2189 4766 3882 4840; baseline 0.008 -18"><span class='ocrx_word' id='word_1_789' title='bbox 2189 4775 2462 4838; x_wconf 88' lang='lat' dir='ltr'><strong>quatenus</strong></span> <span class='ocrx_word' id='word_1_790' title='bbox 2512 4767 2745 4822; x_wconf 91' lang='lat' dir='ltr'><strong>ecclesia</strong></span> <span class='ocrx_word' id='word_1_791' title='bbox 2771 4766 2874 4822; x_wconf 90' lang='lat' dir='ltr'><strong>ista</strong></span> <span class='ocrx_word' id='word_1_792' title='bbox 2927 4769 3256 4822; x_wconf 89' lang='lat' dir='ltr'><strong>necessariis</strong></span> <span class='ocrx_word' id='word_1_793' title='bbox 3281 4769 3460 4840; x_wconf 90' lang='lat' dir='ltr'><strong>ipsius</strong></span> <span class='ocrx_word' id='word_1_794' title='bbox 3509 4782 3714 4840; x_wconf 87' lang='lat' dir='ltr'><strong>posset</strong></span> <span class='ocrx_word' id='word_1_795' title='bbox 3759 4782 3882 4835; x_wconf 83' lang='lat' dir='ltr'><strong>uti</strong></span> 
     </span>
    </p>
   </div>
   <div class='ocr_carea' id='block_1_97' title="bbox 2189 4863 3878 4943">
    <p class='ocr_par' dir='ltr' id='par_1_97' title="bbox 2189 4863 3878 4943">
     <span class='ocr_line' id='line_1_98' title="bbox 2189 4863 3878 4943; baseline 0.007 -26"><span class='ocrx_word' id='word_1_796' title='bbox 2189 4863 2419 4930; x_wconf 88' lang='lat' dir='ltr'><strong>solatiis,</strong></span> <span class='ocrx_word' id='word_1_797' title='bbox 2453 4870 2508 4918; x_wconf 90' lang='lat' dir='ltr'><strong>et</strong></span> <span class='ocrx_word' id='word_1_798' title='bbox 2528 4863 2634 4918; x_wconf 89' lang='lat' dir='ltr'><strong>alia</strong></span> <span class='ocrx_word' id='word_1_799' title='bbox 2659 4863 2930 4936; x_wconf 87' lang='lat' dir='ltr'><strong>quadam.</strong></span> <span class='ocrx_word' id='word_1_800' title='bbox 2964 4865 3214 4920; x_wconf 82' lang='lat' dir='ltr'><strong>Bothado</strong></span> <span class='ocrx_word' id='word_1_801' title='bbox 3250 4867 3605 4935; x_wconf 91' lang='lat' dir='ltr'><strong>Suessonico,</strong></span> <span class='ocrx_word' id='word_1_802' title='bbox 3643 4887 3878 4943; x_wconf 85' lang='lat' dir='ltr'><strong>quem</strong></span> 
     </span>
    </p>
   </div>
   <div class='ocr_carea' id='block_1_98' title="bbox 2189 4954 3874 5034">
    <p class='ocr_par' dir='ltr' id='par_1_98' title="bbox 2189 4954 3874 5034">
     <span class='ocr_line' id='line_1_99' title="bbox 2189 4954 3874 5034; baseline 0.007 -25"><span class='ocrx_word' id='word_1_803' title='bbox 2189 4971 2335 5026; x_wconf 91' lang='lat' dir='ltr'><strong>sape</strong></span> <span class='ocrx_word' id='word_1_804' title='bbox 2352 4955 2420 5010; x_wconf 92' lang='lat' dir='ltr'><strong>ad</strong></span> <span class='ocrx_word' id='word_1_805' title='bbox 2436 4955 2708 5026; x_wconf 88' lang='lat' dir='ltr'><strong>synodum</strong></span> <span class='ocrx_word' id='word_1_806' title='bbox 2730 4957 2920 5012; x_wconf 90' lang='lat' dir='ltr'><strong>venire</strong></span> <span class='ocrx_word' id='word_1_807' title='bbox 2942 4954 3289 5012; x_wconf 78' lang='lat' dir='ltr'><strong>differentcm</strong></span> <span class='ocrx_word' id='word_1_808' title='bbox 3311 4958 3399 5014; x_wconf 90' lang='lat' dir='ltr'><strong>vel</strong></span> <span class='ocrx_word' id='word_1_809' title='bbox 3421 4960 3874 5034; x_wconf 81' lang='lat' dir='ltr'><strong>negligentem</strong></span> 
     </span>
    </p>
   </div>
   <div class='ocr_carea' id='block_1_99' title="bbox 2181 5045 3882 5122">
    <p class='ocr_par' dir='ltr' id='par_1_99' title="bbox 2181 5045 3882 5122">
     <span class='ocr_line' id='line_1_100' title="bbox 2181 5045 3882 5122; baseline 0.008 -23"><span class='ocrx_word' id='word_1_810' title='bbox 2181 5045 2434 5114; x_wconf 88' lang='lat' dir='ltr'><strong>vocabat,</strong></span> <span class='ocrx_word' id='word_1_811' title='bbox 2465 5045 2658 5101; x_wconf 89' lang='lat' dir='ltr'><strong>scribit</strong></span> <span class='ocrx_word' id='word_1_812' title='bbox 2705 5045 2776 5102; x_wconf 91' lang='lat' dir='ltr'><strong>de</strong></span> <span class='ocrx_word' id='word_1_813' title='bbox 2815 5046 3150 5117; x_wconf 89' lang='lat' dir='ltr'><strong>quibusdam</strong></span> <span class='ocrx_word' id='word_1_814' title='bbox 3185 5047 3493 5104; x_wconf 87' lang='lat' dir='ltr'><strong>criminatis</strong></span> <span class='ocrx_word' id='word_1_815' title='bbox 3525 5055 3882 5122; x_wconf 53' lang='lat' dir='ltr'><strong>parochias</strong></span> 
     </span>
    </p>
   </div>
   <div class='ocr_carea' id='block_1_100' title="bbox 2181 5137 3884 5214">
    <p class='ocr_par' dir='ltr' id='par_1_100' title="bbox 2181 5137 3884 5214">
     <span class='ocr_line' id='line_1_101' title="bbox 2181 5137 3884 5214; baseline 0.008 -22"><span class='ocrx_word' id='word_1_816' title='bbox 2181 5137 2522 5195; x_wconf 88' lang='lat' dir='ltr'><strong>Suessonica</strong></span> <span class='ocrx_word' id='word_1_817' title='bbox 2567 5138 2839 5210; x_wconf 88' lang='lat' dir='ltr'><strong>personis,</strong></span> <span class='ocrx_word' id='word_1_818' title='bbox 2874 5142 2960 5196; x_wconf 90' lang='lat' dir='ltr'><strong>vel</strong></span> <span class='ocrx_word' id='word_1_819' title='bbox 2993 5141 3313 5214; x_wconf 89' lang='lat' dir='ltr'><strong>purgandis,</strong></span> <span class='ocrx_word' id='word_1_820' title='bbox 3337 5142 3422 5196; x_wconf 86' lang='lat' dir='ltr'><strong>vel</strong></span> <span class='ocrx_word' id='word_1_821' title='bbox 3453 5144 3884 5212; x_wconf 70' lang='lat' dir='ltr'><strong>poenitentiae</strong></span> 
     </span>
    </p>
   </div>
   <div class='ocr_carea' id='block_1_101' title="bbox 2181 5234 3888 5308">
    <p class='ocr_par' dir='ltr' id='par_1_101' title="bbox 2181 5234 3888 5308">
     <span class='ocr_line' id='line_1_102' title="bbox 2181 5234 3888 5308; baseline 0.002 -20"><span class='ocrx_word' id='word_1_822' title='bbox 2181 5234 2504 5308; x_wconf 86' lang='lat' dir='ltr'><strong>subigendis</strong></span> <span class='ocrx_word' id='word_1_823' title='bbox 2537 5252 2552 5301; x_wconf 86' lang='lat'><strong>;</strong></span> <span class='ocrx_word' id='word_1_824' title='bbox 2583 5235 2733 5301; x_wconf 91' lang='lat' dir='ltr'><strong>item,</strong></span> <span class='ocrx_word' id='word_1_825' title='bbox 2769 5250 2866 5306; x_wconf 90' lang='lat' dir='ltr'><strong>pro</strong></span> <span class='ocrx_word' id='word_1_826' title='bbox 2887 5235 3212 5291; x_wconf 89' lang='lat' dir='ltr'><strong>ordinandis</strong></span> <span class='ocrx_word' id='word_1_827' title='bbox 3239 5237 3572 5308; x_wconf 89' lang='lat' dir='ltr'><strong>quibusdam</strong></span> <span class='ocrx_word' id='word_1_828' title='bbox 3613 5238 3888 5302; x_wconf 82' lang='lat' dir='ltr'><strong>Eccle_</strong></span> 
     </span>
    </p>
   </div>
   <div class='ocr_carea' id='block_1_102' title="bbox 2177 5329 3890 5402">
    <p class='ocr_par' dir='ltr' id='par_1_102' title="bbox 2177 5329 3890 5402">
     <span class='ocr_line' id='line_1_103' title="bbox 2177 5329 3890 5402; baseline 0.007 -21"><span class='ocrx_word' id='word_1_829' title='bbox 2177 5329 2378 5382; x_wconf 89' lang='lat' dir='ltr'><strong>siarum</strong></span> <span class='ocrx_word' id='word_1_830' title='bbox 2414 5331 2705 5395; x_wconf 87' lang='lat' dir='ltr'><strong>ministris;</strong></span> <span class='ocrx_word' id='word_1_831' title='bbox 2736 5331 2889 5397; x_wconf 90' lang='lat' dir='ltr'><strong>item,</strong></span> <span class='ocrx_word' id='word_1_832' title='bbox 2909 5347 3012 5402; x_wconf 90' lang='lat' dir='ltr'><strong>pro</strong></span> <span class='ocrx_word' id='word_1_833' title='bbox 3041 5331 3365 5402; x_wconf 88' lang='lat' dir='ltr'><strong>recipiendo</strong></span> <span class='ocrx_word' id='word_1_834' title='bbox 3388 5337 3442 5384; x_wconf 92' lang='lat' dir='ltr'><strong>ct</strong></span> <span class='ocrx_word' id='word_1_835' title='bbox 3465 5331 3890 5401; x_wconf 83' lang='lat' dir='ltr'><strong>adducendo</strong></span> 
     </span>
    </p>
   </div>
   <div class='ocr_carea' id='block_1_103' title="bbox 2175 5418 3896 5492">
    <p class='ocr_par' dir='ltr' id='par_1_103' title="bbox 2175 5418 3896 5492">
     <span class='ocr_line' id='line_1_104' title="bbox 2175 5418 3896 5492; baseline 0.006 -22"><span class='ocrx_word' id='word_1_836' title='bbox 2175 5419 2242 5471; x_wconf 90' lang='lat' dir='ltr'><strong>ad</strong></span> <span class='ocrx_word' id='word_1_837' title='bbox 2261 5418 2531 5485; x_wconf 89' lang='lat' dir='ltr'><strong>judicium</strong></span> <span class='ocrx_word' id='word_1_838' title='bbox 2560 5419 2950 5487; x_wconf 88' lang='lat' dir='ltr'><strong>Gothescalco;</strong></span> <span class='ocrx_word' id='word_1_839' title='bbox 2979 5437 3144 5492; x_wconf 90' lang='lat' dir='ltr'><strong>quem</strong></span> <span class='ocrx_word' id='word_1_840' title='bbox 3171 5421 3410 5475; x_wconf 90' lang='lat' dir='ltr'><strong>domnus</strong></span> <span class='ocrx_word' id='word_1_841' title='bbox 3442 5421 3724 5479; x_wconf 82' lang='lat' dir='ltr'><strong>Rabanus</strong></span> <span class='ocrx_word' id='word_1_842' title='bbox 3769 5437 3896 5492; x_wconf 74' lang='lat' dir='ltr'><strong>ad</strong></span> 
     </span>
    </p>
   </div>
   <div class='ocr_carea' id='block_1_104' title="bbox 2176 5508 3894 5582">
    <p class='ocr_par' dir='ltr' id='par_1_104' title="bbox 2176 5508 3894 5582">
     <span class='ocr_line' id='line_1_105' title="bbox 2176 5508 3894 5582; baseline 0.004 -20"><span class='ocrx_word' id='word_1_843' title='bbox 2176 5508 2457 5564; x_wconf 78' lang='lat' dir='ltr'><strong>diacesim</strong></span> <span class='ocrx_word' id='word_1_844' title='bbox 2490 5510 2817 5565; x_wconf 83' lang='lat' dir='ltr'><strong>Remensem</strong></span> <span class='ocrx_word' id='word_1_845' title='bbox 2848 5512 3134 5566; x_wconf 88' lang='lat' dir='ltr'><strong>remiserat</strong></span> <span class='ocrx_word' id='word_1_846' title='bbox 3170 5529 3183 5564; x_wconf 88' lang='lat'><strong>:</strong></span> <span class='ocrx_word' id='word_1_847' title='bbox 3230 5510 3323 5582; x_wconf 90' lang='lat' dir='ltr'><strong>qui</strong></span> <span class='ocrx_word' id='word_1_848' title='bbox 3357 5509 3650 5582; x_wconf 86' lang='lat' dir='ltr'><strong>profectus</strong></span> <span class='ocrx_word' id='word_1_849' title='bbox 3680 5514 3894 5578; x_wconf 77' lang='lat' dir='ltr'><strong>fue-</strong></span> 
     </span>
    </p>
   </div>
   <div class='ocr_carea' id='block_1_105' title="bbox 2175 5603 3902 5673">
    <p class='ocr_par' dir='ltr' id='par_1_105' title="bbox 2175 5603 3902 5673">
     <span class='ocr_line' id='line_1_106' title="bbox 2175 5603 3902 5673; baseline 0.005 -20"><span class='ocrx_word' id='word_1_850' title='bbox 2175 5610 2254 5655; x_wconf 87' lang='lat' dir='ltr'><strong>rat</strong></span> <span class='ocrx_word' id='word_1_851' title='bbox 2284 5618 2348 5655; x_wconf 89' lang='lat' dir='ltr'><strong>ex</strong></span> <span class='ocrx_word' id='word_1_852' title='bbox 2400 5604 2660 5672; x_wconf 85' lang='lat' dir='ltr'><strong>parochia</strong></span> <span class='ocrx_word' id='word_1_853' title='bbox 2707 5604 3058 5669; x_wconf 86' lang='lat' dir='ltr'><strong>Suessonica,</strong></span> <span class='ocrx_word' id='word_1_854' title='bbox 3105 5603 3317 5659; x_wconf 89' lang='lat' dir='ltr'><strong>scilicet</strong></span> <span class='ocrx_word' id='word_1_855' title='bbox 3348 5603 3658 5660; x_wconf 90' lang='lat' dir='ltr'><strong>Orbacensi</strong></span> <span class='ocrx_word' id='word_1_856' title='bbox 3691 5625 3902 5673; x_wconf 76' lang='lat' dir='ltr'><strong>mo-</strong></span> 
     </span>
    </p>
   </div>
  </div>
