4010 6162
271 149 381 206 205

894 139 1244 212 'HISTORI/E
1281 159 1618 217 ECCLESIA'I
1659 164 1986 222 REMENSIS
2025 169 2199 224 LIBRI
2241 172 2566 237 QUATUOR.
2591 207 2663 219 —
2701 177 2806 231 LIB
2871 177 2961 231 III.

3493 184 3601 239 206
3655 233 3658 242 .

270 299 512 354 nasterio
542 318 556 366 ;
585 301 734 368 item,
803 320 904 374 pro
952 305 1300 361 ordinatione
1361 310 1679 365 monasterii
1711 298 1958 368 sanctiA
1989 300 2043 348 ει
2071 294 2141 350 de
2163 296 2409 352 moribus
2434 314 2498 353 ac
2526 299 2789 370 superbia
2848 300 3039 372 ίρείυεν
3093 308 3148 356 et
3198 303 3280 358 Sic
3328 303 3382 358 ίη
3442 320 3600 361 οαθηδ

265 387 533 455 Medardi,
565 396 620 444 et
651 392 990 448 restituenda
1021 394 1160 450 ineo
1194 397 1383 469 regula
1416 416 1429 463 ;
1460 399 1612 465 item,
1647 415 1745 470 pro
1773 401 1887 472 qui-

1993 389 2225 455 Domini,
2253 391 2340 444 vel
2371 392 2426 445 in
2455 393 2661 448 Pascha
2687 393 2888 449 debeat
2929 395 3078 450 illum
3110 396 3402 453 admittere
3424 399 3494 454 ad
3507 416 3601 454 au-

265 475 500 531 busdam
557 481 842 534 monachis
872 497 939 535 ex
995 485 1326 540 monasterio
1366 486 1728 542 Altvillarensi
1762 487 1866 564 fug:

1988 481 2253 538 diendum
2285 500 2500 539 sacrum
2532 485 2798 553 ofﬁcium,
2831 489 2918 544 vel
2945 491 3323 562 accipiendam
3351 509 3598 548 commu-

266 563 501 634 dilapsis
535 584 549 630 ;
581 567 732 636 item,
765 584 864 639 pro
895 569 1166 637 Godoldo,
1210 573 1302 642 qui
1335 574 1608 629 clamabat
1639 563 1886 632 indebite

263 666 323 705 se
349 653 746 710 communione
800 656 1029 726 privari,
1064 674 1163 728 pro
1203 675 1313 730 quo
1343 661 1506 715 etiam
1536 663 1696 718 tertio
1737 664 1885 719 litte-

261 756 347 794 ras
373 743 446 796 ad
474 758 603 797 eum
633 743 867 811 direxit;
897 745 1050 814 item,
1103 763 1201 817 pro
1229 749 1562 818 quibusdam
1593 752 1883 823 presbyte-

260 828 352 894 ris,
385 831 485 901 qui
517 832 888 888 clamaverant
906 835 962 888 in
995 836 1207 906 synodo
1231 837 1434 909 injuste
1459 855 1518 893 se
1539 839 1607 894 ab
1627 856 1694 896 eo
1709 842 1884 896 eccle—

259 918 355 972 siae
381 919 554 974 rebus
602 921 866 990 privatos,
901 931 957 977 et
998 924 1126 994 quia
1183 924 1640 982 irrationabiliter
1686 929 1881 999 synodi

257 1010 526 1066 mandata
547 1019 889 1080 tractaverat,
910 1014 1016 1068 nisi
1036 1031 1094 1069 se
1125 1016 1448 1087 corrigeret,
1479 1020 1762 1074 canonica:
1794 1020 1882 1075 ul-

257 1100 432 1156 tionis
457 1103 1223 1176 delegatinterminationem;
1246 1108 1375 1162 item
1400 1125 1500 1179 pro
1530 1109 1880 1166 ordinatione

260 1193 563 1260 Hincmari,
605 1203 728 1266 post
759 1197 973 1252 obitum
1013 1198 1234 1253 Parduli
1255 1199 1635 1256 Laudunensis
1665 1202 1882 1272 episco-

257 1285 348 1355 pi;
385 1287 541 1352 item,
575 1303 675 1358 pro
721 1289 987 1345 Adeloldo
1025 1291 1346 1362 presbytero
1371 1293 1526 1360 juxta
1548 1295 1878 1349 sententiam

255 1381 456 1448 synodi
517 1382 882 1449 restituendo,
942 1399 1042 1454 pro
1103 1399 1212 1455 quo
1278 1385 1489 1440 litteras
1541 1386 1592 1440 ei
1635 1387 1877 1454 miserat,

255 1481 399 1536 quas
428 1466 520 1520 ille
542 1469 765 1538 penitus
815 1471 1251 1538 contemnebat;
1294 1473 1422 1527 item
1458 1488 1555 1544 pro
1604 1475 1881 1530 mandatis

253 1558 407 1630 regis
445 1559 707 1614 Ludovici
764 1568 818 1615 et
855 1560 1111 1618 firmitate
1141 1563 1210 1617 ab
1244 1579 1310 1618 eo
1343 1565 1596 1635 quaesita,
1631 1582 1754 1637 quae
1791 1583 1883 1621 sa-

253 1651 514 1706 cerdotio
564 1668 674 1707 non
734 1655 1074 1729 congruebat
1105 1674 1120 1722 ;
1153 1658 1284 1712 item
1317 1675 1416 1729 pro
1477 1660 1681 1715 clerico
1712 1677 1878 1732 quem

254 1742 504 1797 mitteret
532 1744 901 1800 ordinandum
925 1748 992 1802 ad
1017 1749 1318 1822 regendum
1352 1751 1639 1806 ecclesiam
1673 1752 1726 1805 in
1751 1752 1878 1807 villa

251 1833 424 1888 Turre
463 1834 624 1889 sitam
659 1854 674 1902 ;
708 1838 858 1901 item,
907 1854 1006 1909 pro
1067 1841 1351 1910 parochia,
1413 1842 1481 1897 de
1511 1860 1618 1914 qua
1645 1851 1876 1899 conten-

257 1926 412 1980 tione
441 1927 710 2000 agebatur
733 1930 876 1996 inter
893 1947 1020 1985 eum
1063 1938 1116 1985 et
1144 1932 1441 2002 Erpuinum
1484 1934 1876 2005 Sylvanecten-

248 2029 368 2068 sem
413 2013 739 2086 episcopum
774 2019 968 2083 ;item,
1037 2019 1183 2074 idem
1228 2036 1350 2075 cum
1406 2021 1527 2076 aliis
1587 2023 1874 2077 Remensis

243 2106 558 2160 dimceseos
588 2107 885 2179 episc0pis,
915 2110 986 2165 de
1024 2109 1331 2166 Graecorum
1359 2112 1868 2182 adinventionibus,

243 2216 389 2271 quas
417 2207 616 2254 contra
656 2198 951 2252 canonicas
980 2205 1221 2255 statuere
1247 2200 1595 2256 conabantur
1627 2204 1847 2276 regulas

246 2294 350 2348 Pro
378 2292 588 2364 quibus
637 2298 746 2346 tam
785 2291 853 2346 ad
909 2291 1111 2362 ipsum,
1145 2309 1308 2363 quam
1339 2293 1409 2348 ad
1436 2301 1666 2350 caeteros
1703 2295 1868 2363 hujus

244 2384 408 2455 regni
431 2382 884 2453 archiepiscopos
916 2381 1152 2437 domnus
1177 2383 1449 2438 Adrianus
1486 2401 1629 2455 papa
1659 2384 1870 2439 litteras

242 2475 503 2529 dederat.
539 2475 771 2543 Insuper
798 2482 853 2527 et
906 2473 1012 2527 alia
1067 2489 1448 2544 smpenumero
1494 2490 1592 2545 pro
1639 2475 1872 2530 diversis

240 2566 492 2636 negotiis
521 2565 590 2619 ad
618 2581 742 2619 eum
771 2563 974 2634 scripta
1003 2564 1228 2619 direxit.
1276 2565 1546 2621 lmmouni
1582 2565 1869 2620 Novioma-

237 2657 714 2730 gensiepiscopo,
774 2671 873 2727 pro
929 2655 1140 2726 synodo
1202 2656 1648 2727 comprovinciali
1681 2673 1712 2710 a
1741 2673 1869 2732 rege

242 2748 484 2802 Parisiis
517 2748 576 2818 [i,
627 2745 884 2814 Parisius]
930 2745 1206 2814 condicta,
1263 2755 1318 2799 et
1377 2761 1476 2816 pro
1520 2744 1868 2800 ordinatione

238 2838 552 2893 Irminfridi
619 2843 740 2908 post
794 2835 1084 2891 decessum
1128 2836 1474 2891 Hildemanni
1521 2837 1870 2892 Belvacensis

237 2927 496 2998 episcopi
531 2926 722 2992 ;item,
755 2939 856 2995 pro
885 2923 1236 2979 ordinatione
1255 2925 1473 2979 Parduli
1507 2931 1632 2995 post
1651 2924 1862 2980 obitum

235 3015 528 3071 Simeonis
557 3013 936 3069 Laudunensis
965 3032 982 3076 ;
1016 3013 1168 3077 item,
1194 3029 1292 3083 pro
1314 3013 1611 3069 consilioet
1659 3012 1862 3067 auxilio

236 3108 431 3164 dando
470 3106 811 3162 Theoderico
842 3105 1221 3159 Cameracensi
1254 3104 1493 3175 praesuli,
1526 3121 1694 3175 super
1724 3119 1861 3175 quo-

235 3201 368 3256 dam
403 3198 790 3264 inobediente,
813 3196 908 3268 qui
933 3197 1101 3250 Deum
1125 3211 1234 3252 non
1251 3196 1496 3259 timebat,
1527 3203 1580 3250 et
1605 3195 1863 3252 ecclesia-

233 3294 445 3348 sticum
507 3289 875 3344 ministerium
935 3303 1046 3342 non
1104 3287 1507 3354 reverebatur;
1568 3289 1720 3352 item,
1763 3302 1861 3358 pro

233 3381 487 3453 quodam
513 3378 858 3450 presbytero,
905 3376 993 3431 cui
1021 3377 1199 3448 legem
1248 3375 1572 3432 canonicam
1627 3377 1857 3432 concedi

235 3480 475 3536 monet;
509 3472 664 3538 item,
695 3485 796 3541 pro
839 3469 1074 3541 quadam
1131 3467 1354 3528 femina.
1391 3485 1552 3539 quam
1605 3468 1859 3524 indebite

234 3562 499 3634 queritur
517 3559 1025 3616 excommunicasse
1048 3575 1061 3624 ;
1084 3558 1209 3612 item
1243 3573 1341 3627 pro
1357 3557 1633 3629 colloquio
1646 3558 1860 3629 episco-

235 3654 351 3726 pali
384 3652 670 3708 habendo.
730 3650 972 3721 Erpuino
1024 3649 1446 3716 Silvanectensi,
1487 3665 1586 3720 pro
1613 3650 1852 3721 quodam

235 3743 472 3798 homine
491 3757 658 3812 quem
713 3738 1160 3794 irrationabiliter
1201 3737 1270 3792 ab
1302 3753 1368 3793 eo
1408 3739 1856 3794 excommunica-

231 3837 351 3884 tum
380 3836 448 3883 ut
477 3833 841 3898 compererat,
871 3825 1084 3890 intima,
1119 3826 1389 3880 mandans
1415 3833 1474 3880 ut
1506 3825 1725 3882 obviam
1749 3825 1854 3880 sibi

231 3917 445 3979 veniat,
481 3923 538 3970 et
567 3914 702 3986 quid
758 3913 889 3968 inde
949 3913 1156 3968 rectius
1210 3914 1281 3967 sit
1318 3914 1617 3987 agendum,
1667 3929 1853 3969 secum

234 4008 573 4075 pertractet;
613 4003 767 4063 item,
791 4016 892 4073 pro
917 4001 1157 4072 quodam
1181 4001 1502 4073 presbytero
1564 4003 1731 4057 rebus
1773 4019 1860 4058 ec-

233 4091 570 4148 clesiasticis
623 4091 876 4145 indebite
933 4091 1241 4155 frustrato;
1295 4090 1446 4157 item,
1490 4106 1589 4162 pro
1620 4091 1857 4162 quodam

233 4184 468 4248 clerico,
502 4182 598 4253 qui
628 4197 686 4236 se
710 4181 1091 4253 praejudicium
1137 4181 1206 4236 ab
1240 4197 1306 4237 eo
1329 4182 1440 4253 pati
1477 4183 1808 4238 clamaverat
1841 4199 1856 4248 ;

235 4272 396 4335 item,
437 4285 541 4340 pro
559 4269 833 4324 mandatis
852 4269 1076 4324 Adriani
1107 4285 1263 4341 papae
1287 4270 1355 4324 de
1395 4277 1697 4341 przenotato
1723 4287 1856 4341 pre-

1988 575 2232 642 nionem,
2265 579 2468 648 etquid
2503 579 2611 633 sibi
2632 579 2885 635 videatur
2908 581 2977 636 de
3029 585 3304 638 sententia
3340 585 3602 640 Ezechie-

1987 669 2052 723 lis
2083 671 2365 741 prophetae
2391 689 2498 743 qua
2529 673 2731 728 dicitur
2759 691 2772 727 :
2804 677 2868 728 In
2897 692 3216 746 quacunque
3271 681 3360 733 die
3397 682 3600 736 cecide—

1981 762 2058 814 rit
2078 760 2284 828 justus,
2313 777 2491 817 omnes
2513 763 2750 832 justitiaz
2768 765 2884 833 ejus
2912 769 2970 818 in
2998 767 3263 822 oblivione
3287 770 3596 824 tradentur:

1982 857 2032 907 et
2055 869 2374 924 quacunque
2401 857 2490 910 die
2510 862 2758 925 peccator
2784 874 3066 914 conversus
3096 861 3265 926 fuerit
3291 878 3467 918 omnes
3487 867 3594 918 ini-

1982 946 2214 1013 quitates
2235 947 2352 1014 ejus
2383 948 2673 1002 tradentur
2690 950 2949 1003 oblivioni
2975 951 3185 1019 (Ezech.
3215 957 3390 1018 XVIII).
3419 955 3525 1009 Sed
3548 962 3601 1010 et

1983 1036 2052 1090 de
2081 1037 2480 1092 consuetudine
2502 1054 2674 1094 coenae
2698 1039 2911 1094 Domini
2943 1041 3311 1096 celebranda.
3350 1045 3482 1098 Item
3497 1061 3594 1116 pro

1984 1126 2236 1182 ecclesiis
2251 1127 2399 1182 sedis
2428 1129 2716 1184 Remensis
2743 1131 2801 1183 in
2832 1131 3007 1201 ipsius
3034 1132 3265 1188 dimcesi
3294 1135 3434 1200 sitis,
3466 1153 3602 1207 quas

1985 1216 2077 1271 ille
2142 1218 2303 1272 aliter
2357 1220 2622 1275 tractabat
2680 1237 2844 1292 quam
2899 1222 3202 1294 episcOpali
3271 1227 3593 1281 conveniret

1982 1309 2247 1379 aequitati,
2281 1316 2339 1364 ut
2359 1311 2426 1364 de
2460 1311 2544 1365 his
2571 1317 2624 1366 et
2658 1312 2727 1366 de
2758 1312 2882 1367 aliis
2934 1330 3057 1385 quae
3079 1315 3197 1384 ipse
3218 1316 3485 1371 audiebat
3521 1318 3600 1372 si-

1981 1400 2092 1453 mul
2127 1399 2507 1472 loquerentur,
2567 1405 2866 1458 exhortans
2923 1411 2982 1459 ut
3036 1406 3360 1461 alterutrum
3411 1425 3470 1462 se
3505 1409 3591 1462 in-

1981 1498 2280 1555 struerent,
2331 1500 2385 1546 et
2441 1493 2673 1548 Domino
2726 1503 2917 1550 mutuo
2962 1497 3434 1555 commendarent.
3497 1499 3598 1554 Pro

1985 1595 2094 1650 qua
2124 1596 2181 1634 re
2208 1579 2409 1635 librum
2443 1598 2662 1652 quoque
2716 1583 3004 1654 scripsisse
3039 1588 3330 1657 reperitur.
3366 1589 3599 1645 Pardulo

1986 1673 2339 1728 Laudunensi
2373 1672 2635 1744 episcopo
2663 1676 2858 1732 scribit
2883 1694 2982 1748 pro
3002 1679 3230 1734 transitu
3253 1680 3440 1737 domui
3463 1684 3598 1740 Ebo-

1981 1767 2068 1821 nis
2097 1768 2464 1822 antecessoris
2495 1769 2602 1834 sui,
2661 1778 2720 1824 ut
2774 1771 2854 1825 illi
2886 1774 3244 1829 sacerdotalis
3274 1775 3594 1851 benignitas

1978 1861 2159 1932 plenis
2189 1864 2456 1918 charitate
2485 1865 2629 1919 votis
2659 1866 2858 1922 debeat
2911 1869 3181 1924 exhiberi.
3227 1872 3358 1926 Item
3405 1873 3473 1927 de
3505 1890 3596 1928 re-

1976 1951 2365 2006 conciliatione
2390 1951 2657 2008 Luidonis
2696 1954 3137 2023 inconvenienti,
3179 1959 3327 2028 quod
3354 1974 3462 2014 non
3492 1976 3594 2032 po-

1977 2041 2142 2095 tuerit
2168 2041 2234 2094 ad
2259 2058 2378 2096 eam
2405 2044 2778 2115 peragendam
2811 2045 3246 2114 adulationibus,
3285 2050 3370 2104 vel
3394 2067 3592 2121 expro-

1973 2130 2323 2186 brationibus
2350 2132 2634 2187 hominum
2669 2135 3054 2205 insipientium
3088 2137 3304 2194 deﬂecti
3344 2158 3354 2193 :
3396 2157 3591 2196 corro-

1973 2221 2176 2277 borans
2203 2239 2330 2277 eum
2357 2225 2423 2277 ad
2454 2225 2840 2279 rectitudinem
2875 2228 3246 2299 episcopalem
3279 2231 3587 2287 divinarum

1973 2316 2304 2371 testimoniis
2327 2317 2751 2388 Scripturarum,
2773 2327 2832 2374 ut
2872 2338 2971 2390 per
2992 2324 3334 2379 auctoritatis
3371 2328 3590 2398 gradia-

1972 2415 2058 2462 tur
2087 2409 2252 2475 viam,
2277 2417 2331 2464 et
2361 2410 2495 2480 quid
2520 2410 2568 2464 ei
2596 2411 2664 2464 de
2688 2413 2912 2482 praefato
2945 2414 3017 2468 sit
3043 2417 3318 2488 agendum
3341 2419 3586 2474 Luidone

1969 2503 2309 2577 significans;
2344 2505 2474 2558 item
2508 2521 2607 2576 pro
2630 2507 2822 2562 eadem
2843 2525 2941 2574 re;
2976 2509 3127 2577 item,
3152 2513 3220 2566 de
3252 2515 3587 2588 recognitio-

1973 2611 2061 2661 ne,
2086 2596 2560 2663 humiliatione,et
2591 2598 2940 2655 absolutionc
2968 2601 3142 2657 Fulcri
3181 2623 3193 2667 ;
3217 2605 3369 2672 item,
3394 2607 3463 2660 de
3481 2607 3582 2660 ab-

1969 2688 2243 2744 solutione
2266 2690 2575 2758 cujusdam,
2596 2693 2888 2763 requirens
2910 2694 3086 2764 ipsius
3099 2698 3390 2753 consilium
3415 2719 3427 2765 ;
3451 2700 3580 2754 item

1971 2778 2279 2846 dejejunio
2309 2798 2340 2834 a
2387 2781 2578 2854 regina
2635 2783 2944 2849 mandato;
2989 2784 3118 2840 item
3165 2787 3234 2842 de
3283 2789 3578 2844 infirmita-

1971 2881 2024 2926 te
2055 2880 2110 2926 et
2139 2873 2523 2928 humiliatione
2556 2875 2788 2930 Rothadi
2820 2877 3158 2948 Suessonici,
3209 2883 3356 2937 etde
3397 2885 3582 2939 consi-

1895 2965 2038 3046 Clio
2067 2968 2216 3038 quod
2249 2967 2297 3022 ei
2339 2968 2589 3038 dederat,
2639 2979 2698 3026 ut
2747 2971 2882 3027 illud
2939 2975 2995 3029 in
3035 2992 3102 3031 eo
3149 2979 3491 3045 corroboret,
3527 2990 3581 3034 et

1964 3059 2031 3113 ab
2062 3059 2480 3130 obsequendum
2536 3063 2839 3131 prudenter
2896 3068 3216 3124 exhortctur
3250 3090 3262 3136 ;
3296 3071 3424 3127 item
3481 3092 3577 3145 pro

1963 3163 2117 3214 auro,
2151 3148 2296 3219 quod
2319 3149 2368 3203 ei
2426 3149 2700 3218 mittebat,
2762 3171 2861 3224 per
2897 3172 3021 3211 eum
3055 3161 3259 3233 reginae
3292 3162 3578 3221 offerendo

1963 3242 2032 3295 ad
2063 3243 2505 3313 componendum
2537 3247 2816 3316 quoddam
2849 3250 2942 3304 Dei
2971 3251 3578 3312 Genitricisornamen-

1964 3341 2077 3388 tum
2113 3351 2127 3399 ;
2153 3335 2280 3389 item
2313 3336 2382 3390 de
2414 3339 2680 3407 opusculo
2709 3340 3248 3401 FerculiSalomouis
3273 3365 3302 3402 a
3333 3366 3389 3404 se
3423 3367 3577 3405 com-

1961 3423 2162 3492 posito,
2193 3424 2338 3494 quod
2371 3423 2422 3478 ei
2472 3424 2702 3499 legerat,
2747 3429 2989 3502 rogitans
3028 3434 3160 3504 quid
3191 3435 3297 3490 sibi
3329 3438 3578 3494 videatur

1960 3515 2029 3570 de
2061 3516 2155 3571 illo
2188 3517 2283 3587 (De
2302 3518 2396 3571 hoc
2421 3533 2611 3588 supra,
2628 3537 2747 3591 cap.
2785 3524 2887 3592 15).
2916 3527 3050 3580 Item
3081 3545 3180 3598 pro
3195 3529 3437 3586 Ecclesia
3455 3534 3571 3590 Mo-

1960 3605 2066 3659 rini
2086 3615 2314 3661 vacante
2352 3616 2595 3678 pastore,
2649 3617 2709 3664 ut
2760 3610 2890 3667 inde
2921 3629 3047 3669 cum
3107 3634 3237 3690 rege
3285 3620 3564 3691 loquatur,

1956 3694 2212 3765 qualiter,
2244 3695 2363 3765 ipsa
2393 3696 2591 3751 electio
2618 3697 2721 3753 rite
2755 3711 3067 3776 peragatur,
3102 3713 3155 3760 et
3183 3714 3282 3777 pro
3322 3710 3478 3765 libris
3510 3713 3566 3766 S.

1956 3784 2317 3838 Ambrosiide
2358 3785 2465 3840 fide
2508 3787 2614 3841 sibi
2669 3789 2975 3846 mittendis.
3012 3796 3325 3853 lrminfrido
3381 3803 3570 3856 Belva-

1956 3875 2127 3936 censi,
2163 3891 2262 3944 pro
2295 3875 2566 3930 electione
2615 3880 2849 3947 pastoris
2881 3881 3134 3938 Ecclesiae
3157 3886 3565 3957 Ambianensis,

1957 3965 2223 4020 canonice
2261 3967 2644 4033 consecrandi,
2686 3980 2812 4039 post
2859 3972 3070 4027 obitum
3096 3975 3388 4048 Ragenarii
3431 3997 3572 4051 prte-

1958 4060 2136 4127 sulis;
2179 4059 2330 4126 item,
2402 4077 2500 4132 pro
2547 4063 2910 4137 gubernanda
2969 4070 3273 4139 prudenter
3314 4074 3568 4132 Ecclesiae

1960 4153 2108 4220 navi,
2140 4169 2262 4224 quae
2294 4152 2350 4206 in
2373 4153 2478 4209 hoc
2511 4155 2841 4230 naufragoso
2900 4162 3084 4216 saeculi
3119 4166 3256 4219 mari
3307 4165 3450 4223 inter
3481 4169 3568 4223 in-

1962 4247 2161 4302 testina
2199 4249 2624 4305 concutiebatur
2666 4252 2833 4308 bella.
2883 4255 3058 4312 Eboni
3101 4259 3364 4332 episcopo
3388 4265 3570 4319 eccle-

232 4333 468 4432 sbytero
499 4378 515 4426 ;
547 4361 698 4425 item,
729 4376 826 4430 pro
875 4333 1134 4416 mandato
1165 4333 1312 4436 regis
1343 4333 1664 4436 regulariter
1691 4333 1853 4418 eitse—
1873 4333 1934 4402 D
1958 4343 2063 4436 Si?
2093 4343 2385 4436 Βέπῖέηδίὲ
2414 4347 2659 4412 alumno,
2691 4365 2789 4418 Ι)Γο
2854 4353 3094 4421 (ἰαοάδῐη
3137 4355 3302 4412 fratre
3345 4359 3413 4413 ab
3464 4361 3566 4416 hac

232 4450 486 4521 quendo.
521 4449 671 4519 Lupo
693 4448 1098 4514 Catalaunensi,
1127 4464 1226 4520 pro
1254 4450 1467 4520 synodo
1499 4451 1852 4516 celebranda;

233 4543 394 4608 item,
420 4556 524 4611 pro
555 4541 816 4612 quodam,
856 4541 953 4612 qui
980 4541 1109 4596 dolo
1151 4541 1420 4612 deceptus
1451 4541 1646 4608 fuerat,
1676 4550 1735 4598 ut
1764 4543 1855 4596 in-

232 4631 449 4686 fantem
483 4630 768 4700 proprium
799 4630 869 4684 ad
925 4629 1375 4685 catechizandum
1413 4638 1626 4687 teneret
1657 4648 1671 4698 ;
1702 4631 1853 4700 item,

233 4723 371 4799 quid
406 4726 480 4780 de
503 4725 607 4780 bac
638 4742 694 4781 re
747 4726 992 4798 synodus
1019 4726 1342 4782 decreverit.
1379 4725 1474 4781 Cui
1504 4726 1668 4782 etiam
1693 4729 1854 4783 testi-

234 4823 491 4879 monium
521 4821 684 4877 bonae
710 4822 835 4877 vitae
865 4823 1123 4892 perhibet
1151 4823 1208 4877 in
1251 4821 1505 4894 epistola,
1533 4839 1696 4896 quam
1720 4826 1856 4881 scri-

235 4920 344 4990 psit
371 4925 504 4989 post
533 4917 745 4973 obitum
767 4917 942 4989 ipsius
980 4919 1048 4974 ad
1074 4934 1260 4994 regem
1285 4919 1540 4976 Karolum
1565 4936 1663 4991 pro
1686 4921 1858 4992 impe-

237 5013 437 5067 tranda
494 5012 768 5067 electione
823 5013 1059 5088 regulari
1136 5013 1396 5069 Ecclesiae
1447 5014 1854 5071 Calalaunensi.

237 5103 548 5160 Prndentio
577 5106 900 5161 Trecassino
929 5105 1200 5172 scribens,
1242 5107 1506 5177 quaeritur
1549 5124 1718 5178 quare
1748 5108 1853 5164 sibi

238 5193 598 5263 praesentiam
631 5209 786 5248 suam
835 5194 1144 5260 subtrahat,
1181 5193 1502 5265 significans
1548 5211 1608 5249 se
1663 5195 1731 5249 ab
1789 5210 1856 5250 eo

237 5281 539 5336 consilium
585 5296 832 5352 quaerere
878 5281 1021 5336 velle
1060 5282 1130 5336 de
1151 5287 1293 5336 statu
1347 5290 1402 5336 et
1445 5283 1858 5353 compressione

238 5372 607 5440 Gothescalci,
645 5374 909 5431 intimans
933 5375 1082 5448 quod
1131 5375 1201 5430 de
1229 5375 1348 5446 ipso
1394 5382 1574 5432 actum
1605 5377 1691 5432 vel
1708 5377 1860 5445 judi-

237 5471 421 5519 catnm
455 5465 636 5520 fuerat
660 5464 717 5520 in
759 5467 995 5537 synodo,
1045 5481 1156 5539 quo
1185 5482 1310 5522 eum
1340 5467 1613 5524 reclusum
1639 5468 1862 5525 tenebat

231 5557 473 5626 judicio,
505 5565 556 5612 et
579 5559 709 5630 quia
729 5560 916 5616 multis
941 5561 1122 5617 modis
1136 5578 1262 5617 eum
1282 5563 1528 5618 converti
1549 5565 1860 5629 tentaverit,

1955 4433 2188 4489 ecclesia
2217 4433 2345 4508 fuga
2375 4435 2550 4506 lapso,
2585 4445 2639 4492 et
2669 4439 2815 4508 apud
2851 4441 3027 4511 ipsum
3076 4457 3477 4516 commorante,
3507 4460 3566 4506 ut

1955 4525 2282 4597 quantocius
2307 4525 2461 4581 illum
2515 4528 2770 4601 diligenti
2823 4549 2954 4586 cura
2997 4536 3279 4593 remittere
3301 4542 3563 4607 studeat;

1956 4617 2084 4672 item
2109 4633 2207 4687 pro
2230 4617 2580 4674 ordinatione
2611 4620 2759 4676 Isaac
2789 4622 2842 4676 in
2858 4624 3179 4697 episcopatu
3209 4630 3563 4703 Lingonensi,

1958 4715 2016 4763 ut
2041 4708 2362 4763 exhortetur
2384 4709 2693 4784 Remigium
2717 4714 3196 4788 archiepiscopum
3215 4721 3278 4774 ad
3309 4725 3563 4780 eamdem

1954 4798 2362 4855 ordinationem
2445 4804 2839 4878 peragendam.
2903 4807 3244 4869 Theoderico
3313 4815 3567 4874 Camera-

1955 4888 2130 4955 censi,
2163 4905 2264 4960 pro
2289 4891 2528 4960 quodam
2577 4891 2818 4950 Hectone
2869 4895 3107 4953 Lotharii
3132 4903 3278 4977 regis
3307 4907 3563 4976 vassallo,

1957 4975 2044 5031 cui
2083 4979 2364 5032 communi
2423 4995 2696 5036 consensu
2753 4985 3137 5054 poenitentiam
3189 4975 3564 5061 injunxerant,

1958 5065 2051 5136 qui
2075 5081 2132 5118 se
2159 5065 2475 5122 absolutum
2511 5086 2542 5122 a
2581 5071 2808 5140 praafato
2851 5073 3192 5132 Theoderico
3224 5079 3392 5136 fuisse
3433 5084 3570 5139 fate-

1955 5157 2138 5224 batur,
2168 5164 2222 5212 et
2249 5174 2346 5228 pro
2366 5161 2604 5230 quodam
2628 5163 2976 5235 presbytero,
3031 5185 3194 5238 quem
3219 5171 3362 5227 idem
3383 5175 3567 5231 Theo-

1959 5245 2182 5300 dericus
2219 5249 2813 5316 excommunicaverat,
2847 5271 2943 5323 pro
2977 5272 3086 5326 quo
3120 5275 3261 5330 papa
3295 5262 3572 5320 Romanus

1961 5337 2165 5391 domno
2207 5337 2496 5394 Hincmaro
2528 5339 2738 5398 litteras
2791 5344 3024 5413 miserit,
3055 5364 3191 5421 quas
3240 5352 3360 5424 ipse
3391 5356 3571 5412 eidem

1961 5430 2300 5487 Theoderico
2349 5433 2622 5491 mittebat.
2681 5437 2815 5492 Item
2861 5455 2959 5511 pro
3035 5443 3244 5514 praefati
3323 5447 3578 5505 Hectonis

1971 5520 2115 5591 [ms.,
2173 5521 2440 5595 llettonis]
2495 5526 2846 5585 absolutione
2889 5549 2903 5597 ;
2950 5532 3082 5587 item
3123 5551 3224 5605 pro
3274 5539 3440 5594 rebus
3472 5540 3576 5595 Re-

1969 5610 2177 5663 mensis
2205 5611 2481 5678 Ecclesiae,
2511 5632 2650 5686 quas
2676 5617 2782 5671 sibi
2827 5635 2927 5688 per
2956 5625 3293 5689 praestariam
3323 5626 3580 5681 Theode—
