4010 6162
460 278 564 333 207

1569 259 1937 318 FLODOARDI
1978 255 2280 312 CANONICI
2321 258 2648 314 REMENSIS

3673 259 3780 314 208

465 405 612 459 ricus
640 401 933 471 episcopus
958 394 1202 468 delegari
1230 391 1667 464 petebat;item,
1699 403 1799 458 pro
1839 384 2056 442 ordina-
2094 389 2140 452 Α
2168 393 2276 440 tem
2332 403 2486 442 suam
2542 394 2895 458 respuentem
2949 401 3133 442 coram
3186 385 3373 441 multis
3426 386 3773 442 sustinuerit.

467 493 617 547 tione
640 485 888 542 Hunfridi
918 485 973 538 in
1005 484 1326 554 episcopatu
1353 481 1546 537 Morini
1571 498 1584 546 ;
1620 479 1749 533 item
1779 491 1877 546 pro
1921 473 2071 529 ordi-

465 582 690 636 natione
723 573 990 630 Ercamrai
1023 583 1146 645 post
1191 573 1478 626 decessum
1513 568 1646 638 Lupi
1680 563 2076 620 Catalamensis

465 672 714 746 episcOpi
754 669 946 735 ;item,
979 668 1296 722 deadventu
1313 658 2068 726 LudoviciTransrhenensis,

466 763 594 836 quia
608 760 795 816 Remis
823 757 1060 822 venerit,
1094 765 1148 811 et
1173 755 1306 827 quid
1336 753 1530 826 egerit,
1560 751 1761 823 quidve
1787 749 1892 803 sibi
1935 763 2074 818 prm-

465 854 713 927 ceperit;
748 853 898 917 item,
958 865 1058 920 pro
1120 847 1406 911 Balduino,
1457 844 1551 917 qui
1604 843 1827 898 viduam
1881 839 2070 895 Judith

467 949 635 1003 filiam
664 946 811 1020 regis
837 942 1017 998 Karoli
1049 939 1260 996 furatus
1299 938 1496 1004 fuerat,
1525 943 1585 992 ut
1625 934 1764 990 sciat
1786 949 1912 988 eum
1943 948 1975 986 a
2013 947 2072 986 se

465 1037 570 1092 sub
592 1036 942 1090 anathemate
984 1030 1247 1101 positum,
1297 1037 1352 1082 et
1373 1026 1427 1080 id
1457 1041 1556 1097 per
1597 1039 1752 1079 suam
1785 1020 2078 1076 denuntiet

468 1125 781 1198 parochiam
836 1141 850 1189 ;
897 1123 1050 1187 item,
1101 1135 1201 1188 pro
1268 1117 1506 1189 quodam
1539 1156 1552 1182 ,
1632 1113 1723 1185 qui
1782 1111 2075 1198 quamdam

470 1197 733 1270 feminam
778 1213 833 1266 in
864 1209 1238 1266 concubinatu
1276 1205 1549 1275 accipere
1577 1217 1873 1274 persuasus
1900 1197 2076 1253 fuerat

470 1323 502 1361 a
555 1314 708 1377 patre
771 1303 950 1374 ipsius
1004 1299 1220 1371 puellaz.
1276 1297 1538 1352 Folcuino
1594 1291 1916 1357 Morinensi,
1974 1304 2076 1360 pro

471 1398 708 1469 quodam
755 1393 1078 1466 presbytero
1125 1391 1300 1461 ipsius
1338 1388 1616 1453 ordinato,
1684 1383 1776 1456 qui
1809 1381 2080 1438 clamabat

474 1486 728 1555 injuriam
752 1499 812 1538 se
831 1483 942 1553 pati
976 1481 1044 1536 ab
1079 1481 1321 1534 Immone
1350 1477 1605 1548 praesule,
1637 1474 1884 1546 petitque
1915 1471 2077 1526 simul

470 1574 733 1646 reliquias
761 1570 1144 1628 sanctorumin
1166 1567 1462 1623 Morinensi
1496 1563 1758 1636 parochia
1788 1562 2076 1634 quiescen-

473 1666 608 1720 tium
639 1663 746 1718 sibi
773 1662 936 1726 mitti,
983 1660 1112 1731 quia
1168 1658 1223 1712 in
1256 1655 1671 1713 consecratione
1700 1652 1949 1708 ecclesiae
1982 1651 2074 1704 Dei

472 1753 768 1808 Geuitricis
797 1753 966 1806 altare
987 1751 1054 1805 ab
1081 1750 1203 1820 ipso
1236 1746 1500 1802 Folcuino
1531 1742 1997 1806 consecrandum,
2026 1749 2081 1794 et

475 1863 541 1900 ex
569 1845 744 1916 ipsius
783 1842 1054 1914 parochize
1097 1839 1348 1911 reliquiis
1388 1837 1770 1892 honorandum
1806 1849 2083 1906 praepara-

477 1938 589 1991 bat.
658 1933 932 1987 Rainnero
979 1929 1241 2000 episcopo
1294 1942 1396 1998 pro
1437 1925 1675 1997 quodam
1734 1921 2080 1994 presbytero,

477 2040 642 2096 quem
674 2023 851 2078 Notho
896 2019 1347 2090 archiepiscopus
1377 2016 1730 2081 Arelatensis,
1777 2015 1825 2068 ei
1883 2011 2084 2066 litteris

477 2115 814 2169 indicaverat
843 2110 1119 2178 abjectum
1150 2109 1435 2174 canonice,
1469 2116 1522 2162 et
1544 2104 2080 2162 excommunicatum

475 2222 506 2259 a
537 2203 770 2274 synodo,
803 2201 976 2255 altero
1028 2199 1346 2270 presbytero
1374 2197 1431 2250 in
1461 2197 1580 2265 ejus
1606 2196 1729 2251 loco
1759 2194 2081 2250 constituto.

474 2293 610 2367 Agio
633 2293 796 2364 (Agio
827 2292 1034 2360 Aurel.)
1065 2291 1327 2361 episcopo
1368 2304 1466 2360 pro
1500 2287 1667 2341 rebus
1691 2285 1945 2341 Ecclesiae
1976 2284 2086 2337 Re-

474 2383 680 2437 mensis
711 2383 766 2436 in
803 2381 1094 2453 Aquitania
1115 2377 1553 2448 conjacentibus.
1595 2376 1810 2431 Abboni
1842 2375 2086 2429 Antisio-

473 2475 722 2542 dorensi,
772 2489 870 2545 pro
903 2471 1198 2528 Heriboldo
1250 2469 1485 2541 praesule
1515 2467 1799 2531 defuncto,
1834 2467 1928 2537 qui
1962 2465 2082 2520 cui-

474 2567 597 2621 dam
639 2565 790 2620 fratri
833 2581 1125 2636 apparens,
1188 2563 1477 2618 admonuit
1521 2563 1588 2617 de
1620 2563 1992 2633 eleemosyna,
2030 2567 2084 2615 et

473 2659 840 2724 orationibus,
874 2665 1036 2728 atque
1083 2655 1463 2711 oblationibus
1514 2671 1612 2725 pro
1643 2671 1704 2709 se
1753 2653 2078 2710 oﬂerendis.

473 2749 656 2803 {Eneaz
687 2746 1040 2813 Parisiorum,
1072 2760 1172 2816 pro
1205 2744 1456 2798 Bothado
1478 2743 1849 2807 Suessionico,
1873 2743 1944 2796 de
1974 2758 2084 2813 quo

474 2837 725 2908 quaedam
769 2833 1216 2891 inconvenientia
1265 2833 1412 2903 apud
1466 2848 1651 2907 regem
1680 2832 1938 2886 ventilata
1968 2831 2084 2886 fue-

477 2934 618 2992 rant,
640 2933 694 2980 et
723 2942 817 2979 rex
866 2924 1122 2978 eumdem
1173 2922 1397 2976 Aineam
1429 2937 1551 2976 cum
1607 2921 1852 2975 Immone
1883 2920 2085 2975 Novio-

476 3016 725 3090 magensi
754 3016 823 3070 ad
848 3016 966 3070 haec
1004 3013 1348 3069 discutienda
1397 3011 1691 3086 dirigebat.
1727 3011 1998 3066 Almarico
2021 3011 2084 3083 [j,

475 3108 764 3179 Almerico]
800 3107 1087 3162 Cumensis
1120 3107 1374 3162 Ecclesia!
1407 3105 1650 3177 praesuli,
1683 3119 1783 3175 pro
1806 3104 2085 3176 Egilberto

476 3203 712 3258 diacono
754 3193 1076 3256 monasterii
1115 3199 1290 3253 sancti
1325 3198 1560 3274 Remigii
1595 3198 1886 3274 monacho,
1921 3213 2083 3269 quem

476 3293 657 3347 eidem
678 3291 943 3362 episcopo
977 3289 1030 3343 id
1062 3287 1269 3360 petenti
1294 3287 1361 3341 ad
1389 3286 1782 3354 ordinandum,
1814 3293 1868 3342 ct
1893 3301 2086 3360 regen-

475 3383 606 3437 dum
629 3379 939 3437 committit.

1079 3467 1286 3522 CAPUT
1316 3466 1475 3520 XXII.

477 3585 607 3648 Qua:
634 3585 996 3636 instrumenta
1042 3584 1183 3643 vitae,
1215 3580 1297 3631 vel
1348 3578 1755 3644 redargutienes
1795 3578 2085 3631 Hincmaro

960 3653 1142 3720 nepoti
1167 3665 1262 3704 suo
1290 3651 1571 3717 scripserit

550 3761 839 3816 Hincmaro
870 3758 1057 3828 nepoti
1099 3773 1199 3812 suo
1215 3755 1566 3810 Laudunensi
1593 3755 1878 3826 episcopo,
1912 3753 1966 3807 in
1997 3768 2088 3808 or-

474 3850 775 3908 dinationis
801 3849 973 3920 ipsius
1032 3847 1212 3913 initio,
1271 3847 1548 3900 instruens
1573 3854 1628 3899 et
1653 3845 1896 3900 edocens
1934 3861 2084 3911 eum,

474 3944 711 4017 qualiter
759 3943 915 4010 juxta
961 3939 1283 3995 canonicam
1333 3937 1716 3992 auctoritatem
1751 3979 1766 4002 ,
1822 3937 2086 3992 commis-

474 4056 588 4094 sam
618 4037 724 4092 sibi
755 4043 986 4090 tractare
1028 4034 1258 4087 deberet
1329 4031 1624 4086 Ecclesiam
1652 4030 1854 4097 ;-item,
1895 4031 2089 4084 admo-

476 4142 634 4190 nens,
693 4133 751 4178 ut
804 4122 1093 4193 provideat
1151 4137 1220 4174 ne
1275 4119 1718 4188 conspirationes
1787 4119 1930 4174 inter
1973 4118 2081 4172 sibi

474 4217 757 4284 subjectos
781 4214 1028 4267 adoleret
1062 4229 1074 4265 :
1126 4210 1222 4264 sed
1256 4218 1310 4263 et
1339 4210 1383 4263 si
1440 4219 1640 4264 exortae
1673 4210 1926 4277 fuissent,
1959 4225 2083 4264 mox

475 4307 705 4362 rationis
780 4302 1162 4359 moderatione
1236 4300 1673 4364 succiderentur,
1727 4309 1818 4356 aut
1864 4300 1971 4355 sibi
2039 4301 2084 4355 si

2179 478 2521 551 Corripitque
2543 495 2690 545 eum,
2719 478 2850 550 quia
2880 493 3160 548 nunquam
3191 493 3250 532 se
3289 491 3688 549 recognoscere
3707 477 3776 530 de

2175 568 2360 639 aliqua
2383 570 2564 640 culpa,
2597 569 2696 623 sed
2749 585 2970 638 semper
2997 585 3056 623 se
3102 567 3399 622 defendere
3431 565 3678 638 parabat,
3711 567 3779 620 de

2177 663 2368 717 habitu
2391 679 2631 734 quoque,
2654 664 2890 727 incessu,
2914 663 3049 729 risu,
3076 661 3426 730 juramentis,
3467 659 3778 730 impatienti

2176 753 2473 818 locutione,
2509 755 2588 808 ira
2617 754 2908 826 praecipiti,
2952 760 3006 810 et
3035 754 3160 808 aliis
3197 752 3428 816 multis;
3462 752 3616 818 item,
3649 750 3780 822 quia

2176 853 2365 899 contra
2421 854 2731 902 sanctarum
2822 847 3223 917 Scripturarum
3282 845 3552 902 tramitem
3619 857 3784 898 causa

2175 953 2286 992 suae
2314 938 2526 1007 injuria:
2559 940 2613 993 in
2653 939 2926 1010 parochiaa
2964 956 3076 994 suae
3127 939 3536 1012 gubernatione
3589 949 3783 989 exces-

2176 1041 2340 1098 serat,
2373 1040 2433 1087 ut
2463 1034 2580 1088 haec
2641 1034 2919 1108 corrigere
2979 1035 3214 1096 studeat,
3273 1033 3581 1088 admonens
3651 1045 3776 1084 eum

2177 1123 2394 1194 qualem
2425 1139 2485 1178 se
2515 1124 2717 1180 debeat
2743 1125 3008 1180 exhibere
3036 1125 3222 1179 verbis
3240 1123 3484 1195 Apostoli
3505 1123 3574 1176 ad
3595 1121 3782 1175 Timo-

2177 1218 2364 1272 theum
2393 1235 2405 1270 :
2436 1218 2590 1285 item,
2649 1220 2716 1274 de
2766 1221 3004 1291 quodam
3070 1219 3379 1291 sacrilegio,
3411 1226 3465 1273 et
3503 1235 3534 1272 a
3558 1234 3620 1272 se
3651 1232 3785 1287 pro-

2178 1309 2486 1363 sceleribus
2515 1307 3009 1375 excommunicato,
3068 1308 3214 1380 quod
3270 1307 3347 1361 illi
3406 1323 3495 1362 res
3522 1305 3790 1362 ecclesia-

2180 1401 2342 1454 sticas
2370 1399 2438 1452 ad
2466 1399 2639 1468 turpis
2689 1399 2824 1454 lucri
2876 1399 3158 1469 praamium
3215 1397 3470 1464 dederit;
3504 1398 3658 1463 item,
3688 1413 3788 1468 pro

2183 1494 2410 1550 Hadulfo
2441 1495 2677 1565 quodam
2708 1495 2880 1566 ipsius
2930 1496 3131 1551 clerico
3187 1502 3406 1566 petens,
3438 1509 3604 1565 quem
3641 1492 3785 1546 idem

2182 1588 2504 1643 IIincmarus
2564 1586 3134 1642 excommunicaverat
3173 1601 3187 1647 ;
3230 1583 3384 1650 item,
3443 1583 3512 1638 de
3552 1581 3790 1652 epistola

2183 1698 2336 1753 papae
2363 1681 2582 1736 Adriani
2625 1682 2694 1735 ad
2739 1680 3007 1752 quosdam
3039 1678 3336 1748 episcopos
3375 1693 3475 1747 per
3497 1691 3624 1730 eum
3654 1674 3790 1728 diri-

2181 1776 2359 1846 genda
2387 1793 2401 1840 ;
2428 1775 2580 1840 item,
2614 1790 2713 1845 pro
2731 1774 3101 1845 dispositione
3117 1771 3481 1845 quarumdam
3514 1770 3791 1841 parochias

2183 1883 2294 1920 suaa
2324 1865 2810 1921 ecclesiasticarum
2841 1882 3046 1922 rerum.
3097 1873 3158 1920 ut
3188 1864 3317 1919 inde
3337 1862 3423 1917 vel
3457 1861 3525 1916 ad
3557 1861 3790 1931 provin-

2185 1960 2378 2014 cialem
2411 1965 2727 2030 expectaret
2759 1959 3070 2030 synodum;
3104 1958 3254 2023 item,
3287 1972 3384 2028 pro
3413 1957 3795 2012 excommuni-

2185 2048 2399 2102 catione
2421 2047 2790 2109 Karlomanni,
2838 2046 2987 2102 unde
3009 2045 3237 2102 obedire
3263 2045 3369 2115 ipsi
3392 2044 3636 2108 nolebat,
3669 2061 3794 2098 eum

2185 2154 2332 2208 saepe
2358 2152 2737 2203 commonens,
2768 2141 2828 2190 ut
2857 2134 3261 2190 contumaciam
3319 2147 3434 2187 suae
3463 2133 3668 2187 mentis
3697 2135 3797 2189 de-

2188 2237 2438 2301 poneret,
2468 2237 2523 2282 et
2573 2227 2641 2282 ad
2709 2226 3125 2282 obaudiendum
3173 2224 3302 2292 sibi,
3333 2239 3434 2279 eeu
3465 2223 3577 2291 jam
3611 2235 3794 2276 coram

2187 2319 2375 2373 multis
2403 2316 2638 2372 testibus
2667 2315 2950 2386 professus
2965 2313 3214 2370 fueratin
3235 2312 3447 2384 synodo
3474 2319 3643 2382 atque
3663 2308 3798 2364 sub-

2186 2411 2501 2480 scripserat,
2561 2423 2619 2462 se
2677 2407 3012 2470 inclinaret;
3054 2406 3208 2472 item,
3268 2419 3368 2475 pro
3407 2401 3698 2458 Berthario
3733 2401 3795 2472 [3".

2187 2498 2498 2568 Berchario]
2521 2497 2776 2559 diacono,
2809 2513 2973 2568 quem
3005 2495 3444 2567 metr0politanaa
3478 2494 3575 2565 [ms
3593 2503 3800 2549 metro-

2185 2587 2434 2659 politani]
2478 2594 2641 2658 atque
2673 2585 3156 2657 comprovincialis
3177 2583 3375 2656 synodi
3398 2584 3673 2652 judicium
3698 2600 3804 2654 ap-

2185 2676 2482 2747 pellantem
2536 2675 2787 2730 indebite
2843 2675 2946 2730 sub
3000 2675 3250 2730 custodia
3298 2675 3605 2730 detinebat.
3642 2673 3800 2728 Unde

2184 2783 2444 2839 promens
2465 2767 2516 2821 ei
2547 2767 2695 2838 quod
2743 2767 2821 2822 ita
2868 2768 2922 2821 in
2970 2783 3096 2822 eum
3127 2783 3290 2841 agere
3344 2783 3455 2822 non
3487 2765 3800 2832 debuisset,

2186 2857 2448 2927 praecepit
2476 2857 2554 2910 illi
2585 2857 2909 2912 auctoritate
2948 2871 3225 2912 sacrorum
3265 2871 3540 2912 canonum
3571 2863 3628 2911 et
3677 2871 3800 2920 sua,

2187 2955 2247 3003 ut
2277 2949 2531 3003 eumdem
2562 2949 2880 3014 diaconum,
2921 2948 3005 3002 vel
3036 2949 3083 3002 si
3112 2949 3206 3020 qui
3236 2947 3472 3003 fuissent
3501 2948 3594 3002 alii
3633 2948 3804 3003 cleri-

2187 3053 2373 3094 corum
2399 3038 2667 3107 judicium
2689 3037 2936 3112 regulare
2967 3038 3368 3110 proclamantes
3406 3037 3475 3092 ab
3535 3039 3656 3109 ipso
3688 3039 3799 3093 de~

2189 3129 2344 3193 tenti,
2377 3129 2444 3182 ad
2483 3143 2640 3182 suum
2671 3144 2736 3183 ac
2765 3134 3090 3182 caeterorum
3115 3128 3502 3198 episcoporum
3522 3126 3800 3194 judicium

2187 3221 2359 3275 libere
2381 3220 2570 3274 venire
2621 3219 2982 3290 permitteret,
3051 3227 3106 3274 et
3149 3219 3271 3290 ipse
3288 3219 3472 3274 eidem
3498 3234 3556 3273 se
3583 3218 3802 3286 judicio

2187 3315 2564 3380 praesentaret.
2601 3309 2736 3362 Item
2765 3321 3076 3362 convocans
3106 3322 3232 3362 eum
3261 3306 3328 3362 ad
3349 3305 3651 3377 synodum,
3705 3306 3802 3361 ubi

2185 3397 2408 3451 Adriani
2436 3411 2591 3466 papae
2641 3395 2901 3451 mandata
2949 3396 3236 3451 tractanda
3290 3403 3467 3450 erant.
3500 3395 3709 3451 Scribit
3735 3396 3803 3449 ad

2186 3504 2314 3543 eum
2345 3497 2614 3558 praeterea
2643 3487 2815 3542 multa
2847 3505 2860 3554 ;
2895 3487 3190 3542 novissime
3249 3485 3548 3542 voluminis
3576 3488 3803 3552 seriem,

2189 3591 2562 3631 rememorans
2610 3576 2665 3629 in
2695 3591 2784 3640 eo,
2824 3576 2894 3630 ad
2926 3576 3128 3630 mentis
3165 3575 3284 3643 ejus
3312 3575 3505 3631 oculos
3535 3591 3806 3631 revocans

2187 3667 2587 3740 qualiterillum
2615 3668 2922 3738 orphanum
2981 3667 3128 3722 dulci
3182 3666 3482 3722 dilectione
3532 3666 3638 3723 sub
3666 3667 3802 3723 reli-

2187 3761 2351 3834 gione
2382 3760 2660 3828 nutrierit,
2684 3761 2883 3815 litteris
2897 3760 3184 3824 erudierit,
3219 3776 3319 3832 per
3333 3761 3583 3836 singulos
3596 3761 3806 3835 gradus

2189 3850 2591 3906 ecclesiasticos
2602 3866 2777 3921 usque
2789 3851 2857 3904 ad
2877 3851 3231 3922 episcOpatus
3240 3851 3454 3922 apicem
3470 3850 3802 3922 provexerit.

2265 3966 2280 3990 ι
2330 3941 2708 4012 Nunc,inquit,
2738 3941 3153 3997 retribuendum
3178 3941 3476 3998 mihimala
3498 3957 3597 4013 pro
3619 3941 3805 4006 bonis,

2189 4040 2244 4088 et
2281 4033 2410 4088 odio
2444 4050 2532 4087 me
2559 4032 2856 4088 habentem
2895 4033 3064 4108 gratis
3082 4033 3253 4106 (Psal.
3287 4035 3496 4102 xxxrv),
3540 4034 3805 4105 quoniam

2190 4135 2301 4176 non
2353 4120 2510 4176 faveo
2539 4120 2647 4175 tuis
2715 4119 3070 4177 infructuosis
3113 4122 3401 4193 operibus,
3451 4121 3699 4193 quandiu
3755 4130 3807 4176 te

2188 4213 2382 4282 patiar,
2415 4211 2606 4266 multis
2646 4227 2677 4265 a
2706 4217 2760 4265 te
2793 4210 3030 4266 afflictus
3051 4213 3271 4281 injuriis
3297 4213 3326 4266 τ
3349 4215 3524 4284 (Joan.
3567 4214 3684 4283 xv.)
3716 4213 3807 4267 Et-

2186 4301 2330 4354 enim
2363 4300 2430 4356 ab
2461 4301 2579 4370 ipsa
2608 4299 2698 4353 die
2747 4299 3112 4355 ordinationis
3138 4307 3246 4356 tute
3288 4309 3396 4356 tam
3420 4303 3608 4358 verbis
3635 4321 3803 4376 quam

474 4413 702 4454 necesse
761 4395 901 4450 foret
948 4394 1065 4446 haec
1119 4391 1375 4446 intimare
1430 4401 1665 4460 curaret,
1743 4401 1798 4446 et
1861 4392 2082 4464 quando
2111 4378 2164 4444 D
2187 4394 2426 4465 scriptis,
2453 4401 2508 4449 et
2546 4393 2600 4447 in
2631 4393 2898 4448 ordinatis
2927 4393 3140 4449 actibus
3169 4411 3232 4451 ac
3270 4396 3514 4452 motibus
3543 4398 3656 4453 tuis
3696 4398 3807 4454 fre-

472 4489 743 4560 synodum
788 4485 988 4539 debeat
1033 4483 1311 4538 celebrare
1387 4483 1490 4538 Pro
1549 4500 1656 4555 quo
1714 4483 1874 4538 valde
1935 4481 2091 4538 labo-

475 4578 632 4645 ravit,
667 4578 945 4648 multaque
971 4575 1046 4629 illi
1069 4574 1284 4641 scribit,
1316 4574 1734 4645 reprehendens
1758 4590 1907 4638 eum,
1935 4581 2091 4629 etca-

473 4671 682 4745 stigans
713 4668 781 4722 de
805 4665 1023 4720 levitate
1045 4681 1259 4720 morum
1290 4673 1344 4720 et
1371 4675 1589 4720 actuum
1616 4680 1871 4732 suorum,
1898 4665 2091 4720 admo-

475 4778 724 4832 nensque
755 4767 813 4813 ut
842 4758 908 4811 ad
939 4773 1034 4812 cor
1063 4774 1223 4811 suum
1257 4757 1465 4822 redeat,
1494 4767 1548 4813 et
1570 4759 1736 4814 Deum
1757 4767 1868 4814 tota
1895 4758 2082 4813 inten-

475 4853 621 4907 tione
650 4849 861 4922 precari
888 4848 1200 4915 studeat,ut
1222 4863 1347 4902 eum
1373 4847 1654 4918 respiciat,
1683 4855 1742 4903 ut
1766 4848 2077 4922 intelligere

470 4945 574 4999 sibi
608 4951 772 5016 atque
813 4942 1090 5015 corrigere
1114 4941 1527 5013 perversitatem
1554 4959 1707 4996 suam
1730 4942 1919 5010 donet,
1949 4943 2078 5014 quia

469 5036 728 5091 videlicet
759 5035 925 5089 nimis
954 5033 1060 5087 sibi
1084 5033 1308 5104 sapiens
1335 5049 1455 5087 esse
1484 5033 1799 5098 videbatur,
1829 5040 1881 5087 et
1910 5035 2080 5104 perti-

470 5143 572 5181 nax
606 5127 657 5180 in
691 5123 1166 5187 contentionibus,
1200 5123 1558 5197 etquialeges
1589 5121 1990 5178 ecclesiasticas
2009 5123 2077 5176 ad

467 5234 581 5273 sua)
610 5217 908 5273 voluntatis
939 5216 1303 5271 intentionem
1327 5215 1550 5270 flectere
1579 5215 1940 5283 nitebatur,et
1964 5233 2078 5272 me-

468 5311 572 5364 lius
629 5327 723 5364 eas
779 5327 838 5365 se
895 5309 1120 5380 putabat
1206 5307 1538 5381 intelligere,
1595 5324 1759 5380 quam
1826 5310 2076 5365 seniores

467 5408 616 5454 natu.
651 5400 752 5454 Pro
783 5413 892 5470 quo
922 5397 976 5450 in
1001 5405 1209 5450 tantum
1241 5396 1532 5463 laboravit,
1566 5399 1809 5452 utetiam
1838 5399 2074 5455 senioris

464 5490 546 5545 sui
580 5489 728 5563 regis
753 5485 1119 5542 offensionem
1153 5485 1451 5540 incurrisse
1474 5502 1531 5540 se
1559 5487 1740 5552 dicat;
1776 5488 1929 5542 illum
1943 5507 2072 5547 vero

463 5570 773 5650 impudenti
830 5578 1032 5645 fronte,
1095 5586 1390 5649 erectaque
1430 5579 1664 5642 cervice,
1706 5581 2072 5637 trementibus

465 5669 650 5733 labiis,
681 5674 737 5721 et
768 5667 1121 5723 inflammatis
1147 5667 1333 5723 verbis
1360 5669 1685 5738 petitionem
1706 5679 1759 5727 et
1789 5672 2071 5728 humilita-

2193 4483 2492 4554 quentibus
2520 4483 2660 4539 adeo
2702 4499 2822 4538 sum
2853 4493 3130 4558 gravatus,
3172 4485 3605 4543 lacerationibus
3630 4498 3801 4561 atque

2190 4579 2632 4646 contusionibus,
2665 4587 2725 4634 ut
2746 4579 2941 4634 taedeat
2978 4596 3068 4635 me
3085 4581 3210 4636 vitae
3238 4597 3396 4647 mere,
3429 4584 3563 4654 quia
3593 4585 3673 4639 sic
3705 4601 3805 4656 pro

2193 4675 2301 4729 loci
2327 4674 2435 4728 mei
2459 4672 2641 4728 officio
2669 4681 2774 4727 tuae
2797 4673 3109 4730 insolentia:
3130 4691 3251 4730 sum
3271 4693 3574 4745 connexus,
3602 4689 3669 4734 ut
3688 4696 3800 4735 non

2183 4769 2360 4823 solum
2377 4772 2503 4838 post
2527 4767 2759 4838 primam
2778 4775 2832 4822 et
2863 4769 3163 4824 secundam
3197 4771 3624 4838 correctionem,
3639 4773 3800 4842 juxta

2181 4857 2500 4928 Apostolum
2566 4859 2700 4928 (Tit.
2768 4860 2870 4926 III),
2927 4874 3118 4913 verum
3167 4874 3269 4915 nec
3334 4869 3460 4931 post
3529 4861 3799 4933 plurimas

2181 4948 2454 5018 privatim,
2486 4955 2540 5003 et
2565 4963 2749 5004 coram
2771 4950 3162 5005 communibus
3180 4950 3547 5008 familiaribus
3567 4955 3793 5018 nostris,

2180 5039 2276 5093 sed
2299 5049 2354 5094 et
2373 5055 2554 5094 coram
2603 5055 2756 5114 rege,
2798 5049 2856 5096 et
2908 5042 3187 5113 episcopis
3244 5059 3308 5097 ac
3337 5044 3594 5114 plurimis
3649 5047 3795 5110 aliis,

2179 5129 2363 5184 verbis
2391 5139 2444 5185 et
2469 5130 2686 5201 scriptis
2711 5131 3182 5188 commonitiones
3203 5141 3258 5190 te
3277 5136 3490 5190 valeam
3522 5136 3794 5192 devitarc.

2179 5221 2242 5276 Et
2271 5221 2397 5278 licet
2436 5230 2710 5295 exoptem,
2770 5231 2831 5279 ut
2888 5223 3154 5281 darentur
3213 5227 3350 5282 mihi
3396 5244 3594 5298 pennae
3651 5231 3795 5285 sicut

2175 5316 2463 5383 columbae,
2523 5327 2578 5372 et
2608 5317 2902 5385 avolarem,
2967 5335 3030 5374 ac
3059 5321 3466 5392 requiescerem
3485 5338 3518 5377 a
3545 5333 3598 5378 te
3628 5325 3790 5380 elon-

2175 5418 2333 5480 gatus
2360 5411 2417 5463 in
2448 5410 2686 5482 aliquam
2704 5411 3060 5468 solitudinem
3085 5415 3228 5483 (Ps-al
3243 5417 3387 5486 xcv),
3413 5431 3524 5471 non
3557 5432 3783 5488 possum

2174 5513 2451 5568 quoquam
2483 5497 2744 5572 effugere,
2773 5507 2832 5554 ut
2860 5507 2958 5555 aut
2982 5508 3074 5556 tua
3105 5503 3409 5572 pertinacia
3439 5506 3788 5561 contumacis

2173 5592 2501 5661 praesentiae,
2546 5601 2641 5648 aut
2695 5593 2986 5650 missorum
3047 5602 3263 5652 tuorum
3313 5597 3784 5671 duriloquiis,aut

2170 5679 2584 5748 scripturarum.
2623 5691 2836 5738 tuarum
2894 5685 3353 5756 derogationibus
3391 5695 3446 5742 et
3493 5688 3786 5744 inutilibus
