4010 6162
249 294 357 350 209

892 288 1223 345 HISTORUE
1260 286 1595 344 ECCLESIIE
1634 283 1960 341 REMENSIS
1998 283 2175 339 LIBRI
2216 283 2546 348 QUATUOR.
2576 316 2647 326 —
2678 285 2803 342 LIB.
2847 286 2938 339 ill.

3476 286 3584 344 210

252 429 473 495 ηεεηὶὶε,
505 428 637 500 quin
677 427 863 499 potius
890 424 1192 498 tragaadiis,
1233 431 1325 479 aut
1352 422 1554 478 talibus
1591 436 1712 493 qua:
1759 435 1869 475 non
1894 425 1946 492 Α
1974 419 2202 486 tionem,
2257 434 2361 475 nec
2389 418 2556 474 etiam
2613 420 2820 475 humile
2850 435 3179 491 responsum
3223 420 3360 476 mihi
3389 436 3453 476 ac
3480 432 3580 477 co-

250 520 594 575 conveniunt
610 519 895 592 episcopo,
925 517 993 573 de
1015 524 1070 572 te
1095 514 1472 570 auditionibus
1491 528 1603 568 non
1628 511 1862 585 affligar,

251 621 305 666 et
322 612 438 681 jam
469 612 691 667 tandem
737 610 924 681 putavi
952 616 1005 665 te
1043 608 1234 683 pigere
1263 607 1396 662 talia
1420 605 1644 676 exsequi
1674 645 1688 671 ,
1738 618 1862 659 cum

250 719 377 759 ecce
406 719 557 758 nunc
587 703 774 757 ldibus
810 699 1132 758 Novembris
1157 705 1365 771 quartas
1393 697 1713 753 indictionis
1737 709 1866 767 pro-

249 795 570 851 lixissimam
626 795 883 861 rotulam,
922 792 1227 848 mendaciis
1266 800 1321 847 et
1358 788 1867 847 irrationalitatibus

248 901 311 940 ac
339 885 697 956 improperiis
725 890 918 940 contra
952 883 1240 939 veritatem
1279 889 1335 937 et
1372 882 1749 937 auctoritatem
1779 894 1869 934 re-

246 977 452 1048 pletam
483 977 621 1031 mihi
649 976 868 1031 misisti.
900 975 963 1030 Et
987 974 1158 1030 miror
1185 989 1285 1030 cur
1312 973 1391 1029 sic
1421 973 1642 1029 exfrons
1672 972 1866 1039 factus,

247 1076 305 1124 ut
353 1069 424 1124 de
446 1054 644 1124 Judaaa
690 1068 957 1123 Dominus
996 1066 1265 1139 queritur,
1322 1065 1503 1120 nescis
1541 1065 1868 1119 erubescere

246 1163 372 1231 (Jer.
401 1179 452 1217 vr
468 1168 521 1217 et
540 1161 676 1231 vni),
700 1168 755 1216 et
775 1160 875 1215 tibi
896 1174 1007 1215 non
1023 1166 1114 1215 est
1130 1174 1341 1215 nausea
1351 1156 1480 1213 talia
1490 1164 1545 1212 et
1564 1165 1710 1213 tanta
1724 1157 1867 1213 scri-

243 1256 419 1321 bere,
470 1256 577 1310 nisi
626 1255 889 1327 quoniam
943 1250 1275 1308 utilitatibus
1326 1266 1438 1305 non
1483 1265 1543 1306 es
1587 1250 1865 1316 intentus,

244 1364 434 1419 neque
452 1348 509 1401 in
534 1346 862 1403 necessariis
883 1350 1211 1415 occupatus:
1230 1350 1286 1399 et
1313 1351 1375 1397 ut
1392 1342 1461 1398 de
1491 1342 1613 1397 aliis
1633 1351 1863 1398 taceam.

241 1455 364 1511 qua:
422 1439 468 1495 si
498 1455 563 1494 ex
611 1439 810 1494 ordine
834 1437 1060 1493 voluero
1112 1435 1402 1507 replicare,
1435 1443 1597 1490 antea
1645 1432 1867 1489 deficiet

239 1527 330 1581 lux
365 1527 592 1594 diurna,
638 1544 801 1599 quam
849 1524 1084 1599 legenda
1129 1523 1330 1579 exinde
1367 1521 1588 1579 deﬁciat
1641 1523 1862 1596 pagina,

241 1615 528 1686 replicabo
548 1616 647 1671 tibi
676 1616 882 1687 aliqua,
902 1629 1025 1686 qua:
1054 1628 1166 1669 non
1192 1614 1349 1670 valeo
1376 1629 1480 1669 nec
1508 1611 1866 1667 debeosilen-

236 1707 311 1761 tio
347 1707 660 1777 praeterire.
709 1706 972 1762 Videlicet
1028 1707 1155 1778 quia
1210 1705 1390 1761 statim
1423 1711 1483 1759 ut
1526 1721 1556 1759 a
1614 1711 1855 1775 paternae

234 1899 333 1939 eos
363 1884 464 1955 qui
500 1891 553 1939 te
584 1883 897 1938 nutrierunt
925 1884 1237 1950 deseruisti,
1269 1891 1325 1938 et
1352 1884 1642 1939 saeculares
1671 1885 1864 1941 amici-

233 1976 339 2030 tias
395 1987 565 2048 atque
605 1974 1005 2031 familiaritates
1057 1975 1324 2047 quasisti,
1372 1982 1428 2031 et
1457 1978 1762 2049 acquisisti,
1811 1988 1864 2035 et

227 2070 309 2125 sic
333 2069 582 2124 subinde
612 2069 752 2125 alios
777 2079 836 2125 et
864 2070 1005 2126 alios
1030 2070 1296 2126 deserens
1327 2079 1383 2126 et
1408 2070 1722 2141 acquirens,
1749 2087 1861 2128 non

226 2162 415 2216 solum
439 2162 514 2217 de
534 2162 909 2232 comparibus,
930 2162 1029 2217 sed
1050 2162 1211 2217 etiam
1235 2170 1291 2217 et
1320 2162 1388 2218 de
1410 2163 1510 2218 tibi
1531 2164 1859 2230 commissis,

223 2254 292 2307 ad
326 2254 439 2309 hoc
478 2254 775 2319 emersisti,
806 2261 864 2309 ut
913 2262 1107 2310 contra
1135 2270 1319 2309 sacras
1369 2255 1742 2311 Antiocheuas
1768 2272 1861 2310 re-

223 2345 389 2416 gulas
418 2345 811 2415 praecipientes
849 2352 909 2400 ut
936 2352 1137 2417 praeter
1172 2362 1262 2402 me
1291 2362 1456 2419 agere
1485 2346 1623 2401 nihil
1654 2346 1860 2402 debeas

224 2432 453 2501 (concil.
480 2434 730 2487 Antioch.
766 2451 806 2497 ι,
835 2450 958 2504 cap.
988 2434 1066 2501 9),
1093 2435 1403 2489 secundum
1443 2434 1727 2506 antiquam
1757 2436 1859 2490 Pa-

225 2520 409 2575 tribus
437 2521 645 2576 nostris
694 2522 939 2597 regulam
969 2521 1346 2589 constitutam,
1380 2521 1490 2577 nisi
1529 2537 1593 2575 ea
1624 2530 1858 2592 tantum,

225 2630 353 2685 quae
380 2613 456 2668 ad
496 2620 642 2669 tuam
686 2614 1002 2686 parochiam
1031 2614 1333 2685 pertinent,
1368 2616 1860 2689 possessionesque

223 2704 522 2774 subjectas
574 2703 695 2759 sine
720 2718 865 2770 mea,
897 2702 985 2759 vel
1031 2703 1486 2774 coepiscOporum
1545 2713 1857 2761 nostrorum

223 2796 584 2851 conscientia
614 2795 1152 2850 administrationem
1182 2796 1237 2849 in
1264 2796 1468 2866 palatio
1499 2796 1686 2852 domui
1716 2799 1860 2870 regis

224 2887 570 2953 obtinueris,
621 2902 786 2958 quam
825 2885 1361 2942 administrationem
1391 2886 1491 2941 tibi
1540 2902 1723 2942 coram
1754 2902 1856 2943 eo-

222 2976 355 3030 dem
404 2976 621 3031 domno
659 2990 786 3050 rege
838 2983 895 3030 et
921 2973 1044 3029 aliis
1097 2973 1190 3045 qui
1237 2972 1537 3029 adfuerunt
1579 2991 1644 3029 ex
1689 2974 1859 3031 sacris

224 3064 443 3138 regulis
469 3064 760 3131 interdixi,
781 3063 1168 3136 etaliquandiu
1190 3064 1259 3119 ab
1280 3064 1474 3119 eadem
1505 3063 1859 3119 administra-

224 3156 384 3211 tione
417 3155 674 3211 cessasti.
720 3155 917 3210 Postea
945 3163 1128 3210 autem
1169 3171 1269 3226 per
1292 3160 1530 3220 exteras,
1557 3153 1613 3208 id
1639 3162 1722 3209 est
1750 3168 1857 3208 saa-

221 3244 453 3298 culares
483 3250 788 3314 potestates
814 3252 1006 3299 contra
1043 3243 1403 3299 Sardicenses
1430 3257 1674 3299 canones
1710 3243 1847 3313 (con-

220 3338 297 3391 ci!
362 3337 543 3393 Sard.
576 3353 693 3392 can.
737 3338 828 3408 15)
873 3338 1123 3393 eamdem
1154 3336 1690 3392 administrationem
1730 3351 1851 3391 cum

222 3428 458 3483 abbatia
500 3428 559 3483 in
590 3430 751 3484 tertia
782 3430 1066 3500 provincia
1093 3429 1237 3484 ultra
1265 3429 1594 3485 Remensem
1626 3428 1854 3499 provin-

222 3518 371 3572 ciam
401 3517 529 3573 sine
561 3533 683 3573 mea
731 3519 1072 3575 conscientia
1099 3519 1407 3575 obtinuisti.
1438 3519 1517 3573 Ad
1558 3535 1721 3591 quam
1753 3518 1853 3572 ab-

222 3606 437 3660 batiam
466 3605 591 3660 sine
620 3622 743 3661 mea
773 3607 998 3663 licentia
1025 3609 1246 3680 quoties
1278 3608 1379 3663 tibi
1406 3608 1630 3680 placuit,
1662 3623 1861 3679 perre-.

220 3692 375 3760 xisti,
420 3701 482 3748 et
509 3694 757 3765 quandiu
792 3696 894 3751 tibi
938 3697 1143 3767 placuit
1172 3697 1377 3753 ibidem
1419 3696 1569 3752 fuisti
1603 3698 1855 3753 immora-

222 3792 332 3849 tus,
388 3791 593 3839 contra
645 3784 832 3840 Hilarii
884 3802 1041 3857 papae
1084 3786 1307 3843 decreta
1345 3787 1580 3843 dicentis
1624 3787 1852 3858 (HlLAR.,

219 3879 386 3945 epist.
421 3876 477 3945 8)
508 3894 523 3929 :
558 3876 698 3932 lllud
721 3893 832 3934 non
862 3880 1144 3950 potuimus
1159 3880 1439 3950 praeterire
1469 3882 1617 3952 quod
1645 3880 1854 3936 sollici-

221 3969 424 4023 tuvline
454 3968 811 4044 diligentiore
861 3973 1167 4034 curandum
1199 3980 1303 4042 est,
1354 3991 1426 4029 ne
1473 3983 1673 4045 printer
1729 3989 1848 4028 me-

221 4060 696 4130 tmpolitanorum
740 4076 967 4116 suorum
1017 4062 1232 4119 litteras
1275 4064 1446 4135 aliqui
1503 4064 1751 4135 episcopi
1785 4065 1853 4119 ad

221 4151 540 4221 quamlibet
566 4154 904 4223 provinciam
930 4156 1171 4212 audeant
1200 4156 1496 4228 proﬁcisci,
1520 4159 1667 4230 quod
1690 4158 1853 4214 etiam

222 4243 280 4296 in
308 4243 473 4297 omni
503 4259 711 4317 genere
755 4245 927 4302 ofﬁcii
958 4249 1231 4306 clericalis
1260 4266 1359 4321 per
1405 4250 1651 4326 singulas
1690 4252 1859 4308 debet

220 4339 496 4395 ecclesias
527 4339 813 4397 custodiri.

1886 1749 1935 1814 li

236 1795 373 1850 nido
406 1795 756 1852 educationis
784 1795 960 1851 factus
987 1797 1281 1867 episcopus
1310 1794 1559 1863 cvolasti,
1592 1802 1646 1850 et
1681 1811 1771 1850 me
1801 1803 1855 1851 et
1886 1794 1911 1814 "

1971 507 2251 579 episcopis
2265 506 2475 563 nostris
2490 506 2807 563 exhibuisti.
2830 507 2958 564 Post
2974 508 3092 566 hac
3105 524 3258 567 more
3281 517 3387 566 tute
3409 510 3583 566 insta-

1964 599 2196 655 bilitatis
2248 616 2312 655 ac
2346 600 2729 656 inconstantiae
2781 607 2973 656 contra
3000 600 3264 657 domuum
3305 617 3492 676 regem
3522 601 3581 658 in

1967 698 2183 748 tantum
2213 699 2266 747 te
2296 693 2416 747 sine
2463 692 2675 748 ratione
2707 693 3107 748 contumaciter
3154 693 3400 761 erexisti,
3430 701 3493 750 ut
3524 701 3582 751 et

1966 783 2503 840 administrationem
2534 783 2855 854 palatinam,
2884 790 2941 839 et
2968 784 3145 855 ipsam
3175 784 3451 841 abbatiam
3480 786 3579 841 tibi

1968 874 2233 942 auferret,
2261 883 2317 930 et
2341 890 2374 929 a
2403 883 2457 929 te
2496 880 2855 947 exaggeratus
2884 873 3108 929 duriora
3144 874 3451 947 ingerenda
3480 874 3580 930 tibi

1970 976 2328 1039 proponeret.
2360 966 2514 1022 Unde
2565 972 2622 1020 et
2662 965 2904 1036 scriptis,
2935 971 2991 1021 et
3045 965 3225 1021 verbis
3250 982 3350 1037 pro
3373 975 3429 1021 te
3465 977 3579 1021 sat-

1969 1074 2140 1133 agens
2169 1058 2322 1114 illum
2376 1057 2478 1113 tibi
2506 1056 2874 1112 reconciliavi.
2936 1057 3180 1129 Indeque
3212 1056 3355 1114 sicut
3400 1057 3580 1113 sciunt

1970 1153 2217 1226 plurimi,
2251 1158 2442 1208 contra
2473 1150 2626 1206 illum
2656 1156 2712 1206 te
2738 1150 2935 1205 iterum
2966 1151 3210 1217 erexisti,
3240 1157 3295 1205 et
3322 1150 3581 1205 mandata

1968 1258 2097 1309 sua,
2119 1248 2181 1296 ut
2209 1240 2278 1295 ad
2308 1255 2435 1295 eum
2466 1239 2706 1302 venires,
2739 1246 3123 1305 contemnens,
3153 1238 3295 1295 adeo
3324 1238 3479 1294 illum
3509 1238 3579 1294 ad

1968 1334 2307 1390 iracundiam
2333 1332 2664 1405 provocasti,
2682 1332 2823 1388 sicut
2851 1348 2938 1389 om
2947 1348 3046 1388 nes
3060 1333 3116 1387 in
3133 1332 3250 1388 istis
3261 1331 3583 1407 regionibus

1967 1426 2170 1493 sciunt,
2197 1431 2258 1480 ut
2283 1430 2506 1480 coactus
2532 1431 2586 1478 te
2616 1438 2715 1493 per
2742 1422 2940 1479 ﬁdeles
2964 1439 3095 1479 suos
3122 1423 3262 1480 sicut
3299 1422 3579 1478 inﬁdelem

1964 1523 2271 1590 appeteret.
2302 1517 2380 1571 Tu
2416 1522 2602 1572 autem
2639 1522 2767 1571 ante
2805 1516 3107 1571 inauditam
3136 1515 3582 1571 excommunica-

1965 1614 2172 1669 tionem
2227 1610 2283 1664 in
2313 1624 2489 1675 meos,
2521 1616 2577 1663 et
2614 1608 2911 1664 multorum
2941 1607 3482 1679 archiepiscOporum
3524 1613 3581 1662 et

1964 1704 2348 1775 episcoporum
2389 1700 2773 1771 parochianos,
2827 1699 2925 1754 sed
2965 1707 3018 1754 et
3059 1698 3116 1753 in
3156 1698 3335 1769 ipsum
3390 1715 3575 1772 regem
3622 1728 3637 1738 -

1964 1799 2085 1855 sine
2114 1812 2237 1851 mea
2267 1792 2607 1851 conscientia
2636 1799 2827 1848 contra
2856 1807 3040 1847 sacras
3060 1791 3278 1866 regulas
3297 1791 3574 1861 jaculasti.

1965 1891 2121 1947 Unde
2159 1889 2362 1944 multos
2397 1885 2802 1952 scandalizasti,
2833 1893 2888 1940 et
2924 1885 3221 1940 maximum
3260 1885 3581 1942 scandalum

1966 1997 2077 2038 non
2107 1979 2287 2036 solum
2334 1977 2615 2043 Ecclesiae,
2651 1976 2749 2031 sed
2780 1983 2835 2031 et
2864 1976 2981 2050 regi
3026 1992 3091 2031 ac
3122 1990 3293 2048 regno
3326 1974 3577 2037 intulisti,

1964 2090 2087 2130 cum
2112 2074 2198 2128 lex
2220 2069 2550 2143 prohibebat
2576 2077 2637 2125 ut
2657 2085 2758 2141 per
2777 2068 3014 2124 alienam
3036 2084 3274 2124 messem
3306 2067 3582 2123 transiens

1962 2168 2158 2225 falcem
2180 2183 2293 2223 non
2309 2166 2516 2233 mittas,
2544 2164 2642 2220 sed
2672 2180 2841 2219 manu
2866 2164 3047 2235 spicas
3072 2171 3326 2219 conteras
3352 2170 3408 2219 et
3424 2179 3583 2218 man-

1961 2262 2132 2317 duces
2152 2259 2325 2329 (Deut.
2346 2274 2504 2324 xxm,
2535 2256 2645 2323 25).
2666 2256 2903 2322 Falcem,
2936 2255 3114 2326 inquit
3141 2254 3336 2309 beatus
3373 2253 3581 2328 Grego-

1961 2356 2094 2421 rius,
2122 2353 2317 2423 judicii
2336 2353 2556 2408 mittere
2574 2367 2685 2407 non
2706 2356 2866 2422 potes
2890 2350 2948 2405 in
2969 2366 3035 2405 ea
3061 2358 3249 2425 segete
3265 2349 3433 2420 (Gaza
3462 2391 3476 2416 ,
3504 2351 3580 2406 ad

1960 2453 2283 2518 interrogat.
2312 2447 2593 2514 Augustin
2611 2460 2752 2516 resp.
2777 2446 2855 2515 9),
2879 2445 3009 2517 quia
3030 2444 3190 2499 alteri
3213 2444 3431 2500 videtur
3454 2460 3577 2501 esse

1961 2546 2274 2612 commissa,
2322 2543 2419 2599 sed
2459 2558 2560 2614 per
2597 2540 2852 2599 effectum
2902 2541 3035 2596 boni
3064 2540 3250 2612 operis
3302 2540 3575 2596 frumenta

1962 2637 2243 2694 Dominica
2267 2634 2526 2690 vitiorum
2556 2649 2781 2689 suorum
2809 2632 2984 2704 paleis
3012 2630 3281 2703 exspolia,
3309 2639 3366 2687 et
3391 2631 3448 2686 in
3476 2631 3579 2686 Eo-

1961 2729 2142 2785 clesiaa
2169 2742 2372 2798 corpus
2399 2725 2681 2781 monendo
2709 2734 2765 2780 et
2792 2723 3204 2796 persuadendo,
3235 2723 3390 2795 quasi
3418 2739 3577 2778 man-

1961 2826 2166 2893 dando,
2194 2829 2476 2881 converte.

2034 2943 2060 2974 α
2101 2923 2229 2978 Post
2273 2935 2438 2992 quam
2494 2915 3006 2990 praesumptionem,
3061 2914 3327 2971 adhibitis
3353 2930 3571 2971 mecum

1957 3018 2328 3076 confratribus
2357 3014 2581 3080 nostris,
2625 3020 2679 3069 te
2706 3018 2761 3067 et
2788 3028 2913 3067 cum
2943 3026 3011 3067 eo
3057 3008 3339 3079 paciﬁcavi
3371 3016 3428 3065 et
3455 3011 3579 3082 epi-

1877 3116 1926 3184 C
1953 3114 2155 3185 scopis,
2189 3127 2423 3185 quorum
2464 3107 2835 3181 parochianos
2874 3107 3384 3173 excommunicasti,
3428 3114 3490 3163 ut
3515 3107 3572 3162 iu

1956 3214 2009 3260 te
2065 3202 2316 3274 synodali
2370 3197 2647 3255 sententia
2692 3212 2803 3252 non
2858 3197 3190 3252 inveherent
3219 3238 3234 3263 ,
3293 3197 3572 3268 persuasi;

1954 3293 2048 3350 sed
2090 3300 2146 3347 et
2174 3291 2398 3347 eosdem
2438 3304 2470 3343 a
2508 3295 2562 3344 te
2588 3287 3112 3353 excommunicatos,
3153 3287 3282 3343 licet
3309 3302 3420 3343 non
3452 3287 3572 3342 sine

1954 3383 2165 3448 labore,
2194 3377 2625 3434 adminiculante
2646 3382 2830 3431 tamen
2860 3375 3065 3430 domno
3097 3390 3250 3450 rege,
3282 3375 3570 3431 adversum

1954 3483 2006 3528 te
2034 3471 2432 3543 conquiescere
2482 3466 2610 3523 feci.
2643 3467 2749 3521 Sed
2784 3474 2840 3521 tu
2878 3466 3091 3521 addens
3140 3467 3326 3537 pejora
3378 3467 3571 3537 priori-

1953 3563 2176 3631 bus,sic
2195 3563 2460 3617 domuum
2491 3574 2699 3633 regem,
2728 3558 2872 3614 sicut
2896 3557 3032 3612 mihi
3049 3558 3274 3630 longum
3305 3567 3389 3613 est
3410 3574 3573 3613 enar-

1956 3672 2098 3722 rare,
2128 3662 2184 3709 et
2226 3652 2384 3708 multi
2424 3654 2625 3720 sciunt,
2683 3653 2882 3707 iterum
2918 3651 3282 3724 exaggerasti,
3313 3660 3372 3708 ut
3407 3668 3573 3708 causa

1957 3757 2065 3804 tuae
2121 3746 2515 3821 castigationis,
2546 3754 2622 3813 te,
2673 3746 2793 3800 sine
2833 3760 2955 3799 mea
3008 3745 3312 3809 voluntate,
3343 3745 3575 3816 sineque

1955 3859 2080 3899 meo
2137 3856 2451 3907 consensu,
2546 3837 2949 3911 aliquantulum
3020 3839 3259 3894 detineri
3329 3840 3567 3907 jubcrct.

1953 3935 2029 3989 Tu
2055 3947 2186 3988 vero
2221 3945 2385 3986 causa
2423 3935 2531 3983 tuae
2586 3927 2824 3996 injuriae,
2856 3944 2945 3983 me
3001 3929 3337 3997 inconsulto,
3370 3937 3424 3984 et
3449 3930 3570 3985 sine

1954 4040 2227 4082 consensu
2274 4023 2729 4094 coepiscoporum
2772 4022 3060 4079 Remensis
3089 4024 3386 4095 provincia:
3428 4025 3572 4080 sicut

1958 4118 2148 4190 petitio
2192 4133 2223 4171 a
2253 4115 2466 4172 clericis
2518 4113 2898 4170 Laudunensis
2938 4115 3195 4170 Ecclesiae
3246 4116 3382 4171 mihi
3430 4133 3567 4188 por-

1962 4220 2107 4268 recta
2146 4212 2505 4273 demonstrat,
2545 4210 2896 4281 presbyteros
2934 4218 2990 4265 et
3035 4211 3443 4267 comministros
3471 4228 3568 4269 ec-

1959 4305 2140 4361 clesia:
2170 4319 2235 4359 ac
2272 4302 2545 4374 parochias
2584 4302 2682 4357 tibi
2719 4302 3024 4359 commissae
3063 4305 3572 4374 excommunicasti,

1961 4404 2020 4451 ut
2067 4411 2230 4452 nemo
2258 4394 2313 4449 in
2358 4394 2552 4448 eadem
2591 4394 2854 4464 parochia
2882 4395 3170 4451 missarum
3221 4395 3401 4453 ofﬁcia
3426 4398 3575 4454 cele-

295 4498 321 4521 α
369 4473 436 4528 Et
466 4473 553 4528 sic
589 4481 749 4529 antea
807 4476 1053 4533 Zosimus
1080 4480 1308 4548 (losum,
1347 4485 1507 4552 epist.
1539 4485 1573 4539 5
1617 4488 1667 4539 ct
1694 4485 1767 4552 9),
1800 4487 1931 4554 etl)
1960 4487 2163 4551 braret,
2214 4485 2494 4539 neminem
2530 4483 2902 4552 parvulorum,
2945 4486 3110 4540 etiam
3150 4488 3205 4542 in
3245 4489 3438 4544 mortis
3480 4504 3575 4544 ur-

222 4574 423 4635 postea
458 4573 688 4621 sanctus
718 4567 1012 4642 Gregorius
1053 4572 1335 4643 (Cassam,
1377 4577 1553 4643 libav,
1583 4581 1736 4647 epist.
1770 4579 1860 4650 51)

221 4656 618 4713 decreverunt.
673 4658 969 4731 Propterea
1024 4680 1249 4736 quoque
1291 4666 1462 4721 semel
1511 4683 1573 4723 ac
1616 4669 1860 4725 secundo

222 4750 437 4806 litteris
463 4751 752 4807 canonicis
783 4764 1041 4823 evocatus
1071 4758 1140 4812 ad
1172 4758 1577 4814 ordinationem
1609 4760 1858 4834 episcopi

225 4839 281 4892 in
323 4840 583 4895 Ecclesia
614 4842 992 4899 Cameracensi
1050 4846 1345 4917 provincia;
1386 4855 1585 4902 nostra:
1640 4858 1858 4920 pastore

229 4930 519 4998 destituta,
548 4934 695 4989 unde
739 4936 1039 5006 apostolica
1065 4938 1228 4992 sedes
1266 4954 1355 4993 me
1384 4948 1715 5013 suggerente
1747 4958 1854 4997 non

235 5022 455 5077 modice
489 5023 780 5093 laboravit,
814 5032 921 5082 nec
943 5027 1062 5099 ipse
1092 5029 1315 5097 venisti,
1349 5046 1451 5085 nec
1482 5047 1580 5101 pro
1612 5038 1662 5087 te
1712 5033 1858 5088 vica-

238 5108 372 5164 riam
404 5126 731 5181 personam,
784 5116 868 5168 vel
910 5115 1118 5171 litteras
1168 5118 1247 5172 tui
1278 5133 1601 5184 consensus,
1656 5128 1716 5175 ut
1770 5137 1861 5176 re-

230 5198 375 5270 gulae
404 5216 580 5254 sacrm
615 5202 964 5273 praecipiunt,
991 5205 1061 5259 ad
1091 5221 1178 5259 mc
1208 5205 1475 5261 direxisti.
1508 5207 1659 5263 Unde
1690 5209 1851 5279 Sym-

235 5292 465 5347 machus
497 5308 642 5363 papa
670 5295 738 5348 ad
770 5296 1005 5351 Eouium
1037 5314 1102 5354 ex
1149 5300 1320 5355 sacris
1352 5301 1557 5375 regulis
1609 5302 1856 5373 promul-

234 5385 384 5456 gavit
424 5385 610 5455 (Svu.,
655 5404 738 5459 ep.
787 5390 876 5457 11,
925 5392 1001 5444 ad
1039 5393 1379 5463 Camurium),
1431 5404 1487 5447 ut
1532 5394 1576 5446 si
1627 5395 1862 5465 quilibet

235 5472 539 5545 episcopus
580 5478 1009 5548 metropolitano
1063 5480 1308 5550 pontiﬁci
1334 5482 1487 5549 juxta
1539 5484 1858 5537 canonicam

240 5562 628 5622 deﬁnitionem
673 5579 899 5625 vocatus
929 5572 1312 5642 obtemperare
1358 5574 1616 5642 noluerit,
1651 5576 1864 5631 noverit

246 5657 648 5714 sucridendum
664 5676 744 5729 se,
768 5662 915 5734 quod
940 5678 1049 5718 non
1070 5670 1344 5734 optamus,
1359 5666 1733 5721 ecclesiastica
1752 5667 1866 5722 dis-

250 5746 474 5817 ciplina.
507 5748 618 5804 Sed
638 5756 697 5804 ct
722 5750 850 5807 hinc
878 5769 910 5806 a
940 5770 1026 5809 me
1044 5762 1370 5824 conventus,
1389 5758 1595 5812 nullam
1623 5757 1868 5813 satisfac-

1962 4577 2142 4653 gentis
2171 4574 2418 4647 periculo
2465 4574 2843 4640 constitutum,
2890 4574 3211 4646 baptizaret,
3258 4581 3470 4635 nullum
3502 4581 3571 4636 ad

1962 4667 2343 4740 paenitentiam
2373 4665 2683 4738 quisquam,
2718 4681 2821 4720 nec
2860 4666 3022 4721 etiam
3051 4668 3277 4725 obeunti
3327 4688 3574 4728 commn-

1961 4763 2129 4818 nione
2156 4761 2350 4816 viatica
2378 4760 2624 4815 muneris
2652 4761 3006 4827 subveniret;
3062 4763 3198 4817 nulli
3228 4764 3489 4823 defuncto
3516 4768 3571 4823 in

1958 4852 2284 4924 sepeliendo
2307 4850 2664 4906 humanitatis
2691 4851 3019 4922 obsequium
3050 4853 3361 4923 exhiberet;
3395 4857 3575 4915 donec

1961 4956 2124 5003 auttu
2144 4947 2262 5018 ipse
2285 4947 2352 5000 ad
2382 4962 2478 5002 eos
2501 4946 2740 5014 venires,
2773 4955 2864 5001 aut
2895 4963 2925 5002 a
2953 4949 3084 5002 sede
3115 4952 3413 5020 apostolica
3445 4954 3573 5009 inde

1961 5039 2283 5096 relationem
2312 5039 2640 5109 reciperent.
2700 5037 2855 5102 Quod
2880 5038 3132 5108 audiens,
3165 5040 3358 5110 fateor,
3405 5045 3576 5100 vehe-

1960 5142 2177 5189 menter
2214 5134 2490 5199 exhorrui,
2534 5141 2589 5187 et
2632 5134 2866 5205 proinde
2897 5134 2965 5189 ad
3019 5142 3091 5204 te,
3154 5138 3575 5209 n'etropolitana

1960 5225 2355 5288 sollicitudine,
2390 5224 2599 5279 litteras
2630 5226 2774 5292 misi,
2807 5242 3041 5281 monens
3071 5235 3126 5282 et
3155 5228 3381 5284 hortans
3411 5238 3484 5297 te,
3516 5238 3577 5286 ut

1962 5330 2070 5376 tam
2117 5320 2450 5377 exitiabilem
2500 5323 3129 5378 excommunicationem
3176 5331 3231 5380 et
3279 5325 3577 5396 impietatis

1963 5413 2371 5487 colligationem
2418 5413 2472 5466 in
2506 5421 2654 5468 tuum
2706 5422 2760 5468 et
2799 5416 3095 5469 multorum
3153 5417 3457 5487 periculum
3491 5419 3577 5472 iu-

1965 5510 2253 5567 tcnlatam,
2284 5503 2616 5573 quantocius
2655 5503 2919 5558 solveres.
2954 5504 3059 5557 Sed
3092 5512 3146 5559 et
3188 5506 3255 5558 ad
3296 5505 3579 5559 ministros

1966 5594 2347 5650 Laudunensis
2395 5594 2670 5661 Ecclesiae,
2724 5595 2922 5650 timens
2987 5596 3226 5652 immane
3281 5597 3575 5651 multorum

1967 5688 2216 5757 exitium,
2283 5688 2617 5744 certissimas
2656 5697 2710 5742 et
2768 5687 3172 5760 irrefragabiles
3227 5688 3579 5745 deﬁnitiones

1969 5784 2301 5857 evangelicae
2328 5783 2591 5851 veritatis,
2618 5789 2672 5837 et
2689 5782 3004 5854 apostolicae
3021 5784 3381 5850 auctoritatis,
3411 5794 3577 5857 atque
