4012 6164
442 356 542 410 211

1572 341 1940 398 FLODOARDI
1978 338 2284 396 CANONICI
2323 333 2649 391 REMENSIS

3665 333 3774 386 212

441 495 720 540 sacrorum
748 489 1023 531 canonum
1050 479 1107 528 et
1144 472 1459 543 apostolicae
1498 470 1648 525 sedis
1678 470 1876 537 direxi,
1921 486 2059 541 qua-
2083 473 2133 540 Α
2157 474 2212 523 et
2235 474 2287 521 te
2317 464 2485 520 sacris
2513 461 2722 538 regulis
2750 461 3015 528 subdens,
3051 474 3240 532 pacem
3270 464 3327 514 et
3349 458 3773 515 sanctimoniam

445 582 600 629 tenus
626 565 932 623 secundum
971 563 1196 617 easdem
1229 559 1608 626 definitiones,
1637 574 1759 630 quae
1801 560 1857 613 in
1908 559 2059 613 nullo

443 659 677 718 convelli
706 662 957 728 possunt,
991 671 1057 709 ex
1097 653 1290 708 eadem
1323 651 1637 723 periculosa
1668 655 1722 703 et
1776 649 2061 723 irregulari

444 750 1017 810 excommunicatione
1048 755 1275 822 agerent
1329 753 1384 801 et
1426 746 1528 816 ipsi
1587 747 1740 801 satis.
1773 745 1879 800 Sed
1934 745 2063 816 quia

447 867 580 905 mea:
638 843 1004 902 admonitioni
1043 841 1276 897 obedire
1318 855 1428 894 non
1456 838 1697 905 voluisti,
1739 838 1862 892 misi
1894 837 1961 890 ad
2011 846 2064 891 te

448 946 642 1000 iterum
666 939 865 996 exinde
887 938 1116 1002 litteras,
1140 934 1240 990 sed
1269 941 1324 988 et
1355 934 1422 987 ad
1452 932 1680 987 clericos
1728 931 2064 986 Laudunen-

447 1041 522 1094 sis
549 1037 846 1110 parochiae,
877 1043 932 1089 et
962 1048 1065 1088 nec
1103 1031 1181 1086 sic
1212 1036 1264 1084 te
1311 1028 1381 1083 ad
1428 1027 1801 1082 obediendum
1834 1026 2064 1080 invitare

450 1127 731 1200 praevalui.
768 1125 902 1180 Post
929 1124 1068 1187 haec,
1102 1135 1357 1192 quaerens
1387 1117 1835 1182 adinventiones,
1868 1122 1928 1171 ut
1959 1125 2011 1169 te
2039 1131 2068 1168 a

451 1217 874 1288 metropolitana
895 1212 1244 1282 subjectione
1267 1225 1458 1280 posses
1481 1224 1706 1275 exuere,
1733 1207 1982 1261 libellum
2000 1206 2068 1260 de

450 1311 799 1381 antiquorum
834 1306 1052 1360 Patrum
1092 1301 1310 1371 scriptis
1348 1307 1474 1354 ante
1505 1314 1691 1354 sacros
1721 1297 1952 1353 Nicaeae:
1980 1313 2071 1367 sy-

455 1405 606 1470 nodi,
660 1411 715 1457 et
751 1402 986 1456 aliorum
1031 1405 1347 1452 sanctorum
1408 1410 1651 1450 canones
1693 1393 1856 1447 editis
1904 1392 2073 1448 colle-

453 1499 601 1574 gisti,
631 1497 686 1550 in
719 1495 920 1567 quibus
951 1491 1257 1547 sententias
1288 1490 1434 1544 inter
1461 1505 1522 1542 se
1551 1487 1823 1552 dissonas,
1857 1495 1911 1541 et
1939 1501 2074 1541 con—

457 1603 534 1648 tra
565 1590 942 1663 evangelicam
975 1594 1029 1641 et
1063 1584 1442 1656 apostolicam,
1475 1591 1638 1653 atque
1669 1581 1988 1636 canonicam
2022 1587 2077 1634 et

387 1690 398 1697 “
456 1682 769 1753 apostolicm
806 1678 956 1733 sedis
985 1675 1364 1731 auctoritatem
1397 1669 1768 1736 immiscuisti,
1811 1676 1866 1724 et
1892 1669 2073 1723 eidem

457 1778 647 1833 libello
668 1777 790 1830 sine
811 1770 1222 1842 metropolitani
1240 1777 1295 1823 et
1311 1767 1766 1838 coepiscoporum
1786 1762 2077 1818 Remensis

461 1865 760 1938 provinciae
805 1859 1150 1918 conscientia
1178 1874 1241 1925 ac
1276 1872 1549 1912 consensu
1581 1852 1977 1923 subscripsisti,
2027 1858 2080 1905 et

459 1973 490 2010 a
537 1952 752 2008 clericis
797 1949 1046 2005 ecclesiae
1108 1953 1236 2012 tuas,
1289 1959 1506 1999 necnon
1555 1949 1609 1996 et
1651 1958 1682 1996 a
1729 1939 2081 2011 parochianis

462 2046 799 2120 presbyteris
825 2033 1096 2099 subscribi
1141 2039 1338 2095 fecisti.
1372 2039 1566 2094 volens
1596 2045 1648 2092 te
1673 2053 1704 2090 a
1734 2035 2079 2104 subjectione

462 2150 567 2195 tuae
627 2136 948 2207 metropolis
1005 2140 1227 2188 exutum
1283 2135 1585 2196 ostentare,
1628 2136 1682 2183 et
1727 2127 2077 2198 privilegium

462 2228 898 2299 metrOpolitanae
948 2224 1098 2279 sedis
1141 2222 1450 2287 annullare,
1497 2219 1653 2291 quasi
1695 2233 1805 2273 non
1862 2233 2080 2288 possem

464 2318 761 2392 impietatis
815 2325 918 2372 tuae
971 2314 1356 2388 colligationcs
1415 2311 1682 2366 canonica
1740 2309 2080 2371 auctorilate,

463 2410 585 2464 sine
619 2418 710 2464 tuo
740 2423 1037 2472 consensu,
1071 2421 1133 2460 ac
1162 2405 1283 2458 sine
1314 2401 1566 2474 synodali
1600 2407 1875 2456 conventu
1906 2399 1961 2452 in
1994 2414 2085 2468 pa-

466 2502 653 2558 rochia
696 2509 787 2556 tua
817 2499 1146 2563 dissolvere,
1178 2513 1302 2551 cum
1354 2495 1424 2548 de
1466 2493 1630 2548 certis
1681 2500 1737 2546 et
1777 2490 2082 2545 manifestis

467 2599 668 2665 causis,
702 2612 824 2667 qua:
857 2595 913 2650 in
945 2593 1096 2647 nullo
1151 2591 1316 2647 nobis
1346 2596 1475 2644 sunt
1499 2587 1673 2642 dubia
1702 2587 1789 2642 vel
1827 2587 2082 2650 obscura,

468 2695 523 2743 et
549 2687 618 2740 de
647 2685 847 2757 quibus
876 2682 1124 2736 ﬁnitivas
1153 2678 1480 2745 sententias,
1513 2693 1637 2749 quae
1675 2676 1822 2731 nulla
1855 2681 2086 2746 possunt

470 2777 681 2832 ratione
712 2772 970 2839 convelli,
1003 2789 1034 2826 a
1065 2771 1272 2825 sanctis
1301 2768 1553 2823 Patribns
1584 2767 1953 2839 promulgatas
1984 2765 2078 2818 lia-

469 2873 686 2938 bemus,
719 2869 982 2942 synodale
1023 2867 1354 2932 consultum,
1388 2864 1476 2919 vel
1501 2863 1958 2934 coepiscoporum
1983 2875 2084 2915 no—

469 2978 593 3024 straa
641 2965 937 3038 provinciae
969 2961 1284 3027 consilium,
1338 2959 1425 3015 vel
1459 2973 1788 3014 consensum
1829 2971 1939 3010 non
1988 2955 2086 3008 de-

466 3065 625 3118 beam
658 3066 994 3130 exspectare,
1044 3063 1100 3110 et
1143 3071 1172 3109 a
1220 3053 1424 3126 regulis
1468 3050 1808 3123 praestitutis,
1853 3059 1911 3104 ut
1958 3065 2088 3102 san-

2162 553 2467 609 secundum
2499 549 2821 622 Apostolum
2861 548 3018 620 sequi
3047 547 3300 601 studeres
3329 546 3513 616 (Hebr.
3547 546 3666 615 xu).
3700 546 3779 600 Tu

2164 652 2344 700 autem
2378 642 2587 698 nullam
2627 641 2758 695 inde
2783 655 2920 695 mete
2949 637 3314 693 admonitioni
3343 635 3779 692 satisfactionem

2162 735 2482 802 exhibuisti,
2503 735 2634 806 quin
2659 733 2840 804 potius
2869 732 3101 786 rotulam
3135 729 3556 801 prolixissimam
3587 736 3784 785 contra

2163 829 2447 884 veritatem
2482 835 2537 881 et
2563 825 2966 889 auctoritatem,
2998 839 3062 877 ac
3083 822 3350 876 rationem
3381 827 3695 876 contextam
3729 820 3783 874 in

2165 917 2357 972 eadem
2389 915 2600 986 synodo
2628 913 2874 969 obtulisti
2900 917 2955 966 et
2976 909 3261 981 praefatum
3284 916 3445 963 .tuum
3476 920 3791 965 monstruo-

2166 1024 2285 1062 sum
2314 1005 2584 1071 libellum,
2610 1021 2641 1059 a
2664 1012 2715 1060 te
2735 1011 2790 1058 et
2812 1019 2843 1056 a
2867 1002 2974 1057 tuis
2998 1000 3369 1070 subscriptum
3401 1000 3453 1053 in
3482 999 3681 1054 eadem
3698 1015 3788 1070 sy-

2168 1093 2313 1148 nodo
2356 1091 2655 1164 protulisti,
2707 1106 2871 1161 quem
2926 1087 3134 1142 ibidem
3183 1086 3463 1156 accipiens
3517 1087 3794 1141 hactenus

2168 1201 2349 1242 servo.
2399 1185 2462 1240 Et
2500 1200 2624 1239 cum
2680 1199 2767 1238 me
2797 1181 2911 1238 vidi
2951 1187 3076 1250 post
3125 1186 3203 1235 tot
3245 1169 3609 1234 admonentes
3650 1179 3792 1232 nihil

2169 1278 2314 1348 apud
2330 1285 2382 1332 te
2405 1291 2571 1347 posse
2588 1273 2883 1346 proficere,
2916 1271 3235 1326 schedulam
3251 1270 3466 1341 porrexi
3491 1271 3546 1324 in
3574 1270 3794 1341 synodo

2170 1369 2560 1441 episcoporum
2589 1367 2780 1422 decem
2814 1366 3224 1437 provinciarum
3251 1367 3384 1434 (syn.
3417 1365 3794 1426 Duziacensis,

2173 1478 2260 1516 an.
2301 1460 2448 1531 871),
2497 1459 2565 1513 ab
2599 1459 2806 1514 eisdem
2838 1458 3173 1513 venerandis
3222 1456 3501 1527 episcopis
3538 1469 3800 1526 quaerens

2177 1548 2490 1613 consilium,
2533 1547 2666 1618 quid
2697 1555 2886 1601 contra
2927 1553 3075 1600 tuam
3111 1545 3447 1616 pertinacem
3495 1551 3798 1598 contuma-

2178 1641 2314 1695 ciam
2356 1655 2519 1714 agere
2563 1655 2806 1709 possem,
2857 1646 2911 1692 et
2949 1637 3064 1702 illa,
3099 1652 3222 1708 quae.
3271 1635 3370 1690 tibi
3415 1651 3478 1689 ac
3519 1632 3800 1704 parochiae

2180 1734 2285 1782 tua:
2332 1737 2523 1782 contra
2552 1727 2936 1799 colligationes
2981 1734 3086 1782 tuae
3127 1725 3433 1796 impietatis
3461 1725 3799 1788 direxeram,

2179 1835 2360 1874 coram
2403 1819 2512 1873 illis
2543 1818 2713 1894 relegi
2747 1817 2875 1874 feci.

2252 1973 2280 2003 α
2324 1953 2476 2008 Unde
2502 1960 2556 2007 et
2577 1952 2646 2006 ab
2676 1952 2885 2006 eisdem
2905 1950 3187 2022 episcopis
3209 1949 3485 2022 praedictis
3504 1947 3642 2003 sacri
3663 1963 3797 2002 con-

2180 2047 2377 2096 ventus
2425 2041 2866 2106 auctoritatibus,
2909 2039 3170 2112 quoniam
3213 2039 3414 2107 injuste
3445 2054 3509 2092 ac
3542 2037 3810 2109 irregula-

2183 2131 2317 2185 riter
2344 2135 2522 2184 tantas
2553 2138 2607 2184 et
2638 2130 2772 2185 tales
2819 2129 3419 2184 excommunicationes
3454 2142 3619 2200 agere
3654 2141 3807 2196 prie-

2183 2217 2490 2288 sumpsisti,
2536 2225 2590 2272 et
2619 2235 2648 2272 a
2679 2219 2882 2273 domno
2914 2233 3041 2290 rege
3073 2217 3376 2287 impetitus,
3418 2215 3678 2286 quoniam
3716 2213 3814 2281 ju-

2183 2314 2432 2361 ramenta
2471 2306 2551 2360 illi
2604 2323 2634 2360 a
2665 2313 2718 2360 te
2751 2322 2920 2376 super
2973 2322 3127 2360 sacra
3184 2305 3425 2376 praestita
3455 2320 3562 2358 non
3615 2303 3814 2358 obser-

2186 2395 2323 2450 vasti
2355 2410 2370 2463 ;
2405 2395 2505 2450 sed
2539 2405 2594 2450 et
2622 2395 2753 2466 quia
2781 2410 2868 2450 res
2907 2411 3020 2449 sua:
3053 2394 3410 2465 proprietatis
3439 2402 3628 2448 contra
3657 2392 3819 2464 leges

2187 2487 2404 2541 divinas
2461 2495 2517 2542 et
2572 2487 2840 2541 humanas
2883 2486 3154 2552 tnvasisti,
3207 2493 3263 2541 et
3297 2503 3330 2540 a
3378 2486 3693 2541 Normanno
3753 2484 3816 2537 in

2188 2579 2402 2651 synodo
2442 2587 2754 2646 accusatus,
2788 2579 3048 2650 quoniam
3082 2595 3206 2633 eum
3249 2578 3319 2633 de
3355 2577 3522 2632 rebus
3551 2587 3642 2631 tua
3672 2592 3818 2631 con-

2187 2668 2442 2723 cessione
2496 2676 2660 2738 atque
2708 2667 3080 2722 consensione
3124 2683 3155 2721 a
3204 2666 3431 2721 domino
3472 2665 3666 2720 Karolo
3703 2664 3816 2719 sibi

2185 2757 2550 2824 beneﬁciatis,
2593 2757 2714 2811 sine
2753 2757 3079 2812 auctoritate
3122 2755 3294 2831 regia,
3335 2763 3542 2810 armata
3580 2754 3816 2808 militari

2186 2864 2372 2912 manu,
2405 2853 2459 2902 et
2491 2847 2650 2901 turba
2681 2845 2827 2920 vulgi
2869 2846 3121 2912 collecta,
3161 2861 3284 2900 cum
3313 2844 3514 2919 gladiis
3541 2850 3599 2898 et
3647 2843 3818 2898 fusti—

2186 2939 2288 2993 bus
2324 2939 2560 3009 primum
2597 2938 2820 3009 quidem
2878 2953 3104 2994 uxorem
3153 2953 3330 3002 suam,
3379 2952 3502 3007 quae
3552 2935 3628 2988 ibi
3687 2935 3820 2989 sine

2186 3030 2298 3085 ullo
2326 3038 2462 3097 erat,
2513 3038 2567 3084 et
2598 3037 2790 3101 postea
2823 3029 2978 3084 illum
3013 3029 3194 3100 ipsum
3233 3036 3423 3083 contra
3453 3027 3607 3101 leges
3633 3032 3692 3080 et
3725 3041 3821 3080 rc-

469 3113 912 3217 ct'usnLeo,‘dicit
941 3113 1094 3218 (beo,
1118 3163 1202 3217 ep.
1225 3113 1315 3211 84v,
1339 3113 1650 3216 c.2),nulla
1674 3149 1768 3197 aut
1794 3113 2087 3215 negligen-
2120 3113 2650 3218 Caelesexpylisti,
2708 3129 2761 3218 ei
2789 3121 2975 3218 (ξῐηηίξι
3005 3137 3133 3218 flia»
3167 3135 3287 3192 quae
3320 3119 3396 3172 ibi
3427 3117 3639 3216 habuit,
3683 3116 3820 3171 abs-

470 3251 565 3316 tia,
605 3257 696 3304 aut
724 3244 1154 3319 praesumptione
1195 3241 1503 3308 discedere,
1560 3256 1664 3294 nec
1695 3239 1860 3294 etiam
1895 3237 2084 3291 sedem

471 3343 835 3416 apostolicam
865 3339 998 3394 inde
1030 3338 1360 3410 inquietare,
1388 3337 1531 3392 sicut
1561 3335 1736 3406 ipsius
1763 3340 1964 3388 sancta:
1993 3349 2084 3386 se-

470 3436 556 3491 dis
594 3435 744 3489 beati
777 3431 1070 3505 pontiﬁces
1100 3429 1478 3495 Innocentius,
1511 3427 1774 3492 Zosimus,
1830 3424 2082 3480 C(elesti-

473 3541 600 3593 nus,
631 3525 760 3589 Leo,
795 3520 1053 3584 Hilarius,
1074 3518 1345 3584 Gelasius,
1371 3517 1684 3588 Gregorius,
1715 3525 1770 3570 et
1791 3514 1884 3569 alii
1908 3514 2091 3584 plures

470 3617 718 3685 ejusdem
752 3620 955 3670 sanctae
978 3611 1128 3668 sedis
1152 3617 1394 3665 rectores
1425 3609 1482 3662 in
1499 3607 1738 3688 decretis
1759 3606 1872 3661 suis
1901 3613 2090 3660 osten-

471 3707 628 3773 dunt,
665 3728 691 3754 n
727 3713 781 3760 et
812 3702 1048 3773 reliqua.

543 3799 673 3850 item
697 3794 840 3849 datis
861 3788 1281 3847 auctoritatibus
1297 3785 1494 3842 Gelasii
1525 3800 1680 3856 papae
1703 3801 1713 3835 :
1743 3804 1761 3833 ι
1799 3783 1927 3838 Post
1949 3798 2090 3853 pra:-

469 3885 564 3940 fati
596 3883 862 3955 denique,
905 3879 1108 3952 inquit,
1164 3875 1498 3934 monstruosi
1541 3874 1712 3928 libelli
1752 3889 1784 3928 a
1821 3879 1874 3927 te
1933 3887 2091 3926 mon-

469 3987 684 4034 struose
739 3975 958 4031 collecti
1010 3977 1156 4027 tuam
1216 3979 1551 4040 tuorumque
1599 3964 2084 4036 subscriptionem,

469 4066 668 4122 litteris
698 4079 928 4134 quarum
970 4059 1252 4129 exemplar
1283 4057 1483 4122 habeo,
1535 4056 1718 4109 denuo
1755 4061 1808 4108 te
1839 4068 2090 4108 commo-

470 4159 588 4224 nui,
626 4165 776 4211 utea
820 4169 943 4226 quae
989 4153 1045 4206 in
1092 4151 1351 4222 parochla
1381 4156 1473 4204 tua
1511 4155 1700 4203 contra
1733 4146 1999 4201 rationem
2039 4153 2093 4200 et

470 4243 850 4300 auctoritatem
883 4256 1098 4314 egeras,
1146 4237 1398 4292 studeres
1439 4236 1737 4311 corrigere,
1769 4234 1864 4288 sed
1897 4234 2088 4288 admo-

472 4332 667 4390 nitioni
695 4347 832 4385 mea:
864 4345 973 4384 non
1021 4326 1272 4398 paruisti.
1325 4325 1530 4380 Deinde
1563 4342 1629 4380 ex
1690 4323 1930 4396 praefatis
1969 4323 2088 4393 epi-

470 4421 627 4477 stolis
660 4421 915 4475 Romanze
967 4416 1117 4472 sedis
1151 4412 1470 4487 pontificum
1522 4421 1649 4469 ante
1693 4413 1963 4467 Nicaenam
1999 4428 2090 4482 sy-

2187 3209 2361 3265 tulisti
2391 3210 2487 3265 sed
2527 3219 2582 3264 et
2613 3225 2642 3263 a
2669 3208 2778 3264 tuis
2808 3208 3126 3263 hominibus
3151 3217 3460 3273 accusatus,
3502 3206 3633 3278 quia
3662 3221 3813 3261 con-

2190 3309 2272 3357 tra
2304 3302 2457 3377 leges
2488 3301 2702 3356 divinas
2734 3311 2789 3356 et
2820 3301 3130 3358 mundanas
3159 3301 3240 3355 eis
3269 3317 3367 3354 sua
3399 3297 3669 3354 beneficia
3699 3299 3827 3352 abs-

2186 3393 2382 3460 tulisti,
2444 3399 2503 3447 ut
2556 3392 2874 3464 synodalcm
2925 3409 3215 3447 censuram
3265 3390 3548 3456 evaderes,
3609 3389 3822 3445 dedisti

2191 3486 2307 3560 regi
2339 3492 2400 3539 et
2441 3483 2664 3537 mihiin
2697 3485 2888 3538 eadem
2934 3484 3148 3554 synodo
3200 3481 3563 3554 professionis
3596 3487 3707 3535 tuae
3748 3483 3817 3535 li-

2191 3573 2396 3628 bellum
2421 3573 2488 3627 de
2521 3573 2757 3647 regulari
2785 3572 3110 3628 obedientia
3142 3581 3253 3636 tua,
3288 3587 3450 3642 quem
3477 3570 3661 3626 habeo
3693 3589 3709 3635 ;
3761 3579 3821 3624 et

2189 3673 2246 3720 tu
2281 3681 2484 3740 negare
2525 3680 2635 3719 non
2668 3671 2847 3735 potes,
2895 3664 3153 3734 quoniam
3187 3664 3360 3734 ipsius
3391 3661 3676 3733 exemplar
3700 3663 3821 3732 (12)

2191 3755 2260 3809 de
2292 3770 2454 3808 manu
2499 3770 2622 3808 mea
2653 3753 2708 3806 in
2750 3753 2946 3807 eadem
2976 3753 3188 3824 synodo
3239 3751 3524 3822 accepisti,
3558 3751 3704 3806 sicut
3760 3751 3818 3804 in

2191 3860 2450 3916 processu
2501 3844 2838 3900 monstrabo.
2873 3843 2977 3898 Sed
3026 3850 3086 3898 ut
3140 3842 3223 3896 vir
3269 3842 3471 3913 duplex
3519 3842 3730 3906 animo,
3765 3849 3822 3895 et

2192 3937 2512 3993 inconstans
2563 3938 2619 3991 in
2649 3936 2910 3991 omnibus
2965 3936 3069 3990 viis
3098 3936 3208 3991 tuis
3238 3936 3372 4008 (Jac.
3427 3935 3483 4006 ι),
3515 3936 3702 3990 statim
3761 3937 3816 3989 in

2190 4029 2433 4084 crastina
2481 4029 2680 4083 misisti
2733 4028 2870 4082 mihi
2924 4043 3025 4099 per
3064 4028 3394 4084 Harduicum
3433 4028 3813 4083 venerabilem

2191 4121 2688 4175 Vesontionensem
2721 4120 3066 4191 episcopum,
3101 4121 3168 4174 ad
3201 4119 3570 4191 profitendum
3604 4129 3661 4174 et
3691 4119 3821 4174 sub-

2190 4208 2545 4264 scribendum
2592 4209 2690 4262 tibi
2741 4207 3085 4264 breviculum
3133 4208 3205 4264 ita
3261 4224 3319 4263 se
3374 4209 3710 4264 habentem:
3753 4209 3820 4264 Et

2193 4315 2296 4374 ego
2341 4299 2664 4354 Hincmarus
2711 4300 3004 4355 Remorum
3055 4301 3500 4372 archiepiscopus
3529 4301 3629 4356 tibi
3682 4301 3821 4355 Hin-

2192 4406 2379 4445 cmaro
2412 4389 2794 4446 Laudunensis
2826 4392 3079 4447 Ecclesiae
3109 4392 3439 4464 coepiscopo
3471 4401 3620 4448 tuum
3657 4393 3818 4448 debi-

471 4509 675 4564 nodum
708 4505 929 4577 scriptis
959 4479 1210 4560 libellum
1241 4521 1272 4559 a
1303 4512 1356 4559 te
1383 4503 1696 4568 collectum,
1726 4509 1780 4556 et
1803 4479 2090 4555 versiculis
2115 4482 2172 4550 D
2196 4488 2328 4544 tum,
2357 4479 2528 4533 sacris
2582 4479 3037 4550 PmCiPientibus
3089 4479 3416 4544 canonibus:
3463 4481 3820 4557 Prhilcgium

471 4601 524 4654 in
559 4599 784 4656 nomine
815 4596 1004 4652 domni
1030 4597 1176 4670 regis
1196 4595 1376 4650 Karoli
1402 4594 1698 4658 titulatum,
1730 4608 1829 4664 per
1858 4607 2090 4646 venera-

471 4693 641 4747 bilem
673 4691 956 4764 quondam
973 4688 1454 4759 archiepiscopum
1484 4686 1832 4741 Wanilonem
1860 4683 1914 4737 in
1941 4683 2090 4737 Gun-

469 4783 583 4838 duli
617 4784 747 4838 villa
770 4799 953 4838 coram
983 4779 1263 4852 episcopis
1302 4780 1396 4851 qui
1425 4777 1745 4843 adfuerunt,
1778 4776 1910 4830 mihi
1942 4775 2092 4829 dirc—

470 4879 618 4946 xisti,
647 4878 715 4932 de
738 4892 848 4948 quo
871 4875 970 4930 tibi
993 4872 1196 4943 scripto
1221 4871 1503 4943 respondi,
1527 4871 1686 4939 cujus
1699 4869 2092 4940 exemplarha—

471 4973 595 5038 beo,
628 4985 862 5025 monens
890 4975 963 5035 te,
991 4974 1049 5020 ut
1073 4965 1244 5019 sacris
1261 4964 1568 5019 canonibus
1594 4970 1647 5018 et
1669 4962 1981 5033 apostolicae
2004 4977 2091 5016 se-

470 5063 555 5117 dis
584 5060 821 5117 decretis
851 5075 915 5113 ex
938 5058 1145 5112 eisdem
1175 5057 1343 5111 sacris
1363 5055 1668 5110 canonibus
1695 5062 1750 5108 et
1779 5053 2091 5124 apostolica:

469 5154 617 5208 sedis
642 5150 1020 5226 promulgatis,
1064 5148 1227 5204 ﬁdem
1257 5147 1725 5213 accommodares,
1759 5155 1813 5199 et
1843 5145 2082 5199 debitam

469 5246 843 5302 obedientiam
880 5243 986 5297 illis
1012 5242 1380 5313 dependeres.
1419 5239 1553 5294 lnde
1585 5239 1638 5292 in
1671 5237 1949 5305 Actinjaco
1981 5236 2084 5290 Re-

469 5335 676 5390 mensis
715 5332 987 5404 parochim
1018 5331 1117 5385 tibi
1148 5347 1331 5386 coram
1363 5326 1639 5400 episcOpis
1678 5325 1806 5379 dedi
1838 5325 2080 5378 libellum

469 5429 525 5482 in
565 5428 635 5481 55
663 5425 918 5496 capitulis
961 5423 1314 5479 auctoritates
1351 5418 1751 5476 ecclesiasticas
1796 5416 2086 5472 continen-

469 5531 577 5578 tem
614 5521 792 5591 (εἴη,
817 5522 875 5573 in
912 5519 1213 5583 Attem'aco,
1237 5533 1367 5570 ann.
1400 5513 1548 5584 870),
1575 5510 1870 5568 contrailla
1886 5526 2006 5581 quae
2029 5510 2082 5563 in

470 5609 710 5681 praefatis
743 5608 850 5663 tuis
891 5606 1106 5661 duobus
1139 5603 1341 5658 libellis
1379 5600 1702 5675 collegeras,
1745 5614 1978 5654 monens
2026 5605 2084 5652 ut

468 5698 710 5752 atalibus
731 5693 1111 5764 ethujusmodi
1140 5689 1662 5761 reprehensionibus
1683 5696 1734 5743 te
1763 5688 2078 5753 cohiberes,

536 5797 646 5866 (12)
688 5798 871 5851 Exstat
909 5793 1054 5863 apud
1096 5791 1404 5845 Aimonium
1437 5791 1533 5846 lib.
1567 5808 1620 5857 v,
1653 5807 1701 5847 c.
1730 5791 1820 5846 24.

2191 4575 2552 4639 conservabo,
2604 4583 2658 4630 et
2700 4575 2754 4629 in
2796 4575 3218 4647 quibuscumque
3275 4575 3669 4632 ecclesiasticis
3715 4594 3822 4632 ne-

2191 4664 2358 4740 gotiis
2391 4664 2719 4739 indigneris,
2755 4665 3062 4720 secundum
3097 4682 3280 4720 sacras
3312 4667 3530 4741 regulas
3565 4667 3820 4721 debitum

2193 4757 2288 4811 tibi
2313 4757 2436 4826 jure
2469 4756 2802 4824 adjutorium
2857 4757 3320 4829 archiepiSCOpali
3353 4759 3680 4813 auctoritate
3710 4759 3820 4813 ad—

2196 4849 2420 4903 hibebo.
2455 4848 2583 4912 Quae
2615 4865 2779 4903 causa
2806 4864 2915 4903 non
2935 4849 3110 4904 solum
3145 4866 3255 4905 non
3279 4850 3347 4904 de
3378 4851 3594 4916 humili,
3625 4867 3822 4907 verum

2195 4956 2298 4995 nec
2347 4939 2416 4993 de
2445 4955 2581 4994 sano
2639 4955 2802 4994 sensu
2836 4939 3127 5010 processit.
3194 4942 3458 5010 lnjustum
3493 4943 3701 5013 quippe
3762 4959 3828 4997 ac

2195 5027 2571 5083 irrationabile
2622 5027 2859 5093 videtur,
2917 5034 2977 5082 ut
3030 5029 3482 5100 archiepiscopus
3548 5047 3577 5083 a
3649 5031 3825 5086 sacris

2193 5119 2497 5175 canonibus
2527 5134 2636 5174 non
2675 5118 3009 5181 exorbitans,
3053 5119 3342 5174 excedenti
3401 5121 3666 5192 episc0po
3698 5122 3818 5175 suf-

2185 5209 2444 5283 fraganeo
2485 5225 2516 5263 a
2541 5225 2601 5264 se
2632 5209 2906 5275 ordinato,
2940 5207 3304 5279 professionis
3341 5226 3405 5265 ac
3441 5210 3816 5281 subscriptio-

2185 5301 2270 5355 nis
2324 5301 2533 5368 libcllo,
2593 5300 2734 5356 sicut
2783 5300 3180 5370 postulaveras,
3231 5300 3589 5357 satisfaceret.
3653 5303 3809 5359 Sicut

2183 5393 2330 5446 enim
2369 5392 2673 5447 secundum
2707 5392 3040 5463 Scripturam
3093 5394 3276 5447 minor
3318 5409 3348 5446 a
3379 5394 3586 5462 majore
3625 5393 3804 5450 bene-

2186 5480 2384 5535 dicitur
2410 5480 2593 5549 (Hebr.
2629 5481 2744 5548 vn),
2788 5480 2860 5533 ita
2893 5493 3120 5550 prorsus
3151 5479 3383 5535 minora
3413 5481 3624 5550 majore
3651 5483 3808 5550 judi-

2183 5582 2358 5638 catur,
2389 5571 2588 5644 ligatur
2612 5571 2696 5626 vel
2729 5571 2980 5636 solvitur,
3025 5570 3168 5626 sicut
3194 5576 3248 5625 et
3277 5569 3332 5624 in
3373 5571 3612 5626 decretis
3644 5574 3804 5628 Gela-

2181 5664 2245 5720 sii
2275 5665 2681 5720 demonstratur
2733 5663 2972 5735 (631.55.,
3013 5679 3092 5717 ev.
3140 5663 3174 5716 4
3199 5667 3248 5717 et
3283 5661 3391 5733 l3),
3440 5663 3595 5719 Juste
3625 5666 3794 5740 igitur
