4010 6162
279 281 394 335 213

933 275 1258 332 HISTORUE
1296 275 1630 332 ECCLESIIE
1669 273 2001 332 REMENSIS
2043 275 2218 330 LIBRI
2259 274 2586 340 QUATUOR.
2619 305 2689 316 —
2729 275 2855 330 LIB.
2888 275 2979 329 IlI.

3517 272 3624 330 2H

281 426 344 471 et
374 413 780 470 rationabiliter
819 412 918 468 tibi
959 413 1092 468 hinc
1137 399 1505 484 respondetur
1543 428 1611 467 ex
1647 411 1854 468 Iacobo
1885 429 1898 466 :
1927 418 1977 484 Α
2002 411 2281 482 episcOpis
2319 427 2380 466 es
2409 411 2713 478 ordinatus,
2763 428 2909 483 pene
2960 411 3222 467 vicarium
3272 410 3618 482 episcOpum,

285 508 478 564 Petisti
512 515 567 562 et
595 522 704 561 non
733 504 1018 576 accepisti,
1039 520 1105 560 eo
1120 505 1268 576 quod
1281 504 1422 560 male
1439 505 1624 575 petisti
1655 507 1784 570 (Jac.
1806 505 1898 574 Iv).

282 597 389 652 Sed
413 605 470 651 et
497 595 554 650 in
583 611 650 649 eo
668 595 816 665 quod
845 593 946 648 tibi
979 610 1010 648 a
1033 609 1122 648 me
1153 593 1428 648 subscribi
1458 593 1820 664 proposuisti,
1847 601 1904 648 ut

283 695 438 742 tuum
463 684 918 750 debitum,sacris
947 684 1403 755 praecipientibus
1432 684 1761 751 canonibus,
1788 683 1903 754 pri-

278 779 548 851 vilegium
571 791 975 841 conservarem,
999 775 1183 838 petisti
1207 774 1354 846 quod
1369 773 1714 839 voluisti,sed
1729 773 1901 828 nesci-

281 873 348 926 sti
365 870 521 943 quod
555 869 763 934 dixisti,
775 867 1039 940 quoniam
1053 876 1112 922 ut
1125 874 1348 923 sanctus
1364 867 1734 939 Hieronymus
1745 866 1898 921 dicit:

282 964 582 1038 Priﬁlegia
608 963 954 1033 singulorum
996 976 1342 1017 communem
1367 961 1546 1034 legem
1579 959 1757 1014 facere
1793 975 1899 1014 non

281 1069 516 1131 possunt
545 1061 825 1130 (Ηιιειιοιηη
859 1060 917 1111 in
946 1072 1063 1127 cap.
1097 1073 1112 1110 ι
1143 1056 1329 1125 J0me).
1363 1056 1423 1110 Et
1475 1055 1615 1110 sacri
1659 1069 1900 1109 canones

279 1151 721 1223 provincialibus
751 1149 1048 1222 episcopis,
1099 1157 1155 1203 et
1199 1163 1390 1204 eorum
1415 1147 1667 1202 ecclesiis
1693 1146 1776 1200 vel
1807 1161 1898 1198 se-

278 1244 468 1308 dibus,
512 1242 805 1316 privilegia
867 1240 1081 1296 scilicet
1129 1240 1370 1312 privatas
1418 1241 1591 1314 leges,
1641 1239 1725 1293 vel
1778 1238 1902 1306 jura

278 1337 496 1407 privata
549 1335 883 1410 generaliter
913 1349 1022 1389 non
1051 1333 1344 1396 dederunt,
1377 1333 1505 1403 quia
1529 1331 1677 1403 quod
1709 1346 1902 1386 omnes

275 1425 624 1500 generaliter
646 1423 872 1489 habent,
900 1423 992 1492 jus
1011 1424 1250 1495 speciale
1282 1430 1336 1478 et
1360 1422 1646 1494 dignitatis
1679 1423 1763 1476 lex
1789 1423 1899 1492 pri-

275 1526 403 1572 vata
455 1534 580 1572 esse
632 1534 743 1574 non
791 1517 954 1573 valet.
1005 1517 1111 1572 Sed
1147 1515 1588 1586 metropolitanis
1627 1515 1902 1586 episcopis

275 1623 339 1661 ac
351 1606 801 1678 metropolitanis
821 1606 1048 1661 sedibus
1062 1605 1350 1680 privilegia
1371 1606 1705 1660 tribuerunt.
1726 1625 1748 1652 ››
1765 1613 1870 1658 etc.
1886 1648 1900 1670 ,

276 1697 345 1749 de
379 1697 558 1750 sacris
580 1695 889 1751 canonibus
945 1702 1000 1750 et
1051 1695 1291 1751 decretis
1340 1712 1495 1768 pasz
1525 1695 1724 1750 Leonis
1755 1695 1896 1749 sub-

275 1809 438 1846 nexa.
476 1790 615 1846 Post
646 1807 768 1863 qua:
799 1790 1070 1846 subinfert
1103 1809 1116 1844 :

352 1902 374 1930 ι
409 1881 758 1951 Quapropter
787 1881 1008 1951 quando
1046 1879 1173 1934 talia
1203 1879 1339 1933 mihi
1367 1879 1434 1934 ad
1458 1878 1826 1950 profitendum
1845 1887 1899 1935 et

274 1972 750 2027 subscribendum
779 1971 998 2038 misisti,
1029 1973 1169 2026 scire
1196 1971 1493 2039 debueras,
1519 1973 1667 2043 quod
1696 1975 1746 2028 in
1777 1975 1896 2029 istis

273 2063 608 2138 regionibus
655 2078 819 2117 nemo
874 2078 1015 2133 pene
1067 2061 1303 2136 ignorat,
1357 2062 1486 2132 quia
1531 2063 1893 2132 municipium

273 2153 551 2216 Lauduni,
586 2154 641 2207 in
667 2169 775 2225 quo
827 2169 886 2208 es
929 2153 1213 2207 ordinatus
1239 2152 1555 2223 episc0pus.
1575 2153 1642 2207 ab
1666 2154 1893 2209 exordio

271 2246 376 2312 sui,
437 2255 730 2317 postquam
789 2262 820 2300 a
868 2245 1174 2300 Marcobrio
1232 2254 1485 2316 praetore,
1539 2252 1596 2299 ut
1655 2246 1893 2315 produnt

273 2335 545 2400 historiae,
578 2334 860 2390 conditum
883 2334 1004 2400 fuit,
1040 2349 1321 2405 nunquam
1375 2334 1519 2388 inter
1565 2334 1728 2388 sedes
1759 2351 1890 2405 pro-

269 2425 540 2478 vinciales
570 2425 860 2479 Remorum
910 2423 1221 2494 provincize.
1259 2423 1313 2477 in
1344 2423 1688 2495 paganismo,
1721 2425 1803 2478 vel
1837 2424 1891 2478 in

271 2519 716 2584 Christianismo,
750 2535 953 2574 nomen
981 2518 1068 2572 vel
1100 2517 1281 2573 locum
1315 2518 1530 2582 habuit,
1561 2519 1739 2573 donec
1766 2535 1894 2572 san-

270 2617 392 2663 ctus
421 2608 709 2682 Remigius
759 2606 1155 2678 quindecimus
1197 2608 1486 2662 Remorum
1515 2608 1892 2679 archiepisco-

268 2716 394 2770 pus,
438 2699 610 2754 certis
631 2698 961 2770 quibusdam
1006 2700 1388 2754 accidentibus
1428 2700 1633 2765 causis,
1681 2701 1891 2770 primus

268 2788 482 2842 ibidem
508 2788 1156 2858 ordinavitepiscopum,
1207 2797 1261 2844 et
1312 2789 1492 2843 eidem
1558 2789 1885 2860 municipio,

265 2884 334 2937 de
375 2883 549 2937 rebus
600 2882 883 2936 Remensis
936 2883 1255 2953 metropolis
1305 2885 1438 2938 satis
1492 2901 1769 2956 superque
1799 2885 1886 2938 di-

267 2985 400 3040 tato,
439 2976 1010 3047 ipsum‘comitatum,
1072 2977 1127 3030 in
1173 2993 1284 3049 quo
1343 2980 1612 3046 consistit,
1681 2989 1885 3049 partem

264 3066 486 3120 scilicet
513 3082 579 3120 ex
612 3065 866 3119 Remensi
907 3067 1166 3136 parochia
1207 3067 1483 3142 delegavit
1508 3087 1521 3133 ;
1545 3069 1640 3122 sed
1672 3085 1890 3139 semper

261 3159 684 3214 fuitRemensis
737 3159 1032 3230 provinciae
1082 3161 1466 3233 municipium,
1518 3163 1657 3217 sicut
1694 3164 1891 3218 hodie-

262 3271 370 3325 que
395 3263 457 3308 et
496 3253 604 3307 alia
636 3253 936 3324 municipia
966 3254 1020 3307 in
1071 3255 1327 3310 Remensi
1361 3258 1641 3326 parochia,
1676 3274 1798 3329 quae
1832 3259 1884 3312 in

261 3342 848 3411 subjectionibusloco
877 3359 940 3398 ac
956 3345 1182 3399 nomine
1210 3354 1552 3415 permanent.
1578 3347 1693 3401 Non
1719 3347 1887 3420 igitur

261 3429 643 3513 privilegium,
660 3439 755 3494 sed
773 3440 1171 3511 municipatum
1187 3442 1287 3496 tibi
1302 3442 1508 3496 debere
1528 3444 1733 3498 servari
1752 3460 1885 3498 con-

258 3543 497 3589 venerat
528 3541 738 3604 petere,
772 3535 901 3605 quia
929 3534 1071 3589 sicut
1099 3536 1282 3590 Patres
1316 3536 1486 3591 nostri
1544 3555 1607 3592 ac
1635 3538 1880 3612 magistri

263 3626 530 3682 Ecclesiae
564 3626 806 3691 tradunt,
836 3627 1036 3682 Paulus
1085 3628 1366 3698 apostolus
1415 3645 1525 3685 non
1584 3647 1643 3685 se
1683 3631 1881 3696 civem,

257 3720 358 3774 sed
410 3718 752 3789 municipem
801 3721 1062 3791 appellat,
1113 3721 1348 3776 dicens:
1400 3725 1512 3790 Ego
1553 3724 1705 3778 homo
1767 3741 1885 3779 sum

259 3815 487 3884 quidem
542 3813 761 3868 Judaeus
823 3815 1091 3870 aTharso
1124 3817 1342 3882 Cilicim,
1401 3833 1506 3870 non
1573 3819 1768 3884 ignota:
1804 3820 1884 3872 ci-

260 3911 455 3964 vitatis
493 3911 766 3978 municeps
822 3911 961 3976 (Act.
994 3912 1122 3977 χχι).
1182 3911 1347 3966 Natus
1403 3911 1628 3980 quidem
1661 3918 1885 3981 aposto-

260 4003 344 4057 lus
378 4004 438 4056 in
486 4002 697 4072 oppido
726 4001 959 4057 Galilaea:
1017 4003 1212 4058 Giscali
1274 4003 1398 4067 fuit,
1433 4019 1542 4074 quo
1570 4020 1600 4057 a
1627 4004 1884 4058 Romanis

261 4100 450 4163 capto,
484 4109 607 4147 cum
643 4093 969 4162 parentibus
1025 4093 1140 4148 suis
1188 4094 1452 4148 Tharsum
1495 4094 1696 4148 Cilicia:
1736 4110 1890 4149 com-

264 4183 544 4256 migravit.
583 4184 624 4236 Α
655 4183 860 4254 quibus
885 4183 956 4238 ob
983 4184 1226 4238 studium
1277 4185 1415 4256 legis
1472 4187 1672 4240 missus
1699 4187 1887 4242 Hiero-

263 4279 562 4348 solymam,
617 4293 648 4331 a
705 4277 1002 4334 Gamalielc
1059 4279 1177 4334 viro
1235 4280 1576 4346 doctissimo,
1635 4282 1772 4335 sicut
1831 4281 1885 4335 in

261 4369 745 4442 subsequentibus
801 4370 921 4441 ipse
974 4381 1263 4439 memorat,
1327 4373 1577 4428 eruditus
1607 4381 1691 4428 est
1751 4375 1882 4444 (Act.

261 4465 426 4527 xm),
459 4461 525 4514 Et
554 4460 681 4516 ideo
709 4476 818 4516 non
869 4478 929 4516 se
961 4462 1159 4526 civem,
1192 4463 1288 4518 sed
1314 4465 1673 4536 municipem,
1703 4483 1732 4520 a
1766 4484 1887 4521 mu-

263 4555 496 4627 nicipio,
531 4554 586 4608 id
617 4561 720 4620 est,
767 4555 1044 4611 territorio
1098 4557 1347 4625 ejusdem
1407 4559 1662 4624 civitatis,
1689 4559 1743 4614 in
1777 4577 1885 4631 quo

266 4651 514 4706 nutritus
540 4656 644 4712 est,
691 4648 949 4718 appellat.
1013 4648 1223 4703 Dictum
1268 4657 1451 4703 autem
1503 4652 1886 4722 municipium,

266 4740 412 4810 quod
442 4747 660 4794 tantum
690 4739 899 4805 munia,
943 4738 998 4792 id
1045 4748 1130 4793 est
1179 4739 1382 4794 tributa
1423 4740 1608 4794 debita
1654 4741 1734 4794 vel
1769 4758 1886 4795 mu-

268 4845 397 4884 nera
429 4828 648 4882 reddat.
703 4827 834 4882 Nam
888 4827 1147 4882 liberales
1173 4835 1227 4882 et
1257 4827 1635 4884 famosissima:
1681 4847 1878 4897 causae,

266 4929 318 4976 et
372 4937 501 4992 quae
555 4935 619 4974 ex
680 4920 930 4992 principe
989 4920 1428 4992 proficiscuntur,
1463 4924 1529 4977 ad
1556 4925 1880 4996 dignitatem

266 5013 551 5068 civitatum
586 5013 884 5083 pertinent.
928 5015 1035 5069 Nec
1101 5016 1322 5081 mirum,
1354 5016 1398 5070 si
1422 5033 1482 5070 se
1504 5017 1890 5082 'l‘harsensem,

267 5113 317 5159 et
347 5120 462 5160 non
499 5103 813 5159 Giscalitem
863 5104 1029 5169 dicat,
1076 5121 1198 5160 cum
1259 5107 1520 5161 Dominus
1567 5107 1761 5177 ipsein
1792 5108 1890 5161 Be-

267 5195 516 5250 thlehem
541 5203 702 5250 natus
728 5210 839 5250 non
868 5196 1317 5263 Bethlehemites,
1344 5197 1440 5252 sed
1499 5198 1829 5265 Nazarenus,
1859 5215 1888 5251 a

269 5284 387 5340 loco
414 5286 472 5338 in
504 5299 616 5356 quo
667 5286 906 5339 nutritus
953 5293 1088 5351 erat,
1123 5287 1548 5361 cognominatus
1603 5296 1702 5342 est.
1739 5289 1798 5342 Et
1831 5298 1882 5344 tu

268 5389 400 5448 ergo
431 5373 487 5426 in
521 5373 747 5428 dicecesi
779 5374 1033 5430 Remensi
1063 5384 1245 5442 natus,
1284 5383 1338 5430 et
1371 5376 1423 5428 in
1466 5377 1754 5446 metropoli
1792 5379 1893 5432 Re-

270 5481 490 5521 morum
523 5466 784 5532 nutritus,
814 5474 868 5521 et
893 5467 946 5520 in
979 5468 1283 5538 municipio
1308 5469 1555 5525 Lauduni
1583 5471 1890 5535 ordinatus,

270 5570 380 5609 non
413 5563 468 5608 te
498 5553 716 5608 civilem
749 5555 834 5610 vel
862 5556 1119 5625 civicum,
1142 5558 1240 5612 sed
1256 5559 1893 5630 municipem,vidclicet

273 5646 626 5700 tributarium
678 5663 776 5701 seu
836 5649 1235 5716 munerarium,
1296 5652 1505 5706 utinam
1565 5653 1890 5723 spiritalium

277 5735 551 5790 donorum
583 5735 927 5809 epiSCOpum,
987 5745 1043 5794 et
1093 5749 1324 5811 excepto
1380 5742 1529 5812 quod
1568 5758 1599 5796 a
1645 5742 1896 5812 pluribus

2003 522 2167 577 quem
2190 505 2360 560 Graeci
2393 505 2851 576 chorepiscopum
2903 513 3119 569 vocant,
3166 504 3441 560 debueras
3465 520 3622 560 reco-

2003 611 2372 668 gnoscere,ac
2398 611 2498 666 per
2537 596 2642 650 hoc
2697 611 2805 650 non
2865 596 3213 669 privilegium
3263 595 3364 650 tibi
3392 593 3616 660 ascribi,

2002 688 2098 741 sed
2132 687 2566 758 municipatum;
2601 703 2704 742 nec
2752 695 2944 743 contra
2971 687 3323 762 privilegium
3367 697 3472 742 tua;
3501 703 3619 740 me-

2003 777 2234 846 tr0polis
2281 785 2334 830 te
2378 785 2698 846 oportuerat
2753 775 3047 841 rebellare,
3081 776 3225 846 quod
3261 793 3367 830 non
3400 792 3615 850 ageres,

2001 865 2046 918 si
2080 865 2262 919 animo
2293 864 2514 928 Paulus,
2553 863 2767 918 scilicet
2827 864 3063 933 pusillus
3093 871 3147 917 et
3176 865 3396 918 humilis
3444 879 3612 918 esses.

2005 953 2154 1008 Unde
2183 953 2489 1007 timendum
2519 959 2622 1014 est,
2656 967 2725 1005 ne
2753 958 2808 1005 et
2856 951 2910 1004 in
2942 952 3046 1006 hoc
3072 952 3401 1021 perditionis
3442 952 3614 1006 filium

2002 1041 2250 1107 imiteris,
2281 1041 2374 1112 qui
2439 1041 2762 1094 adversatur
2813 1046 2867 1093 et
2925 1040 3205 1094 extollitur
3257 1056 3422 1110 supra
3451 1056 3614 1095 omne

2002 1133 2149 1204 quod
2180 1132 2381 1196 dicitur
2409 1133 2572 1198 Deus,
2623 1139 2730 1198 aut
2771 1131 2918 1201 quod
2961 1131 3161 1185 colitur
3211 1132 3288 1199 (II
3317 1133 3496 1186 Thess.
3531 1133 3612 1202 ιι).

2004 1225 2099 1280 Cui
2132 1234 2398 1296 quantum
2415 1241 2480 1279 ex
2513 1232 2563 1278 te
2595 1223 2716 1289 fuit,
2748 1223 3022 1278 tradidisti
3051 1238 3148 1277 eos
3177 1237 3318 1293 quos
3348 1223 3617 1298 irregula-

2004 1316 2152 1382 riter,
2176 1324 2235 1370 ut
2266 1316 2504 1386 praemisi
2549 1314 3061 1379 excommunicasti,
3121 1329 3231 1369 non
3273 1323 3350 1376 ut,
3411 1331 3614 1369 secun-

2003 1406 2131 1460 dum
2162 1405 2504 1476 Apostolum,
2537 1404 2765 1475 spiritus
2791 1419 2981 1458 eorum
3013 1403 3149 1458 salvi
3181 1405 3231 1473 (Ι
3258 1403 3376 1458 Cor.
3412 1404 3486 1472 v).
3515 1403 3613 1458 sed

2002 1505 2268 1568 quantum
2301 1495 2452 1550 furor
2498 1503 2552 1550 et
2601 1493 2910 1568 indignatio
2941 1501 3033 1548 tua
3083 1495 3380 1564 praevalere
3415 1495 3612 1565 potuit,

2003 1588 2204 1660 perditi
2235 1596 2418 1643 essent
2448 1589 2501 1642 in
2535 1589 2626 1642 die
2653 1587 2894 1642 Domini.
2917 1589 3058 1652 Quas
3087 1588 3472 1662 colligationes
3504 1588 3610 1642 im-

2005 1681 2246 1752 pietatis,
2277 1689 2337 1734 ut
2372 1696 2519 1750 saepe
2559 1680 2763 1735 dictum
2808 1689 2910 1746 est,
2957 1688 3010 1734 et
3039 1696 3261 1750 semper
3317 1680 3613 1735 dicendum

1928 1741 1978 1810 Β
2006 1771 2393 1843 est.quoniam
2428 1771 2754 1846 regulariter
2793 1780 2984 1826 contra
3039 1779 3226 1827 votum
3283 1781 3433 1828 tuum
3498 1772 3614 1827 dis-

1997 1863 2159 1928 solvi,
2194 1870 2245 1917 te
2279 1863 2567 1916 adversum
2600 1877 2688 1917 me
2715 1861 2957 1916 erexisti.
2993 1886 3018 1908 υ

2072 2019 2228 2084 Item,
2265 2025 2387 2088 post
2417 2017 2772 2072 auctoritates
2809 2032 2977 2088 super
3003 2017 3195 2072 illicita
3225 2018 3612 2073 excommuni-

1995 2109 2212 2164 cationc
2247 2127 2259 2163 :
2298 2132 2320 2155 «ι
2352 2110 2426 2162 De
2476 2108 2834 2163 sacramentis
2864 2116 3045 2162 autem
3069 2125 3099 2162 a
3133 2119 3182 2163 te
3218 2110 3330 2184 regi
3361 2110 3616 2180 praestitis

1997 2217 2107 2256 non
2139 2210 2224 2256 est
2249 2200 2386 2254 mihi
2409 2216 2638 2256 necesse
2666 2199 2874 2271 aliquid
2897 2200 3163 2266 scribere,
3187 2201 3447 2272 quoniam
3471 2218 3614 2272 pene

1992 2309 2188 2348 omnes
2215 2292 2414 2355 sciunt,
2450 2292 2582 2362 quid
2610 2291 2677 2347 de
2709 2291 2954 2362 perjurio
2989 2293 3051 2361 (si
3085 2291 3223 2347 forte
3253 2293 3386 2346 illud
3423 2293 3607 2348 admi—

1993 2385 2133 2454 sisti)
2161 2385 2426 2440 Dominus
2457 2384 2510 2438 in
2563 2385 2685 2458 lege
2744 2385 2902 2449 (Deut
2930 2384 2987 2453 v)
3016 2390 3071 2439 et
3115 2385 3396 2454 prOplietis
3427 2385 3610 2454 (Zach,

1993 2474 2232 2537 v;Mul.
2287 2475 2385 2537 ιιι),
2445 2480 2499 2527 et
2554 2472 2609 2526 in
2669 2472 2964 2543 Evangelio
3014 2473 3230 2540 (Matth.
3293 2473 3363 2541 v),
3405 2481 3459 2526 et
3517 2488 3614 2542 per

1994 2565 2274 2634 apostolos
2304 2567 2434 2632 (Jac.
2467 2566 2521 2632 ν)
2554 2580 2616 2618 ac
2684 2563 2939 2618 Ecclesia;
2992 2563 3248 2618 doctores
3294 2571 3458 2634 atque
3487 2581 3608 2618 ma-

1993 2658 2197 2731 gistros
2227 2655 2394 2711 dicat.
2429 2657 2491 2710 Et
2520 2657 2670 2727 quia,
2700 2662 2760 2710 ut
2789 2655 2843 2708 in
2877 2655 3117 2709 decretis
3137 2655 3614 2725 apostolicaasedis

1992 2749 2212 2814 dicitur,
2246 2748 2504 2802 nolumus
2558 2763 2891 2821 exaggerare
2950 2747 3095 2818 quod
3154 2756 3369 2819 gestum
3403 2754 3504 2813 est,
3539 2765 3609 2803 ne

1989 2857 2251 2915 cogamur
2286 2840 2538 2908 judicare
2569 2839 2715 2910 quod
2761 2839 2969 2907 justum
3002 2846 3104 2903 est,
3167 2839 3426 2910 quoniam
3460 2840 3609 2910 quod

1991 2932 2120 2986 inde
2151 2932 2247 2986 tibi
2283 2931 2338 2984 in
2369 2931 2581 3001 synodo
2612 2938 2922 3001 reputatum
2962 2939 3065 2996 est,
3094 2930 3392 2998 judiciario
3416 2931 3611 2986 ordine

1989 3023 2405 3094 comprobatum
2439 3038 2550 3077 non
2593 3028 2696 3087 est,
2750 3022 2848 3077 sed
2881 3021 3033 3096 regia
3065 3021 3414 3096 benignitate
3447 3021 3613 3077 inter-

1949 3166 1963 3185 ,
1990 3117 2217 3171 missum
2259 3125 2364 3180 est,
2392 3115 2550 3170 omisi
2583 3114 2714 3170 hinc
2770 3115 3019 3186 regulare
3073 3115 3343 3185 judicium
3378 3130 3607 3185 ponere,

1953 3208 2046 3260 ‘ut
2077 3216 2129 3260 te
2174 3205 2240 3260 ad
2310 3204 2703 3260 conscientiam
2738 3210 2884 3258 tuam
2929 3203 3288 3259 remitterem.
3353 3205 3607 3262 Pervasio

1987 3305 2168 3350 autem
2202 3311 2380 3350 rerum
2417 3292 2772 3365 proprietatis
2800 3293 2966 3364 regite
2989 3309 3024 3346 a
3056 3300 3106 3348 te
3137 3300 3452 3364 perpetrata
3483 3312 3603 3350 ma-

1989 3387 2344 3442 nifestissime
2375 3386 2590 3450 claruit,
2620 3385 2748 3457 quia
2805 3401 3087 3456 nunquam
3150 3401 3234 3440 res
3287 3386 3421 3457 ipsa:
3465 3387 3608 3455 juris

1987 3480 2244 3534 Ecclesiae
2270 3477 2654 3533 Laudunensis
2680 3477 2849 3532 fuisse
2898 3477 3150 3552 legaliter
3180 3479 3424 3549 probata:
3454 3488 3602 3541 sunt,

1985 3588 2089 3625 nec
2118 3587 2236 3634 sua,
2269 3570 2354 3624 vel
2386 3571 2710 3641 cujusquam
2743 3569 2970 3624 alterius
2998 3569 3323 3637 donatione,
3357 3572 3442 3626 vel
3472 3588 3604 3627 con-

1986 3663 2237 3717 cessione
2255 3662 2322 3716 ab
2354 3663 2547 3716 eadem
2602 3661 2846 3716 Ecclesia
2904 3678 3190 3731 possessas
3233 3661 3398 3718 fuisse
3435 3681 3594 3719 mon-

1985 3760 2211 3807 stratum
2245 3760 2341 3806 est.
2377 3751 2531 3806 Unde
2571 3766 2736 3820 super
2762 3750 3043 3806 hominem
3088 3758 3239 3806 tuum
3270 3752 3603 3818 Teduinum,

1985 3843 2072 3900 cui
2103 3843 2326 3897 easdem
2358 3857 2615 3912 pervasas
2658 3840 3025 3906 beneﬁciasti,
3084 3843 3338 3916 legaliter
3367 3846 3602 3915 conqui-

1985 3934 2150 3988 situm
2180 3940 2282 3987 est.
2317 3931 2424 3986 Sed
2475 3939 2529 3985 et
2576 3931 2936 4002 proclamatio
2987 3931 3275 3986 adversum
3338 3941 3389 3987 te
3434 3935 3600 3989 Nort-

1991 4025 2177 4079 manni
2225 4040 2353 4078 vera
2411 4023 2582 4077 fuisse
2639 4021 2854 4086 claruit,
2911 4021 3292 4077 necitestibus
3343 4023 3602 4098 indiguit,

1993 4116 2256 4188 quoniam
2285 4124 2395 4170 tam
2429 4112 2881 4169 manifestissime
2935 4113 3058 4176 hoc,
3092 4114 3388 4185 quodinde
3415 4125 3606 4172 contra

1990 4212 2142 4287 leges
2171 4219 2225 4265 et
2255 4209 2473 4283 regulas
2520 4207 2875 4283 egisti,«adeo
2906 4207 3166 4262 omnibus
3190 4209 3245 4262 in
3274 4208 3393 4264 istis
3423 4211 3606 4283 regio-

1992 4304 2158 4358 nibus
2189 4302 2390 4374 patuit,
2449 4310 2509 4355 ut
2537 4301 2687 4355 nulla
2745 4299 3197 4371 tergiversatione
3240 4299 3437 4356 factum
3471 4303 3604 4375 tegi,

1991 4404 2084 4450 aut
2113 4394 2361 4449 excusari
2392 4393 2616 4447 valeret.
2653 4391 2785 4444 Nam
2818 4397 3033 4444 constat
3073 4391 3261 4445 multis
3291 4407 3411 4446 esse
3441 4393 3608 4448 notis-

1993 4485 2213 4546 simum,
2249 4489 2303 4536 et
2335 4489 2391 4536 tu
2422 4481 2476 4534 in
2518 4479 2742 4550 scriptis
2796 4479 2904 4533 tuis
2959 4480 3164 4536 domno
3215 4482 3330 4555 regi
3362 4490 3414 4539 et
3470 4483 3603 4538 mihi

1995 4573 2222 4628 directis
2254 4573 2358 4627 hoc
2387 4569 2688 4635 conﬁteris,
2753 4570 3015 4641 quoniam
3047 4571 3112 4625 ad
3155 4572 3604 4642 deprecationem

1993 4664 2208 4721 Rodulii
2242 4670 2297 4718 et
2324 4663 2576 4725 Conradi,
2640 4651 2858 4718 easdem
2917 4679 3002 4717 res
3033 4673 3318 4734 postquam
3372 4666 3608 4720 domnus

1993 4776 2084 4814 rex
2110 4759 2228 4811 illas
2265 4773 2295 4810 a
2346 4755 2511 4827 longo
2543 4762 2793 4825 tempore
2845 4755 2914 4809 de
2967 4755 3199 4810 ecclesia
3258 4757 3606 4813 Laudunensi

1989 4849 2315 4913 abstractas,
2349 4846 2530 4900 eidem
2593 4845 2841 4900 ecclesia:
2870 4861 2967 4899 sua
3019 4854 3292 4915 potestate
3347 4849 3606 4912 restituit,

1990 4937 2095 5008 ipsi
2124 4937 2334 5006 domno
2376 4936 2490 5008 regi
2539 4935 2657 4990 illas
2714 4936 2835 4990 sine
2887 4952 3010 4989 mea
3063 4953 3126 4990 ac
3155 4937 3606 5008 coepiscoporum

2001 5028 2310 5084 nostrorum
2370 5035 2425 5082 et
2469 5027 2970 5083 comministrorum
3023 5036 3237 5084 tuorum
3271 5031 3609 5086 conscientia

1994 5129 2158 5190 atque
2203 5133 2475 5173 consensu
2509 5116 2874 5184 beneﬁciasti,
2933 5126 3204 5190 quatenus
3233 5119 3414 5175 eidem
3443 5121 3609 5176 Nort-

1990 5226 2198 5265 manno
2223 5210 2344 5263 illas
2375 5208 2754 5264 beneﬁciaret.
2794 5235 2818 5255 ι»

2073 5385 2203 5438 Item
2237 5391 2359 5452 post
2391 5381 2606 5453 aliquas
2637 5382 2792 5436 datas
2809 5382 3199 5436 auctoritates:
3235 5406 3260 5428 α
3298 5382 3358 5436 Εῑ
3382 5383 3486 5438 hoc
3511 5389 3608 5436 ate

1998 5473 2070 5528 ita
2106 5471 2557 5526 irrationabiliter
2583 5472 2782 5526 factum
2824 5471 3258 5526 irrationabilius
3289 5469 3608 5533 dissolvisti,

1995 5561 2088 5632 qui
2122 5569 2328 5615 armata
2359 5561 2584 5616 militari
2645 5579 2830 5627 manu,
2866 5560 3202 5632 etpermista
3245 5559 3387 5631 vulgi
3419 5557 3609 5612 multi-

1998 5653 2191 5708 tudine
2215 5669 2336 5707 cum
2366 5654 2532 5708 armis
2585 5661 2639 5708 et
2699 5653 2954 5717 fustibus,
2988 5659 3042 5706 et
3080 5652 3313 5706 tumultu
3347 5648 3606 5716 maximo,

1997 5744 2141 5798 sicut
2177 5743 2369 5798 dicunt
2398 5743 2491 5814 qui
2523 5743 2722 5798 factum
2755 5741 2891 5796 illud
2923 5741 3179 5796 viderunt
3209 5744 3263 5792 ct
3290 5736 3604 5802 audierunt.
