4012 6164
397 196 503 250 215

1521 197 1891 252 FLODOARDl
1933 199 2239 254 CANONICI
2279 198 2607 253 REMENSIS

3617 200 3729 255 216

399 330 658 387 eumdem
690 330 1106 395 Nortmannum,
1141 331 1236 400 qui
1294 330 1439 401 ipsas
1470 347 1557 386 res
1587 349 1616 386 a
1656 340 1712 388 te
1739 335 1852 408 regi
1877 350 2014 392 con-
2037 340 2089 407 Α
2120 349 2378 406 exposco,
2409 333 2553 389 sicut
2582 341 2637 389 et
2682 333 2738 387 in
2791 333 2984 388 eadem
3016 335 3228 405 synodo
3277 335 3333 390 in
3363 335 3560 391 eodem
3592 336 3732 390 Atti-

400 438 604 487 cessas,
629 436 726 491 per
754 419 899 494 regis
956 419 1290 476 beneficium
1335 423 1622 491 retinebat,
1658 425 1929 481 violenter
1959 434 2012 482 et

399 513 519 566 sine
550 510 695 583 regis
724 509 1068 574 auctoritate,
1102 526 1165 565 ac
1211 510 1401 579 verbo,
1441 513 1522 566 vel
1558 514 1752 569 litteris
1788 517 2008 586 expuli-

399 600 489 664 sti,
523 606 576 653 et
607 596 835 667 expulso
873 596 988 662 illo,
1013 597 1134 652 illas
1164 597 1435 667 invasisti,
1475 609 1528 656 et
1551 602 1602 656 in
1645 619 1738 657 eas
1772 603 2006 672 intrasti,

401 705 463 744 ac
494 686 807 758 possedisti,
840 703 963 741 cum
995 688 1105 742 sint
1160 689 1310 763 leges
1340 698 1396 745 et
1449 693 1671 764 regulae,
1728 694 1799 749 sit
1844 695 2010 749 etiam

400 799 491 837 rex
521 789 749 853 portans
802 781 1047 853 gladium
1104 784 1172 837 ad
1230 784 1528 839 vindictam
1589 787 2009 844 malefactorum

401 879 568 948 (Rom.
600 876 742 947 xm),
773 877 886 931 sint
924 877 1192 948 episcOpi,
1245 887 1299 933 et
1327 895 1568 936 canones
1607 882 1675 936 ad
1712 882 2014 951 judicanda

399 969 633 1024 crimina
661 968 1077 1042 sacrilegorum,
1107 977 1164 1024 ut
1187 969 1233 1024 si
1268 971 1387 1042 ipse
1424 972 1793 1030 Nortmannus
1819 991 2013 1046 perva-

401 1079 492 1119 sor
557 1079 740 1117 rerum
793 1064 1290 1120 ecclesiasticarum
1349 1066 1506 1132 foret,
1560 1068 1765 1143 gladio,
1827 1070 1880 1125 id
1927 1079 2012 1126 est

403 1158 645 1214 vindicta
665 1158 815 1234 regia
853 1160 1161 1229 puniretur,
1194 1161 1240 1214 si
1282 1162 1586 1234 sacrilegus
1623 1165 2013 1235 comprobatus

405 1258 572 1313 esset,
629 1249 930 1320 episcopali
962 1259 1016 1306 et
1065 1251 1332 1308 canonico
1373 1253 1586 1321 judicio
1647 1254 2009 1322 judicaretur.

404 1340 541 1395 Sunt
571 1341 735 1396 etiam
762 1341 1000 1410 judiccs,
1061 1352 1115 1397 et
1142 1350 1269 1398 sunt
1299 1344 1470 1418 leges,
1521 1361 1756 1416 quorum
1786 1355 1841 1402 et
1871 1364 2012 1418 qua-

407 1451 524 1489 rum
547 1434 778 1503 judicio,
810 1434 856 1489 si
883 1434 1014 1506 quid
1048 1434 1182 1490 forte
1211 1436 1332 1501 tibi,
1361 1446 1418 1490 et
1450 1437 1705 1492 Ecclesia:
1738 1437 1834 1491 tibi
1858 1454 2013 1493 com-

405 1524 585 1578 missae
612 1524 815 1592 injuste
847 1522 1052 1578 factum
1091 1529 1227 1591 erat,
1274 1525 1528 1597 legaliter
1581 1534 1636 1581 et
1689 1527 2016 1600 regulariter

344 1612 349 1616 ’
407 1619 814 1674 emendaretur.
850 1642 876 1664 ι»

479 1712 613 1765 Item
643 1717 767 1780 post
789 1709 1039 1780 quaedam
1090 1709 1369 1779 praecipue
1409 1709 1558 1765 beati
1595 1710 1842 1784 Gregorii
1877 1729 2019 1782 prae-

406 1800 723 1870 ceptionum
754 1799 1001 1852 decreta:
1030 1798 1315 1869 «Denique
1341 1814 1405 1852 ex
1419 1814 1484 1853 eo
1499 1799 1648 1870 quod
1672 1800 1746 1854 tui
1770 1801 2020 1856 homines

407 1903 464 1942 se
495 1889 564 1941 ad
616 1902 799 1961 regem
858 1885 1312 1951 reclamaverunt,
1375 1885 1633 1956 quoniam
1691 1888 1758 1942 ab
1809 1889 1890 1942 eis
1921 1904 2020 1943 sua

408 1978 696 2046 beneficia,
753 1978 845 2049 qui
898 1978 1045 2049 apud
1086 1985 1466 2033 antecessores
1497 1984 1639 2048 {tuos
1694 1980 2020 2050 praeservie-

407 2077 551 2134 runt,
588 2069 788 2137 injuste
821 2074 874 2122 ct
905 2067 1358 2122 irrationabiliter
1411 2067 1734 2123 abstulisses
1764 2075 1889 2139 post
1921 2069 2019 2122 da-

410 2168 522 2216 tum
561 2160 674 2234 regi
707 2166 760 2213 et
790 2159 924 2213 mihi
953 2159 1270 2213 libellumin
1291 2160 1506 2230 synodo
1533 2159 1600 2213 de
1628 2159 1862 2232 regulari
1886 2159 2022 2215 obe-

409 2251 616 2307 dientia
648 2259 758 2316 tua,
813 2251 1115 2305 secundum
1174 2266 1360 2305 sacros
1412 2266 1677 2317 canones,
1713 2259 1768 2306 et
1803 2252 2026 2306 decreta

406 2352 607 2398 sanctae
635 2343 784 2398 sedis
816 2344 1075 2398 Romanae
1107 2341 1454 2412 pontificum,
1509 2358 1572 2396 ex
1613 2344 1824 2399 eisdem
1855 2346 2026 2401 sacris

407 2435 715 2490 canonibus
781 2435 1145 2508 promulgata,
1200 2433 1407 2489 electos
1462 2434 1679 2502 judices
1730 2436 2024 2508 episcopos

409 2528 553 2600 apud
581 2543 669 2582 me
699 2527 976 2598 expetisti,
1035 2533 1089 2581 et
1142 2535 1272 2592 tres,
1333 2527 1636 2582 secundum
1706 2527 2023 2584 Africanum

406 2617 701 2673 concilium
733 2618 900 2687 (conc.
960 2618 1142 2683 Afric.
1202 2632 1323 2670 can.
1372 2616 1461 2682 63,
1521 2616 1608 2678 88,
1639 2617 1726 2684 89,
1762 2618 1873 2687 94),
1909 2619 2021 2673 sci-

407 2709 536 2764 licet
565 2708 877 2772 Actardum,
924 2707 1344 2778 Ragenelinum.
1374 2716 1542 2778 atque
1567 2708 1834 2764 Joannem
1875 2727 1905 2764 a
1933 2727 2021 2766 me

409 2799 506 2854 tibi
535 2800 852 2874 designatos
870 2799 1184 2870 suscepisti,
1217 2807 1272 2854 et
1302 2815 1515 2868 eorum,
1547 2807 1712 2872 atque
1737 2803 2021 2872 apostolo-

437 2906 530 2942 um
563 2890 733 2944 Deum
768 2889 1077 2944 timentium
1126 2887 1359 2957 judicio,
1396 2889 1450 2943 in
1482 2890 1670 2945 domni
1705 2891 1852 2965 regis
1883 2892 2025 2947 sicut

412 2982 721 3053 postulasti,
749 2981 1039 3053 praesentia
1069 2982 1137 3036 de
1159 2981 1490 3053 quibusdam
1522 2983 1803 3038 decretum
1822 2984 1946 3049 fuit,
1968 2992 2027 3039 ut

414 3073 686 3128 Jeneﬁcia
716 3089 836 3139 sua,
870 3088 991 3144 quae
1024 3072 1478 3128 irrationabiliter
1527 3074 1902 3144 perdiderant,
1941 3093 2028 3130 re-

412 3178 679 3230 cuperare
709 3161 1002 3216 deberent.
1033 3161 1403 3225 Quorumdam
1427 3169 1608 3216 autem
1641 3178 1832 3218 eorum
1864 3180 2028 3219 causa

411 3270 584 3324 usque
614 3255 682 3308 ad
712 3254 880 3308 alium
913 3261 1222 3320 tractatum,
1246 3254 1412 3309 certis
1443 3255 1622 3309 causis
1655 3255 2029 3311 intervenien-

413 3349 560 3403 tibus
589 3365 699 3404 non
730 3348 987 3410 difﬁnita,
1023 3348 1118 3403 sed
1151 3349 1240 3404 die
1270 3349 1379 3403 alia
1430 3348 1757 3405 diffinienda
1809 3367 2029 3406 reman-

412 3442 482 3496 sit
514 3460 527 3508 ;
561 3449 616 3496 et
644 3450 700 3496 tu
732 3449 858 3497 ante
889 3441 1277 3496 difﬁnitioncm
1312 3449 1502 3496 contra
1531 3458 1719 3497 sacros
1762 3459 2025 3512 canones,

413 3543 467 3590 et
492 3535 613 3589 sine
638 3535 750 3588 ulla
781 3533 1106 3588 necessitate
1125 3531 1208 3586 vel
1229 3532 1462 3598 ratione,
1519 3530 1647 3606 fuga
1697 3533 1902 3603 lapsus,
1935 3551 2026 3590 re-

412 3625 658 3699 gularem
680 3621 1071 3678 difﬁnitionem
1099 3628 1418 3693 eXSpectare
1448 3623 1853 3693 contempsisti.
1889 3643 1911 3673 ι)

483 3713 618 3768 Item
651 3719 777 3785 post
801 3712 987 3784 aliqua
1015 3712 1085 3767 de
1107 3711 1434 3768 canonibus:
1470 3735 1482 3759 -
1510 3711 1573 3767 Et
1599 3711 1667 3767 ab
1700 3712 2023 3783 electorum,

408 3807 643 3877 judicio,
675 3817 734 3863 ut
759 3807 1008 3879 praedixi,
1037 3805 1254 3864 incaute
1275 3823 1338 3862 ac
1370 3806 1659 3862 inhoneste
1690 3805 1818 3879 fuga
1843 3807 2026 3878 lapsus

412 3898 738 3965 abscedens,
772 3897 1119 3969 pitacciolum
1154 3896 1606 3952 irrationabiliter
1635 3896 2029 3965 confectum,et

414 4007 578 4045 manu
596 3998 690 4045 tua
715 3988 1109 4059 subscriptum,
1166 4004 1228 4044 ac
1284 3987 1524 4058 praefatae
1557 3987 1890 4058 professioni
1920 3996 2027 4043 tuae

414 4094 815 4151 usquequaque
852 4077 1214 4154 contrarium,
1266 4092 1366 4146 per
1421 4077 1810 4132 Ermenoldum
1839 4078 2030 4133 diaco-

416 4193 546 4230 num
581 4184 756 4237 tuum,
788 4189 838 4226 Vl
883 4172 1066 4226 Nonas
1119 4169 1273 4226 Julii.
1305 4168 1613 4224 indictione
1643 4170 1676 4222 3
1707 4169 1841 4223 mihi
1873 4169 2026 4224 misi-

415 4271 508 4334 sti,
545 4267 693 4341 quod
723 4268 796 4321 ita
825 4281 885 4320 se
909 4264 1080 4318 habet
1111 4263 1214 4334 (s3)
1249 4279 1261 4316 :

492 4385 514 4403 η
555 4354 1039 4414 Revercndissimo
1069 4353 1363 4407 Remorum
1423 4350 1842 4422 archiepisc0po
1899 4351 2029 4406 lim--

2044 1660 2091 1727 Β

2052 3032 2100 3100 C

2114 431 2272 486 niaco
2313 447 2344 484 a
2372 429 2532 485 vobis
2590 437 2910 496 convocata,
2942 429 3090 501 quod
3122 430 3434 501 impetrare,
3497 446 3610 486 non
3634 445 3734 482 va-

2112 520 2207 586 lui,
2236 515 2596 588 expostulavi,
2627 532 2689 570 ac
2713 516 2824 584 jam
2855 516 3019 571 etiam
3073 533 3173 588 per
3201 517 3478 590 integrum
3509 516 3733 588 efflagi-

2113 610 2221 666 tavi
2241 626 2464 675 annum,
2488 615 2543 663 et
2571 609 2848 679 praecipue
2881 608 2936 662 in
2966 609 3178 679 synodo
3209 610 3358 680 apud
3392 609 3732 665 Vermeriam

2114 705 2377 776 palatium
2405 705 2532 759 olim
2555 705 2623 758 ab
2656 718 2793 759 orno
2819 703 3011 758 habita
3059 704 3215 774 (Syri.
3265 705 3417 774 apud
3465 706 3732 768 Vermer,

2113 812 2203 850 an.
2237 795 2386 864 770),
2429 793 2772 849 obsecrando
2825 793 3152 861 declamavi,
3217 811 3363 850 nunc
3419 809 3646 866 quoque
3680 801 3734 847 et

2114 882 2365 948 obsecro,
2417 891 2472 936 et
2517 881 2646 936 item
2693 881 2963 946 declamo,
2995 893 3055 936 ut
3112 891 3167 937 et
3197 883 3464 938 hactenus
3487 883 3598 956 egi,
3622 897 3736 953 quo

2116 980 2297 1027 vestra
2326 970 2783 1042 archiepiscopali
2811 971 3139 1026 auctoritate
3161 972 3306 1042 apud
3334 971 3525 1025 domni
3557 969 3733 1025 nostri

2114 1065 2497 1139 gloriosissimi
2531 1065 2677 1139 regis
2741 1065 2922 1120 Karoli
2979 1064 3183 1135 (Carol.
3234 1067 3449 1135 Calvus)
3477 1065 3734 1119 clemen-

2115 1157 2244 1211 tiam
2277 1155 2602 1224 obtineatis,
2655 1162 2928 1226 quatenus
2986 1155 3174 1211 domni
3199 1167 3253 1210 et
3283 1155 3609 1210 universalis
3639 1171 3738 1226 pa-

2116 1268 2196 1322 pae
2223 1250 2445 1305 Adriani
2479 1250 2773 1321 praeceptis
2803 1268 2866 1306 ac
2906 1251 3350 1306 institutionibus
3389 1249 3737 1306 ecclesiasti-

2113 1341 2212 1403 cis,
2243 1341 2377 1396 mihi
2409 1350 2466 1395 ut
2518 1340 2779 1396 omnibus
2809 1342 3052 1412 expedit,
3085 1341 3236 1396 velut
3265 1342 3316 1396 ei
3353 1341 3446 1413 qui
3478 1341 3549 1396 de
3581 1339 3737 1396 omni

2117 1430 2358 1486 Ecclesia
2385 1431 2463 1485 fas
2495 1432 2660 1486 habet
2683 1431 2999 1500 judicandi,
3050 1433 3214 1488 liceat
3244 1434 3499 1497 obedire,
3526 1431 3740 1486 videli—

2115 1535 2203 1581 cet
2230 1537 2288 1581 ut
2315 1528 2506 1582 limina
2545 1537 2857 1584 sanctorum
2892 1528 3287 1598 apostolorum,
3325 1528 3464 1582 Petri
3517 1525 3736 1581 scilicet

2117 1624 2172 1669 et
2200 1615 2372 1681 Pauli,
2403 1633 2636 1682 merear,
2696 1624 2754 1671 ut
2794 1616 3010 1680 devovi,
3071 1622 3125 1670 et
3174 1614 3241 1668 ab
3275 1614 3468 1670 eodem
3505 1613 3742 1682 insuper

2119 1717 2344 1764 vocatus
2382 1727 2525 1776 sum,
2561 1718 2872 1780 penetrare.
2907 1709 3162 1780 Alioquin
3193 1725 3282 1762 me
3303 1708 3462 1764 vobis
3493 1707 3562 1762 ab
3587 1707 3741 1773 hinc,

2121 1805 2624 1876 utarchiepiscopo
2682 1806 3048 1876 coepiscopus
3115 1805 3498 1875 obtemperare
3543 1802 3736 1867 debet,

2120 1894 2385 1949 canonice
2415 1894 2603 1949 sciatis
2619 1894 2852 1966 obsequi
2883 1911 2994 1950 non
3028 1910 3212 1965 posse,
3240 1894 3370 1966 quia
3399 1902 3458 1948 ut
3485 1892 3740 1947 decernit

2122 1987 2317 2042 beatus
2348 2004 2488 2058 papa
2513 1988 2762 2042 Gclasius
2788 1988 3197 2057 (Gsus.,epist.
3224 1988 3302 2054 4),
3337 1985 3742 2055 nesciuntquid

2121 2083 2444 2147 loquuntur,
2502 2077 2596 2148 qui
2641 2077 2877 2131 decretis
2935 2085 3136 2132 sanctae
3197 2076 3453 2130 Romana
3486 2073 3746 2129 Ecclesia:

2123 2169 2273 2222 sedis
2305 2168 2598 2239 praesulum
2624 2169 2779 2240 quasi
2802 2185 3044 2224 canones
3059 2175 3370 2239 opponunt,
3403 2165 3750 2238 quibuscon-

2129 2261 2289 2315 traire
2345 2269 2536 2316 contra
2592 2277 2835 2317 canones
2892 2268 2976 2316 est
3036 2261 3188 2332 ipsos
3237 2275 3296 2314 se
3348 2260 3583 2332 erigere.
3643 2258 3748 2310 Iste

2128 2350 2373 2404 Gelasius
2425 2368 2565 2422 papa
2619 2351 2957 2407 venerabilis
3013 2359 3067 2406 ct
3120 2359 3344 2405 sanctus
3389 2363 3585 2404 omnes
3636 2347 3746 2400 de-

2126 2442 2358 2496 cretales
2390 2442 2654 2512 epistolas
2685 2441 3086 2497 venerabiliter
3124 2439 3303 2494 sanxit
3333 2436 3746 2508 suscipiendas,

2126 2546 2230 2586 nec
2261 2546 2324 2584 ea
2349 2529 2739 2585 venerabiliter
2804 2529 3053 2600 suscipit,
3112 2527 3242 2582 licet
3300 2528 3368 2581 ad
3401 2535 3606 2582 tomum
3651 2541 3747 2579 ca-

2129 2633 2225 2697 put
2252 2625 2500 2692 inclinet,
2535 2626 2628 2696 qui
2656 2626 2738 2680 eis
2755 2641 2864 2680 non
2891 2623 3103 2690 obedit,
3135 2623 3232 2677 sed
3248 2622 3431 2693 potius
3455 2635 3618 2692 porro
3641 2619 3749 2674 ob-

2123 2718 2241 2772 vias
2262 2732 2459 2771 manus
2487 2716 2752 2780 inferens,
2788 2715 2935 2787 quod
2957 2715 3079 2769 sine
3105 2713 3351 2785 periculo
3378 2713 3463 2788 agi
3505 2722 3616 2768 non
3642 2725 3747 2782 po-

2128 2811 2253 2873 test,
2286 2806 2498 2876 respuit
2527 2812 2718 2876 utpote
2748 2805 2844 2877 qui
2895 2805 2962 2860 de
2994 2820 3052 2859 se
3077 2803 3313 2872 judicari
3362 2818 3472 2857 non
3513 2801 3739 2873 prospi-

2127 2901 2219 2956 cit.
2254 2901 2387 2954 Nam
2435 2899 2667 2953 velimus
2724 2898 2984 2961 nolimus,
3041 2905 3133 2951 aut
3157 2896 3238 2951 eis
3277 2893 3612 2967 parebimus,
3648 2903 3749 2948 aut

2127 3006 2316 3045 eorum
2345 2987 2554 3058 judicio
2588 2987 2972 3058 percellemur,
3000 3002 3233 3058 quorum
3268 2984 3546 3039 neminem
3572 2983 3750 3054 aliqui

2128 3079 2334 3151 quique
2357 3077 2654 3149 reprobarc
2697 3077 2960 3131 valemus.
2996 3077 3068 3130 De
3097 3073 3532 3144 archiepiscopis
3561 3080 3750 3126 autem

2131 3171 2381 3246 Remigio
2441 3187 2504 3225 ac
2557 3169 2846 3234 Harduico,
2879 3169 3027 3240 quod
3059 3167 3194 3221 mihi
3248 3182 3347 3238 per
3378 3164 3752 3219 Teutlandum

2131 3266 2425 3321 diaconum
2480 3263 2800 3328 mandastis,
2877 3261 3168 3333 privilegio
3228 3269 3428 3316 sanctae
3487 3261 3752 3316 Romana:

2131 3356 2388 3412 Ecclesiae
2412 3371 2520 3410 non
2552 3353 2894 3424 praejudicat,
2923 3351 3018 3406 sed
3053 3350 3203 3422 quod
3235 3349 3316 3405 eis
3337 3349 3529 3404 eadem
3560 3360 3756 3405 sancta

2129 3448 2289 3501 sedes
2314 3445 2492 3500 deme
2542 3444 2716 3499 voluit
2772 3459 2836 3496 ac
2879 3439 3152 3511 disposuit
3191 3439 3560 3504 committere,
3593 3455 3753 3494 com-

2129 3535 2300 3602 misit,
2329 3551 2426 3590 vos
2453 3549 2581 3589 vero
2603 3533 2752 3604 quod
2785 3539 3027 3588 vestrum
3092 3535 3175 3583 est
3220 3527 3386 3600 agite.
3426 3527 3485 3581 ln
3515 3527 3755 3582 Domino

2126 3627 2257 3682 Jesu
2287 3627 2695 3697 Christo,bene
2746 3626 2943 3680 valete.
3005 3621 3115 3694 Ego
3163 3621 3485 3675 Hincmarus
3541 3629 3750 3674 sancta:

2132 3723 2509 3798 Laudunensis
2532 3723 2785 3778 Ecclesiae
2813 3722 3112 3793 episc0pus
3130 3726 3328 3792 sponte
3361 3718 3692 3789 subscripsi.
3718 3740 3750 3768 ιι

2183 3803 2228 3868 ἰ
2262 3818 2336 3872 De
2361 3832 2470 3889 quo
2486 3816 2681 3888 pitatio
2736 3814 2832 3868 tibi
2865 3813 3054 3868 distuli
3104 3811 3444 3882 respondere
3468 3817 3672 3881 putans
3701 3817 3753 3864 te

2131 3913 2453 3975 retractare,
2487 3911 2541 3958 et
2571 3921 2602 3958 a
2624 3914 2717 3958 tua
2757 3901 3105 3957 contumacia
3148 3899 3471 3970 resipiscere
3513 3918 3528 3952 :
3563 3907 3616 3952 tu
3648 3915 3754 3953 au-

2129 4006 2238 4052 tem
2268 4012 2377 4051 non
2407 3995 2687 4068 quievisti,
2745 3993 2888 4048 sicut
2918 4008 3082 4047 causa
3108 3991 3399 4046 brevitatis
3430 3990 3650 4045 omitto.
3691 3990 3756 4045 Et

2131 4100 2254 4159 post
2284 4090 2401 4144 haec
2422 4105 2518 4157 per
2540 4086 2800 4142 clericum
2826 4093 2980 4140 tuum
3022 4085 3368 4139 Bertharium
3400 4083 3604 4139 domno
3630 4085 3751 4159 regi

2132 4191 2251 4235 tuas
2281 4181 2489 4235 litteras
2537 4177 2804 4244 direxisti,
2853 4193 3123 4232 excusans
3172 4184 3225 4230 te
3270 4175 3530 4247 quoniam
3577 4176 3646 4230 ad
3683 4176 3756 4230 il-

2129 4272 2263 4338 lum,
2297 4272 2439 4326 sicut
2460 4269 2558 4324 tibi
2590 4270 2965 4325 mandaverat.
3000 4269 3192 4324 venire
3231 4283 3340 4322 non
3368 4283 3585 4338 posses,
3615 4268 3752 4340 quia

2129 4361 2468 4428 febricitans,
2504 4368 2562 4415 ut
2583 4369 2636 4414 te
2659 4361 2740 4415 sol
2771 4365 3020 4435 tangeret
3048 4357 3280 4412 sufferre
3315 4356 3622 4428 nequibas:
3648 4358 3752 4412 sed

414 4464 595 4505 CBIARO
663 4453 865 4501 sanctae
928 4441 1309 4497 Laudunensis
1367 4440 1624 4497 Ερειθεὶἱε
1690 4441 2022 4510 HINCMARUS,
2263 4456 2486 4510 Romam
2542 4454 2711 4509 eundi
2766 4453 3046 4508 licentiam
3097 4450 3272 4517 daret,
3307 4451 3610 4506 secundum
3647 4467 3751 4506 γο-

416 4544 526 4597 Deo
551 4540 868 4601 miserante,
899 4536 1214 4608 episc0pus,
1247 4534 1487 4590 debitam
1521 4534 1575 4588 in
1608 4533 1822 4589 Christo
1853 4535 2027 4590 devo-

417 4634 646 4689 tionem.
678 4632 784 4686 Vos
812 4629 966 4685 scitis
991 4629 1119 4701 quia
1149 4627 1217 4683 ab
1261 4627 1556 4683 universali
1587 4635 1789 4683 sanctae
1830 4626 2029 4682 Roma-

418 4741 501 4779 nze
529 4722 787 4778 Ecclesiae
845 4735 1009 4792 papa,
1040 4720 1195 4774 Patre
1226 4734 1448 4790 quoque
1480 4725 1666 4774 nostro
1689 4727 1743 4774 et
1768 4719 2030 4793 magistro

417 4819 655 4874 Adriano
688 4818 942 4886 (Adrian.
998 4815 1068 4884 II)
1103 4813 1187 4868 his
1240 4822 1465 4869 vocatus
1493 4813 1688 4879 existo,
1711 4823 1764 4868 et
1793 4830 1890 4870 vos
1917 4815 2021 4885 ipsi

419 4915 472 4968 in
501 4910 963 4986 quaternionibus
990 4909 1123 4964 mihi
1157 4926 1187 4963 a
1218 4907 1376 4963 vobis
1407 4906 1463 4960 in
1505 4906 1773 4962 Attiniaco
1798 4909 2024 4977 palatio,

419 5023 601 5062 coram
631 5003 1066 5075 archiepisc0pis
1123 5008 1178 5056 et
1230 4999 1528 5072 episcopis,
1586 5000 1680 5071 qui
1711 4999 2024 5066 adfuerunt,

419 5095 583 5162 datis,
617 5093 762 5166 quod
781 5092 848 5147 ad
865 5092 1057 5146 eadem
1091 5089 1280 5145 sedem
1303 5088 1495 5144 venire
1527 5089 1754 5145 totidem
1806 5097 2033 5145 vocatus

419 5187 853 5251 detrectem,me
897 5181 1341 5254 reprehendistis
1375 5181 1455 5247 ;si
1523 5180 1659 5236 vitio
1721 5179 2028 5250 scriptoris,

419 5295 517 5352 pro
549 5279 871 5343 detrectem,
918 5274 1066 5348 quod
1113 5282 1198 5329 est
1253 5272 1595 5328 dissimulem
1640 5273 1728 5329 vel
1755 5271 2026 5338 differam,

417 5376 738 5437 detractam,
781 5371 928 5444 quod
985 5370 1143 5426 valde
1201 5376 1426 5425 tractem
1485 5385 1595 5425 non
1653 5368 1721 5423 ab
1753 5386 1810 5424 re
1851 5368 2024 5440 accipi

415 5477 618 5543 potest,
651 5467 1148 5522 intercharaxatum
1181 5478 1289 5517 non
1341 5462 1461 5518 fuit.
1523 5463 1676 5518 Unde
1729 5479 1824 5518 vos
1883 5481 2028 5520 nunc

414 5577 513 5633 pro
541 5575 726 5615 amore
767 5557 860 5613 Dei
884 5553 1303 5627 omnipotentis,
1339 5561 1393 5608 et
1453 5554 1762 5609 reverentia
1791 5554 1844 5607 S.
1880 5551 2024 5608 Petri

479 5665 592 5738 (13)
633 5665 812 5722 Evstat
843 5662 912 5719 ad
942 5661 1109 5718 finem
1142 5659 1396 5734 opusculi
1435 5659 1515 5715 LV
1548 5659 1781 5732 Capitul.

2132 4551 2245 4599 tum
2276 4554 2424 4599 tuum
2458 4543 2605 4616 quod
2665 4542 2879 4606 vovisti,
2929 4541 3150 4613 quando
3200 4541 3370 4595 altera
3391 4538 3511 4594 vice
3533 4538 3748 4594 febrem

2131 4638 2396 4704 habuisti,
2437 4647 2495 4692 ut
2521 4638 2588 4691 ad
2614 4643 2927 4690 sanctorum
2953 4635 3325 4704 apostolorum
3361 4632 3573 4692 limina,
3602 4632 3759 4688 sicut

2130 4744 2358 4784 voveras
2382 4727 2634 4791 veniens,
2664 4725 2873 4778 ibidem
2907 4725 2973 4778 ab
2997 4724 3192 4778 eadem
3219 4723 3374 4778 febre
3399 4722 3746 4776 liberareris.

2132 4819 2183 4873 ls
2200 4825 2381 4872 autem
2413 4817 2652 4871 domnus
2681 4829 2776 4868 rex
2805 4827 2988 4868 coram
3029 4813 3306 4885 episc0pis
3353 4819 3409 4866 et
3446 4811 3570 4866 aliis
3596 4810 3742 4866 fide-

2129 4912 2274 4966 libus
2295 4911 2426 4978 suis,
2458 4911 2552 4982 qui
2581 4909 2894 4973 adfuerunt,
2924 4909 3022 4964 tibi
3057 4924 3155 4979 per
3176 4907 3433 4962 eumdem
3484 4906 3749 4962 clericum

2131 5013 2285 5059 tuum
2319 5003 2680 5068 remandavit,
2705 5002 2904 5056 mirum
2937 5010 2991 5056 et
3037 5016 3147 5055 non
3198 5015 3384 5053 verum
3437 5013 3556 5052 esse
3600 4999 3753 5069 quod

2134 5095 2371 5160 diceres,
2423 5092 2684 5164 quoniam
2735 5093 2802 5145 ad
2860 5091 3012 5146 illum
3070 5089 3257 5144 venire
3291 5103 3400 5142 non
3455 5103 3668 5158 posses,
3698 5096 3755 5144 et

2134 5185 2357 5241 Romam
2391 5183 2542 5237 adire
2599 5181 2830 5236 valeres.
2883 5180 3113 5235 Venires
3169 5186 3353 5232 autem
3388 5177 3455 5232 ad
3489 5177 3668 5240 illum,
3695 5187 3751 5233 et

2129 5277 2173 5331 si
2195 5278 2311 5347 ipse
2338 5291 2436 5346 pro
2467 5291 2630 5330 causa
2661 5272 2971 5328 rationabili
3010 5277 3063 5326 te
3100 5269 3323 5325 illucirc
3356 5271 3499 5324 velle
3529 5286 3745 5343 cogno-

2127 5381 2279 5421 scere
2311 5371 2516 5435 posset,
2551 5363 2649 5416 tibi
2702 5361 2983 5417 liéentiam
3012 5375 3119 5416 non
3144 5360 3446 5433 denegaret
3499 5359 3575 5413 Tu
3609 5375 3741 5415 vero

2127 5457 2194 5512 ad
2212 5455 2364 5509 illum
2383 5453 2571 5508 venire
2604 5451 2848 5520 noluisti,
2908 5452 3086 5508 donec
3111 5451 3254 5505 circa
3300 5449 3571 5504 Kalendas
3599 5450 3744 5520 Sep-

2127 5549 2356 5607 tembris
2386 5548 2561 5604 tertiae
2603 5546 2946 5613 indictionis,
2980 5545 3047 5600 ad
3095 5544 3367 5599 Silvacum
3395 5542 3465 5597 de
3494 5542 3742 5598 collocu-
