4010 6162
235 306 343 362 217

888 306 1211 362 HISTORIIE
1250 306 1576 364 ECCLESDE
1613 310 1941 369 REMENSIS
1983 312 2160 369 LIBRI
2201 311 2505 379 QUATUOR
2559 342 2627 353 —
2657 311 2783 368 LIB.
2826 312 2918 367 Ill.

3454 314 3562 370 218

234 435 392 491 tione
412 435 595 491 fratris
623 435 707 491 sui
730 435 989 492 Ludovici
1019 436 1203 505 rediit,
1261 453 1372 510 quo
1396 438 1613 496 obviam
1637 442 1718 497 illi
1746 459 1848 499 ve-
1874 448 1927 517 Α
1954 461 2078 501 cum
2109 445 2295 500 subire
2319 443 2613 513 judicium,
2671 444 2814 500 sicut
2858 445 2943 500 lex
2983 443 3368 512 Valentiniani,
3396 461 3561 517 quam

235 523 417 587 niens,
442 523 580 578 nihil
633 539 759 578 cum
832 540 921 585 eo,
974 524 1074 578 sed
1124 540 1228 580 nec
1278 541 1518 595 mecum,
1562 536 1735 600 perte
1764 532 1849 586 vel

233 614 431 669 missos
454 622 597 675 tuos.
621 622 717 669 aut
738 614 950 669 litteras
1005 623 1127 671 tuas
1155 616 1225 672 de
1255 617 1475 673 licentia
1500 625 1592 675 tua
1622 622 1849 678 Romam

233 705 755 762 eundidixisti.Sed
778 716 833 762 et
875 708 1098 779 quando
1147 707 1299 763 missi
1331 709 1521 766 domui
1561 714 1847 784 apostolici

232 793 418 848 Remis
449 792 694 861 fuerunt,
736 795 989 867 quotidie
1019 813 1119 869 per
1147 807 1361 869 septem
1389 799 1532 868 dies,
1565 818 1689 857 cum
1718 820 1849 877 rege

233 895 284 939 et
310 901 533 941 mecum
564 886 782 942 locutus
816 885 990 953 fuisti,
1023 896 1077 943 et
1104 888 1232 944 inde
1266 890 1403 946 nihil
1452 893 1661 948 dixisti.
1695 895 1848 963 Quod

234 974 377 1028 dicis
410 982 463 1029 te
490 975 544 1028 in
576 975 789 1046 synodo
833 976 981 1047 apud
1012 978 1377 1045 Vermerium,
1430 980 1669 1054 indeque
1701 985 1847 1055 apud

234 1063 571 1118 Attiniacum
602 1063 884 1119 licentiam
924 1064 1092 1120 eundi
1127 1067 1351 1121 Romam
1383 1069 1611 1139 petisse,
1658 1077 1713 1124 et
1736 1071 1846 1125 im-

231 1162 456 1223 petrare
486 1167 596 1207 non
636 1152 903 1223 potuisse,
924 1168 1118 1208 omnes
1144 1155 1415 1227 episcOpi,
1440 1157 1536 1229 qui
1561 1158 1615 1211 in
1638 1158 1847 1214 eisdem

228 1244 462 1315 synodis
480 1242 720 1310 fuerunt,
762 1243 1170 1315 liquidosciunt
1199 1247 1459 1318 quoniam
1489 1265 1613 1304 cum
1646 1250 1716 1306 de
1738 1252 1849 1306 tuis

230 1332 553 1387 insolentiis
583 1332 982 1403 increpabaris,
1031 1333 1230 1389 timens
1275 1337 1526 1411 regulare
1550 1337 1845 1409 judicium,

228 1422 309 1476 vel
346 1422 501 1495 regis
552 1422 992 1494 castigationem,
1061 1422 1339 1479 licentiam
1399 1426 1567 1480 eundi
1623 1427 1850 1483 Romam

229 1508 486 1581 petebas.
522 1508 655 1564 Cum
686 1526 818 1566 vero
850 1510 1099 1578 videbas,
1150 1511 1282 1584 quia
1320 1524 1374 1567 et
1402 1530 1494 1569 rex
1515 1520 1570 1569 et
1600 1514 1848 1588 episcopi

229 1606 393 1654 erant
424 1598 527 1654 tibi
558 1599 884 1671 placabiles,
907 1602 977 1656 de
1011 1604 1131 1674 ipsa
1187 1602 1412 1660 licentia
1441 1605 1578 1661 nihil
1602 1606 1849 1675 dicebas,

229 1690 382 1745 sicut
410 1706 516 1745 nec
546 1690 711 1746 modo
743 1688 899 1757 facis,
941 1690 1121 1747 donec
1158 1692 1400 1764 aliquam
1432 1696 1753 1761 novitatem,
1794 1705 1854 1751 ut

230 1780 406 1847 soles,
433 1796 600 1852 quam
645 1796 865 1852 semper
920 1780 1171 1837 timendo
1226 1790 1502 1853 exspecto.
1538 1784 1736 1839 iterum
1768 1784 1855 1839 fa-
1881 1773 1931 1842 Β

233 1873 377 1937 cias,
411 1873 483 1927 de
512 1889 621 1944 qua
651 1873 1016 1944 compellatus
1045 1873 1262 1929 solitam
1293 1876 1605 1931 cantionem
1653 1876 1723 1931 de
1760 1888 1854 1942 tua

228 1972 509 2020 recantes.
580 1964 781 2020 Potitio
841 1974 1024 2021 autem
1076 1974 1166 2021 tua
1196 1967 1343 2038 apud
1371 1968 1634 2023 domnum
1667 1985 1851 2044 regem

225 2056 359 2111 talis
382 2055 508 2122 fuit,
541 2055 763 2127 quando
807 2056 876 2109 ad
918 2072 1045 2110 eum
1097 2056 1316 2124 venisti,
1336 2056 1467 2129 quia
1495 2057 1638 2113 sicut
1668 2058 1854 2130 plures

222 2157 277 2203 et
308 2164 462 2220 pene
485 2162 680 2203 omnes
705 2146 763 2201 in
795 2147 915 2203 istis
967 2148 1249 2219 provincis
1305 2149 1447 2205 scire
1479 2149 1761 2218 dicuntur,
1794 2161 1851 2207 et

222 2246 401 2312 patet,
433 2239 647 2295 addens
685 2239 946 2310 gravibus
961 2240 1236 2315 graviora,
1265 2241 1415 2296 velut
1438 2241 1849 2313 ipsasacrorum

222 2347 507 2388 canonum
538 2330 919 2386 demonstrant
951 2330 1182 2399 judicia,
1236 2331 1427 2387 nescio
1483 2331 1689 2404 quibus
1732 2350 1849 2387 ma-

224 2422 649 2480 chinationibus
678 2421 967 2494 exquisntis
1007 2439 1039 2477 a
1096 2432 1146 2479 te
1173 2423 1350 2493 jussio
1409 2431 1494 2479 est
1523 2423 1848 2495 principalis

224 2513 441 2578 elicita,
498 2518 557 2567 ut
586 2511 656 2565 de
707 2510 795 2565 his
837 2511 906 2565 de
937 2510 1143 2582 quibus
1171 2512 1376 2567 electos
1398 2512 1617 2581 judices
1645 2528 1849 2568 secun-

223 2606 568 2659 dumsacros
617 2618 858 2659 canones
914 2604 1193 2674 expetisti,
1250 2620 1360 2660 non
1409 2604 1588 2661 solum
1658 2620 1848 2660 eorum

225 2694 487 2768 querela,
535 2709 771 2765 quorum
810 2709 974 2748 causa
1019 2710 1193 2766 usque
1226 2694 1292 2749 ad
1346 2694 1516 2749 alium
1558 2701 1848 2750 tractatum

221 2783 564 2839 dilﬁnienda
594 2782 856 2838 remansit
878 2800 892 2837 :
911 2799 1101 2838 verum
1123 2794 1177 2839 et
1198 2801 1341 2856 quae,
1366 2792 1427 2839 ut
1447 2784 1583 2850 dixi,
1608 2784 1663 2838 in
1688 2786 1847 2841 dom-

220 2875 274 2929 ni
333 2873 491 2944 regis
543 2873 838 2943 praesentia
894 2873 1195 2929 electorum
1262 2874 1512 2943 judicum
1571 2874 1847 2929 sententia

216 2965 466 3021 difﬁnita
523 2964 770 3029 fuerunt,
837 2964 958 3020 sine
1014 2965 1422 3036 metropolitani
1478 2966 1842 3032 conscientia,

210 3057 453 3128 sineque
484 3054 756 3109 canonico
784 3061 839 3108 et
891 3054 1192 3125 episcOpali
1233 3053 1469 3123 judicio,
1504 3070 1604 3125 per
1629 3054 1847 3123 judices

212 3150 538 3209 saeculares,
601 3145 988 3219 Helmigarium
1056 3146 1274 3201 scilicet
1321 3148 1544 3201 mercati
1617 3148 1843 3218 palatini

210 3239 629 3303 Telonearium,
672 3244 728 3293 et
778 3238 1111 3293 Flotharium
1170 3254 1233 3293 ac
1272 3238 1558 3294 Ursionem
1593 3239 1842 3296 villarum

218 3331 506 3403 regiarum
564 3326 799 3396 majores
859 3327 1265 3394 refricarentur,
1331 3336 1521 3383 contra
1579 3344 1839 3397 canones,

214 3424 310 3497 qui
336 3424 411 3478 ab
435 3420 831 3476 ecclesiasticis
875 3420 942 3474 ad
994 3421 1218 3489 majoris
1272 3421 1613 3477 auctoritatis
1652 3422 1838 3477 eccle-

214 3513 740 3581 siasticosjudices,
780 3518 857 3567 et'
887 3527 996 3566 non
1045 3528 1076 3565 a
1125 3511 1429 3580 majoribus
1454 3512 1522 3566 ad
1572 3512 1840 3580 minores,

212 3623 314 3661 nec
332 3606 404 3659 ab
436 3603 831 3659 ecclesiasticis
848 3604 916 3657 ad
948 3604 1263 3670 saeculares,
1288 3619 1470 3675 neque
1502 3619 1532 3658 a
1561 3619 1842 3659 consensu

210 3695 679 3770 partium‘electis
734 3694 1017 3766 provocari
1060 3695 1406 3766 permittunt.
1451 3695 1489 3748 Α
1529 3695 1731 3767 quibus
1754 3696 1845 3765 ju-

211 3789 438 3843 dicibus
458 3785 821 3842 saecularibus
858 3801 889 3839 a
920 3792 973 3839 te
995 3785 1184 3855 petitis
1209 3784 1461 3857 quadam
1495 3801 1559 3839 ex
1590 3784 1845 3840 difﬁnitis

218 3880 480 3933 refricata
490 3884 547 3932 et
563 3876 1125 3948 immutata,quaadam
1139 3891 1272 3931 vero
1286 3892 1353 3931 ex
1366 3875 1706 3931 difﬁniendis
1718 3883 1847 3931 sunt

209 3970 471 4037 difﬁnita,
500 3967 865 4023 adinventitia
889 3967 1253 4037 reputatione,
1285 3967 1428 4023 sicut
1463 3967 1531 4021 ab
1564 3967 1720 4038 ipsis,
1751 3967 1844 4039 qui

217 4064 271 4118 in
300 4063 505 4119 eodem
538 4061 740 4132 placito
773 4062 1013 4127 fuerunt,
1040 4061 1342 4127 dicitur,de
1374 4077 1485 4117 non
1514 4060 1847 4116 necessariis

226 4152 830 4210 etinconvenientibus
844 4153 1168 4225 juramentis
1198 4159 1433 4220 reperta,
1467 4159 1520 4208 et
1541 4159 1640 4207 ate
1663 4168 1845 4209 coram

228 4244 512 4315 pradictis
559 4242 845 4311 judicibus
897 4242 1034 4313 ipsis
1063 4243 1172 4297 tuis
1237 4241 1675 4309 accusatoribus,
1708 4256 1849 4314 quos

226 4341 416 4388 contra
443 4331 895 4399 electosjudices
940 4330 1091 4385 sicut
1145 4331 1480 4402 expetieras,
1533 4330 1844 4403 suscepisti,

226 4424 538 4496 proposita,
564 4430 839 4494 quatenus
862 4430 916 4477 et
936 4422 982 4477 is
1003 4422 1072 4477 de
1089 4438 1199 4493 quo
1222 4422 1470 4497 legaliter
1489 4438 1553 4477 ac
1578 4420 1848 4495 regulari-

227 4522 303 4568 ter
329 4512 641 4568 diftinitum
682 4510 881 4578 fuerat,
919 4519 979 4567 ut
1009 4510 1340 4566 beneﬁcium
1397 4527 1557 4566 suum
1598 4509 1848 4576 haberet,

226 4604 369 4674 quod
402 4612 604 4658 contra
616 4600 882 4656 rationem
899 4600 1285 4672 etazquitatem
1312 4599 1848 4671 perdiderat,eadcm

226 4695 627 4751 adinventione
655 4694 1036 4759 dimitteret,et
1064 4692 1359 4765 illiquibus
1381 4691 1684 4762 judicatum
1718 4690 1847 4746 fue-

226 4794 319 4852 rat,
353 4792 415 4839 ut
446 4784 712 4857 quoniam
746 4793 805 4838 tu
861 4791 986 4854 post
1026 4782 1329 4854 expetitum
1360 4783 1662 4837 electorum
1690 4781 1849 4850 judi-

223 4876 384 4938 cium,
420 4874 574 4929 idem
597 4871 871 4940 judicium
895 4870 1301 4945 subterfugisti,
1332 4869 1606 4926 beneﬁcia
1636 4886 1733 4925 sua
1748 4886 1841 4926 us-

226 4984 323 5038 que
348 4966 421 5021 ad
448 4965 688 5041 legalem
715 4962 1104 5019 difﬁnitionem
1126 4969 1401 5030 tenerent,
1435 4962 1838 5035 beneficiaipsa

227 5055 573 5120 desererent,
599 5058 653 5107 et
679 5060 733 5107 tu
793 5052 941 5124 quod
987 5052 1259 5123 incmpisti
1292 5052 1634 5109 evindicares
1664 5071 1679 5119 ;
1713 5068 1836 5107 cum

225 5143 357 5199 sicut
388 5143 493 5198 tibi
527 5158 640 5197 non
695 5141 825 5197 licet
877 5142 947 5196 de
994 5141 1366 5208 accusatione,
1393 5142 1511 5197 sive
1533 5141 1838 5197 criminalis

226 5249 417 5298 causa,
474 5232 597 5287 sive
658 5229 856 5296 civilis,
911 5230 1101 5286 relicto
1151 5230 1546 5297 ecclesiastico,
1614 5230 1838 5302 publico

227 5326 438 5398 purgari
465 5322 708 5394 judicio,
734 5323 811 5377 ita
866 5323 1032 5379 etiam
1088 5339 1199 5379 non
1231 5324 1358 5381 licet
1407 5324 1506 5379 tibi
1531 5324 1836 5397 postposito

224 5415 301 5468 vel
328 5419 655 5482 contempto
695 5412 1094 5480 ecclesiastico,
1139 5413 1371 5481 judicio,
1427 5414 1498 5469 ad
1553 5413 1837 5470 saecularia

219 5507 420 5574 judicia
450 5505 774 5571 convolare,
804 5505 892 5561 vel
921 5521 1333 5579 quemcunque,
1393 5522 1499 5563 nec
1526 5508 1692 5563 etiam
1723 5507 1831 5562 lai-

224 5611 337 5651 cam
369 5610 670 5668 personam
726 5595 1067 5667 pertrahere,
1108 5611 1290 5669 neque
1345 5596 1412 5652 ad
1465 5596 1643 5653 forum
1674 5612 1834 5653 suum

223 5689 396 5760 sequi,
422 5688 471 5743 si
498 5687 619 5759 ipsa
670 5702 911 5759 persona
931 5687 1072 5745 laica
1112 5690 1458 5746 consenserit
1495 5689 1835 5746 ecclesiasti-

1954 537 2150 609 probat
2174 536 2439 607 Ecclesia,
2471 533 2830 592 demonstrat.
2865 562 2889 584 η

2023 631 2158 685 Item
2191 636 2315 701 post
2343 635 2594 683 ostensas
2619 628 2985 684 auctoritates:
3020 650 3045 681 α
3074 630 3135 686 Et
3166 646 3275 686 non
3291 638 3565 703 pertrans-

1950 731 2039 778 eat
2068 723 2239 778 etiam
2270 728 2416 776 tuam
2475 720 3000 785 considerationem,
3069 738 3167 777 cur
3203 722 3441 778 domnus
3472 738 3564 777 rex

1950 820 2055 868 tuae
2088 813 2341 884 petitioni
2360 811 2638 877 annuerit,
2679 817 2739 866 ut
2790 810 2940 866 unde
3004 811 3060 866 in
3091 813 3386 883 praesentia
3416 813 3565 869 illius

1949 901 2156 957 electos
2174 902 2395 971 judices
2426 901 2721 972 episcopos
2748 900 3055 956 secundum
3112 917 3296 957 sacros
3321 917 3564 958 canones
3621 901 3627 908 ’

1949 990 2239 1061 accepisti,
2274 989 2394 1045 sine
2416 989 2757 1045 conscientia
2772 988 3206 1060 metropolitani,
3229 990 3461 1061 sineque
3479 1006 3564 1045 ec-

1949 1079 2257 1135 clesiastico
2301 1078 2514 1147 judicio
2557 1078 2918 1144 consenserit,
2950 1086 3010 1132 ut
3048 1076 3562 1145 secularesjudices

1949 1169 2017 1223 ad
2049 1169 2395 1224 retractanda
2416 1185 2482 1223 ea
2513 1184 2634 1241 quae
2666 1167 2905 1223 difﬁnita
2936 1167 3181 1235 fuerunt,
3209 1169 3294 1223 vel
3326 1170 3393 1223 ad
3407 1169 3560 1225 difﬁ-

1949 1261 2176 1329 nienda,
2205 1263 2275 1317 de
2306 1262 2512 1334 quibus
2536 1262 2756 1331 judices
2802 1277 3114 1334 acceperas,
3147 1261 3369 1338 demum
3410 1262 3562 1317 acci-

1950 1365 2130 1421 peres.
2163 1351 2286 1406 Scio
2315 1351 2463 1406 enim
2514 1360 2569 1406 et
2624 1359 2804 1407 certus
2836 1367 2958 1405 sum
3015 1350 3143 1406 hinc
3170 1349 3321 1404 illum
3337 1350 3565 1406 canoni-

1951 1460 2074 1498 cum
2112 1445 2259 1499 scire
2292 1445 2590 1514 judicium,
2647 1452 2701 1499 et
2759 1445 2929 1500 miror
2956 1460 3019 1499 ac
3049 1442 3211 1499 doleo
3240 1460 3338 1498 cur
3374 1453 3432 1499 tu
3461 1444 3567 1499 hoc

1951 1538 2142 1595 videre
2186 1555 2299 1595 non
2342 1541 2584 1606 voluisti,
2630 1546 2723 1595 aut
2746 1540 2856 1595 Deo
2882 1539 3068 1610 judice
3107 1541 3426 1612 arrogantia
3457 1554 3567 1594 caa-

1953 1639 2106 1686 catus
2135 1647 2247 1687 non
2274 1632 2521 1703 potuisti.
2558 1634 2767 1706 lnunge
2800 1632 2992 1703 igitur,
3024 1631 3331 1687 secundum
3377 1629 3565 1685 consi-

1954 1718 2088 1773 lium
2108 1720 2461 1792 Apocalypsis
2516 1720 2778 1784 Joannis,
2828 1720 3053 1791 collyrio
3113 1720 3304 1775 oculos
3359 1727 3482 1774 tuos
3505 1724 3565 1773 ut

1954 1807 2144 1863 videas
2179 1811 2367 1879 (Apoc.
2403 1812 2504 1876 ιιι),
2538 1818 2593 1864 et
2610 1809 2928 1883 albuginem
2945 1809 3271 1883 arrOgantize
3303 1808 3371 1862 de
3402 1806 3562 1861 oculo

1953 1900 2179 1967 mentis,
2239 1901 2294 1955 id
2350 1907 2432 1956 est
2470 1886 2755 1957 intellectu
2815 1909 2931 1965 tuo,
2978 1901 3221 1971 abjicere
3274 1900 3476 1966 valeas,
3510 1905 3564 1954 et

1954 2004 2126 2060 pensa
2157 2005 2227 2044 ne
2258 1989 2396 2044 forte
2420 1990 2659 2045 domnus
2686 2006 2799 2057 rex,
2818 2006 2980 2062 quem
3015 1989 3174 2045 toties
3199 1988 3559 2059 exacerbasti,

1953 2078 2136 2133 sciens
2156 2076 2342 2132 divina
2359 2078 2565 2148 judicia
2586 2086 2751 2150 atque
2777 2078 3018 2150 eloquia,
3039 2077 3236 2132 hincin
3268 2077 3564 2133 annuendo

1949 2168 2092 2222 votis
2129 2166 2237 2221 tuis
2264 2160 2587 2242 cogitaverit
2617 2175 2806 2222 contra
2838 2174 2890 2222 te
2920 2166 3228 2221 sententias
3258 2164 3473 2220 divinas
3491 2166 3560 2221 de

1951 2260 2039 2315 his
2067 2260 2161 2331 qui
2190 2259 2341 2313 durae
2397 2260 2629 2314 cervicis
2674 2267 2729 2314 et
2773 2258 3142 2314 indomabiles
3188 2258 3355 2314 corde
3385 2266 3516 2314 sunt
3547 2276 3560 2313 :

1950 2348 2055 2414 Qui
2084 2351 2236 2402 nocet
2296 2353 2484 2402 noceat
2535 2348 2715 2402 adhuc
2755 2349 2965 2417 (Ezech.
3028 2348 3105 2416 ιι),
3141 2356 3196 2402 et
3225 2349 3323 2416 qui
3360 2349 3418 2400 in
3447 2362 3565 2401 sor-

1948 2440 2105 2494 dibus
2134 2443 2211 2493 est
2261 2440 2535 2494 sordescat
2576 2440 2755 2494 adhuc
2814 2441 2999 2509 (Apoc.
3034 2440 3186 2507 xxn),
3216 2444 3277 2492 ut
3305 2439 3565 2508 impleant

1942 2535 2167 2601 peccata
2204 2546 2305 2585 sua
2332 2547 2539 2602 semper
2569 2534 2621 2600 (Ι
2639 2533 2817 2587 Thess.
2851 2532 2917 2602 ιι)
2950 2549 2965 2598 ;
2997 2542 3052 2587 et
3079 2549 3092 2585 :
3125 2533 3346 2587 Dimisit
3372 2548 3455 2586 eos
3482 2547 3562 2587 se-

1949 2619 2183 2673 cundum
2209 2620 2481 2674 desideria
2511 2622 2690 2675 cordis
2720 2636 2920 2686 eorum,
2960 2622 3115 2675 ibunt
3144 2623 3202 2674 in
3222 2622 3565 2675 adinventio-

1950 2711 2112 2765 nibus
2172 2726 2286 2765 suis
2349 2712 2517 2778 (Psal.
2561 2714 2713 2780 Lxxx)
2751 2729 2764 2766 ;
2796 2718 2897 2765 et:
2947 2712 3137 2767 Nonne
3184 2711 3292 2765 hmo
3349 2710 3565 2764 condita

1947 2806 2076 2856 sunt
2103 2802 2253 2871 apud
2267 2817 2367 2863 me,
2403 2809 2458 2856 et
2486 2804 2705 2869 signata
2758 2804 2818 2855 in
2850 2803 3118 2857 thesauris
3142 2804 3271 2855 meis
3302 2804 3460 2855 ?mea
3487 2804 3573 2855 est

1946 2894 2099 2959 ultio,
2131 2898 2181 2948 et
2208 2909 2303 2961 ego
2331 2894 2631 2948 retribuam
2653 2896 2809 2949 eisin
2858 2898 3109 2963 tempore,
3137 2898 3199 2947 ut
3227 2894 3444 2947 labatur
3467 2908 3563 2962 pes

1946 2997 2130 3035 eorum
2163 2999 2176 3034 :
2200 2982 2371 3051 jam-ta
2397 2987 2475 3036 est
2494 2982 2608 3036 dies
2634 2982 2984 3059 perditionis,
3016 2987 3065 3036 et
3096 2983 3279 3035 adesse
3302 2983 3565 3049 festinant

1874 3073 2186 3167 Ctempora
2210 3071 2382 3139 (Deut.
2436 3071 2622 3139 χχχιι).
2685 3069 2900 3125 Etcum
2932 3077 3203 3125 tantarum
3254 3076 3564 3144 transgres-

1945 3160 2164 3215 sionum
2198 3160 2501 3216 inveniaris
2551 3160 2845 3228 obnoxius,
2872 3177 2981 3217 non
3022 3177 3205 3216 cessas
3236 3175 3321 3215 me
3357 3174 3559 3233 provo-

1945 3267 2091 3318 care,
2122 3259 2181 3307 ut
2202 3252 2273 3307 de
2312 3253 2584 3323 promisso
2617 3252 2819 3324 pitacio
2853 3260 2957 3308 tute
3000 3252 3358 3324 professionis
3398 3258 3562 3323 atque

1943 3342 2389 3414 subscriptionis,
2416 3343 2485 3398 de
2525 3358 2636 3415 quo
2666 3343 2788 3409 tibi,
2845 3350 2906 3398 ut
2935 3343 3185 3416 praedixi,
3219 3342 3560 3415 respondere

1944 3434 2210 3490 hactenus
2225 3435 2432 3501 distuli,
2483 3436 2582 3490 sed
2639 3443 2693 3491 et
2723 3436 2793 3491 de
2824 3436 2949 3491 aliis
2979 3437 3085 3491 tuis
3118 3435 3562 3508 professionibus

1944 3538 2109 3601 atque
2142 3529 2647 3601 subscriptionibus
2668 3530 2753 3587 vel
2784 3526 3071 3587 lacessitus
3098 3530 3565 3602 rescribam,qua-

1946 3632 2107 3677 tenus
2126 3622 2530 3694 professionum
2562 3631 2617 3680 et
2638 3624 3111 3697 subscriptionum
3153 3631 3370 3679 tuarum
3386 3624 3565 3679 histo-

1946 3716 2053 3770 rias
2084 3716 2271 3787 plures
2300 3718 2571 3788 legentes,
2629 3719 2675 3774 si
2726 3718 2866 3774 forte
2920 3727 3049 3773 sunt
3106 3719 3199 3791 qui
3258 3719 3438 3774 adhuc
3469 3734 3563 3773 eas

1947 3808 2223 3882 ignorent,
2258 3825 2449 3863 earum
2518 3810 2858 3884 diligentiam
2909 3810 3179 3865 cautelam
3239 3826 3462 3881 quoque
3511 3815 3565 3863 et

1948 3896 2234 3952 utilitatem
2263 3906 2620 3971 cognoscant.
2682 3898 2743 3952 Et
2804 3897 3039 3968 primum
3073 3897 3294 3969 quidem
3329 3912 3563 3968 respon-

1948 3983 2093 4039 debo
2123 3984 2223 4038 tibi
2252 3984 2321 4039 de
2344 3983 2572 4056 praefato
2603 4002 2634 4039 a
2666 3994 2718 4041 te
2757 3985 3071 4057 subscripto
3105 3984 3328 4056 pitacio,
3364 3983 3418 4038 in
3452 4000 3561 4056 quo

1951 4075 2149 4130 scribis
2180 4075 2234 4130 in
2266 4076 2604 4133 adminiculo
2635 4086 2728 4133 tuo
2782 4086 2835 4132 te
2866 4094 2896 4131 a
2926 4094 3015 4133 me
3058 4077 3476 4148 reprehensum.
3510 4084 3564 4131 et

1948 4184 2070 4223 esse
2099 4185 2188 4223 me
2209 4169 2455 4226 ostendis
2510 4170 3026 4241 reprehensibilem.
3092 4169 3201 4225 Sed
3233 4184 3336 4245 ego
3380 4175 3566 4240 spreta

1948 4257 2383 4328 reprehensione
2412 4264 2526 4326 tua,
2550 4275 2658 4330 qua
2714 4275 2805 4315 me
2825 4258 2978 4332 quasi
3008 4259 3112 4314 sub
3133 4258 3371 4331 quodam
3400 4274 3565 4314 excu-

1947 4346 2175 4402 sationis
2193 4346 2489 4414 velamine,
2542 4348 2610 4402 de
2654 4349 2938 4419 scriptoris
2985 4348 3117 4404 vitio
3149 4362 3303 4403 more
3326 4354 3420 4403 tuo
3448 4346 3564 4402 evi-

1947 4438 2145 4493 denter
2172 4439 2584 4510 reprehendere
2624 4440 2847 4516 satagis,
2906 4441 3000 4512 qui
3063 4447 3157 4495 aut
3197 4438 3559 4495 differentiam

1949 4525 2105 4579 verbi
2136 4525 2435 4582 detrectem
2468 4526 2612 4599 [rest.
2631 4543 2731 4595 pro
2780 4527 3125 4599 detractcm],
3160 4528 3309 4599 quod
3336 4528 3391 4582 in
3422 4526 3563 4582 meis

1949 4616 2183 4693 scriptis
2215 4616 2316 4671 tibi
2372 4617 2514 4672 datis
2563 4618 2746 4689 posui,
2809 4619 3074 4687 nesciam,
3134 4628 3223 4675 aut
3280 4618 3565 4691 scriptoris

1948 4708 2142 4763 vitium
2177 4708 2231 4762 in
2262 4709 2343 4763 eis
2375 4709 2652 4783 corrigere
2673 4726 2783 4766 non
2813 4714 3114 4782 sapuerim,
3145 4711 3231 4767 vel
3265 4712 3562 4766 emendare

1950 4801 2308 4872 neglexerim,
2338 4810 2392 4857 et
2412 4819 2477 4857 ex
2499 4819 2620 4858 mea
2664 4805 3096 4876 reprehensione
3116 4812 3262 4860 tuam
3288 4810 3564 4859 ostentare

1942 4890 2253 4959 scientiam,
2305 4892 2467 4947 Cham
2498 4893 2611 4949 Noe
2657 4891 2805 4948 ﬁlius
2840 4894 2994 4963 (Gen.
3054 4894 3126 4953 1x!
3156 4894 3399 4961 voluisti,
3452 4909 3563 4950 non

1940 4978 2120 5033 solum
2152 4979 2207 5033 in
2234 4979 2389 5035 verbi
2420 4980 2568 5036 illius
2591 4979 2921 5049 differentia,
2951 4983 3049 5038 sed
3078 4991 3132 5039 et
3160 4984 3214 5038 in
3235 4984 3343 5039 alio
3368 4982 3560 5051 verbo,

1939 5067 2088 5139 quod
2136 5067 2205 5122 ad
2259 5070 2685 5125 ostentationem
2723 5071 2805 5127 tui
2837 5072 2891 5125 in
2949 5072 3054 5127 tuis
3078 5071 3564 5127 adinventionibus

1940 5160 2195 5217 iteratum
2242 5164 2473 5230 inveni;
2531 5173 2734 5219 etcum
2792 5166 2923 5221 hinc
2962 5183 3139 5221 meam
3188 5166 3561 5238 insipientiam

1938 5253 2162 5309 voluisti
2191 5256 2508 5323 ostendere,
2539 5266 2690 5311 tuam
2722 5257 2984 5313 studuisti
3025 5257 3172 5330 apud
3204 5257 3562 5314 scholasticos

1938 5348 2218 5403 stultitiam
2252 5349 2561 5420 propalare.
2597 5348 2697 5404 Pro
2723 5365 2813 5404 me
2845 5350 2981 5405 nihil
3013 5365 3146 5407 curo
3172 5350 3356 5407 dicere
3384 5368 3396 5404 :
3428 5349 3557 5404 Mihi

1937 5436 2086 5490 enim
2133 5452 2234 5509 pro
2280 5436 2512 5492 minimo
2555 5443 2637 5492 est
2668 5444 2727 5493 ut
2777 5454 2809 5493 a
2850 5445 2901 5493 te
2949 5438 3168 5508 judicer
3201 5441 3238 5512 (l
3293 5442 3417 5497 Cor‘.
3457 5441 3552 5505 IV),

1936 5536 2031 5583 aut
2060 5529 2181 5584 sine
2227 5529 2525 5585 dilectione
2556 5547 2587 5585 a
2625 5537 2717 5586 tua
2766 5532 2994 5588 scientia
3024 5531 3414 5604 reprehendar.
3446 5529 3552 5584 Sed

1938 5636 2006 5675 ne
2036 5621 2184 5692 apud
2221 5622 2366 5689 illos,
2417 5623 2510 5694 qui
2540 5629 2721 5678 tecum
2776 5625 3121 5680 rumusculos
3150 5631 3388 5696 captant,
3438 5621 3553 5696 glo-

1936 5711 2093 5768 rieris
2132 5712 2292 5784 quasi
2337 5729 2426 5770 me
2466 5721 2678 5770 mutum
2712 5713 2961 5772 effeceris
3012 5724 3065 5772 et
3102 5716 3405 5792 elinguem,
3454 5712 3549 5786 qui
