  <div class='ocr_page' id='page_1' title='image "/cluster/home/n/w/nwhite01/storage/ocr_20150623/135/hvd.32044054759956/115.png"; bbox 0 0 4012 6164; ppageno 0'>
   <div class='ocr_carea' id='block_1_1' title="bbox 474 324 580 378">
    <p class='ocr_par' dir='ltr' id='par_1_1' title="bbox 474 324 580 378">
     <span class='ocr_line' id='line_1_1' title="bbox 474 324 580 378; baseline 0.009 -1"><span class='ocrx_word' id='word_1_1' title='bbox 474 324 580 378; x_wconf 78' lang='grc'><strong>219</strong></span> 
     </span>
    </p>
   </div>
   <div class='ocr_carea' id='block_1_2' title="bbox 475 454 2164 529">
    <p class='ocr_par' dir='ltr' id='par_1_2' title="bbox 475 454 2164 529">
     <span class='ocr_line' id='line_1_2' title="bbox 475 454 2164 529; baseline 0 -18"><span class='ocrx_word' id='word_1_2' title='bbox 475 456 627 511; x_wconf 89' lang='lat' dir='ltr'><strong>solus</strong></span> <span class='ocrx_word' id='word_1_3' title='bbox 685 456 884 511; x_wconf 92' lang='lat' dir='ltr'><strong>nostris</strong></span> <span class='ocrx_word' id='word_1_4' title='bbox 941 454 1285 527; x_wconf 79' lang='lat' dir='ltr'><strong>temporibus</strong></span> <span class='ocrx_word' id='word_1_5' title='bbox 1342 456 1632 511; x_wconf 91' lang='lat' dir='ltr'><strong>thesauros</strong></span> <span class='ocrx_word' id='word_1_6' title='bbox 1687 456 1971 528; x_wconf 86' lang='lat' dir='ltr'><strong>sapientia</strong></span> <span class='ocrx_word' id='word_1_7' title='bbox 2037 462 2164 529; x_wconf 78' lang='lat' dir='ltr'><strong>etA</strong></span> 
     </span>
    </p>
   </div>
   <div class='ocr_carea' id='block_1_3' title="bbox 473 547 2089 620">
    <p class='ocr_par' dir='ltr' id='par_1_3' title="bbox 473 547 2089 620">
     <span class='ocr_line' id='line_1_3' title="bbox 473 547 2089 620; baseline 0 -19"><span class='ocrx_word' id='word_1_8' title='bbox 473 547 716 601; x_wconf 88' lang='lat' dir='ltr'><strong>scientia</strong></span> <span class='ocrx_word' id='word_1_9' title='bbox 759 553 1056 617; x_wconf 78' lang='lat' dir='ltr'><strong>penetrans</strong></span> <span class='ocrx_word' id='word_1_10' title='bbox 1100 547 1359 613; x_wconf 89' lang='lat' dir='ltr'><strong>introisti,</strong></span> <span class='ocrx_word' id='word_1_11' title='bbox 1413 548 1503 602; x_wconf 89' lang='lat' dir='ltr'><strong>hic</strong></span> <span class='ocrx_word' id='word_1_12' title='bbox 1562 563 1726 602; x_wconf 90' lang='lat' dir='ltr'><strong>causa</strong></span> <span class='ocrx_word' id='word_1_13' title='bbox 1773 547 2089 620; x_wconf 88' lang='lat' dir='ltr'><strong>compendii</strong></span> 
     </span>
    </p>
   </div>
   <div class='ocr_carea' id='block_1_4' title="bbox 473 639 2086 712">
    <p class='ocr_par' dir='ltr' id='par_1_4' title="bbox 473 639 2086 712">
     <span class='ocr_line' id='line_1_4' title="bbox 473 639 2086 712; baseline 0.002 -20"><span class='ocrx_word' id='word_1_14' title='bbox 473 639 916 708; x_wconf 67' lang='lat' dir='ltr'><strong>praetermittens,</strong></span> <span class='ocrx_word' id='word_1_15' title='bbox 954 655 1076 694; x_wconf 91' lang='lat' dir='ltr'><strong>cum</strong></span> <span class='ocrx_word' id='word_1_16' title='bbox 1111 640 1244 694; x_wconf 88' lang='lat' dir='ltr'><strong>mihi</strong></span> <span class='ocrx_word' id='word_1_17' title='bbox 1291 639 1586 708; x_wconf 89' lang='lat' dir='ltr'><strong>vacaverit,</strong></span> <span class='ocrx_word' id='word_1_18' title='bbox 1615 641 1901 696; x_wconf 86' lang='lat' dir='ltr'><strong>ostendam</strong></span> <span class='ocrx_word' id='word_1_19' title='bbox 1955 641 2086 712; x_wconf 90' lang='lat' dir='ltr'><strong>quid</strong></span> 
     </span>
    </p>
   </div>
   <div class='ocr_carea' id='block_1_5' title="bbox 473 733 2088 810">
    <p class='ocr_par' dir='ltr' id='par_1_5' title="bbox 473 733 2088 810">
     <span class='ocr_line' id='line_1_5' title="bbox 473 733 2088 810; baseline 0.002 -24"><span class='ocrx_word' id='word_1_20' title='bbox 473 733 782 807; x_wconf 88' lang='lat' dir='ltr'><strong>regularum</strong></span> <span class='ocrx_word' id='word_1_21' title='bbox 801 735 1167 808; x_wconf 86' lang='lat' dir='ltr'><strong>grammatica</strong></span> <span class='ocrx_word' id='word_1_22' title='bbox 1198 736 1329 790; x_wconf 91' lang='lat' dir='ltr'><strong>artis</strong></span> <span class='ocrx_word' id='word_1_23' title='bbox 1350 743 1621 802; x_wconf 86' lang='lat' dir='ltr'><strong>auctores,</strong></span> <span class='ocrx_word' id='word_1_24' title='bbox 1645 735 1776 808; x_wconf 92' lang='lat' dir='ltr'><strong>quid</strong></span> <span class='ocrx_word' id='word_1_25' title='bbox 1807 736 2088 810; x_wconf 87' lang='lat' dir='ltr'><strong>orthogra-</strong></span> 
     </span>
    </p>
   </div>
   <div class='ocr_carea' id='block_1_6' title="bbox 469 819 2086 894">
    <p class='ocr_par' dir='ltr' id='par_1_6' title="bbox 469 819 2086 894">
     <span class='ocr_line' id='line_1_6' title="bbox 469 819 2086 894; baseline 0.002 -21"><span class='ocrx_word' id='word_1_26' title='bbox 469 819 612 890; x_wconf 84' lang='lat' dir='ltr'><strong>phia</strong></span> <span class='ocrx_word' id='word_1_27' title='bbox 656 819 932 886; x_wconf 88' lang='lat' dir='ltr'><strong>doctores,</strong></span> <span class='ocrx_word' id='word_1_28' title='bbox 985 821 1116 893; x_wconf 92' lang='lat' dir='ltr'><strong>quid</strong></span> <span class='ocrx_word' id='word_1_29' title='bbox 1171 829 1374 877; x_wconf 87' lang='lat' dir='ltr'><strong>sancta</strong></span> <span class='ocrx_word' id='word_1_30' title='bbox 1428 822 1719 894; x_wconf 89' lang='lat' dir='ltr'><strong>Scriptura</strong></span> <span class='ocrx_word' id='word_1_31' title='bbox 1769 829 2086 877; x_wconf 89' lang='lat' dir='ltr'><strong>tractatores</strong></span> 
     </span>
    </p>
   </div>
   <div class='ocr_carea' id='block_1_7' title="bbox 475 911 1366 985">
    <p class='ocr_par' dir='ltr' id='par_1_7' title="bbox 475 911 1366 985">
     <span class='ocr_line' id='line_1_7' title="bbox 475 911 1366 985; baseline -0.001 -20"><span class='ocrx_word' id='word_1_32' title='bbox 475 911 602 966; x_wconf 92' lang='lat' dir='ltr'><strong>inde</strong></span> <span class='ocrx_word' id='word_1_33' title='bbox 634 911 875 966; x_wconf 86' lang='lat' dir='ltr'><strong>sentiant</strong></span> <span class='ocrx_word' id='word_1_34' title='bbox 909 921 1073 985; x_wconf 88' lang='lat' dir='ltr'><strong>atque</strong></span> <span class='ocrx_word' id='word_1_35' title='bbox 1102 915 1306 969; x_wconf 87' lang='lat' dir='ltr'><strong>dicant.</strong></span> <span class='ocrx_word' id='word_1_36' title='bbox 1341 937 1366 964; x_wconf 74' lang='grc' dir='ltr'><strong>η</strong></span> 
     </span>
    </p>
   </div>
   <div class='ocr_carea' id='block_1_8' title="bbox 540 1003 2088 1075">
    <p class='ocr_par' dir='ltr' id='par_1_8' title="bbox 540 1003 2088 1075">
     <span class='ocr_line' id='line_1_8' title="bbox 540 1003 2088 1075; baseline 0.002 -19"><span class='ocrx_word' id='word_1_37' title='bbox 540 1003 689 1058; x_wconf 91' lang='lat' dir='ltr'><strong>ldem</strong></span> <span class='ocrx_word' id='word_1_38' title='bbox 733 1012 858 1075; x_wconf 91' lang='lat' dir='ltr'><strong>post</strong></span> <span class='ocrx_word' id='word_1_39' title='bbox 890 1005 1158 1059; x_wconf 90' lang='lat' dir='ltr'><strong>nonnulla</strong></span> <span class='ocrx_word' id='word_1_40' title='bbox 1189 1022 1202 1058; x_wconf 91' lang='lat'><strong><em>:</em></strong></span> <span class='ocrx_word' id='word_1_41' title='bbox 1254 1025 1276 1053; x_wconf 76' lang='grc' dir='ltr'>ι</span> <span class='ocrx_word' id='word_1_42' title='bbox 1311 1003 1417 1058; x_wconf 89' lang='lat' dir='ltr'><strong>Sed</strong></span> <span class='ocrx_word' id='word_1_43' title='bbox 1457 1010 1510 1058; x_wconf 89' lang='lat' dir='ltr'><strong>et</strong></span> <span class='ocrx_word' id='word_1_44' title='bbox 1557 1003 1662 1057; x_wconf 88' lang='lat' dir='ltr'><strong>alia</strong></span> <span class='ocrx_word' id='word_1_45' title='bbox 1703 1010 1832 1058; x_wconf 91' lang='lat' dir='ltr'><strong>sunt</strong></span> <span class='ocrx_word' id='word_1_46' title='bbox 1862 1003 1993 1059; x_wconf 90' lang='lat' dir='ltr'><strong>hinc</strong></span> <span class='ocrx_word' id='word_1_47' title='bbox 2023 1019 2088 1059; x_wconf 90' lang='lat' dir='ltr'><strong>ex</strong></span> 
     </span>
    </p>
   </div>
   <div class='ocr_carea' id='block_1_9' title="bbox 466 1095 2086 1167">
    <p class='ocr_par' dir='ltr' id='par_1_9' title="bbox 466 1095 2086 1167">
     <span class='ocr_line' id='line_1_9' title="bbox 466 1095 2086 1167; baseline 0.001 -19"><span class='ocrx_word' id='word_1_48' title='bbox 466 1095 637 1150; x_wconf 87' lang='lat' dir='ltr'><strong>sacris</strong></span> <span class='ocrx_word' id='word_1_49' title='bbox 675 1095 988 1150; x_wconf 88' lang='lat' dir='ltr'><strong>canonibus</strong></span> <span class='ocrx_word' id='word_1_50' title='bbox 1026 1103 1081 1151; x_wconf 90' lang='lat' dir='ltr'><strong>et</strong></span> <span class='ocrx_word' id='word_1_51' title='bbox 1132 1095 1446 1167; x_wconf 89' lang='lat' dir='ltr'><strong>apostolica</strong></span> <span class='ocrx_word' id='word_1_52' title='bbox 1477 1095 1624 1150; x_wconf 90' lang='lat' dir='ltr'><strong>sedis</strong></span> <span class='ocrx_word' id='word_1_53' title='bbox 1673 1095 1931 1162; x_wconf 85' lang='lat' dir='ltr'><strong>decretis,</strong></span> <span class='ocrx_word' id='word_1_54' title='bbox 1965 1111 2086 1166; x_wconf 86' lang='lat' dir='ltr'><strong>qua</strong></span> 
     </span>
    </p>
   </div>
   <div class='ocr_carea' id='block_1_10' title="bbox 467 1187 2085 1259">
    <p class='ocr_par' dir='ltr' id='par_1_10' title="bbox 467 1187 2085 1259">
     <span class='ocr_line' id='line_1_10' title="bbox 467 1187 2085 1259; baseline 0.002 -20"><span class='ocrx_word' id='word_1_55' title='bbox 467 1187 602 1240; x_wconf 90' lang='lat' dir='ltr'><strong>mihi</strong></span> <span class='ocrx_word' id='word_1_56' title='bbox 631 1187 719 1242; x_wconf 91' lang='lat' dir='ltr'><strong>hic</strong></span> <span class='ocrx_word' id='word_1_57' title='bbox 740 1202 945 1257; x_wconf 90' lang='lat' dir='ltr'><strong>ponere</strong></span> <span class='ocrx_word' id='word_1_58' title='bbox 976 1187 1200 1258; x_wconf 79' lang='lat' dir='ltr'><strong>longum</strong></span> <span class='ocrx_word' id='word_1_59' title='bbox 1233 1188 1354 1254; x_wconf 89' lang='lat' dir='ltr'><strong>fuit,</strong></span> <span class='ocrx_word' id='word_1_60' title='bbox 1392 1188 1446 1242; x_wconf 90' lang='lat' dir='ltr'><strong>in</strong></span> <span class='ocrx_word' id='word_1_61' title='bbox 1477 1188 1744 1258; x_wconf 90' lang='lat' dir='ltr'><strong>opusculo</strong></span> <span class='ocrx_word' id='word_1_62' title='bbox 1774 1189 1844 1242; x_wconf 77' lang='grc'>55</span> <span class='ocrx_word' id='word_1_63' title='bbox 1875 1190 2085 1259; x_wconf 89' lang='lat' dir='ltr'><strong>capitu-</strong></span> 
     </span>
    </p>
   </div>
   <div class='ocr_carea' id='block_1_11' title="bbox 469 1279 2083 1350">
    <p class='ocr_par' dir='ltr' id='par_1_11' title="bbox 469 1279 2083 1350">
     <span class='ocr_line' id='line_1_11' title="bbox 469 1279 2083 1350; baseline 0.001 -18"><span class='ocrx_word' id='word_1_64' title='bbox 469 1279 668 1345; x_wconf 92' lang='lat' dir='ltr'><strong>lorum,</strong></span> <span class='ocrx_word' id='word_1_65' title='bbox 717 1279 866 1350; x_wconf 92' lang='lat' dir='ltr'><strong>quod</strong></span> <span class='ocrx_word' id='word_1_66' title='bbox 925 1280 992 1332; x_wconf 86' lang='lat' dir='ltr'><strong>ad</strong></span> <span class='ocrx_word' id='word_1_67' title='bbox 1052 1286 1198 1334; x_wconf 91' lang='lat' dir='ltr'><strong>tuam</strong></span> <span class='ocrx_word' id='word_1_68' title='bbox 1253 1281 1766 1348; x_wconf 84' lang='lat' dir='ltr'><strong>commonitionem,</strong></span> <span class='ocrx_word' id='word_1_69' title='bbox 1810 1289 1865 1336; x_wconf 92' lang='lat' dir='ltr'><strong>et</strong></span> <span class='ocrx_word' id='word_1_70' title='bbox 1899 1297 2083 1336; x_wconf 88' lang='lat' dir='ltr'><strong>corre-</strong></span> 
     </span>
    </p>
   </div>
   <div class='ocr_carea' id='block_1_12' title="bbox 467 1367 2084 1441">
    <p class='ocr_par' dir='ltr' id='par_1_12' title="bbox 467 1367 2084 1441">
     <span class='ocr_line' id='line_1_12' title="bbox 467 1367 2084 1441; baseline 0.002 -19"><span class='ocrx_word' id='word_1_71' title='bbox 467 1367 707 1423; x_wconf 90' lang='lat' dir='ltr'><strong>ctionem</strong></span> <span class='ocrx_word' id='word_1_72' title='bbox 739 1375 900 1438; x_wconf 88' lang='lat' dir='ltr'><strong>atque</strong></span> <span class='ocrx_word' id='word_1_73' title='bbox 954 1369 1372 1424; x_wconf 88' lang='lat' dir='ltr'><strong>instructionem</strong></span> <span class='ocrx_word' id='word_1_74' title='bbox 1420 1369 1520 1422; x_wconf 87' lang='lat' dir='ltr'><strong>tibi</strong></span> <span class='ocrx_word' id='word_1_75' title='bbox 1551 1369 1699 1436; x_wconf 89' lang='lat' dir='ltr'><strong>dedi,</strong></span> <span class='ocrx_word' id='word_1_76' title='bbox 1740 1378 1896 1441; x_wconf 87' lang='lat' dir='ltr'><strong>potes</strong></span> <span class='ocrx_word' id='word_1_77' title='bbox 1943 1370 2084 1426; x_wconf 85' lang='lat' dir='ltr'><strong>rele-</strong></span> 
     </span>
    </p>
   </div>
   <div class='ocr_carea' id='block_1_13' title="bbox 463 1462 2082 1535">
    <p class='ocr_par' dir='ltr' id='par_1_13' title="bbox 463 1462 2082 1535">
     <span class='ocr_line' id='line_1_13' title="bbox 463 1462 2082 1535; baseline 0.002 -21"><span class='ocrx_word' id='word_1_78' title='bbox 463 1477 618 1534; x_wconf 89' lang='lat' dir='ltr'><strong>gere,</strong></span> <span class='ocrx_word' id='word_1_79' title='bbox 677 1470 876 1531; x_wconf 87' lang='lat' dir='ltr'><strong>prater</strong></span> <span class='ocrx_word' id='word_1_80' title='bbox 907 1462 1166 1532; x_wconf 85' lang='lat' dir='ltr'><strong>epistolas</strong></span> <span class='ocrx_word' id='word_1_81' title='bbox 1223 1463 1532 1533; x_wconf 81' lang='lat' dir='ltr'><strong>praemissas</strong></span> <span class='ocrx_word' id='word_1_82' title='bbox 1590 1480 1727 1535; x_wconf 90' lang='lat' dir='ltr'><strong>quas</strong></span> <span class='ocrx_word' id='word_1_83' title='bbox 1757 1464 1855 1518; x_wconf 88' lang='lat' dir='ltr'><strong>tibi</strong></span> <span class='ocrx_word' id='word_1_84' title='bbox 1908 1464 2082 1520; x_wconf 90' lang='lat' dir='ltr'><strong>direxi</strong></span> 
     </span>
    </p>
   </div>
   <div class='ocr_carea' id='block_1_14' title="bbox 463 1549 2080 1624">
    <p class='ocr_par' dir='ltr' id='par_1_14' title="bbox 463 1549 2080 1624">
     <span class='ocr_line' id='line_1_14' title="bbox 463 1549 2080 1624; baseline 0.003 -22"><span class='ocrx_word' id='word_1_85' title='bbox 463 1550 529 1603; x_wconf 91' lang='lat' dir='ltr'><strong>ad</strong></span> <span class='ocrx_word' id='word_1_86' title='bbox 564 1549 1003 1624; x_wconf 86' lang='lat' dir='ltr'><strong>redarguendam</strong></span> <span class='ocrx_word' id='word_1_87' title='bbox 1061 1559 1206 1605; x_wconf 88' lang='lat' dir='ltr'><strong>tuam</strong></span> <span class='ocrx_word' id='word_1_88' title='bbox 1253 1552 1617 1606; x_wconf 84' lang='lat' dir='ltr'><strong>temeritatem</strong></span> <span class='ocrx_word' id='word_1_89' title='bbox 1677 1564 1867 1608; x_wconf 89' lang='lat' dir='ltr'><strong>contra</strong></span> <span class='ocrx_word' id='word_1_90' title='bbox 1915 1569 2080 1608; x_wconf 89' lang='lat' dir='ltr'><strong>evan-</strong></span> 
     </span>
    </p>
   </div>
   <div class='ocr_carea' id='block_1_15' title="bbox 461 1641 2080 1714">
    <p class='ocr_par' dir='ltr' id='par_1_15' title="bbox 461 1641 2080 1714">
     <span class='ocr_line' id='line_1_15' title="bbox 461 1641 2080 1714; baseline 0.001 -19"><span class='ocrx_word' id='word_1_91' title='bbox 461 1641 695 1713; x_wconf 85' lang='lat' dir='ltr'><strong>gelicam</strong></span> <span class='ocrx_word' id='word_1_92' title='bbox 751 1643 1060 1707; x_wconf 83' lang='lat' dir='ltr'><strong>veritatem,</strong></span> <span class='ocrx_word' id='word_1_93' title='bbox 1112 1647 1166 1695; x_wconf 91' lang='lat' dir='ltr'><strong>et</strong></span> <span class='ocrx_word' id='word_1_94' title='bbox 1222 1641 1580 1710; x_wconf 86' lang='lat' dir='ltr'><strong>apostolicam</strong></span> <span class='ocrx_word' id='word_1_95' title='bbox 1639 1651 1802 1714; x_wconf 88' lang='lat' dir='ltr'><strong>atque</strong></span> <span class='ocrx_word' id='word_1_96' title='bbox 1852 1643 2080 1698; x_wconf 89' lang='lat' dir='ltr'><strong>canoni-</strong></span> 
     </span>
    </p>
   </div>
   <div class='ocr_carea' id='block_1_16' title="bbox 460 1732 2080 1804">
    <p class='ocr_par' dir='ltr' id='par_1_16' title="bbox 460 1732 2080 1804">
     <span class='ocr_line' id='line_1_16' title="bbox 460 1732 2080 1804; baseline 0.002 -19"><span class='ocrx_word' id='word_1_97' title='bbox 460 1746 577 1785; x_wconf 91' lang='lat' dir='ltr'><strong>cam</strong></span> <span class='ocrx_word' id='word_1_98' title='bbox 655 1732 1078 1797; x_wconf 89' lang='lat' dir='ltr'><strong>auctoritatem,</strong></span> <span class='ocrx_word' id='word_1_99' title='bbox 1148 1737 1449 1802; x_wconf 82' lang='lat' dir='ltr'><strong>contraque</strong></span> <span class='ocrx_word' id='word_1_100' title='bbox 1531 1733 1681 1787; x_wconf 88' lang='lat' dir='ltr'><strong>sedis</strong></span> <span class='ocrx_word' id='word_1_101' title='bbox 1766 1734 2080 1804; x_wconf 88' lang='lat' dir='ltr'><strong>apostolica</strong></span> 
     </span>
    </p>
   </div>
   <div class='ocr_carea' id='block_1_17' title="bbox 461 1787 2129 1895">
    <p class='ocr_par' dir='ltr' id='par_1_17' title="bbox 461 1787 2129 1895">
     <span class='ocr_line' id='line_1_17' title="bbox 461 1787 2129 1895; baseline 0.003 -20"><span class='ocrx_word' id='word_1_102' title='bbox 461 1822 701 1888; x_wconf 88' lang='lat' dir='ltr'><strong>decreta,</strong></span> <span class='ocrx_word' id='word_1_103' title='bbox 763 1823 817 1876; x_wconf 91' lang='lat' dir='ltr'><strong>in</strong></span> <span class='ocrx_word' id='word_1_104' title='bbox 851 1831 995 1877; x_wconf 89' lang='lat' dir='ltr'><strong>tuam</strong></span> <span class='ocrx_word' id='word_1_105' title='bbox 1044 1831 1098 1877; x_wconf 91' lang='lat' dir='ltr'><strong>et</strong></span> <span class='ocrx_word' id='word_1_106' title='bbox 1137 1822 1435 1892; x_wconf 87' lang='lat' dir='ltr'><strong>perniciem</strong></span> <span class='ocrx_word' id='word_1_107' title='bbox 1469 1822 1763 1878; x_wconf 90' lang='lat' dir='ltr'><strong>multorum</strong></span> <span class='ocrx_word' id='word_1_108' title='bbox 1817 1787 2129 1895; x_wconf 70' lang='lat' dir='ltr'><strong>praesum-l</strong></span> 
     </span>
    </p>
   </div>
   <div class='ocr_carea' id='block_1_18' title="bbox 462 1911 2084 1984">
    <p class='ocr_par' dir='ltr' id='par_1_18' title="bbox 462 1911 2084 1984">
     <span class='ocr_line' id='line_1_18' title="bbox 462 1911 2084 1984; baseline 0.004 -20"><span class='ocrx_word' id='word_1_109' title='bbox 462 1919 632 1982; x_wconf 88' lang='lat' dir='ltr'><strong>ptam,</strong></span> <span class='ocrx_word' id='word_1_110' title='bbox 666 1912 808 1966; x_wconf 90' lang='lat' dir='ltr'><strong>sicut</strong></span> <span class='ocrx_word' id='word_1_111' title='bbox 854 1914 908 1966; x_wconf 93' lang='lat' dir='ltr'><strong>in</strong></span> <span class='ocrx_word' id='word_1_112' title='bbox 941 1913 1151 1983; x_wconf 81' lang='lat' dir='ltr'><strong>synodo</strong></span> <span class='ocrx_word' id='word_1_113' title='bbox 1184 1911 1543 1982; x_wconf 91' lang='lat' dir='ltr'><strong>plurimorum</strong></span> <span class='ocrx_word' id='word_1_114' title='bbox 1575 1914 1970 1984; x_wconf 88' lang='lat' dir='ltr'><strong>episcoporum</strong></span> <span class='ocrx_word' id='word_1_115' title='bbox 1999 1925 2084 1971; x_wconf 92' lang='lat' dir='ltr'><strong>est</strong></span> 
     </span>
    </p>
   </div>
   <div class='ocr_carea' id='block_1_19' title="bbox 462 2003 2082 2075">
    <p class='ocr_par' dir='ltr' id='par_1_19' title="bbox 462 2003 2082 2075">
     <span class='ocr_line' id='line_1_19' title="bbox 462 2003 2082 2075; baseline 0.004 -19"><span class='ocrx_word' id='word_1_116' title='bbox 462 2003 900 2073; x_wconf 91' lang='lat' dir='ltr'><strong>comprobatum.</strong></span> <span class='ocrx_word' id='word_1_117' title='bbox 946 2003 1051 2058; x_wconf 89' lang='lat' dir='ltr'><strong>Sed</strong></span> <span class='ocrx_word' id='word_1_118' title='bbox 1079 2010 1132 2058; x_wconf 89' lang='lat' dir='ltr'><strong>et</strong></span> <span class='ocrx_word' id='word_1_119' title='bbox 1164 2011 1362 2075; x_wconf 90' lang='lat' dir='ltr'><strong>prater</strong></span> <span class='ocrx_word' id='word_1_120' title='bbox 1403 2003 1540 2058; x_wconf 91' lang='lat' dir='ltr'><strong>alias</strong></span> <span class='ocrx_word' id='word_1_121' title='bbox 1569 2005 1850 2075; x_wconf 89' lang='lat' dir='ltr'><strong>epistolas,</strong></span> <span class='ocrx_word' id='word_1_122' title='bbox 1883 2023 1947 2062; x_wconf 87' lang='lat' dir='ltr'><strong>ac</strong></span> <span class='ocrx_word' id='word_1_123' title='bbox 1975 2008 2082 2062; x_wconf 89' lang='lat' dir='ltr'><strong>alia</strong></span> 
     </span>
    </p>
   </div>
   <div class='ocr_carea' id='block_1_20' title="bbox 457 2095 2076 2170">
    <p class='ocr_par' dir='ltr' id='par_1_20' title="bbox 457 2095 2076 2170">
     <span class='ocr_line' id='line_1_20' title="bbox 457 2095 2076 2170; baseline 0.002 -21"><span class='ocrx_word' id='word_1_124' title='bbox 457 2095 683 2166; x_wconf 88' lang='lat' dir='ltr'><strong>scripta,</strong></span> <span class='ocrx_word' id='word_1_125' title='bbox 719 2113 838 2168; x_wconf 88' lang='lat' dir='ltr'><strong>qua</strong></span> <span class='ocrx_word' id='word_1_126' title='bbox 869 2097 965 2150; x_wconf 91' lang='lat' dir='ltr'><strong>tibi</strong></span> <span class='ocrx_word' id='word_1_127' title='bbox 1006 2096 1202 2162; x_wconf 88' lang='lat' dir='ltr'><strong>direxi,</strong></span> <span class='ocrx_word' id='word_1_128' title='bbox 1235 2097 1319 2150; x_wconf 87' lang='lat' dir='ltr'><strong>vel</strong></span> <span class='ocrx_word' id='word_1_129' title='bbox 1348 2096 1476 2154; x_wconf 90' lang='lat' dir='ltr'><strong>dedi</strong></span> <span class='ocrx_word' id='word_1_130' title='bbox 1507 2099 1574 2153; x_wconf 91' lang='lat' dir='ltr'><strong>ad</strong></span> <span class='ocrx_word' id='word_1_131' title='bbox 1603 2099 2076 2170; x_wconf 88' lang='lat' dir='ltr'><strong>comprimendam</strong></span> 
     </span>
    </p>
   </div>
   <div class='ocr_carea' id='block_1_21' title="bbox 461 2187 2076 2254">
    <p class='ocr_par' dir='ltr' id='par_1_21' title="bbox 461 2187 2076 2254">
     <span class='ocr_line' id='line_1_21' title="bbox 461 2187 2076 2254; baseline 0.002 -14"><span class='ocrx_word' id='word_1_132' title='bbox 461 2193 607 2241; x_wconf 89' lang='lat' dir='ltr'><strong>tuam</strong></span> <span class='ocrx_word' id='word_1_133' title='bbox 637 2187 1012 2254; x_wconf 87' lang='lat' dir='ltr'><strong>insolentiam,</strong></span> <span class='ocrx_word' id='word_1_134' title='bbox 1031 2195 1085 2242; x_wconf 91' lang='lat' dir='ltr'><strong>et</strong></span> <span class='ocrx_word' id='word_1_135' title='bbox 1114 2190 1574 2244; x_wconf 90' lang='lat' dir='ltr'><strong>commonendam</strong></span> <span class='ocrx_word' id='word_1_136' title='bbox 1603 2206 1668 2244; x_wconf 88' lang='lat' dir='ltr'><strong>ac</strong></span> <span class='ocrx_word' id='word_1_137' title='bbox 1697 2189 2076 2245; x_wconf 88' lang='lat' dir='ltr'><strong>instruendam</strong></span> 
     </span>
    </p>
   </div>
   <div class='ocr_carea' id='block_1_22' title="bbox 458 2277 2073 2352">
    <p class='ocr_par' dir='ltr' id='par_1_22' title="bbox 458 2277 2073 2352">
     <span class='ocr_line' id='line_1_22' title="bbox 458 2277 2073 2352; baseline 0.003 -21"><span class='ocrx_word' id='word_1_138' title='bbox 458 2285 604 2332; x_wconf 93' lang='lat' dir='ltr'><strong>tuam</strong></span> <span class='ocrx_word' id='word_1_139' title='bbox 635 2277 1010 2344; x_wconf 90' lang='lat' dir='ltr'><strong>dilectionem,</strong></span> <span class='ocrx_word' id='word_1_140' title='bbox 1049 2286 1105 2334; x_wconf 92' lang='lat' dir='ltr'><strong>ut</strong></span> <span class='ocrx_word' id='word_1_141' title='bbox 1134 2295 1328 2352; x_wconf 84' lang='lat' dir='ltr'><strong>ageres</strong></span> <span class='ocrx_word' id='word_1_142' title='bbox 1365 2281 1517 2349; x_wconf 85' lang='lat' dir='ltr'><strong>juxta</strong></span> <span class='ocrx_word' id='word_1_143' title='bbox 1573 2282 1788 2336; x_wconf 92' lang='lat' dir='ltr'><strong>Domini</strong></span> <span class='ocrx_word' id='word_1_144' title='bbox 1828 2282 2073 2336; x_wconf 89' lang='lat' dir='ltr'><strong>dictum:</strong></span> 
     </span>
    </p>
   </div>
   <div class='ocr_carea' id='block_1_23' title="bbox 456 2368 2076 2440">
    <p class='ocr_par' dir='ltr' id='par_1_23' title="bbox 456 2368 2076 2440">
     <span class='ocr_line' id='line_1_23' title="bbox 456 2368 2076 2440; baseline 0.005 -18"><span class='ocrx_word' id='word_1_145' title='bbox 456 2368 591 2433; x_wconf 85' lang='lat' dir='ltr'><strong>Quid</strong></span> <span class='ocrx_word' id='word_1_146' title='bbox 623 2369 818 2440; x_wconf 85' lang='lat' dir='ltr'><strong>quarit</strong></span> <span class='ocrx_word' id='word_1_147' title='bbox 845 2370 1110 2424; x_wconf 86' lang='lat' dir='ltr'><strong>Dominus</strong></span> <span class='ocrx_word' id='word_1_148' title='bbox 1140 2371 1284 2425; x_wconf 90' lang='lat' dir='ltr'><strong>Deus</strong></span> <span class='ocrx_word' id='word_1_149' title='bbox 1314 2381 1439 2426; x_wconf 90' lang='lat' dir='ltr'><strong>tuus</strong></span> <span class='ocrx_word' id='word_1_150' title='bbox 1469 2389 1500 2426; x_wconf 89' lang='lat' dir='ltr'><strong>a</strong></span> <span class='ocrx_word' id='word_1_151' title='bbox 1531 2381 1607 2438; x_wconf 90' lang='lat' dir='ltr'><strong>te,</strong></span> <span class='ocrx_word' id='word_1_152' title='bbox 1657 2374 1762 2427; x_wconf 89' lang='lat' dir='ltr'><strong>nisi</strong></span> <span class='ocrx_word' id='word_1_153' title='bbox 1794 2380 1852 2428; x_wconf 88' lang='lat' dir='ltr'><strong>ut</strong></span> <span class='ocrx_word' id='word_1_154' title='bbox 1880 2374 2076 2430; x_wconf 86' lang='lat' dir='ltr'><strong>timeas</strong></span> 
     </span>
    </p>
   </div>
   <div class='ocr_carea' id='block_1_24' title="bbox 456 2457 2072 2532">
    <p class='ocr_par' dir='ltr' id='par_1_24' title="bbox 456 2457 2072 2532">
     <span class='ocr_line' id='line_1_24' title="bbox 456 2457 2072 2532; baseline 0.006 -22"><span class='ocrx_word' id='word_1_155' title='bbox 456 2457 746 2512; x_wconf 92' lang='lat' dir='ltr'><strong>Dominum</strong></span> <span class='ocrx_word' id='word_1_156' title='bbox 807 2459 975 2514; x_wconf 93' lang='lat' dir='ltr'><strong>Deum</strong></span> <span class='ocrx_word' id='word_1_157' title='bbox 1011 2467 1185 2526; x_wconf 90' lang='lat' dir='ltr'><strong>tuum,</strong></span> <span class='ocrx_word' id='word_1_158' title='bbox 1241 2468 1296 2515; x_wconf 92' lang='lat' dir='ltr'><strong>et</strong></span> <span class='ocrx_word' id='word_1_159' title='bbox 1327 2461 1495 2517; x_wconf 88' lang='lat' dir='ltr'><strong>facias</strong></span> <span class='ocrx_word' id='word_1_160' title='bbox 1547 2463 1879 2518; x_wconf 85' lang='lat' dir='ltr'><strong>voluntatem</strong></span> <span class='ocrx_word' id='word_1_161' title='bbox 1932 2464 2072 2532; x_wconf 86' lang='lat' dir='ltr'><strong>ejus,</strong></span> 
     </span>
    </p>
   </div>
   <div class='ocr_carea' id='block_1_25' title="bbox 453 2546 2073 2618">
    <p class='ocr_par' dir='ltr' id='par_1_25' title="bbox 453 2546 2073 2618">
     <span class='ocr_line' id='line_1_25' title="bbox 453 2546 2073 2618; baseline 0.004 -18"><span class='ocrx_word' id='word_1_162' title='bbox 453 2546 792 2617; x_wconf 88' lang='lat' dir='ltr'><strong>obediasque</strong></span> <span class='ocrx_word' id='word_1_163' title='bbox 826 2548 998 2618; x_wconf 89' lang='lat' dir='ltr'><strong>ipsius</strong></span> <span class='ocrx_word' id='word_1_164' title='bbox 1034 2548 1263 2618; x_wconf 91' lang='lat' dir='ltr'><strong>imperio</strong></span> <span class='ocrx_word' id='word_1_165' title='bbox 1295 2551 1466 2618; x_wconf 82' lang='lat' dir='ltr'><strong>(Deut.</strong></span> <span class='ocrx_word' id='word_1_166' title='bbox 1495 2550 1546 2618; x_wconf 91' lang='lat' dir='ltr'><strong>x)</strong></span> <span class='ocrx_word' id='word_1_167' title='bbox 1569 2550 1596 2603; x_wconf 75' lang='lat' dir='ltr'><strong>‘t’</strong></span> <span class='ocrx_word' id='word_1_168' title='bbox 1628 2553 1754 2615; x_wconf 81' lang='lat' dir='ltr'><strong>Qua</strong></span> <span class='ocrx_word' id='word_1_169' title='bbox 1783 2551 1948 2607; x_wconf 87' lang='lat' dir='ltr'><strong>frater</strong></span> <span class='ocrx_word' id='word_1_170' title='bbox 1971 2553 2073 2607; x_wconf 91' lang='lat' dir='ltr'><strong>sol-</strong></span> 
     </span>
    </p>
   </div>
   <div class='ocr_carea' id='block_1_26' title="bbox 454 2637 2074 2715">
    <p class='ocr_par' dir='ltr' id='par_1_26' title="bbox 454 2637 2074 2715">
     <span class='ocr_line' id='line_1_26' title="bbox 454 2637 2074 2715; baseline 0.006 -25"><span class='ocrx_word' id='word_1_171' title='bbox 454 2637 603 2691; x_wconf 89' lang='lat' dir='ltr'><strong>licita</strong></span> <span class='ocrx_word' id='word_1_172' title='bbox 623 2639 804 2693; x_wconf 91' lang='lat' dir='ltr'><strong>cordis</strong></span> <span class='ocrx_word' id='word_1_173' title='bbox 835 2640 1144 2694; x_wconf 89' lang='lat' dir='ltr'><strong>intentione</strong></span> <span class='ocrx_word' id='word_1_174' title='bbox 1191 2641 1431 2706; x_wconf 85' lang='lat' dir='ltr'><strong>revolve,</strong></span> <span class='ocrx_word' id='word_1_175' title='bbox 1461 2649 1515 2695; x_wconf 87' lang='lat' dir='ltr'><strong>et</strong></span> <span class='ocrx_word' id='word_1_176' title='bbox 1551 2643 1793 2715; x_wconf 88' lang='lat' dir='ltr'><strong>recogita</strong></span> <span class='ocrx_word' id='word_1_177' title='bbox 1838 2645 1974 2715; x_wconf 89' lang='lat' dir='ltr'><strong>quid</strong></span> <span class='ocrx_word' id='word_1_178' title='bbox 2005 2645 2074 2701; x_wconf 87' lang='lat' dir='ltr'><strong>sit</strong></span> 
     </span>
    </p>
   </div>
   <div class='ocr_carea' id='block_1_27' title="bbox 453 2726 2073 2800">
    <p class='ocr_par' dir='ltr' id='par_1_27' title="bbox 453 2726 2073 2800">
     <span class='ocr_line' id='line_1_27' title="bbox 453 2726 2073 2800; baseline 0.007 -22"><span class='ocrx_word' id='word_1_179' title='bbox 453 2726 601 2796; x_wconf 90' lang='lat' dir='ltr'><strong>quod</strong></span> <span class='ocrx_word' id='word_1_180' title='bbox 632 2726 816 2781; x_wconf 89' lang='lat' dir='ltr'><strong>dixisti</strong></span> <span class='ocrx_word' id='word_1_181' title='bbox 844 2747 859 2780; x_wconf 86' lang='lat'><strong><em>:</em></strong></span> <span class='ocrx_word' id='word_1_182' title='bbox 895 2728 1030 2792; x_wconf 84' lang='lat' dir='ltr'><strong>Quia</strong></span> <span class='ocrx_word' id='word_1_183' title='bbox 1060 2743 1125 2782; x_wconf 89' lang='lat' dir='ltr'><strong>ex</strong></span> <span class='ocrx_word' id='word_1_184' title='bbox 1153 2737 1282 2784; x_wconf 88' lang='lat' dir='ltr'><strong>tunc</strong></span> <span class='ocrx_word' id='word_1_185' title='bbox 1308 2731 1530 2800; x_wconf 89' lang='lat' dir='ltr'><strong>quando</strong></span> <span class='ocrx_word' id='word_1_186' title='bbox 1555 2732 1689 2785; x_wconf 91' lang='lat' dir='ltr'><strong>mihi</strong></span> <span class='ocrx_word' id='word_1_187' title='bbox 1720 2733 1926 2788; x_wconf 88' lang='lat' dir='ltr'><strong>litteras</strong></span> <span class='ocrx_word' id='word_1_188' title='bbox 1953 2735 2073 2789; x_wconf 89' lang='lat' dir='ltr'><strong>illas</strong></span> 
     </span>
    </p>
   </div>
   <div class='ocr_carea' id='block_1_28' title="bbox 456 2813 2071 2893">
    <p class='ocr_par' dir='ltr' id='par_1_28' title="bbox 456 2813 2071 2893">
     <span class='ocr_line' id='line_1_28' title="bbox 456 2813 2071 2893; baseline 0.007 -27"><span class='ocrx_word' id='word_1_189' title='bbox 456 2813 668 2879; x_wconf 89' lang='lat' dir='ltr'><strong>misisti,</strong></span> <span class='ocrx_word' id='word_1_190' title='bbox 701 2821 759 2868; x_wconf 89' lang='lat' dir='ltr'><strong>ut</strong></span> <span class='ocrx_word' id='word_1_191' title='bbox 801 2815 1222 2887; x_wconf 86' lang='lat' dir='ltr'><strong>archiepisc0po</strong></span> <span class='ocrx_word' id='word_1_192' title='bbox 1269 2818 1634 2889; x_wconf 88' lang='lat' dir='ltr'><strong>coepiscopus</strong></span> <span class='ocrx_word' id='word_1_193' title='bbox 1686 2821 2071 2893; x_wconf 90' lang='lat' dir='ltr'><strong>obtemperare</strong></span> 
     </span>
    </p>
   </div>
   <div class='ocr_carea' id='block_1_29' title="bbox 453 2901 2070 2986">
    <p class='ocr_par' dir='ltr' id='par_1_29' title="bbox 453 2901 2070 2986">
     <span class='ocr_line' id='line_1_29' title="bbox 453 2901 2070 2986; baseline 0.009 -32"><span class='ocrx_word' id='word_1_194' title='bbox 453 2901 620 2955; x_wconf 89' lang='lat' dir='ltr'><strong>debet</strong></span> <span class='ocrx_word' id='word_1_195' title='bbox 648 2903 934 2970; x_wconf 90' lang='lat' dir='ltr'><strong>canonice,</strong></span> <span class='ocrx_word' id='word_1_196' title='bbox 963 2904 1167 2959; x_wconf 87' lang='lat' dir='ltr'><strong>scirem</strong></span> <span class='ocrx_word' id='word_1_197' title='bbox 1199 2906 1435 2978; x_wconf 87' lang='lat' dir='ltr'><strong>obsequi</strong></span> <span class='ocrx_word' id='word_1_198' title='bbox 1469 2908 1604 2962; x_wconf 89' lang='lat' dir='ltr'><strong>mihi</strong></span> <span class='ocrx_word' id='word_1_199' title='bbox 1641 2916 1694 2964; x_wconf 91' lang='lat' dir='ltr'><strong>te</strong></span> <span class='ocrx_word' id='word_1_200' title='bbox 1726 2926 1836 2965; x_wconf 90' lang='lat' dir='ltr'><strong>non</strong></span> <span class='ocrx_word' id='word_1_201' title='bbox 1872 2928 2070 2986; x_wconf 78' lang='lat' dir='ltr'><strong>posse;</strong></span> 
     </span>
    </p>
   </div>
   <div class='ocr_carea' id='block_1_30' title="bbox 451 2993 2144 3083">
    <p class='ocr_par' dir='ltr' id='par_1_30' title="bbox 451 2993 2144 3083">
     <span class='ocr_line' id='line_1_30' title="bbox 451 2993 2144 3083; baseline 0.009 -41"><span class='ocrx_word' id='word_1_202' title='bbox 451 2997 506 3042; x_wconf 92' lang='lat' dir='ltr'><strong>et</strong></span> <span class='ocrx_word' id='word_1_203' title='bbox 559 3005 753 3045; x_wconf 88' lang='lat' dir='ltr'><strong>revoca</strong></span> <span class='ocrx_word' id='word_1_204' title='bbox 791 2998 916 3044; x_wconf 89' lang='lat' dir='ltr'><strong>ante</strong></span> <span class='ocrx_word' id='word_1_205' title='bbox 958 2993 1150 3047; x_wconf 91' lang='lat' dir='ltr'><strong>oculos</strong></span> <span class='ocrx_word' id='word_1_206' title='bbox 1190 3000 1330 3060; x_wconf 91' lang='lat' dir='ltr'><strong>tuos,</strong></span> <span class='ocrx_word' id='word_1_207' title='bbox 1371 2995 1520 3066; x_wconf 91' lang='lat' dir='ltr'><strong>quod</strong></span> <span class='ocrx_word' id='word_1_208' title='bbox 1565 3011 1745 3052; x_wconf 91' lang='lat' dir='ltr'><strong>coram</strong></span> <span class='ocrx_word' id='word_1_209' title='bbox 1791 2999 2070 3073; x_wconf 88' lang='lat' dir='ltr'><strong>episc0pis</strong></span> <span class='ocrx_word' id='word_1_210' title='bbox 2100 3062 2144 3083; x_wconf 55' lang='grc' dir='ltr'>η</span> 
     </span>
    </p>
   </div>
   <div class='ocr_carea' id='block_1_31' title="bbox 451 3062 2146 3166">
    <p class='ocr_par' dir='ltr' id='par_1_31' title="bbox 451 3062 2146 3166">
     <span class='ocr_line' id='line_1_31' title="bbox 451 3062 2146 3166; baseline 0.011 -32"><span class='ocrx_word' id='word_1_211' title='bbox 451 3080 640 3136; x_wconf 89' lang='lat' dir='ltr'><strong>decem</strong></span> <span class='ocrx_word' id='word_1_212' title='bbox 674 3082 1075 3152; x_wconf 82' lang='lat' dir='ltr'><strong>provinciarum</strong></span> <span class='ocrx_word' id='word_1_213' title='bbox 1125 3086 1401 3156; x_wconf 89' lang='lat' dir='ltr'><strong>professus</strong></span> <span class='ocrx_word' id='word_1_214' title='bbox 1433 3106 1513 3158; x_wconf 93' lang='lat' dir='ltr'><strong>es,</strong></span> <span class='ocrx_word' id='word_1_215' title='bbox 1564 3100 1619 3147; x_wconf 91' lang='lat' dir='ltr'><strong>et</strong></span> <span class='ocrx_word' id='word_1_216' title='bbox 1649 3110 1817 3147; x_wconf 90' lang='lat' dir='ltr'><strong>manu</strong></span> <span class='ocrx_word' id='word_1_217' title='bbox 1849 3097 2070 3166; x_wconf 83' lang='lat' dir='ltr'><strong>propria</strong></span> <span class='ocrx_word' id='word_1_218' title='bbox 2097 3062 2146 3129; x_wconf 64' lang='grc' dir='ltr'>ϐ</span> 
     </span>
    </p>
   </div>
   <div class='ocr_carea' id='block_1_32' title="bbox 451 3168 2068 3255">
    <p class='ocr_par' dir='ltr' id='par_1_32' title="bbox 451 3168 2068 3255">
     <span class='ocr_line' id='line_1_32' title="bbox 451 3168 2068 3255; baseline 0.011 -33"><span class='ocrx_word' id='word_1_219' title='bbox 451 3168 861 3240; x_wconf 86' lang='lat' dir='ltr'><strong>subscripsisti:</strong></span> <span class='ocrx_word' id='word_1_220' title='bbox 902 3172 1114 3228; x_wconf 89' lang='lat' dir='ltr'><strong>scilicet</strong></span> <span class='ocrx_word' id='word_1_221' title='bbox 1161 3175 1291 3246; x_wconf 91' lang='lat' dir='ltr'><strong>quia</strong></span> <span class='ocrx_word' id='word_1_222' title='bbox 1340 3177 1630 3255; x_wconf 86' lang='lat' dir='ltr'><strong>privilegio</strong></span> <span class='ocrx_word' id='word_1_223' title='bbox 1662 3185 2068 3255; x_wconf 90' lang='lat' dir='ltr'><strong>metropolitani</strong></span> 
     </span>
    </p>
   </div>
   <div class='ocr_carea' id='block_1_33' title="bbox 451 3263 2070 3337">
    <p class='ocr_par' dir='ltr' id='par_1_33' title="bbox 451 3263 2070 3337">
     <span class='ocr_line' id='line_1_33' title="bbox 451 3263 2070 3337; baseline 0.011 -21"><span class='ocrx_word' id='word_1_224' title='bbox 451 3263 749 3332; x_wconf 91' lang='lat' dir='ltr'><strong>provincia</strong></span> <span class='ocrx_word' id='word_1_225' title='bbox 780 3264 1075 3320; x_wconf 82' lang='lat' dir='ltr'><strong>Remorum</strong></span> <span class='ocrx_word' id='word_1_226' title='bbox 1110 3267 1388 3337; x_wconf 89' lang='lat' dir='ltr'><strong>Ecclesia,</strong></span> <span class='ocrx_word' id='word_1_227' title='bbox 1429 3273 1732 3328; x_wconf 89' lang='lat' dir='ltr'><strong>secundum</strong></span> <span class='ocrx_word' id='word_1_228' title='bbox 1767 3291 1950 3333; x_wconf 89' lang='lat' dir='ltr'><strong>sacros</strong></span> <span class='ocrx_word' id='word_1_229' title='bbox 1985 3295 2070 3332; x_wconf 87' lang='lat' dir='ltr'><strong>ca-</strong></span> 
     </span>
    </p>
   </div>
   <div class='ocr_carea' id='block_1_34' title="bbox 452 3351 2070 3428">
    <p class='ocr_par' dir='ltr' id='par_1_34' title="bbox 452 3351 2070 3428">
     <span class='ocr_line' id='line_1_34' title="bbox 452 3351 2070 3428; baseline 0.012 -24"><span class='ocrx_word' id='word_1_230' title='bbox 452 3365 626 3405; x_wconf 91' lang='lat' dir='ltr'><strong>nones</strong></span> <span class='ocrx_word' id='word_1_231' title='bbox 650 3361 705 3406; x_wconf 91' lang='lat' dir='ltr'><strong>et</strong></span> <span class='ocrx_word' id='word_1_232' title='bbox 733 3351 956 3408; x_wconf 89' lang='lat' dir='ltr'><strong>decreta</strong></span> <span class='ocrx_word' id='word_1_233' title='bbox 976 3355 1126 3410; x_wconf 86' lang='lat' dir='ltr'><strong>sedis</strong></span> <span class='ocrx_word' id='word_1_234' title='bbox 1147 3360 1463 3428; x_wconf 68' lang='lat' dir='ltr'><strong>apostolica.-</strong></span> <span class='ocrx_word' id='word_1_235' title='bbox 1485 3378 1551 3416; x_wconf 78' lang='lat' dir='ltr'><strong>ex</strong></span> <span class='ocrx_word' id='word_1_236' title='bbox 1575 3364 1745 3419; x_wconf 89' lang='lat' dir='ltr'><strong>sacris</strong></span> <span class='ocrx_word' id='word_1_237' title='bbox 1761 3367 2070 3424; x_wconf 90' lang='lat' dir='ltr'><strong>canonibus</strong></span> 
     </span>
    </p>
   </div>
   <div class='ocr_carea' id='block_1_35' title="bbox 450 3443 2071 3528">
    <p class='ocr_par' dir='ltr' id='par_1_35' title="bbox 450 3443 2071 3528">
     <span class='ocr_line' id='line_1_35' title="bbox 450 3443 2071 3528; baseline 0.012 -33"><span class='ocrx_word' id='word_1_238' title='bbox 450 3443 792 3517; x_wconf 80' lang='lat' dir='ltr'><strong>promulgata</strong></span> <span class='ocrx_word' id='word_1_239' title='bbox 825 3462 921 3515; x_wconf 88' lang='lat' dir='ltr'><strong>pro</strong></span> <span class='ocrx_word' id='word_1_240' title='bbox 943 3447 1084 3502; x_wconf 91' lang='lat' dir='ltr'><strong>scire</strong></span> <span class='ocrx_word' id='word_1_241' title='bbox 1113 3457 1167 3503; x_wconf 90' lang='lat' dir='ltr'><strong>et</strong></span> <span class='ocrx_word' id='word_1_242' title='bbox 1196 3466 1360 3519; x_wconf 88' lang='lat' dir='ltr'><strong>posse</strong></span> <span class='ocrx_word' id='word_1_243' title='bbox 1393 3459 1445 3506; x_wconf 93' lang='lat' dir='ltr'><strong>te</strong></span> <span class='ocrx_word' id='word_1_244' title='bbox 1476 3454 1826 3511; x_wconf 91' lang='lat' dir='ltr'><strong>obediturum</strong></span> <span class='ocrx_word' id='word_1_245' title='bbox 1850 3459 2071 3528; x_wconf 84' lang='lat' dir='ltr'><strong>proﬁte-</strong></span> 
     </span>
    </p>
   </div>
   <div class='ocr_carea' id='block_1_36' title="bbox 449 3530 2064 3614">
    <p class='ocr_par' dir='ltr' id='par_1_36' title="bbox 449 3530 2064 3614">
     <span class='ocr_line' id='line_1_36' title="bbox 449 3530 2064 3614; baseline 0.013 -31"><span class='ocrx_word' id='word_1_246' title='bbox 449 3530 585 3585; x_wconf 91' lang='lat' dir='ltr'><strong>reris</strong></span> <span class='ocrx_word' id='word_1_247' title='bbox 621 3539 674 3586; x_wconf 93' lang='lat' dir='ltr'><strong>et</strong></span> <span class='ocrx_word' id='word_1_248' title='bbox 703 3533 1098 3606; x_wconf 89' lang='lat' dir='ltr'><strong>subscripsisti.</strong></span> <span class='ocrx_word' id='word_1_249' title='bbox 1137 3538 1250 3606; x_wconf 92' lang='lat' dir='ltr'><strong>Dic,</strong></span> <span class='ocrx_word' id='word_1_250' title='bbox 1285 3539 1470 3608; x_wconf 86' lang='lat' dir='ltr'><strong>frater,</strong></span> <span class='ocrx_word' id='word_1_251' title='bbox 1499 3545 1721 3613; x_wconf 88' lang='lat' dir='ltr'><strong>quando</strong></span> <span class='ocrx_word' id='word_1_252' title='bbox 1755 3555 1808 3600; x_wconf 93' lang='lat' dir='ltr'><strong>et</strong></span> <span class='ocrx_word' id='word_1_253' title='bbox 1834 3548 1949 3614; x_wconf 90' lang='lat' dir='ltr'><strong>ubi,</strong></span> <span class='ocrx_word' id='word_1_254' title='bbox 1980 3551 2064 3604; x_wconf 87' lang='lat' dir='ltr'><strong>vel</strong></span> 
     </span>
    </p>
   </div>
   <div class='ocr_carea' id='block_1_37' title="bbox 445 3619 2066 3702">
    <p class='ocr_par' dir='ltr' id='par_1_37' title="bbox 445 3619 2066 3702">
     <span class='ocr_line' id='line_1_37' title="bbox 445 3619 2066 3702; baseline 0.013 -30"><span class='ocrx_word' id='word_1_255' title='bbox 445 3619 499 3672; x_wconf 90' lang='lat' dir='ltr'><strong>in</strong></span> <span class='ocrx_word' id='word_1_256' title='bbox 532 3619 734 3690; x_wconf 90' lang='lat' dir='ltr'><strong>quibus</strong></span> <span class='ocrx_word' id='word_1_257' title='bbox 764 3639 794 3675; x_wconf 91' lang='lat' dir='ltr'><strong>a</strong></span> <span class='ocrx_word' id='word_1_258' title='bbox 821 3631 874 3677; x_wconf 89' lang='lat' dir='ltr'><strong>te</strong></span> <span class='ocrx_word' id='word_1_259' title='bbox 897 3624 1156 3696; x_wconf 88' lang='lat' dir='ltr'><strong>requisivi</strong></span> <span class='ocrx_word' id='word_1_260' title='bbox 1188 3629 1271 3681; x_wconf 90' lang='lat' dir='ltr'><strong>vel</strong></span> <span class='ocrx_word' id='word_1_261' title='bbox 1295 3635 1626 3702; x_wconf 87' lang='lat' dir='ltr'><strong>extorquere</strong></span> <span class='ocrx_word' id='word_1_262' title='bbox 1651 3633 1820 3702; x_wconf 91' lang='lat' dir='ltr'><strong>volui,</strong></span> <span class='ocrx_word' id='word_1_263' title='bbox 1854 3637 2066 3694; x_wconf 92' lang='lat' dir='ltr'><strong>utmihi</strong></span> 
     </span>
    </p>
   </div>
   <div class='ocr_carea' id='block_1_38' title="bbox 446 3712 2064 3796">
    <p class='ocr_par' dir='ltr' id='par_1_38' title="bbox 446 3712 2064 3796">
     <span class='ocr_line' id='line_1_38' title="bbox 446 3712 2064 3796; baseline 0.011 -32"><span class='ocrx_word' id='word_1_264' title='bbox 446 3717 634 3764; x_wconf 90' lang='lat' dir='ltr'><strong>contra</strong></span> <span class='ocrx_word' id='word_1_265' title='bbox 667 3712 783 3768; x_wconf 88' lang='lat' dir='ltr'><strong>hac</strong></span> <span class='ocrx_word' id='word_1_266' title='bbox 817 3713 872 3767; x_wconf 92' lang='lat' dir='ltr'><strong>in</strong></span> <span class='ocrx_word' id='word_1_267' title='bbox 906 3713 1092 3786; x_wconf 89' lang='lat' dir='ltr'><strong>aliquo</strong></span> <span class='ocrx_word' id='word_1_268' title='bbox 1140 3716 1399 3774; x_wconf 90' lang='lat' dir='ltr'><strong>obedires</strong></span> <span class='ocrx_word' id='word_1_269' title='bbox 1421 3719 1448 3772; x_wconf 81' lang='lat'><strong>?</strong></span> <span class='ocrx_word' id='word_1_270' title='bbox 1499 3722 1592 3792; x_wconf 88' lang='lat' dir='ltr'><strong>qui</strong></span> <span class='ocrx_word' id='word_1_271' title='bbox 1633 3739 1914 3796; x_wconf 89' lang='lat' dir='ltr'><strong>nunquam</strong></span> <span class='ocrx_word' id='word_1_272' title='bbox 1951 3733 2064 3794; x_wconf 91' lang='lat' dir='ltr'><strong>tua,</strong></span> 
     </span>
    </p>
   </div>
   <div class='ocr_carea' id='block_1_39' title="bbox 443 3801 2065 3889">
    <p class='ocr_par' dir='ltr' id='par_1_39' title="bbox 443 3801 2065 3889">
     <span class='ocr_line' id='line_1_39' title="bbox 443 3801 2065 3889; baseline 0.011 -35"><span class='ocrx_word' id='word_1_273' title='bbox 443 3801 542 3855; x_wconf 90' lang='lat' dir='ltr'><strong>sed</strong></span> <span class='ocrx_word' id='word_1_274' title='bbox 563 3801 719 3870; x_wconf 84' lang='lat' dir='ltr'><strong>juxta</strong></span> <span class='ocrx_word' id='word_1_275' title='bbox 747 3804 1088 3875; x_wconf 83' lang='lat' dir='ltr'><strong>Apostolum,</strong></span> <span class='ocrx_word' id='word_1_276' title='bbox 1125 3813 1176 3862; x_wconf 93' lang='lat' dir='ltr'><strong>te</strong></span> <span class='ocrx_word' id='word_1_277' title='bbox 1205 3811 1432 3878; x_wconf 83' lang='lat' dir='ltr'><strong>quasivi</strong></span> <span class='ocrx_word' id='word_1_278' title='bbox 1464 3815 1538 3881; x_wconf 87' lang='lat' dir='ltr'><strong>(II</strong></span> <span class='ocrx_word' id='word_1_279' title='bbox 1573 3813 1693 3869; x_wconf 88' lang='lat' dir='ltr'><strong>Cor.</strong></span> <span class='ocrx_word' id='word_1_280' title='bbox 1728 3829 1841 3885; x_wconf 73' lang='lat' dir='ltr'><strong>xu),</strong></span> <span class='ocrx_word' id='word_1_281' title='bbox 1874 3824 1930 3872; x_wconf 91' lang='lat' dir='ltr'><strong>et</strong></span> <span class='ocrx_word' id='word_1_282' title='bbox 1971 3819 2065 3889; x_wconf 91' lang='lat' dir='ltr'><strong>qui</strong></span> 
     </span>
    </p>
   </div>
   <div class='ocr_carea' id='block_1_40' title="bbox 445 3893 2066 3982">
    <p class='ocr_par' dir='ltr' id='par_1_40' title="bbox 445 3893 2066 3982">
     <span class='ocr_line' id='line_1_40' title="bbox 445 3893 2066 3982; baseline 0.012 -36"><span class='ocrx_word' id='word_1_283' title='bbox 445 3907 596 3948; x_wconf 89' lang='lat' dir='ltr'><strong>meas</strong></span> <span class='ocrx_word' id='word_1_284' title='bbox 613 3893 860 3962; x_wconf 89' lang='lat' dir='ltr'><strong>injurias,</strong></span> <span class='ocrx_word' id='word_1_285' title='bbox 889 3899 1099 3956; x_wconf 90' lang='lat' dir='ltr'><strong>scilicet</strong></span> <span class='ocrx_word' id='word_1_286' title='bbox 1132 3919 1270 3958; x_wconf 84' lang='lat' dir='ltr'><strong>mea</strong></span> <span class='ocrx_word' id='word_1_287' title='bbox 1299 3920 1571 3974; x_wconf 87' lang='lat' dir='ltr'><strong>persona,</strong></span> <span class='ocrx_word' id='word_1_288' title='bbox 1601 3908 1780 3974; x_wconf 86' lang='lat' dir='ltr'><strong>facile,</strong></span> <span class='ocrx_word' id='word_1_289' title='bbox 1803 3907 1914 3964; x_wconf 92' lang='lat' dir='ltr'><strong>Deo</strong></span> <span class='ocrx_word' id='word_1_290' title='bbox 1941 3927 2066 3982; x_wconf 83' lang='lat' dir='ltr'><strong>gra-</strong></span> 
     </span>
    </p>
   </div>
   <div class='ocr_carea' id='block_1_41' title="bbox 450 3985 2063 4073">
    <p class='ocr_par' dir='ltr' id='par_1_41' title="bbox 450 3985 2063 4073">
     <span class='ocr_line' id='line_1_41' title="bbox 450 3985 2063 4073; baseline 0.014 -36"><span class='ocrx_word' id='word_1_291' title='bbox 450 3985 576 4052; x_wconf 86' lang='lat' dir='ltr'><strong>tias,</strong></span> <span class='ocrx_word' id='word_1_292' title='bbox 597 4002 819 4056; x_wconf 91' lang='lat' dir='ltr'><strong>possum</strong></span> <span class='ocrx_word' id='word_1_293' title='bbox 857 3989 1152 4057; x_wconf 88' lang='lat' dir='ltr'><strong>dimittere,</strong></span> <span class='ocrx_word' id='word_1_294' title='bbox 1189 3995 1330 4049; x_wconf 89' lang='lat' dir='ltr'><strong>sicut</strong></span> <span class='ocrx_word' id='word_1_295' title='bbox 1369 4007 1422 4051; x_wconf 92' lang='lat' dir='ltr'><strong>et</strong></span> <span class='ocrx_word' id='word_1_296' title='bbox 1447 4001 1694 4069; x_wconf 91' lang='lat' dir='ltr'><strong>quotidie</strong></span> <span class='ocrx_word' id='word_1_297' title='bbox 1725 4018 1824 4073; x_wconf 93' lang='lat' dir='ltr'><strong>pro</strong></span> <span class='ocrx_word' id='word_1_298' title='bbox 1853 4010 1906 4058; x_wconf 92' lang='lat' dir='ltr'><strong>te</strong></span> <span class='ocrx_word' id='word_1_299' title='bbox 1945 4020 2063 4060; x_wconf 93' lang='lat' dir='ltr'><strong>om-</strong></span> 
     </span>
    </p>
   </div>
   <div class='ocr_carea' id='block_1_42' title="bbox 446 4077 2064 4163">
    <p class='ocr_par' dir='ltr' id='par_1_42' title="bbox 446 4077 2064 4163">
     <span class='ocr_line' id='line_1_42' title="bbox 446 4077 2064 4163; baseline 0.015 -36"><span class='ocrx_word' id='word_1_300' title='bbox 446 4077 807 4146; x_wconf 87' lang='lat' dir='ltr'><strong>nipotentiam</strong></span> <span class='ocrx_word' id='word_1_301' title='bbox 841 4081 1055 4137; x_wconf 91' lang='lat' dir='ltr'><strong>Domini</strong></span> <span class='ocrx_word' id='word_1_302' title='bbox 1095 4085 1294 4140; x_wconf 91' lang='lat' dir='ltr'><strong>devote</strong></span> <span class='ocrx_word' id='word_1_303' title='bbox 1330 4103 1563 4144; x_wconf 88' lang='lat' dir='ltr'><strong>exorans</strong></span> <span class='ocrx_word' id='word_1_304' title='bbox 1603 4093 1743 4149; x_wconf 90' lang='lat' dir='ltr'><strong>facio</strong></span> <span class='ocrx_word' id='word_1_305' title='bbox 1773 4112 1787 4158; x_wconf 87' lang='lat'><strong>;</strong></span> <span class='ocrx_word' id='word_1_306' title='bbox 1834 4095 2064 4163; x_wconf 89' lang='lat' dir='ltr'><strong>injurias</strong></span> 
     </span>
    </p>
   </div>
   <div class='ocr_carea' id='block_1_43' title="bbox 444 4167 2064 4258">
    <p class='ocr_par' dir='ltr' id='par_1_43' title="bbox 444 4167 2064 4258">
     <span class='ocr_line' id='line_1_43' title="bbox 444 4167 2064 4258; baseline 0.015 -38"><span class='ocrx_word' id='word_1_307' title='bbox 444 4167 809 4224; x_wconf 90' lang='lat' dir='ltr'><strong>ordinationis</strong></span> <span class='ocrx_word' id='word_1_308' title='bbox 840 4171 1059 4240; x_wconf 86' lang='lat' dir='ltr'><strong>divina,</strong></span> <span class='ocrx_word' id='word_1_309' title='bbox 1094 4192 1216 4246; x_wconf 88' lang='lat' dir='ltr'><strong>qua</strong></span> <span class='ocrx_word' id='word_1_310' title='bbox 1244 4193 1275 4230; x_wconf 87' lang='lat' dir='ltr'><strong>a</strong></span> <span class='ocrx_word' id='word_1_311' title='bbox 1313 4185 1405 4232; x_wconf 90' lang='lat' dir='ltr'><strong>tua</strong></span> <span class='ocrx_word' id='word_1_312' title='bbox 1446 4180 1742 4238; x_wconf 88' lang='lat' dir='ltr'><strong>insolentia</strong></span> <span class='ocrx_word' id='word_1_313' title='bbox 1771 4188 2064 4258; x_wconf 88' lang='lat' dir='ltr'><strong>exquirun-</strong></span> 
     </span>
    </p>
   </div>
   <div class='ocr_carea' id='block_1_44' title="bbox 443 4264 2060 4342">
    <p class='ocr_par' dir='ltr' id='par_1_44' title="bbox 443 4264 2060 4342">
     <span class='ocr_line' id='line_1_44' title="bbox 443 4264 2060 4342; baseline 0.014 -30"><span class='ocrx_word' id='word_1_314' title='bbox 443 4266 550 4326; x_wconf 93' lang='lat' dir='ltr'><strong>tur,</strong></span> <span class='ocrx_word' id='word_1_315' title='bbox 585 4269 641 4314; x_wconf 90' lang='lat' dir='ltr'><strong>ut</strong></span> <span class='ocrx_word' id='word_1_316' title='bbox 661 4264 1085 4332; x_wconf 89' lang='lat' dir='ltr'><strong>metropolitano</strong></span> <span class='ocrx_word' id='word_1_317' title='bbox 1117 4267 1406 4342; x_wconf 91' lang='lat' dir='ltr'><strong>privilegio</strong></span> <span class='ocrx_word' id='word_1_318' title='bbox 1436 4273 1700 4329; x_wconf 90' lang='lat' dir='ltr'><strong>canonice</strong></span> <span class='ocrx_word' id='word_1_319' title='bbox 1724 4291 1832 4331; x_wconf 91' lang='lat' dir='ltr'><strong>non</strong></span> <span class='ocrx_word' id='word_1_320' title='bbox 1853 4278 2060 4334; x_wconf 90' lang='lat' dir='ltr'><strong>subda-</strong></span> 
     </span>
    </p>
   </div>
   <div class='ocr_carea' id='block_1_45' title="bbox 445 4351 2062 4436">
    <p class='ocr_par' dir='ltr' id='par_1_45' title="bbox 445 4351 2062 4436">
     <span class='ocr_line' id='line_1_45' title="bbox 445 4351 2062 4436; baseline 0.014 -32"><span class='ocrx_word' id='word_1_321' title='bbox 445 4351 538 4414; x_wconf 89' lang='lat' dir='ltr'><strong>ris,</strong></span> <span class='ocrx_word' id='word_1_322' title='bbox 587 4352 640 4405; x_wconf 91' lang='lat' dir='ltr'><strong>in</strong></span> <span class='ocrx_word' id='word_1_323' title='bbox 673 4369 797 4408; x_wconf 91' lang='lat' dir='ltr'><strong>eum</strong></span> <span class='ocrx_word' id='word_1_324' title='bbox 847 4356 1242 4426; x_wconf 89' lang='lat' dir='ltr'><strong>redundantes,</strong></span> <span class='ocrx_word' id='word_1_325' title='bbox 1284 4361 1378 4431; x_wconf 91' lang='lat' dir='ltr'><strong>qui</strong></span> <span class='ocrx_word' id='word_1_326' title='bbox 1408 4364 1613 4434; x_wconf 90' lang='lat' dir='ltr'><strong>Spiritu</strong></span> <span class='ocrx_word' id='word_1_327' title='bbox 1654 4375 1847 4424; x_wconf 90' lang='lat' dir='ltr'><strong>sancto</strong></span> <span class='ocrx_word' id='word_1_328' title='bbox 1876 4387 1999 4436; x_wconf 93' lang='lat' dir='ltr'><strong>suo,</strong></span> <span class='ocrx_word' id='word_1_329' title='bbox 2030 4390 2062 4428; x_wconf 89' lang='lat' dir='ltr'><strong>a</strong></span> 
     </span>
    </p>
   </div>
   <div class='ocr_carea' id='block_1_46' title="bbox 444 4439 2135 4521">
    <p class='ocr_par' dir='ltr' id='par_1_46' title="bbox 444 4439 2135 4521">
     <span class='ocr_line' id='line_1_46' title="bbox 444 4439 2135 4521; baseline 0.014 -28"><span class='ocrx_word' id='word_1_330' title='bbox 444 4456 554 4511; x_wconf 90' lang='lat' dir='ltr'><strong>quo</strong></span> <span class='ocrx_word' id='word_1_331' title='bbox 577 4442 905 4517; x_wconf 89' lang='lat' dir='ltr'><strong>promulgati</strong></span> <span class='ocrx_word' id='word_1_332' title='bbox 929 4445 1186 4520; x_wconf 92' lang='lat' dir='ltr'><strong>leguntur</strong></span> <span class='ocrx_word' id='word_1_333' title='bbox 1205 4457 1258 4505; x_wconf 90' lang='lat' dir='ltr'><strong>et</strong></span> <span class='ocrx_word' id='word_1_334' title='bbox 1290 4453 1591 4509; x_wconf 90' lang='lat' dir='ltr'><strong>creduntur</strong></span> <span class='ocrx_word' id='word_1_335' title='bbox 1607 4472 1870 4521; x_wconf 89' lang='lat' dir='ltr'><strong>canones,</strong></span> <span class='ocrx_word' id='word_1_336' title='bbox 1896 4460 2059 4516; x_wconf 90' lang='lat' dir='ltr'><strong>insti-</strong></span> <span class='ocrx_word' id='word_1_337' title='bbox 2080 4439 2135 4507; x_wconf 81' lang='lat' dir='ltr'><strong>D</strong></span> 
     </span>
    </p>
   </div>
   <div class='ocr_carea' id='block_1_47' title="bbox 446 4533 2059 4625">
    <p class='ocr_par' dir='ltr' id='par_1_47' title="bbox 446 4533 2059 4625">
     <span class='ocr_line' id='line_1_47' title="bbox 446 4533 2059 4625; baseline 0.015 -40"><span class='ocrx_word' id='word_1_338' title='bbox 446 4533 568 4599; x_wconf 89' lang='lat' dir='ltr'><strong>tuit,</strong></span> <span class='ocrx_word' id='word_1_339' title='bbox 612 4534 885 4604; x_wconf 88' lang='lat' dir='ltr'><strong>patienter</strong></span> <span class='ocrx_word' id='word_1_340' title='bbox 915 4537 1056 4594; x_wconf 88' lang='lat' dir='ltr'><strong>ferre</strong></span> <span class='ocrx_word' id='word_1_341' title='bbox 1091 4556 1202 4596; x_wconf 92' lang='lat' dir='ltr'><strong>non</strong></span> <span class='ocrx_word' id='word_1_342' title='bbox 1246 4559 1494 4614; x_wconf 91' lang='lat' dir='ltr'><strong>possum,</strong></span> <span class='ocrx_word' id='word_1_343' title='bbox 1551 4564 1653 4604; x_wconf 92' lang='lat' dir='ltr'><strong>nec</strong></span> <span class='ocrx_word' id='word_1_344' title='bbox 1691 4551 1892 4618; x_wconf 85' lang='lat' dir='ltr'><strong>debeo,</strong></span> <span class='ocrx_word' id='word_1_345' title='bbox 1927 4555 2059 4625; x_wconf 91' lang='lat' dir='ltr'><strong>quin</strong></span> 
     </span>
    </p>
   </div>
   <div class='ocr_carea' id='block_1_48' title="bbox 444 4626 2055 4710">
    <p class='ocr_par' dir='ltr' id='par_1_48' title="bbox 444 4626 2055 4710">
     <span class='ocr_line' id='line_1_48' title="bbox 444 4626 2055 4710; baseline 0.016 -34"><span class='ocrx_word' id='word_1_346' title='bbox 444 4629 651 4679; x_wconf 88' lang='lat' dir='ltr'><strong>tantum</strong></span> <span class='ocrx_word' id='word_1_347' title='bbox 684 4626 810 4682; x_wconf 92' lang='lat' dir='ltr'><strong>inde</strong></span> <span class='ocrx_word' id='word_1_348' title='bbox 842 4645 952 4684; x_wconf 91' lang='lat' dir='ltr'><strong>non</strong></span> <span class='ocrx_word' id='word_1_349' title='bbox 983 4639 1226 4706; x_wconf 87' lang='lat' dir='ltr'><strong>satagam</strong></span> <span class='ocrx_word' id='word_1_350' title='bbox 1257 4645 1524 4707; x_wconf 90' lang='lat' dir='ltr'><strong>quantum</strong></span> <span class='ocrx_word' id='word_1_351' title='bbox 1569 4648 1781 4710; x_wconf 90' lang='lat' dir='ltr'><strong>potero.</strong></span> <span class='ocrx_word' id='word_1_352' title='bbox 1815 4644 1946 4700; x_wconf 91' lang='lat' dir='ltr'><strong>Nam</strong></span> <span class='ocrx_word' id='word_1_353' title='bbox 1974 4647 2055 4701; x_wconf 90' lang='lat' dir='ltr'><strong>si-</strong></span> 
     </span>
    </p>
   </div>
   <div class='ocr_carea' id='block_1_49' title="bbox 441 4717 2056 4796">
    <p class='ocr_par' dir='ltr' id='par_1_49' title="bbox 441 4717 2056 4796">
     <span class='ocr_line' id='line_1_49' title="bbox 441 4717 2056 4796; baseline 0.017 -28"><span class='ocrx_word' id='word_1_354' title='bbox 441 4725 533 4771; x_wconf 93' lang='lat' dir='ltr'><strong>cut</strong></span> <span class='ocrx_word' id='word_1_355' title='bbox 557 4717 870 4775; x_wconf 89' lang='lat' dir='ltr'><strong>sollicitudo</strong></span> <span class='ocrx_word' id='word_1_356' title='bbox 904 4729 958 4776; x_wconf 90' lang='lat' dir='ltr'><strong>et</strong></span> <span class='ocrx_word' id='word_1_357' title='bbox 989 4723 1255 4792; x_wconf 89' lang='lat' dir='ltr'><strong>primatus</strong></span> <span class='ocrx_word' id='word_1_358' title='bbox 1296 4729 1461 4784; x_wconf 90' lang='lat' dir='ltr'><strong>totius</strong></span> <span class='ocrx_word' id='word_1_359' title='bbox 1492 4731 1745 4789; x_wconf 81' lang='lat' dir='ltr'><strong>Ecclesia</strong></span> <span class='ocrx_word' id='word_1_360' title='bbox 1772 4738 2056 4796; x_wconf 84' lang='lat' dir='ltr'><strong>catholica</strong></span> 
     </span>
    </p>
   </div>
   <div class='ocr_carea' id='block_1_50' title="bbox 439 4809 2054 4903">
    <p class='ocr_par' dir='ltr' id='par_1_50' title="bbox 439 4809 2054 4903">
     <span class='ocr_line' id='line_1_50' title="bbox 439 4809 2054 4903; baseline 0.015 -44"><span class='ocrx_word' id='word_1_361' title='bbox 439 4815 641 4903; x_wconf 81' lang='lat' dir='ltr'><strong>sancta</strong></span> <span class='ocrx_word' id='word_1_362' title='bbox 665 4809 811 4903; x_wconf 81' lang='lat' dir='ltr'><strong>sedis</strong></span> <span class='ocrx_word' id='word_1_363' title='bbox 837 4811 1096 4869; x_wconf 81' lang='lat' dir='ltr'><strong>Romana</strong></span> <span class='ocrx_word' id='word_1_364' title='bbox 1128 4818 1374 4887; x_wconf 79' lang='lat' dir='ltr'><strong>pontifici</strong></span> <span class='ocrx_word' id='word_1_365' title='bbox 1412 4821 1679 4879; x_wconf 83' lang='lat' dir='ltr'><strong>divinitus</strong></span> <span class='ocrx_word' id='word_1_366' title='bbox 1716 4836 1800 4881; x_wconf 88' lang='lat' dir='ltr'><strong>est</strong></span> <span class='ocrx_word' id='word_1_367' title='bbox 1837 4829 2054 4898; x_wconf 88' lang='lat' dir='ltr'><strong>collata,</strong></span> 
     </span>
    </p>
   </div>
   <div class='ocr_carea' id='block_1_51' title="bbox 443 4896 2056 4984">
    <p class='ocr_par' dir='ltr' id='par_1_51' title="bbox 443 4896 2056 4984">
     <span class='ocr_line' id='line_1_51' title="bbox 443 4896 2056 4984; baseline 0.016 -37"><span class='ocrx_word' id='word_1_368' title='bbox 443 4896 517 4948; x_wconf 89' lang='lat' dir='ltr'><strong>ita</strong></span> <span class='ocrx_word' id='word_1_369' title='bbox 545 4902 599 4949; x_wconf 90' lang='lat' dir='ltr'><strong>et</strong></span> <span class='ocrx_word' id='word_1_370' title='bbox 628 4896 929 4969; x_wconf 90' lang='lat' dir='ltr'><strong>unicuique</strong></span> <span class='ocrx_word' id='word_1_371' title='bbox 957 4904 1385 4974; x_wconf 89' lang='lat' dir='ltr'><strong>metropolitano</strong></span> <span class='ocrx_word' id='word_1_372' title='bbox 1425 4925 1488 4964; x_wconf 88' lang='lat' dir='ltr'><strong>ac</strong></span> <span class='ocrx_word' id='word_1_373' title='bbox 1507 4910 1726 4980; x_wconf 89' lang='lat' dir='ltr'><strong>primati</strong></span> <span class='ocrx_word' id='word_1_374' title='bbox 1758 4896 2056 4984; x_wconf 84' lang='lat' dir='ltr'><strong>provincia</strong></span> 
     </span>
    </p>
   </div>
   <div class='ocr_carea' id='block_1_52' title="bbox 442 4985 2055 5073">
    <p class='ocr_par' dir='ltr' id='par_1_52' title="bbox 442 4985 2055 5073">
     <span class='ocr_line' id='line_1_52' title="bbox 442 4985 2055 5073; baseline 0.015 -33"><span class='ocrx_word' id='word_1_375' title='bbox 442 4985 756 5044; x_wconf 91' lang='lat' dir='ltr'><strong>sollicitudo</strong></span> <span class='ocrx_word' id='word_1_376' title='bbox 781 4990 886 5044; x_wconf 93' lang='lat' dir='ltr'><strong>sibi</strong></span> <span class='ocrx_word' id='word_1_377' title='bbox 918 4991 1184 5069; x_wconf 89' lang='lat' dir='ltr'><strong>delegata</strong></span> <span class='ocrx_word' id='word_1_378' title='bbox 1210 4999 1528 5072; x_wconf 88' lang='lat' dir='ltr'><strong>provincia,</strong></span> <span class='ocrx_word' id='word_1_379' title='bbox 1560 5018 1659 5073; x_wconf 89' lang='lat' dir='ltr'><strong>per</strong></span> <span class='ocrx_word' id='word_1_380' title='bbox 1679 5021 1863 5061; x_wconf 88' lang='lat' dir='ltr'><strong>sacros</strong></span> <span class='ocrx_word' id='word_1_381' title='bbox 1888 5023 2055 5065; x_wconf 89' lang='lat' dir='ltr'><strong>cano-</strong></span> 
     </span>
    </p>
   </div>
   <div class='ocr_carea' id='block_1_53' title="bbox 445 5081 2057 5159">
    <p class='ocr_par' dir='ltr' id='par_1_53' title="bbox 445 5081 2057 5159">
     <span class='ocr_line' id='line_1_53' title="bbox 445 5081 2057 5159; baseline 0.016 -25"><span class='ocrx_word' id='word_1_382' title='bbox 445 5096 544 5135; x_wconf 92' lang='lat' dir='ltr'><strong>nes</strong></span> <span class='ocrx_word' id='word_1_383' title='bbox 569 5081 773 5152; x_wconf 90' lang='lat' dir='ltr'><strong>Spiritu</strong></span> <span class='ocrx_word' id='word_1_384' title='bbox 824 5084 917 5140; x_wconf 90' lang='lat' dir='ltr'><strong>Dei</strong></span> <span class='ocrx_word' id='word_1_385' title='bbox 949 5087 1201 5146; x_wconf 87' lang='lat' dir='ltr'><strong>conditos</strong></span> <span class='ocrx_word' id='word_1_386' title='bbox 1229 5101 1284 5148; x_wconf 89' lang='lat' dir='ltr'><strong>et</strong></span> <span class='ocrx_word' id='word_1_387' title='bbox 1327 5095 1492 5151; x_wconf 88' lang='lat' dir='ltr'><strong>totius</strong></span> <span class='ocrx_word' id='word_1_388' title='bbox 1523 5099 1714 5154; x_wconf 90' lang='lat' dir='ltr'><strong>mundi</strong></span> <span class='ocrx_word' id='word_1_389' title='bbox 1747 5103 2057 5159; x_wconf 88' lang='lat' dir='ltr'><strong>reverentia</strong></span> 
     </span>
    </p>
   </div>
   <div class='ocr_carea' id='block_1_54' title="bbox 444 5179 2050 5258">
    <p class='ocr_par' dir='ltr' id='par_1_54' title="bbox 444 5179 2050 5258">
     <span class='ocr_line' id='line_1_54' title="bbox 444 5179 2050 5258; baseline 0.014 -30"><span class='ocrx_word' id='word_1_390' title='bbox 444 5182 794 5232; x_wconf 91' lang='lat' dir='ltr'><strong>consecratos</strong></span> <span class='ocrx_word' id='word_1_391' title='bbox 824 5179 1074 5236; x_wconf 90' lang='lat' dir='ltr'><strong>noscitur</strong></span> <span class='ocrx_word' id='word_1_392' title='bbox 1124 5199 1246 5240; x_wconf 90' lang='lat' dir='ltr'><strong>esse</strong></span> <span class='ocrx_word' id='word_1_393' title='bbox 1284 5188 1597 5258; x_wconf 89' lang='lat' dir='ltr'><strong>commissa,</strong></span> <span class='ocrx_word' id='word_1_394' title='bbox 1660 5213 1684 5246; x_wconf 84' lang='lat'><strong><em>»</em></strong></span> <span class='ocrx_word' id='word_1_395' title='bbox 1741 5201 1796 5249; x_wconf 89' lang='lat' dir='ltr'><strong>et</strong></span> <span class='ocrx_word' id='word_1_396' title='bbox 1834 5201 2050 5251; x_wconf 89' lang='lat' dir='ltr'><strong>catera.</strong></span> 
     </span>
    </p>
   </div>
   <div class='ocr_carea' id='block_1_55' title="bbox 440 5260 2054 5348">
    <p class='ocr_par' dir='ltr' id='par_1_55' title="bbox 440 5260 2054 5348">
     <span class='ocr_line' id='line_1_55' title="bbox 440 5260 2054 5348; baseline 0.016 -35"><span class='ocrx_word' id='word_1_397' title='bbox 440 5260 758 5332; x_wconf 90' lang='lat' dir='ltr'><strong>Sequuntur</strong></span> <span class='ocrx_word' id='word_1_398' title='bbox 797 5266 1040 5340; x_wconf 91' lang='lat' dir='ltr'><strong>denique</strong></span> <span class='ocrx_word' id='word_1_399' title='bbox 1072 5272 1226 5343; x_wconf 91' lang='lat' dir='ltr'><strong>plura</strong></span> <span class='ocrx_word' id='word_1_400' title='bbox 1257 5275 1325 5331; x_wconf 91' lang='lat' dir='ltr'><strong>de</strong></span> <span class='ocrx_word' id='word_1_401' title='bbox 1364 5277 1802 5348; x_wconf 86' lang='lat' dir='ltr'><strong>professionibus</strong></span> <span class='ocrx_word' id='word_1_402' title='bbox 1833 5291 1888 5339; x_wconf 91' lang='lat' dir='ltr'><strong>et</strong></span> <span class='ocrx_word' id='word_1_403' title='bbox 1926 5285 2054 5339; x_wconf 91' lang='lat' dir='ltr'><strong>sub-</strong></span> 
     </span>
    </p>
   </div>
   <div class='ocr_carea' id='block_1_56' title="bbox 440 5349 2057 5443">
    <p class='ocr_par' dir='ltr' id='par_1_56' title="bbox 440 5349 2057 5443">
     <span class='ocr_line' id='line_1_56' title="bbox 440 5349 2057 5443; baseline 0.015 -39"><span class='ocrx_word' id='word_1_404' title='bbox 440 5349 835 5420; x_wconf 85' lang='lat' dir='ltr'><strong>scriptionibus</strong></span> <span class='ocrx_word' id='word_1_405' title='bbox 864 5357 1112 5425; x_wconf 90' lang='lat' dir='ltr'><strong>ejusdem</strong></span> <span class='ocrx_word' id='word_1_406' title='bbox 1171 5363 1471 5435; x_wconf 86' lang='lat' dir='ltr'><strong>Hincmari,</strong></span> <span class='ocrx_word' id='word_1_407' title='bbox 1512 5375 1566 5423; x_wconf 91' lang='lat' dir='ltr'><strong>et</strong></span> <span class='ocrx_word' id='word_1_408' title='bbox 1615 5371 2057 5443; x_wconf 89' lang='lat' dir='ltr'><strong>correptionibus</strong></span> 
     </span>
    </p>
   </div>
   <div class='ocr_carea' id='block_1_57' title="bbox 442 5442 2056 5536">
    <p class='ocr_par' dir='ltr' id='par_1_57' title="bbox 442 5442 2056 5536">
     <span class='ocr_line' id='line_1_57' title="bbox 442 5442 2056 5536; baseline 0.015 -40"><span class='ocrx_word' id='word_1_409' title='bbox 442 5442 563 5536; x_wconf 90' lang='lat' dir='ltr'><strong>ejus</strong></span> <span class='ocrx_word' id='word_1_410' title='bbox 602 5461 777 5517; x_wconf 89' lang='lat' dir='ltr'><strong>usque</strong></span> <span class='ocrx_word' id='word_1_411' title='bbox 806 5449 872 5503; x_wconf 90' lang='lat' dir='ltr'><strong>ad</strong></span> <span class='ocrx_word' id='word_1_412' title='bbox 910 5449 1076 5508; x_wconf 89' lang='lat' dir='ltr'><strong>finem</strong></span> <span class='ocrx_word' id='word_1_413' title='bbox 1126 5457 1332 5528; x_wconf 89' lang='lat' dir='ltr'><strong>operis.</strong></span> <span class='ocrx_word' id='word_1_414' title='bbox 1367 5460 1500 5516; x_wconf 90' lang='lat' dir='ltr'><strong>ltem</strong></span> <span class='ocrx_word' id='word_1_415' title='bbox 1549 5462 1699 5518; x_wconf 87' lang='lat' dir='ltr'><strong>aliud</strong></span> <span class='ocrx_word' id='word_1_416' title='bbox 1729 5442 1870 5536; x_wconf 80' lang='lat' dir='ltr'><strong>opus</strong></span> <span class='ocrx_word' id='word_1_417' title='bbox 1918 5465 2056 5522; x_wconf 84' lang='lat' dir='ltr'><strong>inci-</strong></span> 
     </span>
    </p>
   </div>
   <div class='ocr_carea' id='block_1_58' title="bbox 443 5535 746 5606">
    <p class='ocr_par' dir='ltr' id='par_1_58' title="bbox 443 5535 746 5606">
     <span class='ocr_line' id='line_1_58' title="bbox 443 5535 746 5606; baseline 0.013 -16"><span class='ocrx_word' id='word_1_418' title='bbox 443 5535 604 5606; x_wconf 91' lang='lat' dir='ltr'><strong>piens</strong></span> <span class='ocrx_word' id='word_1_419' title='bbox 625 5537 699 5592; x_wconf 88' lang='lat' dir='ltr'><strong>ita</strong></span> <span class='ocrx_word' id='word_1_420' title='bbox 732 5556 746 5594; x_wconf 88' lang='lat'><strong>:</strong></span> 
     </span>
    </p>
   </div>
   <div class='ocr_carea' id='block_1_59' title="bbox 516 5628 2059 5730">
    <p class='ocr_par' dir='ltr' id='par_1_59' title="bbox 516 5628 2059 5730">
     <span class='ocr_line' id='line_1_59' title="bbox 516 5628 2059 5730; baseline 0.016 -49"><span class='ocrx_word' id='word_1_421' title='bbox 516 5651 539 5675; x_wconf 73' lang='grc' dir='ltr'>ι</span> <span class='ocrx_word' id='word_1_422' title='bbox 589 5628 906 5730; x_wconf 65' lang='lat' dir='ltr'><strong>timeamus</strong></span> <span class='ocrx_word' id='word_1_423' title='bbox 929 5635 1224 5696; x_wconf 87' lang='lat' dir='ltr'><strong>Remorum</strong></span> <span class='ocrx_word' id='word_1_424' title='bbox 1238 5642 1532 5716; x_wconf 88' lang='lat' dir='ltr'><strong>episcopus</strong></span> <span class='ocrx_word' id='word_1_425' title='bbox 1544 5646 1824 5704; x_wconf 71' lang='lat' dir='ltr'><strong>Hmcmno</strong></span> <span class='ocrx_word' id='word_1_426' title='bbox 1843 5648 2059 5706; x_wconf 89' lang='lat' dir='ltr'><strong>Laudu-</strong></span> 
     </span>
    </p>
   </div>
   <div class='ocr_carea' id='block_1_60' title="bbox 446 5722 908 5796">
    <p class='ocr_par' dir='ltr' id='par_1_60' title="bbox 446 5722 908 5796">
     <span class='ocr_line' id='line_1_60' title="bbox 446 5722 908 5796; baseline 0.017 -25"><span class='ocrx_word' id='word_1_427' title='bbox 446 5722 602 5774; x_wconf 90' lang='lat' dir='ltr'><strong>nensi</strong></span> <span class='ocrx_word' id='word_1_428' title='bbox 625 5722 908 5796; x_wconf 84' lang='lat' dir='ltr'><strong>episcOpo.</strong></span> 
     </span>
    </p>
   </div>
   <div class='ocr_carea' id='block_1_61' title="bbox 1574 319 2711 380">
    <p class='ocr_par' dir='ltr' id='par_1_61' title="bbox 1574 319 2711 380">
     <span class='ocr_line' id='line_1_61' title="bbox 1574 319 2711 380; baseline 0.004 -5"><span class='ocrx_word' id='word_1_429' title='bbox 1574 319 1942 376; x_wconf 83' lang='lat' dir='ltr'><strong>FLODOARDI</strong></span> <span class='ocrx_word' id='word_1_430' title='bbox 2019 319 2322 377; x_wconf 84' lang='lat' dir='ltr'><strong>CANONICI</strong></span> <span class='ocrx_word' id='word_1_431' title='bbox 2363 320 2711 380; x_wconf 80' lang='lat' dir='ltr'><strong>REMENSIS.</strong></span> 
     </span>
    </p>
   </div>
   <div class='ocr_carea' id='block_1_62' title="bbox 3692 331 3800 385">
    <p class='ocr_par' dir='ltr' id='par_1_62' title="bbox 3692 331 3800 385">
     <span class='ocr_line' id='line_1_62' title="bbox 3692 331 3800 385; baseline 0 0"><span class='ocrx_word' id='word_1_432' title='bbox 3692 331 3800 385; x_wconf 72' lang='lat'><strong>220</strong></span> 
     </span>
    </p>
   </div>
   <div class='ocr_carea' id='block_1_63' title="bbox 2263 457 3794 532">
    <p class='ocr_par' dir='ltr' id='par_1_63' title="bbox 2263 457 3794 532">
     <span class='ocr_line' id='line_1_63' title="bbox 2263 457 3794 532; baseline 0.005 -22"><span class='ocrx_word' id='word_1_433' title='bbox 2263 477 2287 504; x_wconf 86' lang='lat'><strong>«</strong></span> <span class='ocrx_word' id='word_1_434' title='bbox 2322 457 2414 511; x_wconf 86' lang='lat' dir='ltr'><strong>Vir</strong></span> <span class='ocrx_word' id='word_1_435' title='bbox 2446 457 2677 514; x_wconf 87' lang='lat' dir='ltr'><strong>diversis</strong></span> <span class='ocrx_word' id='word_1_436' title='bbox 2732 457 2964 532; x_wconf 73' lang='lat' dir='ltr'><strong>flagellis</strong></span> <span class='ocrx_word' id='word_1_437' title='bbox 3002 478 3033 514; x_wconf 92' lang='lat' dir='ltr'><strong>a</strong></span> <span class='ocrx_word' id='word_1_438' title='bbox 3087 461 3317 518; x_wconf 90' lang='lat' dir='ltr'><strong>diversis</strong></span> <span class='ocrx_word' id='word_1_439' title='bbox 3360 461 3579 517; x_wconf 88' lang='lat' dir='ltr'><strong>attritus</strong></span> <span class='ocrx_word' id='word_1_440' title='bbox 3621 463 3794 518; x_wconf 90' lang='lat' dir='ltr'><strong>dicit:</strong></span> 
     </span>
    </p>
   </div>
   <div class='ocr_carea' id='block_1_64' title="bbox 2191 543 3795 621">
    <p class='ocr_par' dir='ltr' id='par_1_64' title="bbox 2191 543 3795 621">
     <span class='ocr_line' id='line_1_64' title="bbox 2191 543 3795 621; baseline 0.004 -19"><span class='ocrx_word' id='word_1_441' title='bbox 2191 549 2295 616; x_wconf 79' lang='lat' dir='ltr'><strong>Qui</strong></span> <span class='ocrx_word' id='word_1_442' title='bbox 2331 566 2413 604; x_wconf 84' lang='lat' dir='ltr'><strong>me</strong></span> <span class='ocrx_word' id='word_1_443' title='bbox 2440 550 2721 605; x_wconf 87' lang='lat' dir='ltr'><strong>comedunt</strong></span> <span class='ocrx_word' id='word_1_444' title='bbox 2748 568 2856 606; x_wconf 80' lang='lat' dir='ltr'><strong>non</strong></span> <span class='ocrx_word' id='word_1_445' title='bbox 2885 543 3161 608; x_wconf 61' lang='lat' dir='ltr'><strong>dormiunt</strong></span> <span class='ocrx_word' id='word_1_446' title='bbox 3200 554 3321 621; x_wconf 86' lang='lat' dir='ltr'><strong>(Job</strong></span> <span class='ocrx_word' id='word_1_447' title='bbox 3349 557 3499 621; x_wconf 85' lang='lat' dir='ltr'><strong>xxx),</strong></span> <span class='ocrx_word' id='word_1_448' title='bbox 3531 571 3596 609; x_wconf 90' lang='lat' dir='ltr'><strong>ac</strong></span> <span class='ocrx_word' id='word_1_449' title='bbox 3623 554 3670 608; x_wconf 91' lang='lat' dir='ltr'><strong>si</strong></span> <span class='ocrx_word' id='word_1_450' title='bbox 3709 555 3795 608; x_wconf 90' lang='lat' dir='ltr'><strong>di-</strong></span> 
     </span>
    </p>
   </div>
   <div class='ocr_carea' id='block_1_65' title="bbox 2191 638 3801 718">
    <p class='ocr_par' dir='ltr' id='par_1_65' title="bbox 2191 638 3801 718">
     <span class='ocr_line' id='line_1_65' title="bbox 2191 638 3801 718; baseline 0.004 -27"><span class='ocrx_word' id='word_1_451' title='bbox 2191 645 2358 703; x_wconf 84' lang='lat' dir='ltr'><strong>ceret,</strong></span> <span class='ocrx_word' id='word_1_452' title='bbox 2402 653 2511 693; x_wconf 90' lang='lat' dir='ltr'><strong>non</strong></span> <span class='ocrx_word' id='word_1_453' title='bbox 2543 638 2855 710; x_wconf 90' lang='lat' dir='ltr'><strong>quiescunt.</strong></span> <span class='ocrx_word' id='word_1_454' title='bbox 2885 641 2949 695; x_wconf 88' lang='lat' dir='ltr'><strong>Et</strong></span> <span class='ocrx_word' id='word_1_455' title='bbox 2987 648 3064 708; x_wconf 92' lang='lat' dir='ltr'><strong>tu,</strong></span> <span class='ocrx_word' id='word_1_456' title='bbox 3109 641 3293 706; x_wconf 87' lang='lat' dir='ltr'><strong>frater,</strong></span> <span class='ocrx_word' id='word_1_457' title='bbox 3339 658 3425 697; x_wconf 91' lang='lat' dir='ltr'><strong>me</strong></span> <span class='ocrx_word' id='word_1_458' title='bbox 3456 650 3561 697; x_wconf 90' lang='lat' dir='ltr'><strong>tua</strong></span> <span class='ocrx_word' id='word_1_459' title='bbox 3599 643 3801 718; x_wconf 81' lang='lat' dir='ltr'><strong>lingua</strong></span> 
     </span>
    </p>
   </div>
   <div class='ocr_carea' id='block_1_66' title="bbox 2190 728 3800 806">
    <p class='ocr_par' dir='ltr' id='par_1_66' title="bbox 2190 728 3800 806">
     <span class='ocr_line' id='line_1_66' title="bbox 2190 728 3800 806; baseline 0.004 -24"><span class='ocrx_word' id='word_1_460' title='bbox 2190 728 2420 803; x_wconf 87' lang='lat' dir='ltr'><strong>ﬂagellis</strong></span> <span class='ocrx_word' id='word_1_461' title='bbox 2475 737 2730 798; x_wconf 89' lang='lat' dir='ltr'><strong>atterere,</strong></span> <span class='ocrx_word' id='word_1_462' title='bbox 2764 740 2819 786; x_wconf 91' lang='lat' dir='ltr'><strong>et</strong></span> <span class='ocrx_word' id='word_1_463' title='bbox 2876 735 3165 789; x_wconf 88' lang='lat' dir='ltr'><strong>venenosis</strong></span> <span class='ocrx_word' id='word_1_464' title='bbox 3203 734 3420 806; x_wconf 89' lang='lat' dir='ltr'><strong>scriptis</strong></span> <span class='ocrx_word' id='word_1_465' title='bbox 3462 735 3570 789; x_wconf 91' lang='lat' dir='ltr'><strong>tuis</strong></span> <span class='ocrx_word' id='word_1_466' title='bbox 3594 735 3664 789; x_wconf 88' lang='lat' dir='ltr'><strong>ad</strong></span> <span class='ocrx_word' id='word_1_467' title='bbox 3695 735 3800 788; x_wconf 90' lang='lat' dir='ltr'><strong>ira-</strong></span> 
     </span>
    </p>
   </div>
   <div class='ocr_carea' id='block_1_67' title="bbox 2188 819 3798 894">
    <p class='ocr_par' dir='ltr' id='par_1_67' title="bbox 2188 819 3798 894">
     <span class='ocr_line' id='line_1_67' title="bbox 2188 819 3798 894; baseline 0.002 -20"><span class='ocrx_word' id='word_1_468' title='bbox 2188 819 2444 874; x_wconf 90' lang='lat' dir='ltr'><strong>cundiam</strong></span> <span class='ocrx_word' id='word_1_469' title='bbox 2477 820 2825 891; x_wconf 84' lang='lat' dir='ltr'><strong>provocando</strong></span> <span class='ocrx_word' id='word_1_470' title='bbox 2866 819 3092 876; x_wconf 85' lang='lat' dir='ltr'><strong>inficere</strong></span> <span class='ocrx_word' id='word_1_471' title='bbox 3123 837 3231 877; x_wconf 91' lang='lat' dir='ltr'><strong>non</strong></span> <span class='ocrx_word' id='word_1_472' title='bbox 3272 822 3530 894; x_wconf 89' lang='lat' dir='ltr'><strong>quiescis.</strong></span> <span class='ocrx_word' id='word_1_473' title='bbox 3563 823 3672 877; x_wconf 88' lang='lat' dir='ltr'><strong>Sed</strong></span> <span class='ocrx_word' id='word_1_474' title='bbox 3704 823 3798 894; x_wconf 90' lang='lat' dir='ltr'><strong>qui</strong></span> 
     </span>
    </p>
   </div>
   <div class='ocr_carea' id='block_1_68' title="bbox 2191 910 3799 972">
    <p class='ocr_par' dir='ltr' id='par_1_68' title="bbox 2191 910 3799 972">
     <span class='ocr_line' id='line_1_68' title="bbox 2191 910 3799 972; baseline 0.005 -9"><span class='ocrx_word' id='word_1_475' title='bbox 2191 910 2342 965; x_wconf 91' lang='lat' dir='ltr'><strong>illum</strong></span> <span class='ocrx_word' id='word_1_476' title='bbox 2388 928 2605 968; x_wconf 86' lang='lat' dir='ltr'><strong>servum</strong></span> <span class='ocrx_word' id='word_1_477' title='bbox 2638 929 2796 966; x_wconf 92' lang='lat' dir='ltr'><strong>suum</strong></span> <span class='ocrx_word' id='word_1_478' title='bbox 2851 913 3146 968; x_wconf 75' lang='lat' dir='ltr'><strong>custodivit</strong></span> <span class='ocrx_word' id='word_1_479' title='bbox 3185 931 3216 968; x_wconf 89' lang='lat' dir='ltr'><strong>a</strong></span> <span class='ocrx_word' id='word_1_480' title='bbox 3246 914 3799 972; x_wconf 80' lang='lat' dir='ltr'><strong>murmurationibus.</strong></span> 
     </span>
    </p>
   </div>
   <div class='ocr_carea' id='block_1_69' title="bbox 2190 1001 3803 1078">
    <p class='ocr_par' dir='ltr' id='par_1_69' title="bbox 2190 1001 3803 1078">
     <span class='ocr_line' id='line_1_69' title="bbox 2190 1001 3803 1078; baseline 0.001 -23"><span class='ocrx_word' id='word_1_481' title='bbox 2190 1017 2276 1056; x_wconf 91' lang='lat' dir='ltr'><strong>me</strong></span> <span class='ocrx_word' id='word_1_482' title='bbox 2307 1009 2672 1072; x_wconf 87' lang='lat' dir='ltr'><strong>peccatorem,</strong></span> <span class='ocrx_word' id='word_1_483' title='bbox 2695 1009 2749 1056; x_wconf 93' lang='lat' dir='ltr'><strong>et</strong></span> <span class='ocrx_word' id='word_1_484' title='bbox 2778 1001 3027 1078; x_wconf 82' lang='lat' dir='ltr'><strong>fragilem</strong></span> <span class='ocrx_word' id='word_1_485' title='bbox 3058 1002 3110 1056; x_wconf 92' lang='lat' dir='ltr'><strong>in</strong></span> <span class='ocrx_word' id='word_1_486' title='bbox 3143 1019 3202 1058; x_wconf 88' lang='lat' dir='ltr'><strong>se</strong></span> <span class='ocrx_word' id='word_1_487' title='bbox 3224 1003 3593 1059; x_wconf 83' lang='lat' dir='ltr'><strong>confidentem</strong></span> <span class='ocrx_word' id='word_1_488' title='bbox 3623 1011 3803 1074; x_wconf 90' lang='lat' dir='ltr'><strong>potest</strong></span> 
     </span>
    </p>
   </div>
   <div class='ocr_carea' id='block_1_70' title="bbox 2189 1095 3806 1152">
    <p class='ocr_par' dir='ltr' id='par_1_70' title="bbox 2189 1095 3806 1152">
     <span class='ocr_line' id='line_1_70' title="bbox 2189 1095 3806 1152; baseline 0.001 -4"><span class='ocrx_word' id='word_1_489' title='bbox 2189 1095 2466 1149; x_wconf 90' lang='lat' dir='ltr'><strong>custodire</strong></span> <span class='ocrx_word' id='word_1_490' title='bbox 2498 1110 2529 1148; x_wconf 90' lang='lat' dir='ltr'><strong>a</strong></span> <span class='ocrx_word' id='word_1_491' title='bbox 2552 1111 2781 1150; x_wconf 90' lang='lat' dir='ltr'><strong>rancore</strong></span> <span class='ocrx_word' id='word_1_492' title='bbox 2813 1103 2867 1150; x_wconf 91' lang='lat' dir='ltr'><strong>et</strong></span> <span class='ocrx_word' id='word_1_493' title='bbox 2905 1097 3109 1152; x_wconf 89' lang='lat' dir='ltr'><strong>malitia</strong></span> <span class='ocrx_word' id='word_1_494' title='bbox 3140 1104 3326 1152; x_wconf 88' lang='lat' dir='ltr'><strong>contra</strong></span> <span class='ocrx_word' id='word_1_495' title='bbox 3367 1105 3486 1152; x_wconf 90' lang='lat' dir='ltr'><strong>tuas</strong></span> <span class='ocrx_word' id='word_1_496' title='bbox 3513 1097 3677 1150; x_wconf 87' lang='lat' dir='ltr'><strong>falsas</strong></span> <span class='ocrx_word' id='word_1_497' title='bbox 3699 1096 3806 1151; x_wconf 85' lang='lat' dir='ltr'><strong>cri-</strong></span> 
     </span>
    </p>
   </div>
   <div class='ocr_carea' id='block_1_71' title="bbox 2187 1182 3801 1256">
    <p class='ocr_par' dir='ltr' id='par_1_71' title="bbox 2187 1182 3801 1256">
     <span class='ocr_line' id='line_1_71' title="bbox 2187 1182 3801 1256; baseline 0.001 -19"><span class='ocrx_word' id='word_1_498' title='bbox 2187 1183 2537 1238; x_wconf 90' lang='lat' dir='ltr'><strong>minationes.</strong></span> <span class='ocrx_word' id='word_1_499' title='bbox 2564 1182 2693 1239; x_wconf 90' lang='lat' dir='ltr'><strong>Post</strong></span> <span class='ocrx_word' id='word_1_500' title='bbox 2724 1183 2830 1238; x_wconf 89' lang='lat' dir='ltr'><strong>alia</strong></span> <span class='ocrx_word' id='word_1_501' title='bbox 2860 1185 3025 1239; x_wconf 92' lang='lat' dir='ltr'><strong>multa</strong></span> <span class='ocrx_word' id='word_1_502' title='bbox 3049 1202 3218 1256; x_wconf 90' lang='lat' dir='ltr'><strong>super</strong></span> <span class='ocrx_word' id='word_1_503' title='bbox 3236 1185 3480 1240; x_wconf 92' lang='lat' dir='ltr'><strong>dolorem</strong></span> <span class='ocrx_word' id='word_1_504' title='bbox 3511 1185 3801 1239; x_wconf 83' lang='lat' dir='ltr'><strong>vulnerum</strong></span> 
     </span>
    </p>
   </div>
   <div class='ocr_carea' id='block_1_72' title="bbox 2186 1277 3807 1349">
    <p class='ocr_par' dir='ltr' id='par_1_72' title="bbox 2186 1277 3807 1349">
     <span class='ocr_line' id='line_1_72' title="bbox 2186 1277 3807 1349; baseline 0.001 -20"><span class='ocrx_word' id='word_1_505' title='bbox 2186 1291 2433 1332; x_wconf 89' lang='lat' dir='ltr'><strong>meorum</strong></span> <span class='ocrx_word' id='word_1_506' title='bbox 2456 1279 2667 1333; x_wconf 89' lang='lat' dir='ltr'><strong>addens</strong></span> <span class='ocrx_word' id='word_1_507' title='bbox 2699 1278 2866 1349; x_wconf 85' lang='lat' dir='ltr'><strong>(Psal.</strong></span> <span class='ocrx_word' id='word_1_508' title='bbox 2897 1281 3091 1348; x_wconf 81' lang='lat' dir='ltr'><strong>vam),</strong></span> <span class='ocrx_word' id='word_1_509' title='bbox 3123 1279 3294 1334; x_wconf 91' lang='lat' dir='ltr'><strong>dicis:</strong></span> <span class='ocrx_word' id='word_1_510' title='bbox 3327 1280 3475 1333; x_wconf 85' lang='lat' dir='ltr'><strong>Sicut</strong></span> <span class='ocrx_word' id='word_1_511' title='bbox 3506 1279 3562 1332; x_wconf 92' lang='lat' dir='ltr'><strong>in</strong></span> <span class='ocrx_word' id='word_1_512' title='bbox 3581 1277 3807 1349; x_wconf 86' lang='lat' dir='ltr'><strong>scriptis</strong></span> 
     </span>
    </p>
   </div>
   <div class='ocr_carea' id='block_1_73' title="bbox 2187 1366 3806 1439">
    <p class='ocr_par' dir='ltr' id='par_1_73' title="bbox 2187 1366 3806 1439">
     <span class='ocr_line' id='line_1_73' title="bbox 2187 1366 3806 1439; baseline 0.001 -19"><span class='ocrx_word' id='word_1_513' title='bbox 2187 1366 2292 1420; x_wconf 89' lang='lat' dir='ltr'><strong>tuis</strong></span> <span class='ocrx_word' id='word_1_514' title='bbox 2321 1368 2594 1438; x_wconf 88' lang='lat' dir='ltr'><strong>perversis</strong></span> <span class='ocrx_word' id='word_1_515' title='bbox 2631 1367 2877 1435; x_wconf 86' lang='lat' dir='ltr'><strong>invenio,</strong></span> <span class='ocrx_word' id='word_1_516' title='bbox 2936 1369 3063 1438; x_wconf 89' lang='lat' dir='ltr'><strong>quia</strong></span> <span class='ocrx_word' id='word_1_517' title='bbox 3102 1369 3415 1439; x_wconf 86' lang='lat' dir='ltr'><strong>apostolica</strong></span> <span class='ocrx_word' id='word_1_518' title='bbox 3452 1368 3600 1422; x_wconf 89' lang='lat' dir='ltr'><strong>sedis</strong></span> <span class='ocrx_word' id='word_1_519' title='bbox 3652 1376 3806 1437; x_wconf 89' lang='lat' dir='ltr'><strong>pote-</strong></span> 
     </span>
    </p>
   </div>
   <div class='ocr_carea' id='block_1_74' title="bbox 2184 1455 3802 1530">
    <p class='ocr_par' dir='ltr' id='par_1_74' title="bbox 2184 1455 3802 1530">
     <span class='ocr_line' id='line_1_74' title="bbox 2184 1455 3802 1530; baseline 0.001 -22"><span class='ocrx_word' id='word_1_520' title='bbox 2184 1455 2307 1509; x_wconf 87' lang='lat' dir='ltr'><strong>stati</strong></span> <span class='ocrx_word' id='word_1_521' title='bbox 2338 1455 2565 1530; x_wconf 82' lang='lat' dir='ltr'><strong>derogo.</strong></span> <span class='ocrx_word' id='word_1_522' title='bbox 2605 1456 2759 1510; x_wconf 82' lang='lat' dir='ltr'><strong>Unde</strong></span> <span class='ocrx_word' id='word_1_523' title='bbox 2781 1472 2944 1510; x_wconf 92' lang='lat' dir='ltr'><strong>nemo</strong></span> <span class='ocrx_word' id='word_1_524' title='bbox 2973 1473 3165 1510; x_wconf 86' lang='lat' dir='ltr'><strong>sanum</strong></span> <span class='ocrx_word' id='word_1_525' title='bbox 3192 1455 3524 1528; x_wconf 88' lang='lat' dir='ltr'><strong>sapienstibi</strong></span> <span class='ocrx_word' id='word_1_526' title='bbox 3554 1472 3802 1527; x_wconf 90' lang='lat' dir='ltr'><strong>unquam</strong></span> 
     </span>
    </p>
   </div>
   <div class='ocr_carea' id='block_1_75' title="bbox 2183 1544 3802 1617">
    <p class='ocr_par' dir='ltr' id='par_1_75' title="bbox 2183 1544 3802 1617">
     <span class='ocr_line' id='line_1_75' title="bbox 2183 1544 3802 1617; baseline 0 -18"><span class='ocrx_word' id='word_1_527' title='bbox 2183 1544 2441 1613; x_wconf 89' lang='lat' dir='ltr'><strong>credidit,</strong></span> <span class='ocrx_word' id='word_1_528' title='bbox 2469 1545 2554 1599; x_wconf 88' lang='lat' dir='ltr'><strong>vel</strong></span> <span class='ocrx_word' id='word_1_529' title='bbox 2581 1545 2790 1611; x_wconf 88' lang='lat' dir='ltr'><strong>credet,</strong></span> <span class='ocrx_word' id='word_1_530' title='bbox 2824 1546 3084 1617; x_wconf 90' lang='lat' dir='ltr'><strong>quoniam</strong></span> <span class='ocrx_word' id='word_1_531' title='bbox 3111 1553 3164 1599; x_wconf 87' lang='lat' dir='ltr'><strong>et</strong></span> <span class='ocrx_word' id='word_1_532' title='bbox 3193 1545 3314 1615; x_wconf 89' lang='lat' dir='ltr'><strong>ipsa</strong></span> <span class='ocrx_word' id='word_1_533' title='bbox 3342 1545 3547 1616; x_wconf 89' lang='lat' dir='ltr'><strong>scripta</strong></span> <span class='ocrx_word' id='word_1_534' title='bbox 3576 1562 3699 1616; x_wconf 84' lang='lat' dir='ltr'><strong>qua</strong></span> <span class='ocrx_word' id='word_1_535' title='bbox 3731 1547 3802 1599; x_wconf 90' lang='lat' dir='ltr'><strong>ad</strong></span> 
     </span>
    </p>
   </div>
   <div class='ocr_carea' id='block_1_76' title="bbox 2183 1629 3800 1708">
    <p class='ocr_par' dir='ltr' id='par_1_76' title="bbox 2183 1629 3800 1708">
     <span class='ocr_line' id='line_1_76' title="bbox 2183 1629 3800 1708; baseline 0.002 -19"><span class='ocrx_word' id='word_1_536' title='bbox 2183 1629 2539 1706; x_wconf 84' lang='lat' dir='ltr'><strong>apostolicam</strong></span> <span class='ocrx_word' id='word_1_537' title='bbox 2579 1637 2768 1691; x_wconf 89' lang='lat' dir='ltr'><strong>sedem</strong></span> <span class='ocrx_word' id='word_1_538' title='bbox 2805 1637 3114 1707; x_wconf 87' lang='lat' dir='ltr'><strong>sapissime</strong></span> <span class='ocrx_word' id='word_1_539' title='bbox 3146 1637 3289 1701; x_wconf 91' lang='lat' dir='ltr'><strong>misi,</strong></span> <span class='ocrx_word' id='word_1_540' title='bbox 3333 1645 3386 1691; x_wconf 92' lang='lat' dir='ltr'><strong>et</strong></span> <span class='ocrx_word' id='word_1_541' title='bbox 3415 1636 3505 1691; x_wconf 89' lang='lat' dir='ltr'><strong>illa</strong></span> <span class='ocrx_word' id='word_1_542' title='bbox 3535 1653 3656 1708; x_wconf 84' lang='lat' dir='ltr'><strong>qua</strong></span> <span class='ocrx_word' id='word_1_543' title='bbox 3695 1637 3800 1692; x_wconf 90' lang='lat' dir='ltr'><strong>tibi</strong></span> 
     </span>
    </p>
   </div>
   <div class='ocr_carea' id='block_1_77' title="bbox 2183 1727 3801 1799">
    <p class='ocr_par' dir='ltr' id='par_1_77' title="bbox 2183 1727 3801 1799">
     <span class='ocr_line' id='line_1_77' title="bbox 2183 1727 3801 1799; baseline 0.002 -19"><span class='ocrx_word' id='word_1_544' title='bbox 2183 1727 2470 1783; x_wconf 90' lang='lat' dir='ltr'><strong>resultanti</strong></span> <span class='ocrx_word' id='word_1_545' title='bbox 2515 1744 2661 1799; x_wconf 87' lang='lat' dir='ltr'><strong>sape</strong></span> <span class='ocrx_word' id='word_1_546' title='bbox 2708 1729 3007 1795; x_wconf 89' lang='lat' dir='ltr'><strong>transmisi,</strong></span> <span class='ocrx_word' id='word_1_547' title='bbox 3058 1736 3108 1783; x_wconf 92' lang='lat' dir='ltr'><strong>te</strong></span> <span class='ocrx_word' id='word_1_548' title='bbox 3148 1728 3455 1794; x_wconf 88' lang='lat' dir='ltr'><strong>revincent,</strong></span> <span class='ocrx_word' id='word_1_549' title='bbox 3500 1735 3554 1782; x_wconf 89' lang='lat' dir='ltr'><strong>et</strong></span> <span class='ocrx_word' id='word_1_550' title='bbox 3592 1729 3649 1781; x_wconf 93' lang='lat' dir='ltr'><strong>in</strong></span> <span class='ocrx_word' id='word_1_551' title='bbox 3694 1729 3801 1784; x_wconf 91' lang='lat' dir='ltr'><strong>isto</strong></span> 
     </span>
    </p>
   </div>
   <div class='ocr_carea' id='block_1_78' title="bbox 2183 1814 3798 1885">
    <p class='ocr_par' dir='ltr' id='par_1_78' title="bbox 2183 1814 3798 1885">
     <span class='ocr_line' id='line_1_78' title="bbox 2183 1814 3798 1885; baseline 0.002 -17"><span class='ocrx_word' id='word_1_552' title='bbox 2183 1814 2404 1878; x_wconf 83' lang='lat' dir='ltr'><strong>saculo,</strong></span> <span class='ocrx_word' id='word_1_553' title='bbox 2431 1823 2485 1870; x_wconf 92' lang='lat' dir='ltr'><strong>et</strong></span> <span class='ocrx_word' id='word_1_554' title='bbox 2511 1815 2567 1870; x_wconf 91' lang='lat' dir='ltr'><strong>in</strong></span> <span class='ocrx_word' id='word_1_555' title='bbox 2599 1815 2780 1872; x_wconf 91' lang='lat' dir='ltr'><strong>futuro</strong></span> <span class='ocrx_word' id='word_1_556' title='bbox 2807 1817 3037 1885; x_wconf 89' lang='lat' dir='ltr'><strong>judicio.</strong></span> <span class='ocrx_word' id='word_1_557' title='bbox 3073 1816 3190 1872; x_wconf 85' lang='lat' dir='ltr'><strong>Non</strong></span> <span class='ocrx_word' id='word_1_558' title='bbox 3215 1817 3363 1871; x_wconf 91' lang='lat' dir='ltr'><strong>enim</strong></span> <span class='ocrx_word' id='word_1_559' title='bbox 3385 1816 3454 1870; x_wconf 85' lang='lat' dir='ltr'><strong>de</strong></span> <span class='ocrx_word' id='word_1_560' title='bbox 3485 1831 3571 1870; x_wconf 89' lang='lat' dir='ltr'><strong>me</strong></span> <span class='ocrx_word' id='word_1_561' title='bbox 3602 1833 3798 1872; x_wconf 86' lang='lat' dir='ltr'><strong>verum</strong></span> 
     </span>
    </p>
   </div>
   <div class='ocr_carea' id='block_1_79' title="bbox 2182 1906 3799 1980">
    <p class='ocr_par' dir='ltr' id='par_1_79' title="bbox 2182 1906 3799 1980">
     <span class='ocr_line' id='line_1_79' title="bbox 2182 1906 3799 1980; baseline 0.002 -20"><span class='ocrx_word' id='word_1_562' title='bbox 2182 1922 2303 1961; x_wconf 89' lang='lat' dir='ltr'><strong>esse</strong></span> <span class='ocrx_word' id='word_1_563' title='bbox 2321 1906 2530 1962; x_wconf 87' lang='lat' dir='ltr'><strong>valebis</strong></span> <span class='ocrx_word' id='word_1_564' title='bbox 2554 1923 2819 1980; x_wconf 90' lang='lat' dir='ltr'><strong>unquam,</strong></span> <span class='ocrx_word' id='word_1_565' title='bbox 2843 1909 2927 1963; x_wconf 90' lang='lat' dir='ltr'><strong>vel</strong></span> <span class='ocrx_word' id='word_1_566' title='bbox 2949 1925 3179 1980; x_wconf 90' lang='lat' dir='ltr'><strong>usquam</strong></span> <span class='ocrx_word' id='word_1_567' title='bbox 3199 1908 3431 1978; x_wconf 91' lang='lat' dir='ltr'><strong>probare</strong></span> <span class='ocrx_word' id='word_1_568' title='bbox 3453 1908 3603 1979; x_wconf 90' lang='lat' dir='ltr'><strong>quod</strong></span> <span class='ocrx_word' id='word_1_569' title='bbox 3627 1909 3799 1964; x_wconf 87' lang='lat' dir='ltr'><strong>dicis:</strong></span> 
     </span>
    </p>
   </div>
   <div class='ocr_carea' id='block_1_80' title="bbox 2182 1998 3801 2072">
    <p class='ocr_par' dir='ltr' id='par_1_80' title="bbox 2182 1998 3801 2072">
     <span class='ocr_line' id='line_1_80' title="bbox 2182 1998 3801 2072; baseline 0.002 -20"><span class='ocrx_word' id='word_1_570' title='bbox 2182 1998 2260 2052; x_wconf 86' lang='lat' dir='ltr'><strong>Ab</strong></span> <span class='ocrx_word' id='word_1_571' title='bbox 2292 1999 2401 2066; x_wconf 89' lang='lat' dir='ltr'><strong>his,</strong></span> <span class='ocrx_word' id='word_1_572' title='bbox 2445 1999 2723 2070; x_wconf 88' lang='lat' dir='ltr'><strong>inquiens.</strong></span> <span class='ocrx_word' id='word_1_573' title='bbox 2753 2017 2783 2055; x_wconf 90' lang='lat' dir='ltr'><strong>a</strong></span> <span class='ocrx_word' id='word_1_574' title='bbox 2809 2000 3012 2071; x_wconf 87' lang='lat' dir='ltr'><strong>quibus</strong></span> <span class='ocrx_word' id='word_1_575' title='bbox 3041 2016 3140 2071; x_wconf 89' lang='lat' dir='ltr'><strong>pro</strong></span> <span class='ocrx_word' id='word_1_576' title='bbox 3160 2001 3474 2071; x_wconf 82' lang='lat' dir='ltr'><strong>apostolica</strong></span> <span class='ocrx_word' id='word_1_577' title='bbox 3501 2001 3652 2056; x_wconf 89' lang='lat' dir='ltr'><strong>sedis</strong></span> <span class='ocrx_word' id='word_1_578' title='bbox 3685 2002 3801 2072; x_wconf 91' lang='lat' dir='ltr'><strong>pri-</strong></span> 
     </span>
    </p>
   </div>
   <div class='ocr_carea' id='block_1_81' title="bbox 2179 2091 3804 2166">
    <p class='ocr_par' dir='ltr' id='par_1_81' title="bbox 2179 2091 3804 2166">
     <span class='ocr_line' id='line_1_81' title="bbox 2179 2091 3804 2166; baseline 0.002 -22"><span class='ocrx_word' id='word_1_579' title='bbox 2179 2091 2417 2166; x_wconf 88' lang='lat' dir='ltr'><strong>vilegiis,</strong></span> <span class='ocrx_word' id='word_1_580' title='bbox 2449 2108 2571 2163; x_wconf 86' lang='lat' dir='ltr'><strong>qua</strong></span> <span class='ocrx_word' id='word_1_581' title='bbox 2603 2091 2797 2146; x_wconf 90' lang='lat' dir='ltr'><strong>Christi</strong></span> <span class='ocrx_word' id='word_1_582' title='bbox 2827 2100 2956 2148; x_wconf 91' lang='lat' dir='ltr'><strong>sunt</strong></span> <span class='ocrx_word' id='word_1_583' title='bbox 2992 2109 3169 2164; x_wconf 89' lang='lat' dir='ltr'><strong>usque</strong></span> <span class='ocrx_word' id='word_1_584' title='bbox 3209 2093 3275 2147; x_wconf 89' lang='lat' dir='ltr'><strong>ad</strong></span> <span class='ocrx_word' id='word_1_585' title='bbox 3306 2101 3536 2148; x_wconf 90' lang='lat' dir='ltr'><strong>mortem</strong></span> <span class='ocrx_word' id='word_1_586' title='bbox 3572 2093 3655 2148; x_wconf 90' lang='lat' dir='ltr'><strong>fas</strong></span> <span class='ocrx_word' id='word_1_587' title='bbox 3683 2103 3804 2148; x_wconf 90' lang='lat' dir='ltr'><strong>erat</strong></span> 
     </span>
    </p>
   </div>
   <div class='ocr_carea' id='block_1_82' title="bbox 2179 2183 3797 2257">
    <p class='ocr_par' dir='ltr' id='par_1_82' title="bbox 2179 2183 3797 2257">
     <span class='ocr_line' id='line_1_82' title="bbox 2179 2183 3797 2257; baseline 0.002 -20"><span class='ocrx_word' id='word_1_588' title='bbox 2179 2183 2470 2251; x_wconf 90' lang='lat' dir='ltr'><strong>decertari,</strong></span> <span class='ocrx_word' id='word_1_589' title='bbox 2505 2184 2833 2255; x_wconf 86' lang='lat' dir='ltr'><strong>pradicatur</strong></span> <span class='ocrx_word' id='word_1_590' title='bbox 2861 2191 2914 2238; x_wconf 92' lang='lat' dir='ltr'><strong>et</strong></span> <span class='ocrx_word' id='word_1_591' title='bbox 2953 2184 3198 2252; x_wconf 88' lang='lat' dir='ltr'><strong>docetur,</strong></span> <span class='ocrx_word' id='word_1_592' title='bbox 3243 2186 3297 2239; x_wconf 92' lang='lat' dir='ltr'><strong>in</strong></span> <span class='ocrx_word' id='word_1_593' title='bbox 3328 2186 3414 2240; x_wconf 91' lang='lat' dir='ltr'><strong>his</strong></span> <span class='ocrx_word' id='word_1_594' title='bbox 3446 2202 3566 2257; x_wconf 85' lang='lat' dir='ltr'><strong>qua</strong></span> <span class='ocrx_word' id='word_1_595' title='bbox 3598 2186 3797 2240; x_wconf 87' lang='lat' dir='ltr'><strong>eadem</strong></span> 
     </span>
    </p>
   </div>
   <div class='ocr_carea' id='block_1_83' title="bbox 2177 2277 3797 2348">
    <p class='ocr_par' dir='ltr' id='par_1_83' title="bbox 2177 2277 3797 2348">
     <span class='ocr_line' id='line_1_83' title="bbox 2177 2277 3797 2348; baseline 0.001 -17"><span class='ocrx_word' id='word_1_596' title='bbox 2177 2279 2340 2333; x_wconf 91' lang='lat' dir='ltr'><strong>sedes</strong></span> <span class='ocrx_word' id='word_1_597' title='bbox 2366 2279 2576 2342; x_wconf 85' lang='lat' dir='ltr'><strong>statuit,</strong></span> <span class='ocrx_word' id='word_1_598' title='bbox 2607 2278 2756 2333; x_wconf 84' lang='lat' dir='ltr'><strong>velut</strong></span> <span class='ocrx_word' id='word_1_599' title='bbox 2777 2277 3149 2347; x_wconf 87' lang='lat' dir='ltr'><strong>respuendum</strong></span> <span class='ocrx_word' id='word_1_600' title='bbox 3169 2277 3410 2347; x_wconf 88' lang='lat' dir='ltr'><strong>probari.</strong></span> <span class='ocrx_word' id='word_1_601' title='bbox 3439 2277 3544 2331; x_wconf 88' lang='lat' dir='ltr'><strong>Sed</strong></span> <span class='ocrx_word' id='word_1_602' title='bbox 3568 2285 3626 2330; x_wconf 91' lang='lat' dir='ltr'><strong>tu</strong></span> <span class='ocrx_word' id='word_1_603' title='bbox 3660 2293 3797 2348; x_wconf 80' lang='lat' dir='ltr'><strong>pro-</strong></span> 
     </span>
    </p>
   </div>
   <div class='ocr_carea' id='block_1_84' title="bbox 2177 2370 3798 2442">
    <p class='ocr_par' dir='ltr' id='par_1_84' title="bbox 2177 2370 3798 2442">
     <span class='ocr_line' id='line_1_84' title="bbox 2177 2370 3798 2442; baseline 0 -18"><span class='ocrx_word' id='word_1_604' title='bbox 2177 2371 2324 2425; x_wconf 89' lang='lat' dir='ltr'><strong>baris</strong></span> <span class='ocrx_word' id='word_1_605' title='bbox 2352 2371 2472 2438; x_wconf 86' lang='lat' dir='ltr'><strong>ejus</strong></span> <span class='ocrx_word' id='word_1_606' title='bbox 2495 2370 2784 2442; x_wconf 85' lang='lat' dir='ltr'><strong>privilegio</strong></span> <span class='ocrx_word' id='word_1_607' title='bbox 2815 2371 3100 2437; x_wconf 89' lang='lat' dir='ltr'><strong>resultare,</strong></span> <span class='ocrx_word' id='word_1_608' title='bbox 3134 2371 3227 2442; x_wconf 84' lang='lat' dir='ltr'><strong>qui</strong></span> <span class='ocrx_word' id='word_1_609' title='bbox 3265 2370 3568 2425; x_wconf 90' lang='lat' dir='ltr'><strong>secundum</strong></span> <span class='ocrx_word' id='word_1_610' title='bbox 3603 2385 3798 2424; x_wconf 88' lang='lat' dir='ltr'><strong>sacros</strong></span> 
     </span>
    </p>
   </div>
   <div class='ocr_carea' id='block_1_85' title="bbox 2176 2462 3796 2534">
    <p class='ocr_par' dir='ltr' id='par_1_85' title="bbox 2176 2462 3796 2534">
     <span class='ocr_line' id='line_1_85' title="bbox 2176 2462 3796 2534; baseline -0.001 -16"><span class='ocrx_word' id='word_1_611' title='bbox 2176 2471 2486 2520; x_wconf 80' lang='lat' dir='ltr'><strong>sanctorum</strong></span> <span class='ocrx_word' id='word_1_612' title='bbox 2533 2463 2888 2519; x_wconf 92' lang='lat' dir='ltr'><strong>conciliorum</strong></span> <span class='ocrx_word' id='word_1_613' title='bbox 2929 2479 3170 2519; x_wconf 89' lang='lat' dir='ltr'><strong>canones</strong></span> <span class='ocrx_word' id='word_1_614' title='bbox 3228 2477 3396 2534; x_wconf 85' lang='lat' dir='ltr'><strong>supra</strong></span> <span class='ocrx_word' id='word_1_615' title='bbox 3432 2463 3665 2534; x_wconf 90' lang='lat' dir='ltr'><strong>positos,</strong></span> <span class='ocrx_word' id='word_1_616' title='bbox 3723 2462 3796 2517; x_wconf 86' lang='lat' dir='ltr'><strong>ab</strong></span> 
     </span>
    </p>
   </div>
   <div class='ocr_carea' id='block_1_86' title="bbox 2177 2550 3801 2623">
    <p class='ocr_par' dir='ltr' id='par_1_86' title="bbox 2177 2550 3801 2623">
     <span class='ocr_line' id='line_1_86' title="bbox 2177 2550 3801 2623; baseline -0.001 -18"><span class='ocrx_word' id='word_1_617' title='bbox 2177 2552 2296 2623; x_wconf 90' lang='lat' dir='ltr'><strong>ipsa</strong></span> <span class='ocrx_word' id='word_1_618' title='bbox 2331 2552 2508 2622; x_wconf 88' lang='lat' dir='ltr'><strong>prima</strong></span> <span class='ocrx_word' id='word_1_619' title='bbox 2537 2551 2666 2606; x_wconf 87' lang='lat' dir='ltr'><strong>sedc</strong></span> <span class='ocrx_word' id='word_1_620' title='bbox 2708 2559 2870 2622; x_wconf 90' lang='lat' dir='ltr'><strong>atque</strong></span> <span class='ocrx_word' id='word_1_621' title='bbox 2923 2551 2992 2606; x_wconf 89' lang='lat' dir='ltr'><strong>ab</strong></span> <span class='ocrx_word' id='word_1_622' title='bbox 3023 2551 3174 2607; x_wconf 91' lang='lat' dir='ltr'><strong>omni</strong></span> <span class='ocrx_word' id='word_1_623' title='bbox 3223 2550 3467 2606; x_wconf 88' lang='lat' dir='ltr'><strong>Ecclesia</strong></span> <span class='ocrx_word' id='word_1_624' title='bbox 3519 2551 3801 2605; x_wconf 84' lang='lat' dir='ltr'><strong>catholica</strong></span> 
     </span>
    </p>
   </div>
   <div class='ocr_carea' id='block_1_87' title="bbox 2175 2635 3797 2712">
    <p class='ocr_par' dir='ltr' id='par_1_87' title="bbox 2175 2635 3797 2712">
     <span class='ocr_line' id='line_1_87' title="bbox 2175 2635 3797 2712; baseline -0.002 -16"><span class='ocrx_word' id='word_1_625' title='bbox 2175 2635 2578 2712; x_wconf 84' lang='lat' dir='ltr'><strong>comprobatos,</strong></span> <span class='ocrx_word' id='word_1_626' title='bbox 2611 2647 2669 2694; x_wconf 91' lang='lat' dir='ltr'><strong>ut</strong></span> <span class='ocrx_word' id='word_1_627' title='bbox 2699 2651 2885 2695; x_wconf 87' lang='lat' dir='ltr'><strong>revera</strong></span> <span class='ocrx_word' id='word_1_628' title='bbox 2924 2640 3134 2711; x_wconf 89' lang='lat' dir='ltr'><strong>Spiritu</strong></span> <span class='ocrx_word' id='word_1_629' title='bbox 3182 2641 3278 2695; x_wconf 91' lang='lat' dir='ltr'><strong>Dei</strong></span> <span class='ocrx_word' id='word_1_630' title='bbox 3308 2637 3584 2705; x_wconf 83' lang='lat' dir='ltr'><strong>conditos,</strong></span> <span class='ocrx_word' id='word_1_631' title='bbox 3617 2647 3677 2692; x_wconf 90' lang='lat' dir='ltr'><strong>et</strong></span> <span class='ocrx_word' id='word_1_632' title='bbox 3710 2646 3797 2694; x_wconf 58' lang='lat' dir='ltr'><strong>to-</strong></span> 
     </span>
    </p>
   </div>
   <div class='ocr_carea' id='block_1_88' title="bbox 2174 2731 3798 2800">
    <p class='ocr_par' dir='ltr' id='par_1_88' title="bbox 2174 2731 3798 2800">
     <span class='ocr_line' id='line_1_88' title="bbox 2174 2731 3798 2800; baseline -0.001 -13"><span class='ocrx_word' id='word_1_633' title='bbox 2174 2733 2281 2788; x_wconf 93' lang='lat' dir='ltr'><strong>tius</strong></span> <span class='ocrx_word' id='word_1_634' title='bbox 2307 2733 2500 2787; x_wconf 92' lang='lat' dir='ltr'><strong>mundi</strong></span> <span class='ocrx_word' id='word_1_635' title='bbox 2547 2732 2852 2787; x_wconf 88' lang='lat' dir='ltr'><strong>reverentia</strong></span> <span class='ocrx_word' id='word_1_636' title='bbox 2883 2739 3250 2797; x_wconf 91' lang='lat' dir='ltr'><strong>consecratos,</strong></span> <span class='ocrx_word' id='word_1_637' title='bbox 3289 2739 3344 2787; x_wconf 86' lang='lat' dir='ltr'><strong>et</strong></span> <span class='ocrx_word' id='word_1_638' title='bbox 3362 2731 3516 2800; x_wconf 88' lang='lat' dir='ltr'><strong>juxta</strong></span> <span class='ocrx_word' id='word_1_639' title='bbox 3565 2731 3798 2785; x_wconf 88' lang='lat' dir='ltr'><strong>decreta</strong></span> 
     </span>
    </p>
   </div>
   <div class='ocr_carea' id='block_1_89' title="bbox 2177 2824 3798 2899">
    <p class='ocr_par' dir='ltr' id='par_1_89' title="bbox 2177 2824 3798 2899">
     <span class='ocr_line' id='line_1_89' title="bbox 2177 2824 3798 2899; baseline 0 -19"><span class='ocrx_word' id='word_1_640' title='bbox 2177 2827 2350 2899; x_wconf 91' lang='lat' dir='ltr'><strong>ipsius</strong></span> <span class='ocrx_word' id='word_1_641' title='bbox 2367 2834 2568 2882; x_wconf 83' lang='lat' dir='ltr'><strong>sancta</strong></span> <span class='ocrx_word' id='word_1_642' title='bbox 2599 2825 2766 2890; x_wconf 89' lang='lat' dir='ltr'><strong>sedis,</strong></span> <span class='ocrx_word' id='word_1_643' title='bbox 2799 2842 2861 2880; x_wconf 89' lang='lat' dir='ltr'><strong>ex</strong></span> <span class='ocrx_word' id='word_1_644' title='bbox 2884 2826 3096 2880; x_wconf 89' lang='lat' dir='ltr'><strong>eisdem</strong></span> <span class='ocrx_word' id='word_1_645' title='bbox 3124 2825 3297 2880; x_wconf 90' lang='lat' dir='ltr'><strong>sacris</strong></span> <span class='ocrx_word' id='word_1_646' title='bbox 3319 2824 3630 2880; x_wconf 88' lang='lat' dir='ltr'><strong>canonibus</strong></span> <span class='ocrx_word' id='word_1_647' title='bbox 3661 2840 3798 2895; x_wconf 89' lang='lat' dir='ltr'><strong>pro-</strong></span> 
     </span>
    </p>
   </div>
   <div class='ocr_carea' id='block_1_90' title="bbox 2174 2915 3797 2993">
    <p class='ocr_par' dir='ltr' id='par_1_90' title="bbox 2174 2915 3797 2993">
     <span class='ocr_line' id='line_1_90' title="bbox 2174 2915 3797 2993; baseline 0 -23"><span class='ocrx_word' id='word_1_648' title='bbox 2174 2918 2438 2993; x_wconf 86' lang='lat' dir='ltr'><strong>mulgata,</strong></span> <span class='ocrx_word' id='word_1_649' title='bbox 2467 2918 2892 2990; x_wconf 85' lang='lat' dir='ltr'><strong>metropolitano</strong></span> <span class='ocrx_word' id='word_1_650' title='bbox 2918 2916 3233 2990; x_wconf 89' lang='lat' dir='ltr'><strong>privilegio,</strong></span> <span class='ocrx_word' id='word_1_651' title='bbox 3254 2915 3426 2970; x_wconf 89' lang='lat' dir='ltr'><strong>semel</strong></span> <span class='ocrx_word' id='word_1_652' title='bbox 3455 2925 3508 2969; x_wconf 91' lang='lat' dir='ltr'><strong>et</strong></span> <span class='ocrx_word' id='word_1_653' title='bbox 3536 2915 3797 2970; x_wconf 88' lang='lat' dir='ltr'><strong>secundo</strong></span> 
     </span>
    </p>
   </div>
   <div class='ocr_carea' id='block_1_91' title="bbox 2174 3004 3796 3072">
    <p class='ocr_par' dir='ltr' id='par_1_91' title="bbox 2174 3004 3796 3072">
     <span class='ocr_line' id='line_1_91' title="bbox 2174 3004 3796 3072; baseline -0.001 -11"><span class='ocrx_word' id='word_1_654' title='bbox 2174 3023 2239 3061; x_wconf 87' lang='lat' dir='ltr'><strong>ac</strong></span> <span class='ocrx_word' id='word_1_655' title='bbox 2266 3007 2428 3062; x_wconf 89' lang='lat' dir='ltr'><strong>tertio</strong></span> <span class='ocrx_word' id='word_1_656' title='bbox 2456 3007 2846 3072; x_wconf 90' lang='lat' dir='ltr'><strong>commonitus,</strong></span> <span class='ocrx_word' id='word_1_657' title='bbox 2883 3005 3116 3061; x_wconf 91' lang='lat' dir='ltr'><strong>obedire</strong></span> <span class='ocrx_word' id='word_1_658' title='bbox 3149 3005 3486 3070; x_wconf 89' lang='lat' dir='ltr'><strong>detrectasti,</strong></span> <span class='ocrx_word' id='word_1_659' title='bbox 3540 3013 3598 3058; x_wconf 92' lang='lat' dir='ltr'><strong>ut</strong></span> <span class='ocrx_word' id='word_1_660' title='bbox 3629 3004 3796 3059; x_wconf 89' lang='lat' dir='ltr'><strong>colli-</strong></span> 
     </span>
    </p>
   </div>
   <div class='ocr_carea' id='block_1_92' title="bbox 2169 3094 3799 3169">
    <p class='ocr_par' dir='ltr' id='par_1_92' title="bbox 2169 3094 3799 3169">
     <span class='ocr_line' id='line_1_92' title="bbox 2169 3094 3799 3169; baseline -0.001 -21"><span class='ocrx_word' id='word_1_661' title='bbox 2169 3095 2418 3169; x_wconf 88' lang='lat' dir='ltr'><strong>gationes</strong></span> <span class='ocrx_word' id='word_1_662' title='bbox 2448 3094 2746 3165; x_wconf 89' lang='lat' dir='ltr'><strong>impietatis</strong></span> <span class='ocrx_word' id='word_1_663' title='bbox 2776 3096 2881 3161; x_wconf 87' lang='lat' dir='ltr'><strong>(Isa</strong></span> <span class='ocrx_word' id='word_1_664' title='bbox 2944 3095 3118 3164; x_wconf 83' lang='lat' dir='ltr'><strong>Lvm),</strong></span> <span class='ocrx_word' id='word_1_665' title='bbox 3160 3110 3296 3164; x_wconf 90' lang='lat' dir='ltr'><strong>quas</strong></span> <span class='ocrx_word' id='word_1_666' title='bbox 3334 3099 3523 3148; x_wconf 88' lang='lat' dir='ltr'><strong>contra</strong></span> <span class='ocrx_word' id='word_1_667' title='bbox 3551 3108 3799 3166; x_wconf 84' lang='lat' dir='ltr'><strong>evange-</strong></span> 
     </span>
    </p>
   </div>
   <div class='ocr_carea' id='block_1_93' title="bbox 2170 3184 3796 3257">
    <p class='ocr_par' dir='ltr' id='par_1_93' title="bbox 2170 3184 3796 3257">
     <span class='ocr_line' id='line_1_93' title="bbox 2170 3184 3796 3257; baseline -0.001 -17"><span class='ocrx_word' id='word_1_668' title='bbox 2170 3186 2330 3241; x_wconf 88' lang='lat' dir='ltr'><strong>licam</strong></span> <span class='ocrx_word' id='word_1_669' title='bbox 2360 3186 2670 3253; x_wconf 86' lang='lat' dir='ltr'><strong>veritatem,</strong></span> <span class='ocrx_word' id='word_1_670' title='bbox 2711 3193 2765 3240; x_wconf 91' lang='lat' dir='ltr'><strong>et</strong></span> <span class='ocrx_word' id='word_1_671' title='bbox 2804 3185 3164 3257; x_wconf 88' lang='lat' dir='ltr'><strong>apostolicam</strong></span> <span class='ocrx_word' id='word_1_672' title='bbox 3195 3193 3362 3256; x_wconf 88' lang='lat' dir='ltr'><strong>atque</strong></span> <span class='ocrx_word' id='word_1_673' title='bbox 3404 3184 3796 3254; x_wconf 86' lang='lat' dir='ltr'><strong>propheticam</strong></span> 
     </span>
    </p>
   </div>
   <div class='ocr_carea' id='block_1_94' title="bbox 2170 3277 3803 3349">
    <p class='ocr_par' dir='ltr' id='par_1_94' title="bbox 2170 3277 3803 3349">
     <span class='ocr_line' id='line_1_94' title="bbox 2170 3277 3803 3349; baseline -0.001 -17"><span class='ocrx_word' id='word_1_674' title='bbox 2170 3278 2570 3341; x_wconf 85' lang='lat' dir='ltr'><strong>auctoritatem,</strong></span> <span class='ocrx_word' id='word_1_675' title='bbox 2599 3285 2898 3349; x_wconf 89' lang='lat' dir='ltr'><strong>contraque</strong></span> <span class='ocrx_word' id='word_1_676' title='bbox 2928 3285 3244 3333; x_wconf 89' lang='lat' dir='ltr'><strong>sanctorum</strong></span> <span class='ocrx_word' id='word_1_677' title='bbox 3276 3292 3573 3340; x_wconf 90' lang='lat' dir='ltr'><strong>canonum,</strong></span> <span class='ocrx_word' id='word_1_678' title='bbox 3604 3283 3663 3330; x_wconf 90' lang='lat' dir='ltr'><strong>et</strong></span> <span class='ocrx_word' id='word_1_679' title='bbox 3694 3277 3803 3330; x_wconf 87' lang='lat' dir='ltr'><strong>de-</strong></span> 
     </span>
    </p>
   </div>
   <div class='ocr_carea' id='block_1_95' title="bbox 2170 3368 3800 3440">
    <p class='ocr_par' dir='ltr' id='par_1_95' title="bbox 2170 3368 3800 3440">
     <span class='ocr_line' id='line_1_95' title="bbox 2170 3368 3800 3440; baseline -0.001 -16"><span class='ocrx_word' id='word_1_680' title='bbox 2170 3376 2317 3424; x_wconf 87' lang='lat' dir='ltr'><strong>creta</strong></span> <span class='ocrx_word' id='word_1_681' title='bbox 2350 3370 2525 3440; x_wconf 90' lang='lat' dir='ltr'><strong>ipsius</strong></span> <span class='ocrx_word' id='word_1_682' title='bbox 2563 3370 2892 3425; x_wconf 85' lang='lat' dir='ltr'><strong>veneranda</strong></span> <span class='ocrx_word' id='word_1_683' title='bbox 2925 3369 3076 3424; x_wconf 89' lang='lat' dir='ltr'><strong>sedis</strong></span> <span class='ocrx_word' id='word_1_684' title='bbox 3114 3368 3490 3437; x_wconf 88' lang='lat' dir='ltr'><strong>exitiabiliter,</strong></span> <span class='ocrx_word' id='word_1_685' title='bbox 3520 3368 3576 3421; x_wconf 90' lang='lat' dir='ltr'><strong>in</strong></span> <span class='ocrx_word' id='word_1_686' title='bbox 3610 3377 3800 3435; x_wconf 86' lang='lat' dir='ltr'><strong>tuum,</strong></span> 
     </span>
    </p>
   </div>
   <div class='ocr_carea' id='block_1_96' title="bbox 2171 3458 3806 3531">
    <p class='ocr_par' dir='ltr' id='par_1_96' title="bbox 2171 3458 3806 3531">
     <span class='ocr_line' id='line_1_96' title="bbox 2171 3458 3806 3531; baseline -0.001 -19"><span class='ocrx_word' id='word_1_687' title='bbox 2171 3467 2226 3513; x_wconf 90' lang='lat' dir='ltr'><strong>et</strong></span> <span class='ocrx_word' id='word_1_688' title='bbox 2256 3458 2555 3514; x_wconf 91' lang='lat' dir='ltr'><strong>multorum</strong></span> <span class='ocrx_word' id='word_1_689' title='bbox 2589 3459 2896 3530; x_wconf 91' lang='lat' dir='ltr'><strong>periculum</strong></span> <span class='ocrx_word' id='word_1_690' title='bbox 2927 3458 3219 3531; x_wconf 76' lang='lat' dir='ltr'><strong>colligasti,</strong></span> <span class='ocrx_word' id='word_1_691' title='bbox 3252 3458 3607 3512; x_wconf 88' lang='lat' dir='ltr'><strong>dissolveres.</strong></span> <span class='ocrx_word' id='word_1_692' title='bbox 3632 3458 3806 3511; x_wconf 84' lang='lat' dir='ltr'><strong>Insu-</strong></span> 
     </span>
    </p>
   </div>
   <div class='ocr_carea' id='block_1_97' title="bbox 2170 3548 3804 3622">
    <p class='ocr_par' dir='ltr' id='par_1_97' title="bbox 2170 3548 3804 3622">
     <span class='ocr_line' id='line_1_97' title="bbox 2170 3548 3804 3622; baseline -0.001 -19"><span class='ocrx_word' id='word_1_693' title='bbox 2170 3564 2269 3620; x_wconf 89' lang='lat' dir='ltr'><strong>per</strong></span> <span class='ocrx_word' id='word_1_694' title='bbox 2298 3555 2489 3604; x_wconf 89' lang='lat' dir='ltr'><strong>contra</strong></span> <span class='ocrx_word' id='word_1_695' title='bbox 2536 3564 2720 3604; x_wconf 88' lang='lat' dir='ltr'><strong>sacras</strong></span> <span class='ocrx_word' id='word_1_696' title='bbox 2758 3549 2977 3622; x_wconf 83' lang='lat' dir='ltr'><strong>regulas</strong></span> <span class='ocrx_word' id='word_1_697' title='bbox 3014 3549 3276 3603; x_wconf 85' lang='lat' dir='ltr'><strong>adversus</strong></span> <span class='ocrx_word' id='word_1_698' title='bbox 3306 3548 3804 3619; x_wconf 87' lang='lat' dir='ltr'><strong>metropolitanum</strong></span> 
     </span>
    </p>
   </div>
   <div class='ocr_carea' id='block_1_98' title="bbox 2170 3637 3804 3710">
    <p class='ocr_par' dir='ltr' id='par_1_98' title="bbox 2170 3637 3804 3710">
     <span class='ocr_line' id='line_1_98' title="bbox 2170 3637 3804 3710; baseline 0.001 -18"><span class='ocrx_word' id='word_1_699' title='bbox 2170 3638 2516 3710; x_wconf 82' lang='lat' dir='ltr'><strong>privilegium</strong></span> <span class='ocrx_word' id='word_1_700' title='bbox 2553 3637 2744 3693; x_wconf 91' lang='lat' dir='ltr'><strong>libello</strong></span> <span class='ocrx_word' id='word_1_701' title='bbox 2776 3639 3088 3708; x_wconf 89' lang='lat' dir='ltr'><strong>perniciose</strong></span> <span class='ocrx_word' id='word_1_702' title='bbox 3119 3637 3520 3708; x_wconf 84' lang='lat' dir='ltr'><strong>subscripsisti,</strong></span> <span class='ocrx_word' id='word_1_703' title='bbox 3564 3649 3619 3693; x_wconf 88' lang='lat' dir='ltr'><strong>et</strong></span> <span class='ocrx_word' id='word_1_704' title='bbox 3647 3640 3804 3694; x_wconf 88' lang='lat' dir='ltr'><strong>sub-</strong></span> 
     </span>
    </p>
   </div>
   <div class='ocr_carea' id='block_1_99' title="bbox 2167 3730 3805 3804">
    <p class='ocr_par' dir='ltr' id='par_1_99' title="bbox 2167 3730 3805 3804">
     <span class='ocr_line' id='line_1_99' title="bbox 2167 3730 3805 3804; baseline 0.001 -18"><span class='ocrx_word' id='word_1_705' title='bbox 2167 3731 2335 3787; x_wconf 89' lang='lat' dir='ltr'><strong>scribi</strong></span> <span class='ocrx_word' id='word_1_706' title='bbox 2358 3731 2553 3786; x_wconf 89' lang='lat' dir='ltr'><strong>fecisti.</strong></span> <span class='ocrx_word' id='word_1_707' title='bbox 2578 3731 2732 3787; x_wconf 89' lang='lat' dir='ltr'><strong>Unde</strong></span> <span class='ocrx_word' id='word_1_708' title='bbox 2759 3732 2815 3785; x_wconf 92' lang='lat' dir='ltr'><strong>in</strong></span> <span class='ocrx_word' id='word_1_709' title='bbox 2839 3731 3051 3802; x_wconf 86' lang='lat' dir='ltr'><strong>synodo</strong></span> <span class='ocrx_word' id='word_1_710' title='bbox 3074 3739 3376 3787; x_wconf 90' lang='lat' dir='ltr'><strong>conventus</strong></span> <span class='ocrx_word' id='word_1_711' title='bbox 3403 3730 3470 3785; x_wconf 91' lang='lat' dir='ltr'><strong>ab</strong></span> <span class='ocrx_word' id='word_1_712' title='bbox 3504 3731 3805 3804; x_wconf 87' lang='lat' dir='ltr'><strong>episcopis</strong></span> 
     </span>
    </p>
   </div>
   <div class='ocr_carea' id='block_1_100' title="bbox 2167 3824 3808 3897">
    <p class='ocr_par' dir='ltr' id='par_1_100' title="bbox 2167 3824 3808 3897">
     <span class='ocr_line' id='line_1_100' title="bbox 2167 3824 3808 3897; baseline 0.001 -18"><span class='ocrx_word' id='word_1_713' title='bbox 2167 3825 2359 3881; x_wconf 90' lang='lat' dir='ltr'><strong>decem</strong></span> <span class='ocrx_word' id='word_1_714' title='bbox 2387 3826 2798 3897; x_wconf 90' lang='lat' dir='ltr'><strong>provinciarum</strong></span> <span class='ocrx_word' id='word_1_715' title='bbox 2821 3825 2960 3894; x_wconf 78' lang='lat' dir='ltr'><strong>(syn.</strong></span> <span class='ocrx_word' id='word_1_716' title='bbox 2986 3825 3356 3895; x_wconf 77' lang='lat' dir='ltr'><strong>Duziacensis)</strong></span> <span class='ocrx_word' id='word_1_717' title='bbox 3385 3824 3637 3878; x_wconf 90' lang='lat' dir='ltr'><strong>libellum</strong></span> <span class='ocrx_word' id='word_1_718' title='bbox 3662 3841 3808 3895; x_wconf 89' lang='lat' dir='ltr'><strong>pro-</strong></span> 
     </span>
    </p>
   </div>
   <div class='ocr_carea' id='block_1_101' title="bbox 2167 3914 3800 3985">
    <p class='ocr_par' dir='ltr' id='par_1_101' title="bbox 2167 3914 3800 3985">
     <span class='ocr_line' id='line_1_101' title="bbox 2167 3914 3800 3985; baseline -0.001 -14"><span class='ocrx_word' id='word_1_719' title='bbox 2167 3915 2424 3971; x_wconf 86' lang='lat' dir='ltr'><strong>fessionis</strong></span> <span class='ocrx_word' id='word_1_720' title='bbox 2449 3916 2520 3971; x_wconf 90' lang='lat' dir='ltr'><strong>de</strong></span> <span class='ocrx_word' id='word_1_721' title='bbox 2543 3915 2723 3970; x_wconf 89' lang='lat' dir='ltr'><strong>futura</strong></span> <span class='ocrx_word' id='word_1_722' title='bbox 2745 3923 2834 3970; x_wconf 87' lang='lat' dir='ltr'><strong>tua</strong></span> <span class='ocrx_word' id='word_1_723' title='bbox 2865 3914 3185 3971; x_wconf 87' lang='lat' dir='ltr'><strong>obedientia</strong></span> <span class='ocrx_word' id='word_1_724' title='bbox 3209 3914 3580 3985; x_wconf 89' lang='lat' dir='ltr'><strong>subscriptum</strong></span> <span class='ocrx_word' id='word_1_725' title='bbox 3616 3931 3800 3970; x_wconf 86' lang='lat' dir='ltr'><strong>manu</strong></span> 
     </span>
    </p>
   </div>
   <div class='ocr_carea' id='block_1_102' title="bbox 2166 4003 3799 4078">
    <p class='ocr_par' dir='ltr' id='par_1_102' title="bbox 2166 4003 3799 4078">
     <span class='ocr_line' id='line_1_102' title="bbox 2166 4003 3799 4078; baseline -0.002 -16"><span class='ocrx_word' id='word_1_726' title='bbox 2166 4007 2408 4078; x_wconf 89' lang='lat' dir='ltr'><strong>propria,</strong></span> <span class='ocrx_word' id='word_1_727' title='bbox 2438 4022 2603 4078; x_wconf 89' lang='lat' dir='ltr'><strong>quem</strong></span> <span class='ocrx_word' id='word_1_728' title='bbox 2645 4005 2847 4072; x_wconf 90' lang='lat' dir='ltr'><strong>habeo,</strong></span> <span class='ocrx_word' id='word_1_729' title='bbox 2890 4003 3200 4074; x_wconf 88' lang='lat' dir='ltr'><strong>porrexisti.</strong></span> <span class='ocrx_word' id='word_1_730' title='bbox 3233 4003 3430 4058; x_wconf 88' lang='lat' dir='ltr'><strong>Contra</strong></span> <span class='ocrx_word' id='word_1_731' title='bbox 3470 4019 3638 4075; x_wconf 87' lang='lat' dir='ltr'><strong>quem</strong></span> <span class='ocrx_word' id='word_1_732' title='bbox 3670 4004 3799 4059; x_wconf 90' lang='lat' dir='ltr'><strong>ite-</strong></span> 
     </span>
    </p>
   </div>
   <div class='ocr_carea' id='block_1_103' title="bbox 2165 4093 3800 4168">
    <p class='ocr_par' dir='ltr' id='par_1_103' title="bbox 2165 4093 3800 4168">
     <span class='ocr_line' id='line_1_103' title="bbox 2165 4093 3800 4168; baseline -0.001 -17"><span class='ocrx_word' id='word_1_733' title='bbox 2165 4114 2284 4151; x_wconf 88' lang='lat' dir='ltr'><strong>rum</strong></span> <span class='ocrx_word' id='word_1_734' title='bbox 2332 4095 2794 4167; x_wconf 89' lang='lat' dir='ltr'><strong>resubscripsisti.</strong></span> <span class='ocrx_word' id='word_1_735' title='bbox 2836 4095 2966 4149; x_wconf 90' lang='lat' dir='ltr'><strong>Nam</strong></span> <span class='ocrx_word' id='word_1_736' title='bbox 3013 4110 3115 4168; x_wconf 88' lang='lat' dir='ltr'><strong>ego</strong></span> <span class='ocrx_word' id='word_1_737' title='bbox 3159 4093 3464 4150; x_wconf 88' lang='lat' dir='ltr'><strong>decretales</strong></span> <span class='ocrx_word' id='word_1_738' title='bbox 3514 4095 3800 4164; x_wconf 87' lang='lat' dir='ltr'><strong>epistolas</strong></span> 
     </span>
    </p>
   </div>
   <div class='ocr_carea' id='block_1_104' title="bbox 2164 4182 3800 4256">
    <p class='ocr_par' dir='ltr' id='par_1_104' title="bbox 2164 4182 3800 4256">
     <span class='ocr_line' id='line_1_104' title="bbox 2164 4182 3800 4256; baseline -0.001 -16"><span class='ocrx_word' id='word_1_739' title='bbox 2164 4186 2316 4240; x_wconf 90' lang='lat' dir='ltr'><strong>sedis</strong></span> <span class='ocrx_word' id='word_1_740' title='bbox 2337 4185 2654 4256; x_wconf 88' lang='lat' dir='ltr'><strong>apostolica</strong></span> <span class='ocrx_word' id='word_1_741' title='bbox 2677 4183 2911 4240; x_wconf 86' lang='lat' dir='ltr'><strong>diversis</strong></span> <span class='ocrx_word' id='word_1_742' title='bbox 2932 4183 3295 4254; x_wconf 90' lang='lat' dir='ltr'><strong>temporibus,</strong></span> <span class='ocrx_word' id='word_1_743' title='bbox 3321 4198 3418 4254; x_wconf 88' lang='lat' dir='ltr'><strong>pro</strong></span> <span class='ocrx_word' id='word_1_744' title='bbox 3433 4182 3800 4238; x_wconf 87' lang='lat' dir='ltr'><strong>diversorum</strong></span> 
     </span>
    </p>
   </div>
   <div class='ocr_carea' id='block_1_105' title="bbox 2163 4274 3798 4342">
    <p class='ocr_par' dir='ltr' id='par_1_105' title="bbox 2163 4274 3798 4342">
     <span class='ocr_line' id='line_1_105' title="bbox 2163 4274 3798 4342; baseline -0.001 -12"><span class='ocrx_word' id='word_1_745' title='bbox 2163 4277 2384 4332; x_wconf 88' lang='lat' dir='ltr'><strong>Patrum</strong></span> <span class='ocrx_word' id='word_1_746' title='bbox 2431 4277 2833 4342; x_wconf 89' lang='lat' dir='ltr'><strong>consolatione,</strong></span> <span class='ocrx_word' id='word_1_747' title='bbox 2864 4275 2950 4330; x_wconf 88' lang='lat' dir='ltr'><strong>vel</strong></span> <span class='ocrx_word' id='word_1_748' title='bbox 2981 4275 3383 4330; x_wconf 86' lang='lat' dir='ltr'><strong>consultatione</strong></span> <span class='ocrx_word' id='word_1_749' title='bbox 3424 4274 3491 4328; x_wconf 90' lang='lat' dir='ltr'><strong>ab</strong></span> <span class='ocrx_word' id='word_1_750' title='bbox 3526 4274 3798 4342; x_wconf 88' lang='lat' dir='ltr'><strong>ejusdem</strong></span> 
     </span>
    </p>
   </div>
   <div class='ocr_carea' id='block_1_106' title="bbox 2163 4364 3810 4437">
    <p class='ocr_par' dir='ltr' id='par_1_106' title="bbox 2163 4364 3810 4437">
     <span class='ocr_line' id='line_1_106' title="bbox 2163 4364 3810 4437; baseline 0.001 -17"><span class='ocrx_word' id='word_1_751' title='bbox 2163 4365 2312 4420; x_wconf 92' lang='lat' dir='ltr'><strong>sedis</strong></span> <span class='ocrx_word' id='word_1_752' title='bbox 2343 4364 2700 4437; x_wconf 85' lang='lat' dir='ltr'><strong>pontificibus</strong></span> <span class='ocrx_word' id='word_1_753' title='bbox 2727 4366 2902 4431; x_wconf 89' lang='lat' dir='ltr'><strong>datas,</strong></span> <span class='ocrx_word' id='word_1_754' title='bbox 2935 4373 2990 4421; x_wconf 91' lang='lat' dir='ltr'><strong>et</strong></span> <span class='ocrx_word' id='word_1_755' title='bbox 3010 4364 3401 4421; x_wconf 88' lang='lat' dir='ltr'><strong>venerabiliter</strong></span> <span class='ocrx_word' id='word_1_756' title='bbox 3429 4365 3702 4435; x_wconf 91' lang='lat' dir='ltr'><strong>suscipio,</strong></span> <span class='ocrx_word' id='word_1_757' title='bbox 3739 4377 3810 4422; x_wconf 87' lang='lat' dir='ltr'><strong>et</strong></span> 
     </span>
    </p>
   </div>
   <div class='ocr_carea' id='block_1_107' title="bbox 2162 4456 3808 4530">
    <p class='ocr_par' dir='ltr' id='par_1_107' title="bbox 2162 4456 3808 4530">
     <span class='ocr_line' id='line_1_107' title="bbox 2162 4456 3808 4530; baseline 0.002 -18"><span class='ocrx_word' id='word_1_758' title='bbox 2162 4459 2556 4514; x_wconf 89' lang='lat' dir='ltr'><strong>venerabiliter</strong></span> <span class='ocrx_word' id='word_1_759' title='bbox 2583 4459 2966 4530; x_wconf 89' lang='lat' dir='ltr'><strong>suscipiendas</strong></span> <span class='ocrx_word' id='word_1_760' title='bbox 3009 4459 3134 4513; x_wconf 92' lang='lat' dir='ltr'><strong>dico</strong></span> <span class='ocrx_word' id='word_1_761' title='bbox 3180 4468 3234 4513; x_wconf 86' lang='lat' dir='ltr'><strong>et</strong></span> <span class='ocrx_word' id='word_1_762' title='bbox 3265 4456 3466 4514; x_wconf 88' lang='lat' dir='ltr'><strong>scribo.</strong></span> <span class='ocrx_word' id='word_1_763' title='bbox 3511 4465 3565 4511; x_wconf 86' lang='lat' dir='ltr'><strong>et</strong></span> <span class='ocrx_word' id='word_1_764' title='bbox 3594 4475 3808 4514; x_wconf 84' lang='lat' dir='ltr'><strong>sacros</strong></span> 
     </span>
    </p>
   </div>
   <div class='ocr_carea' id='block_1_108' title="bbox 2161 4549 3810 4623">
    <p class='ocr_par' dir='ltr' id='par_1_108' title="bbox 2161 4549 3810 4623">
     <span class='ocr_line' id='line_1_108' title="bbox 2161 4549 3810 4623; baseline 0.001 -17"><span class='ocrx_word' id='word_1_765' title='bbox 2161 4561 2474 4608; x_wconf 91' lang='lat' dir='ltr'><strong>sanctorum</strong></span> <span class='ocrx_word' id='word_1_766' title='bbox 2532 4552 2892 4608; x_wconf 90' lang='lat' dir='ltr'><strong>conciliorum</strong></span> <span class='ocrx_word' id='word_1_767' title='bbox 2925 4567 3167 4608; x_wconf 88' lang='lat' dir='ltr'><strong>canones</strong></span> <span class='ocrx_word' id='word_1_768' title='bbox 3197 4567 3320 4606; x_wconf 91' lang='lat' dir='ltr'><strong>cum</strong></span> <span class='ocrx_word' id='word_1_769' title='bbox 3349 4549 3591 4605; x_wconf 86' lang='lat' dir='ltr'><strong>decretis</strong></span> <span class='ocrx_word' id='word_1_770' title='bbox 3647 4569 3810 4623; x_wconf 88' lang='lat' dir='ltr'><strong>apo—</strong></span> 
     </span>
    </p>
   </div>
   <div class='ocr_carea' id='block_1_109' title="bbox 2159 4639 3810 4710">
    <p class='ocr_par' dir='ltr' id='par_1_109' title="bbox 2159 4639 3810 4710">
     <span class='ocr_line' id='line_1_109' title="bbox 2159 4639 3810 4710; baseline 0 -14"><span class='ocrx_word' id='word_1_771' title='bbox 2159 4642 2369 4698; x_wconf 88' lang='lat' dir='ltr'><strong>stolica</strong></span> <span class='ocrx_word' id='word_1_772' title='bbox 2415 4642 2587 4710; x_wconf 91' lang='lat' dir='ltr'><strong>sedis,</strong></span> <span class='ocrx_word' id='word_1_773' title='bbox 2619 4657 2684 4697; x_wconf 88' lang='lat' dir='ltr'><strong>ex</strong></span> <span class='ocrx_word' id='word_1_774' title='bbox 2722 4641 2929 4697; x_wconf 88' lang='lat' dir='ltr'><strong>eisdem</strong></span> <span class='ocrx_word' id='word_1_775' title='bbox 2969 4641 3139 4696; x_wconf 88' lang='lat' dir='ltr'><strong>sacris</strong></span> <span class='ocrx_word' id='word_1_776' title='bbox 3176 4639 3486 4694; x_wconf 90' lang='lat' dir='ltr'><strong>canonibus</strong></span> <span class='ocrx_word' id='word_1_777' title='bbox 3529 4642 3810 4710; x_wconf 83' lang='lat' dir='ltr'><strong>promul-</strong></span> 
     </span>
    </p>
   </div>
   <div class='ocr_carea' id='block_1_110' title="bbox 2157 4732 3810 4807">
    <p class='ocr_par' dir='ltr' id='par_1_110' title="bbox 2157 4732 3810 4807">
     <span class='ocr_line' id='line_1_110' title="bbox 2157 4732 3810 4807; baseline -0.001 -17"><span class='ocrx_word' id='word_1_778' title='bbox 2157 4734 2313 4807; x_wconf 86' lang='lat' dir='ltr'><strong>gatis,</strong></span> <span class='ocrx_word' id='word_1_779' title='bbox 2349 4745 2404 4789; x_wconf 88' lang='lat' dir='ltr'><strong>et</strong></span> <span class='ocrx_word' id='word_1_780' title='bbox 2433 4733 2803 4806; x_wconf 90' lang='lat' dir='ltr'><strong>recipiendos,</strong></span> <span class='ocrx_word' id='word_1_781' title='bbox 2836 4743 2890 4788; x_wconf 91' lang='lat' dir='ltr'><strong>et</strong></span> <span class='ocrx_word' id='word_1_782' title='bbox 2915 4733 3333 4796; x_wconf 91' lang='lat' dir='ltr'><strong>custodiendos,</strong></span> <span class='ocrx_word' id='word_1_783' title='bbox 3375 4732 3810 4801; x_wconf 88' lang='lat' dir='ltr'><strong>etscrvandos,</strong></span> 
     </span>
    </p>
   </div>
   <div class='ocr_carea' id='block_1_111' title="bbox 2158 4820 3809 4894">
    <p class='ocr_par' dir='ltr' id='par_1_111' title="bbox 2158 4820 3809 4894">
     <span class='ocr_line' id='line_1_111' title="bbox 2158 4820 3809 4894; baseline -0.001 -16"><span class='ocrx_word' id='word_1_784' title='bbox 2158 4823 2303 4879; x_wconf 92' lang='lat' dir='ltr'><strong>sicut</strong></span> <span class='ocrx_word' id='word_1_785' title='bbox 2329 4839 2498 4894; x_wconf 88' lang='lat' dir='ltr'><strong>supra</strong></span> <span class='ocrx_word' id='word_1_786' title='bbox 2525 4823 2763 4891; x_wconf 86' lang='lat' dir='ltr'><strong>ostendi,</strong></span> <span class='ocrx_word' id='word_1_787' title='bbox 2801 4821 3080 4893; x_wconf 87' lang='lat' dir='ltr'><strong>profiteor.</strong></span> <span class='ocrx_word' id='word_1_788' title='bbox 3118 4821 3181 4875; x_wconf 90' lang='lat' dir='ltr'><strong>Et</strong></span> <span class='ocrx_word' id='word_1_789' title='bbox 3210 4821 3357 4892; x_wconf 89' lang='lat' dir='ltr'><strong>quod</strong></span> <span class='ocrx_word' id='word_1_790' title='bbox 3388 4820 3550 4886; x_wconf 87' lang='lat' dir='ltr'><strong>dicis,</strong></span> <span class='ocrx_word' id='word_1_791' title='bbox 3585 4829 3638 4874; x_wconf 88' lang='lat' dir='ltr'><strong>te</strong></span> <span class='ocrx_word' id='word_1_792' title='bbox 3668 4838 3809 4877; x_wconf 81' lang='lat' dir='ltr'><strong>au-</strong></span> 
     </span>
    </p>
   </div>
   <div class='ocr_carea' id='block_1_112' title="bbox 2158 4911 3816 4986">
    <p class='ocr_par' dir='ltr' id='par_1_112' title="bbox 2158 4911 3816 4986">
     <span class='ocr_line' id='line_1_112' title="bbox 2158 4911 3816 4986; baseline 0.001 -17"><span class='ocrx_word' id='word_1_793' title='bbox 2158 4914 2276 4970; x_wconf 91' lang='lat' dir='ltr'><strong>dire</strong></span> <span class='ocrx_word' id='word_1_794' title='bbox 2306 4915 2532 4986; x_wconf 91' lang='lat' dir='ltr'><strong>obloqui</strong></span> <span class='ocrx_word' id='word_1_795' title='bbox 2565 4914 2632 4969; x_wconf 91' lang='lat' dir='ltr'><strong>de</strong></span> <span class='ocrx_word' id='word_1_796' title='bbox 2657 4914 2867 4983; x_wconf 90' lang='lat' dir='ltr'><strong>judicio</strong></span> <span class='ocrx_word' id='word_1_797' title='bbox 2917 4913 3109 4970; x_wconf 89' lang='lat' dir='ltr'><strong>domni</strong></span> <span class='ocrx_word' id='word_1_798' title='bbox 3150 4930 3306 4984; x_wconf 83' lang='lat' dir='ltr'><strong>papa</strong></span> <span class='ocrx_word' id='word_1_799' title='bbox 3353 4911 3581 4978; x_wconf 87' lang='lat' dir='ltr'><strong>Nicolai,</strong></span> <span class='ocrx_word' id='word_1_800' title='bbox 3631 4913 3683 4967; x_wconf 90' lang='lat' dir='ltr'><strong>si</strong></span> <span class='ocrx_word' id='word_1_801' title='bbox 3722 4915 3816 4971; x_wconf 88' lang='lat' dir='ltr'><strong>de</strong></span> 
     </span>
    </p>
   </div>
   <div class='ocr_carea' id='block_1_113' title="bbox 2157 5004 3818 5080">
    <p class='ocr_par' dir='ltr' id='par_1_113' title="bbox 2157 5004 3818 5080">
     <span class='ocr_line' id='line_1_113' title="bbox 2157 5004 3818 5080; baseline 0.002 -20"><span class='ocrx_word' id='word_1_802' title='bbox 2157 5022 2244 5061; x_wconf 91' lang='lat' dir='ltr'><strong>me</strong></span> <span class='ocrx_word' id='word_1_803' title='bbox 2276 5005 2436 5074; x_wconf 91' lang='lat' dir='ltr'><strong>dicis,</strong></span> <span class='ocrx_word' id='word_1_804' title='bbox 2488 5006 2837 5061; x_wconf 88' lang='lat' dir='ltr'><strong>mendacium</strong></span> <span class='ocrx_word' id='word_1_805' title='bbox 2879 5006 3038 5080; x_wconf 90' lang='lat' dir='ltr'><strong>dicis.</strong></span> <span class='ocrx_word' id='word_1_806' title='bbox 3072 5005 3203 5059; x_wconf 87' lang='lat' dir='ltr'><strong>Nam</strong></span> <span class='ocrx_word' id='word_1_807' title='bbox 3255 5005 3403 5076; x_wconf 89' lang='lat' dir='ltr'><strong>quod</strong></span> <span class='ocrx_word' id='word_1_808' title='bbox 3434 5004 3526 5059; x_wconf 89' lang='lat' dir='ltr'><strong>ille</strong></span> <span class='ocrx_word' id='word_1_809' title='bbox 3573 5005 3644 5060; x_wconf 91' lang='lat' dir='ltr'><strong>de</strong></span> <span class='ocrx_word' id='word_1_810' title='bbox 3681 5007 3818 5063; x_wconf 80' lang='lat' dir='ltr'><strong>Ro-</strong></span> 
     </span>
    </p>
   </div>
   <div class='ocr_carea' id='block_1_114' title="bbox 2158 5097 3819 5167">
    <p class='ocr_par' dir='ltr' id='par_1_114' title="bbox 2158 5097 3819 5167">
     <span class='ocr_line' id='line_1_114' title="bbox 2158 5097 3819 5167; baseline 0.002 -15"><span class='ocrx_word' id='word_1_811' title='bbox 2158 5098 2323 5153; x_wconf 90' lang='lat' dir='ltr'><strong>thado</strong></span> <span class='ocrx_word' id='word_1_812' title='bbox 2343 5098 2458 5153; x_wconf 91' lang='lat' dir='ltr'><strong>sive</strong></span> <span class='ocrx_word' id='word_1_813' title='bbox 2488 5099 2559 5154; x_wconf 92' lang='lat' dir='ltr'><strong>de</strong></span> <span class='ocrx_word' id='word_1_814' title='bbox 2600 5098 2829 5154; x_wconf 87' lang='lat' dir='ltr'><strong>Vulfado</strong></span> <span class='ocrx_word' id='word_1_815' title='bbox 2853 5098 3140 5167; x_wconf 88' lang='lat' dir='ltr'><strong>judicavit,</strong></span> <span class='ocrx_word' id='word_1_816' title='bbox 3170 5113 3280 5152; x_wconf 91' lang='lat' dir='ltr'><strong>non</strong></span> <span class='ocrx_word' id='word_1_817' title='bbox 3312 5097 3645 5163; x_wconf 88' lang='lat' dir='ltr'><strong>contradixi,</strong></span> <span class='ocrx_word' id='word_1_818' title='bbox 3683 5101 3819 5155; x_wconf 84' lang='lat' dir='ltr'><strong>sed</strong></span> 
     </span>
    </p>
   </div>
   <div class='ocr_carea' id='block_1_115' title="bbox 2156 5189 3822 5262">
    <p class='ocr_par' dir='ltr' id='par_1_115' title="bbox 2156 5189 3822 5262">
     <span class='ocr_line' id='line_1_115' title="bbox 2156 5189 3822 5262; baseline 0.003 -18"><span class='ocrx_word' id='word_1_819' title='bbox 2156 5190 2299 5245; x_wconf 91' lang='lat' dir='ltr'><strong>sicut</strong></span> <span class='ocrx_word' id='word_1_820' title='bbox 2326 5189 2446 5260; x_wconf 90' lang='lat' dir='ltr'><strong>ipse</strong></span> <span class='ocrx_word' id='word_1_821' title='bbox 2478 5191 2741 5262; x_wconf 87' lang='lat' dir='ltr'><strong>pracepit</strong></span> <span class='ocrx_word' id='word_1_822' title='bbox 2770 5189 2999 5246; x_wconf 91' lang='lat' dir='ltr'><strong>obedire</strong></span> <span class='ocrx_word' id='word_1_823' title='bbox 3021 5189 3227 5244; x_wconf 89' lang='lat' dir='ltr'><strong>curavi.</strong></span> <span class='ocrx_word' id='word_1_824' title='bbox 3258 5189 3334 5244; x_wconf 85' lang='lat' dir='ltr'><strong>De</strong></span> <span class='ocrx_word' id='word_1_825' title='bbox 3362 5205 3428 5244; x_wconf 92' lang='lat' dir='ltr'><strong>eo</strong></span> <span class='ocrx_word' id='word_1_826' title='bbox 3451 5191 3601 5260; x_wconf 88' lang='lat' dir='ltr'><strong>quod</strong></span> <span class='ocrx_word' id='word_1_827' title='bbox 3631 5190 3822 5249; x_wconf 87' lang='lat' dir='ltr'><strong>dicis</strong></span> 
     </span>
    </p>
   </div>
   <div class='ocr_carea' id='block_1_116' title="bbox 2157 5282 3822 5355">
    <p class='ocr_par' dir='ltr' id='par_1_116' title="bbox 2157 5282 3822 5355">
     <span class='ocr_line' id='line_1_116' title="bbox 2157 5282 3822 5355; baseline 0.005 -18"><span class='ocrx_word' id='word_1_828' title='bbox 2157 5282 2225 5338; x_wconf 92' lang='lat' dir='ltr'><strong>de</strong></span> <span class='ocrx_word' id='word_1_829' title='bbox 2257 5283 2528 5351; x_wconf 81' lang='lat' dir='ltr'><strong>Rothado,</strong></span> <span class='ocrx_word' id='word_1_830' title='bbox 2557 5283 2686 5355; x_wconf 87' lang='lat' dir='ltr'><strong>quia</strong></span> <span class='ocrx_word' id='word_1_831' title='bbox 2713 5284 2770 5338; x_wconf 92' lang='lat' dir='ltr'><strong>in</strong></span> <span class='ocrx_word' id='word_1_832' title='bbox 2809 5284 2929 5350; x_wconf 87' lang='lat' dir='ltr'><strong>ejus</strong></span> <span class='ocrx_word' id='word_1_833' title='bbox 2957 5282 3362 5354; x_wconf 89' lang='lat' dir='ltr'><strong>depositionem</strong></span> <span class='ocrx_word' id='word_1_834' title='bbox 3395 5297 3505 5338; x_wconf 86' lang='lat' dir='ltr'><strong>non</strong></span> <span class='ocrx_word' id='word_1_835' title='bbox 3532 5299 3822 5345; x_wconf 83' lang='lat' dir='ltr'><strong>consen-</strong></span> 
     </span>
    </p>
   </div>
   <div class='ocr_carea' id='block_1_117' title="bbox 2157 5370 3824 5443">
    <p class='ocr_par' dir='ltr' id='par_1_117' title="bbox 2157 5370 3824 5443">
     <span class='ocr_line' id='line_1_117' title="bbox 2157 5370 3824 5443; baseline 0.005 -18"><span class='ocrx_word' id='word_1_836' title='bbox 2157 5370 2298 5435; x_wconf 92' lang='lat' dir='ltr'><strong>sisti,</strong></span> <span class='ocrx_word' id='word_1_837' title='bbox 2322 5371 2760 5443; x_wconf 88' lang='lat' dir='ltr'><strong>subscriptiones</strong></span> <span class='ocrx_word' id='word_1_838' title='bbox 2781 5378 2888 5427; x_wconf 83' lang='lat' dir='ltr'><strong>tua</strong></span> <span class='ocrx_word' id='word_1_839' title='bbox 2909 5389 3104 5428; x_wconf 88' lang='lat' dir='ltr'><strong>manus</strong></span> <span class='ocrx_word' id='word_1_840' title='bbox 3126 5371 3363 5442; x_wconf 87' lang='lat' dir='ltr'><strong>propria</strong></span> <span class='ocrx_word' id='word_1_841' title='bbox 3388 5379 3438 5427; x_wconf 90' lang='lat' dir='ltr'><strong>te</strong></span> <span class='ocrx_word' id='word_1_842' title='bbox 3464 5373 3824 5443; x_wconf 87' lang='lat' dir='ltr'><strong>revincunt,</strong></span> 
     </span>
    </p>
   </div>
   <div class='ocr_carea' id='block_1_118' title="bbox 2157 5460 3830 5538">
    <p class='ocr_par' dir='ltr' id='par_1_118' title="bbox 2157 5460 3830 5538">
     <span class='ocr_line' id='line_1_118' title="bbox 2157 5460 3830 5538; baseline 0.005 -22"><span class='ocrx_word' id='word_1_843' title='bbox 2157 5460 2301 5516; x_wconf 85' lang='lat' dir='ltr'><strong>Nihil</strong></span> <span class='ocrx_word' id='word_1_844' title='bbox 2332 5461 2481 5516; x_wconf 91' lang='lat' dir='ltr'><strong>enim</strong></span> <span class='ocrx_word' id='word_1_845' title='bbox 2518 5461 2646 5516; x_wconf 91' lang='lat' dir='ltr'><strong>inde</strong></span> <span class='ocrx_word' id='word_1_846' title='bbox 2677 5462 2788 5538; x_wconf 82' lang='lat' dir='ltr'><strong>egi,</strong></span> <span class='ocrx_word' id='word_1_847' title='bbox 2821 5462 2968 5535; x_wconf 90' lang='lat' dir='ltr'><strong>quod</strong></span> <span class='ocrx_word' id='word_1_848' title='bbox 2995 5477 3211 5517; x_wconf 89' lang='lat' dir='ltr'><strong>mecum</strong></span> <span class='ocrx_word' id='word_1_849' title='bbox 3240 5477 3350 5516; x_wconf 88' lang='lat' dir='ltr'><strong>non</strong></span> <span class='ocrx_word' id='word_1_850' title='bbox 3381 5462 3598 5534; x_wconf 84' lang='lat' dir='ltr'><strong>egeris;</strong></span> <span class='ocrx_word' id='word_1_851' title='bbox 3632 5466 3830 5525; x_wconf 85' lang='lat' dir='ltr'><strong>nihil</strong></span> 
     </span>
    </p>
   </div>
   <div class='ocr_carea' id='block_1_119' title="bbox 2152 5554 3834 5628">
    <p class='ocr_par' dir='ltr' id='par_1_119' title="bbox 2152 5554 3834 5628">
     <span class='ocr_line' id='line_1_119' title="bbox 2152 5554 3834 5628; baseline 0.004 -19"><span class='ocrx_word' id='word_1_852' title='bbox 2152 5554 2414 5624; x_wconf 90' lang='lat' dir='ltr'><strong>judicavi.</strong></span> <span class='ocrx_word' id='word_1_853' title='bbox 2433 5555 2581 5627; x_wconf 91' lang='lat' dir='ltr'><strong>quod</strong></span> <span class='ocrx_word' id='word_1_854' title='bbox 2597 5571 2709 5611; x_wconf 91' lang='lat' dir='ltr'><strong>non</strong></span> <span class='ocrx_word' id='word_1_855' title='bbox 2721 5555 3086 5627; x_wconf 89' lang='lat' dir='ltr'><strong>judicaveris;</strong></span> <span class='ocrx_word' id='word_1_856' title='bbox 3119 5555 3256 5610; x_wconf 91' lang='lat' dir='ltr'><strong>nihil</strong></span> <span class='ocrx_word' id='word_1_857' title='bbox 3276 5554 3602 5626; x_wconf 89' lang='lat' dir='ltr'><strong>subscripsi,</strong></span> <span class='ocrx_word' id='word_1_858' title='bbox 3621 5565 3834 5628; x_wconf 84' lang='lat' dir='ltr'><strong>quod</strong></span> 
     </span>
    </p>
   </div>
   <div class='ocr_carea' id='block_1_120' title="bbox 2159 5646 3836 5718">
    <p class='ocr_par' dir='ltr' id='par_1_120' title="bbox 2159 5646 3836 5718">
     <span class='ocr_line' id='line_1_120' title="bbox 2159 5646 3836 5718; baseline 0.007 -17"><span class='ocrx_word' id='word_1_859' title='bbox 2159 5661 2270 5702; x_wconf 90' lang='lat' dir='ltr'><strong>non</strong></span> <span class='ocrx_word' id='word_1_860' title='bbox 2299 5647 2709 5718; x_wconf 87' lang='lat' dir='ltr'><strong>subscripseris.</strong></span> <span class='ocrx_word' id='word_1_861' title='bbox 2739 5648 2924 5704; x_wconf 84' lang='lat' dir='ltr'><strong>Habeo</strong></span> <span class='ocrx_word' id='word_1_862' title='bbox 2950 5647 3098 5704; x_wconf 90' lang='lat' dir='ltr'><strong>enim</strong></span> <span class='ocrx_word' id='word_1_863' title='bbox 3127 5646 3247 5702; x_wconf 89' lang='lat' dir='ltr'><strong>illas</strong></span> <span class='ocrx_word' id='word_1_864' title='bbox 3278 5646 3426 5718; x_wconf 88' lang='lat' dir='ltr'><strong>ipsas</strong></span> <span class='ocrx_word' id='word_1_865' title='bbox 3454 5663 3660 5704; x_wconf 83' lang='lat' dir='ltr'><strong>manus</strong></span> <span class='ocrx_word' id='word_1_866' title='bbox 3683 5659 3836 5711; x_wconf 79' lang='lat' dir='ltr'><strong>tuae</strong></span> 
     </span>
    </p>
   </div>
   <div class='ocr_carea' id='block_1_121' title="bbox 2155 5739 2685 5812">
    <p class='ocr_par' dir='ltr' id='par_1_121' title="bbox 2155 5739 2685 5812">
     <span class='ocr_line' id='line_1_121' title="bbox 2155 5739 2685 5812; baseline -0.004 -17"><span class='ocrx_word' id='word_1_867' title='bbox 2155 5739 2615 5812; x_wconf 89' lang='lat' dir='ltr'><strong>subscriptiones.</strong></span> <span class='ocrx_word' id='word_1_868' title='bbox 2659 5761 2685 5793; x_wconf 76' lang='grc' dir='ltr'><strong>ιι</strong></span> 
     </span>
    </p>
   </div>
  </div>
