4008 6158
192 398 290 454 2⁸21

867 377 1218 436 ΗιδΤΟΒιίΕ
1255 378 1584 434 ECCLESl/E
1621 379 1952 434 REMENSIS
1993 378 2173 432 LIBRI
2215 376 2561 440 QUATUOR.
2587 409 2659 420 —
2699 381 2828 437 LIB.
2873 384 2966 440 IlI.

3507 389 3614 445 222

265 523 332 578 Et
351 520 501 577 circa
519 514 687 584 hujus
708 508 916 581 operis
939 504 1155 560 ﬁnem:
1187 526 1212 550 σι
1247 503 1322 558 De
1342 505 1468 560 aliis
1493 521 1640 573 vero,
1659 510 1780 576 quae
1806 505 1865 558 in
1897 503 2114 594 Aquod
2156 502 2227 556 de
2272 517 2378 594 suo
2419 504 2649 594 dicebat
2705 508 2943 565 Paulus:
2995 512 3316 567 Alexander
3359 516 3624 594 aerarius,

193 616 406 687 scripto
462 608 608 682 apud
647 603 1007 661 Attiniacum
1067 596 1199 687 dato
1239 596 1376 652 mihi
1437 596 1865 668 improperando
1964 593 2143 646 multa
2198 591 2353 644 mala
2391 594 2540 648 mihi
2582 591 2844 664 ostendit,
2875 600 3062 656 reddet
3113 602 3200 654 illi
3239 604 3497 657 Dominus
3543 591 3613 667 (lt

197 685 544 762 mendaciter
561 697 726 764 dicis,
750 693 862 749 tibi
891 685 1249 761 respondere
1279 703 1394 742 non
1417 705 1568 744 euro.
1597 688 1702 742 Sed
1725 687 1868 742 scias
1970 687 2107 739 Tim.
2148 685 2245 749 ιγ).
2293 704 2319 728 ιι

199 799 329 870 quia
362 811 472 851 non
503 808 622 847 sum
667 786 901 842 oblitus
957 777 1116 853 quod
1177 777 1455 848 scriptum
1497 785 1582 832 est
1613 778 1666 832 in
1726 776 1870 832 Isaia

199 889 471 964 propheta
492 889 616 957 (15a.
651 889 905 946 XXXVII),
943 889 1218 946 quoniam
1250 889 1306 922 ο.
1341 889 1606 923 nzecnlas
1633 889 1872 923 armatus

191 981 467 1058 angustia,
486 974 852 1045 blaSphemas
878 963 1164 1058 epistolas
1181 960 1293 1015 sibi
1317 962 1567 1058 directas
1584 962 1639 1058 in
1667 960 1872 1058 templo

191 1047 381 1127 coram
413 1062 631 1121 Domino
662 1056 981 1128 expandit,
1015 1059 1068 1105 et
1097 1048 1166 1102 ad
1201 1064 1344 1102 eum
1373 1047 1655 1114 clamavit,
1691 1055 1746 1102 et
1772 1062 1875 1101 ex-

193 1161 421 1217 auditus
449 1164 545 1212 est.
571 1149 911 1222 Expandam
943 1149 1128 1200 autem
1157 1155 1381 1193 manus
1411 1156 1565 1195 meas
1595 1139 1662 1194 ad
1687 1136 1870 1193 Domi-

199 1269 332 1306 num
383 1264 502 1303 cum
534 1238 916 1312 blasphemiis
963 1244 1017 1290 et
1047 1230 1488 1302 superbissimis
1517 1231 1736 1302 scriptis
1767 1227 1877 1284 tuis

203 1342 343 1396 mihi
378 1356 408 1393 a
436 1347 491 1392 te
520 1332 757 1392 directis,
797 1344 984 1385 orans
1012 1332 1094 1390 ut,
1136 1323 1381 1394 quando
1412 1323 1535 1388 scit,
1569 1331 1623 1377 et
1654 1321 1876 1393 quando

197 1433 339 1496 vult,
373 1438 428 1485 et
453 1429 588 1483 sicut
614 1423 716 1479 scit
755 1429 822 1476 et
850 1421 1002 1474 sicut
1032 1415 1172 1481 vult,
1217 1421 1277 1469 te
1315 1422 1608 1470 convertat
1636 1414 1704 1467 ad
1735 1427 1877 1469 verae

203 1523 361 1598 pacis
386 1530 439 1577 et
463 1513 774 1574 dilectionis
807 1520 985 1582 atque
1011 1507 1218 1563 debitae
1246 1505 1599 1560 obedientiae
1626 1505 1878 1560 dilectio-

203 1596 333 1673 nem
360 1617 516 1682 [for.,
534 1603 1024 1674 directionem],et
1056 1614 1151 1652 me
1174 1598 1390 1652 liberet
1413 1615 1444 1652 a
1471 1597 1630 1651 labiis
1650 1596 1878 1668 iniquis,

203 1720 260 1766 et
316 1726 348 1763 a
386 1708 572 1781 lingua
609 1701 802 1756 dolosa
854 1693 1018 1764 (Psal.
1073 1690 1258 1781 cxix).
1299 1689 1386 1781 Et
1425 1687 1715 1781 dominre
1743 1701 1881 1739 meae

206 1801 389 1852 beata:
447 1775 504 1848 et
533 1789 789 1866 gloriosae
818 1783 920 1840 Dei
961 1777 1258 1855 genitricis
1299 1777 1490 1830 Mariae
1536 1775 1772 1837 meritis,
1820 1788 1927 1866 ac].

207 1884 478 1957 precibus
517 1861 689 1933 sancti
750 1868 1016 1944 Remigii,
1053 1863 1222 1930 cujus
1269 1862 1566 1936 privilegio
1622 1861 1879 1957 derogas,

207 1947 477 2030 exaudiet
508 1983 594 2022 me
643 1964 872 2032 adjutor
903 1959 961 2013 in
993 1953 1516 2024 Opportunitatihus
1558 1950 1614 2003 in
1649 1947 1881 2003 tribula-

211 2065 368 2118 tione
404 2059 555 2129 (Psat
619 2055 715 2124 1x).
753 2052 820 2106 Et
852 2048 986 2120 quia
1020 2045 1219 2098 beatus
1247 2041 1620 2111 Hieronymus
1673 2036 1878 2097 dehis,

209 2171 455 2230 quorum
487 2152 782 2206 adversum
826 2157 918 2196 me
960 2136 1128 2213 gratis
1155 2133 1451 2205 suscepisti
1482 2130 1758 2196 officium,
1796 2129 1879 2183 di-

211 2222 287 2302 cit
314 2263 326 2298 :
371 2241 614 2296 Audiant
643 2249 817 2290 canes
847 2228 964 2284 mei
996 2227 1248 2296 (HlERON.
1282 2224 1502 2293 prce/“at.
1543 2224 1602 2275 in
1631 2222 1783 2290 Job),
1825 2228 1881 2273 tu

214 2338 309 2410 qui
346 2335 420 2388 de
439 2333 556 2386 tilio
590 2330 644 2382 in
679 2327 938 2387 fratrem,
974 2317 1215 2387 indeque
1246 2314 1465 2369 crevisli
1495 2313 1550 2366 in
1582 2313 1881 2382 coepisco-

218 2403 381 2495 pum,
415 2428 472 2475 et
496 2423 620 2489 post
649 2413 793 2468 adeo
828 2404 1136 2479 profecisti,
1175 2412 1234 2457 ut
1262 2403 1316 2455 in
1348 2417 1538 2456 canem
1565 2416 1763 2454 meum
1788 2415 1884 2454 ex-

220 2489 495 2572 creveris,
528 2504 720 2573 accipe
750 2501 901 2554 hanc
935 2491 1178 2565 perversi
1211 2489 1566 2546 contumacia:
1591 2497 1695 2544 tute
1731 2489 1882 2559 pita-

218 2603 353 2658 cioli
388 2600 650 2672 exigente
713 2605 909 2655 causa,
954 2585 1221 2657 prolixam
1265 2580 1700 2652 responsionem.
1743 2579 1879 2634 Cum

223 2699 417 2747 autem
453 2667 592 2739 mihi
622 2676 933 2739 vacaverit,
966 2670 1300 2728 succinctius
1324 2669 1392 2723 de
1424 2667 1546 2721 aliis
1576 2668 1879 2737 perversis,

220 2791 276 2836 et
310 2771 706 2847 incompositis
726 2766 957 2838 scriptis
984 2763 1114 2828 tuis,
1137 2763 1190 2815 in
1219 2760 1419 2832 quibus
1441 2757 1688 2829 quaedam
1714 2773 1883 2811 men-

217 2865 723 2938 daciter,qu2edam
744 2853 1275 2928 rcprehensibiliter
1290 2867 1376 2904 me
1395 2847 1878 2919 reprehendendo.

222 2962 485 3036 quaedam
520 2955 649 3010 ﬁcte
695 2949 1008 3013 humiliter,
1044 2952 1096 3000 et
1150 2959 1278 2999 vere
1308 2940 1546 3012 superbe
1591 2939 1883 3008 scripsisti,

224 3031 561 3116 rescribam,
593 3058 648 3102 et
677 3047 730 3100 in
766 3045 863 3098 illo
898 3039 1131 3109 scripto,
1167 3036 1295 3108 quia
1323 3035 1446 3107 lego
1479 3032 1682 3086 dixisse
1713 3031 1890 3086 llomi-

2593 759 2801 814 CAPUT
2833 760 3017 815 XXIII.

651 877 905 946 xxxv"),
943 843 1218 946 quoniam
1339 869 1606 923 Ezechias
1633 875 1872 923 arctatus
1970 847 2102 914 Quae
2130 843 2389 957 Aufr“?
2430 848 2869 957 Ἱζναηδνλῆηθηεί
2893 855 3151 922 episcopo:
3182 860 3232 908 ετ
3250 858 3448 910 “Neris
3475 857 3605 925 qui“

2334 932 2580 1005 busdam
2632 943 2890 1010 episcOpis
2954 945 3252 1012 scripserit.

2043 1046 2283 1102 Altfrido
2310 1046 2760 1110 Transrhenensi
2808 1057 3070 1128 episcOpo
3109 1057 3326 1127 scripsit
3353 1057 3602 1128 quaedam

1977 1154 2076 1211 pro
2108 1138 2277 1192 rebus
2305 1137 2360 1190 S.
2410 1141 2646 1218 Remigii
2675 1145 2796 1200 sitis
2829 1146 2883 1199 in
2913 1146 3222 1221 Thoringia,
3257 1162 3392 1218 quas
3420 1146 3601 1199 eidem

1977 1230 2354 1296 commiserat,
2399 1243 2458 1288 ut
2509 1236 2756 1290 redditus
2792 1236 3034 1307 ipsarum
3081 1237 3182 1308 ipsi
3229 1245 3471 1306 tempore
3501 1251 3604 1306 0p-

1979 1327 2217 1392 portuno
2249 1317 2544 1393 dirigeret,
2598 1323 2954 1390 interdicens,
2999 1325 3152 1393 juxta
3191 1323 3600 1394 depositionem

1983 1411 2040 1463 Β.
2076 1409 2329 1484 Remigii,
2361 1418 2422 1464 ut
2454 1427 2616 1466 nemo
2646 1412 2873 1467 colonos
2902 1413 3148 1482 ipsarum
3173 1413 3227 1466 in
3261 1427 3361 1466 suo
3390 1426 3600 1482 praesu-

1983 1510 2156 1556 meret
2195 1501 2514 1572 opprimere
2564 1504 2829 1569 servitio;
2864 1504 3014 1570 item,
3072 1504 3217 1574 quod
3251 1503 3472 1557 easdem
3510 1518 3602 1558 res

1983 1594 2198 1648 cuidam
2231 1609 2332 1649 suo
2362 1595 2415 1648 in
2435 1595 2767 1652 beneficium
2802 1595 3019 1650 dederit
3049 1595 3279 1659 homini,
3310 1610 3511 1666 rogans
3540 1600 3601 1648 ut

1985 1681 2164 1737 eidem
2200 1684 2409 1738 homini
2441 1685 2698 1740 solatium
2745 1686 2800 1740 in
2833 1685 3255 1756 quibuscunque
3298 1683 3602 1758 indiguerit
3639 1744 3648 1756 η

1985 1769 2129 1825 ferre
2164 1772 2414 1837 studeat;
2456 1773 2748 1840 Adventio,
2780 1773 3126 1828 Mettensium
3160 1771 3398 1842 praesuli,
3431 1787 3600 1841 super

1983 1863 2218 1933 quadam
2250 1862 2380 1918 fidei
2412 1864 2738 1935 quaestione,
2772 1864 2842 1918 de
2881 1881 2990 1935 qua
3019 1863 3192 1918 fuerat
3226 1863 3598 1935 interrogatus

1983 1953 2051 2006 ab
2080 1954 2236 2024 ipso;
2274 1956 2424 2022 item,
2457 1955 2525 2010 de
2557 1956 2753 2010 itinere
2785 1957 2932 2027 quod
2973 1957 3117 2011 idem
3163 1954 3460 2009 Adventius
3487 1954 3599 2009 Ro-

1983 2061 2126 2098 mam
2160 2047 2430 2115 petiturus
2466 2046 2708 2101 debebat
2733 2047 2978 2118 incipere
3012 2065 3026 2113 ;
3068 2047 3220 2112 item,
3263 2047 3329 2100 de
3359 2045 3600 2100 adventu

1982 2152 2083 2191 suo
2110 2137 2584 2192 ad'denuntiatam
2618 2155 2648 2191 a
2668 2154 2796 2210 rege
2827 2140 3121 2210 synodum,
3165 2154 3264 2209 pro
3294 2145 3602 2192 memorata

1982 2229 2291 2300 quaestione
2349 2229 2633 2284 tractanda
2667 2251 2678 2292 ;
2745 2231 2897 2297 item,
2969 2246 3066 2301 pro
3105 2231 3239 2285 tiilio
3279 2229 3460 2300 neptis
3489 2245 3604 2284 suae

1984 2336 2146 2392 quem
2172 2320 2351 2374 eidem
2386 2321 2804 2387 committebat;
2837 2322 2993 2389 item,
3031 2338 3128 2392 pro
3175 2321 3258 2376 his
3292 2337 3413 2392 quae
3455 2321 3603 2375 idem
3683 2363 3698 2378 .

1984 2411 2284 2466 Adventius
2313 2411 2362 2464 ei
2396 2411 2751 2466 mandaverat
2804 2412 2874 2466 de
2907 2412 3194 2467 llincmaro
3251 2410 3602 2465 Laudunensi

1986 2499 2268 2570 episcopo,
2323 2498 2568 2552 breviter
2603 2499 2866 2554 intimans
2904 2515 3025 2570 quae
3055 2500 3200 2556 bona
3243 2515 3373 2574 erga
3421 2498 3601 2568 ipsum

1982 2590 2236 2665 gesserit,
2265 2596 2319 2644 et
2350 2606 2472 2660 qua:
2505 2607 2669 2660 prava
2701 2591 2794 2646 ille
2821 2598 3010 2646 contra
3034 2591 3260 2664 gerebat
3285 2609 3300 2657 ;
3333 2591 3486 2656 item,
3506 2604 3604 2660 pe—

1987 2680 2124 2735 tenti
2169 2678 2458 2733 consilium
2504 2679 2637 2749 quid
2685 2696 2849 2751 agere
2883 2680 3133 2745 deberet,
3185 2679 3378 2734 Karolo
3413 2678 3469 2732 in
3514 2693 3600 2732 re-

1985 2787 2154 2845 gnum
2192 2769 2454 2825 Ludovici
2485 2769 2667 2825 fratris
2716 2771 2800 2825 sui
2841 2773 3074 2827 senioris
3104 2771 3275 2842 ipsius
3319 2770 3606 2833 veniente,

1987 2861 2308 2938 significans
2352 2862 2486 2932 quid
2515 2863 2689 2935 egerit
2732 2863 2872 2934 ipse,
2921 2863 3142 2935 quando
3175 2861 3481 2917 Ludovicus
3519 2874 3608 2912 re-

1987 2971 2156 3029 gnum
2201 2954 2381 3010 Karoli
2413 2963 2747 3025 pervaserat,
2794 2963 2848 3010 et
2877 2956 3009 3026 quid
3038 2955 3218 3010 eidem
3252 2961 3384 3009 tunc
3435 2969 3607 3027 agen-

1990 3043 2119 3097 dum
2199 3042 2384 3107 foret;
2442 3043 2592 3108 item,
2660 3059 2760 3114 pro
2827 3043 3188 3099 acceleranda
3258 3041 3609 3097 ordinatione

225 3168 367 3206 num
402 3167 415 3202 :
472 3147 595 3200 .Iam
650 3157 764 3196 non
799 3139 1010 3192 irascar
1058 3133 1156 3187 tibi
1197 3130 1436 3200 amplius
1494 3128 1686 3197 (Ezech
1751 3127 1882 3195 xw),
1918 3173 1966 3241 Ο
1992 3131 2214 3188 Berardi
2268 3131 2524 3186 Ecclesiae
2554 3131 2914 3186 Virdunensis
2966 3132 3148 3196 electi,
3181 3139 3236 3187 et
3275 3130 3452 3186 vocati
3493 3131 3612 3201 epi-

607 3238 637 3241 __
668 3237 678 3241 _
766 3234 801 3241 -.
1079 3237 1087 3241 .
1150 3228 1160 3241 ι
1231 3227 1243 3241 ι
1312 3225 1322 3235 ο
1414 3240 1418 3241 ,
1465 3238 1478 3241 Α
1507 3223 1542 3241 J'
1583 3220 1856 3241 _I.-__-12-
1994 3222 2137 3241 ,__,AE
2174 3239 2183 3241 _
2234 3221 2358 3241 :._.__
2454 3236 2544 3241 ..-Α
2612 3221 3173 3241 ___--_.-__-__-.2__.2--__
3234 3219 3581 3241 l!__1-_..-__:

227 3253 508 3318 quantum
545 3237 680 3293 mihi
711 3234 901 3289 adhuc
932 3237 1095 3302 paret
1131 3228 1200 3281 de
1231 3223 1544 3294 hujusmodi
1577 3220 1886 3318 altercatio:

229 3311 402 3390 nibus
453 3331 557 3386 tibi
591 3323 880 3382 scribendi
911 3322 1082 3376 ﬁnem
1137 3318 1439 3388 imponam.
1489 3315 1560 3367 De
1595 3314 1700 3366 hoc
1734 3311 1882 3382 quod

231 3427 401 3488 dicis,
461 3421 596 3493 quia
645 3417 837 3472 dicunt
870 3414 941 3467 de
989 3426 1080 3465 me
1109 3408 1407 3464 homines:
1449 3403 1633 3469 Qualis
1659 3410 1741 3456 est
1791 3401 1883 3456 ille

231 3491 578 3580 avunculus,
609 3509 704 3581 qui
728 3506 859 3562 talia
892 3517 994 3558 suo
1023 3498 1211 3570 nepoti
1237 3495 1480 3552 scribit?
1511 3493 1697 3548 dicant
1728 3501 1783 3545 et
1813 3491 1884 3546 de

234 3615 290 3660 te
326 3603 432 3674 ipsi
455 3579 720 3655 homines
754 3613 768 3648 :
814 3591 1004 3658 Qualis
1055 3597 1139 3644 est
1167 3585 1259 3640 ille
1305 3599 1480 3655 nepos
1509 3582 1578 3636 ab
1610 3579 1883 3635 avunculo

229 3715 341 3755 suo
371 3697 500 3751 talis
529 3701 592 3748 ut
619 3702 752 3746 tunc
783 3697 905 3743 erat
952 3693 1288 3755 assumptus,
1329 3688 1385 3734 et
1412 3679 1535 3734 talis
1560 3677 1704 3732 sicut
1733 3692 1883 3732 nunc

229 3794 324 3842 est
352 3787 408 3838 in
437 3779 683 3853 spiritali
716 3793 779 3832 ac
799 3772 1092 3846 temporali
1116 3773 1325 3827 honore
1357 3767 1607 3835 effectus,
1631 3764 1724 3836 qui
1750 3764 1878 3818 talia

230 3883 350 3937 sibi
385 3878 559 3952 exigit
587 3875 656 3929 ab
686 3873 860 3928 invito
892 3868 1184 3933 avunculo,
1219 3882 1288 3920 ne
1318 3863 1443 3919 talis
1473 3861 1542 3916 ab
1570 3860 1710 3925 aliis,
1738 3860 1882 3915 sicut

237 3993 272 4028 a
306 3951 518 4042 nepote
550 3982 654 4022 suo
681 3963 1026 4037 depingitur,
1072 3958 1394 4018 aestimatus,
1448 3969 1547 4025 per
1573 3967 1698 4006 eum
1755 3951 1880 4005 bla-

1987 3222 2185 3293 scopi;
2234 3221 2386 3284 item,
2453 3236 2550 3291 pro
2606 3221 3177 3276 excommunicatione
3234 3219 3608 3285 Karlomanni,

1986 3334 2148 3390 quam
2195 3315 2443 3370 mittebat
2473 3314 2546 3376 ei,
2579 3313 2899 3389 significans
2943 3314 3182 3385 qualiter
3222 3313 3473 3368 eamdem
3505 3320 3614 3367 tra-

1984 3413 2132 3462 ctare
2187 3403 2457 3468 deberet;
2516 3404 2668 3468 item,
2725 3419 2824 3474 pro
2879 3402 3060 3456 missis
3120 3402 3291 3472 ipsius
3335 3401 3610 3467 Adventii,

1985 3509 2128 3567 quos
2169 3494 2395 3548 Romam
2437 3492 2712 3547 direxerat
2746 3508 2847 3563 pro
2907 3507 3072 3546 causa
3107 3491 3389 3563 Bertulphi
3433 3490 3615 3546 Trevi-

1987 3585 2166 3641 rensis
2200 3585 2625 3656 archiepiscopi,
2657 3585 2863 3639 mirans
2890 3600 2987 3638 cur
3016 3583 3121 3638 sibi
3164 3600 3274 3639 non
3312 3580 3616 3658 signiﬁcas-

1984 3685 2090 3744 set,
2125 3678 2218 3749 qui
2251 3678 2302 3732 ei
2335 3678 2800 3733 renuntiavissent
2829 3693 2842 3742 ;
2892 3676 3044 3740 item,
3079 3692 3177 3746 pro
3208 3675 3408 3730 litteris
3440 3674 3616 3730 Ludo-

1979 3771 2085 3825 vici
2132 3770 2303 3841 regis,
2353 3785 2490 3840 quas
2521 3770 2666 3824 idem
2700 3768 2995 3822 Adventius
3023 3768 3073 3821 ei
3105 3766 3403 3831 direxerat,
3446 3773 3502 3820 et
3556 3774 3616 3821 ut

1982 3862 2209 3929 litteras,
2270 3877 2406 3931 quas
2474 3860 2591 3930 ipse
2650 3861 2885 3914 domnus
2945 3858 3266 3913 Hincmarus
3336 3857 3612 3912 Ludovico

1994 3947 2265 4014 mittebat,
2299 3948 2418 4019 ipse
2449 3948 2711 4018 praefatus
2742 3946 2938 4017 praesul
2992 3945 3043 3999 ei
3093 3952 3184 3999 aut
3229 3945 3492 4006 mitteret,
3525 3951 3618 4000 aut

238 4031 587 4136 sphe-metur
617 4031 822 4112 nomen
858 4031 1083 4109 l)omini
1134 4051 1306 4121 (Rom.
1352 4048 1409 4117 ιι)
1442 4054 1496 4100 et
1550 4043 1895 4112 vituperetur
1995 4039 2228 4093 donaret
2256 4054 2269 4103 ;
2323 4037 2474 4102 item,
2508 4053 2606 4107 pro
2656 4035 2849 4091 litteris
2883 4034 3057 4105 ipsius
3088 4033 3360 4098 Adventii,
3394 4049 3532 4104 quas
3564 4031 3615 4087 ei

244 4133 633 4210 ministerium
686 4149 808 4214 ejus
853 4149 925 4215 {II
973 4146 1094 4199 Cor.
1146 4142 1258 4210 γι),
1297 4145 1522 4193 secutus
1572 4133 1893 4204 Apostolum

238 4247 602 4302 scribentem
627 4242 697 4296 ad
732 4237 1075 4299 Corinthios,
1108 4241 1302 4290 contra
1332 4248 1390 4285 se
1418 4228 1891 4299 blasphemantes,

1996 4127 2242 4194 miserat,
2298 4127 2556 4181 intimans
2617 4127 2686 4179 de
2739 4125 2975 4179 adventu
3029 4124 3328 4197 legatorum
3388 4136 3614 4177 suorum

1999 4216 2226 4288 pallium
2259 4233 2290 4271 a
2319 4215 2451 4269 sede
2501 4214 2803 4286 apostolica
2855 4213 3149 4284 Bertulpho
3190 4211 3611 4282 archiepiscopo

239 4299 615 4407 etiv-ilipendi
643 4331 713 4386 ab
744 4329 867 4383 aliis
895 4327 1213 4382 laborantes
1234 4322 1262 4376 ?
1313 4320 1435 4394 Egit
1465 4317 1673 4390 quippe
1705 4316 1898 4372 doctor
1994 4305 2390 4407 ueferentium,
2416 4305 2711 4407 exhortans
2730 4302 2999 4407 etiam,.ut
3018 4303 3085 4356 de
3109 4317 3299 4402 regum
3321 4299 3618 4407 concordia

235 4390 522 4497 ég-{régirus
556 4428 633 4483 ut,
666 4418 798 4471 dum
829 4415 945 4485 ipse
968 4412 1146 4485 qualis
1168 4416 1316 4465 esset
1347 4390 1685 4497 agnoscitur,
1711 4413 1765 4459 et
1785 4404 1895 4497 vita
1994 4397 2506 4497 laboraretaunde,
2539 4395 2666 4494 quia
2686 4410 2906 4497 semper
2928 4392 3260 4497 laboraverit
3289 4399 3342 4446 et
3359 4390 3618 4497 laborare

233 4491 526 4584 et'linugua
559 4507 703 4562 male
733 4501 1148 4575 praedicandum
1180 4499 1298 4567 ejus
1322 4492 1719 4567 praedicatione
1758 4491 1892 4546 vile-

233 4581 462 4667 sceret,
488 4601 616 4654 illos
649 4593 911 4649 videlicet
936 4589 1373 4652 commendaret,
1414 4585 1460 4639 si
1490 4599 1549 4638 se
1579 4581 1891 4636 absconde-

236 4707 354 4763 ret,
395 4707 641 4763 eumque
682 4703 741 4742 se
772 4703 883 4741 non
915 4682 1255 4745 ostenderet,
1289 4677 1461 4733 errori
1493 4677 1674 4731 locum
1707 4673 1891 4728 dedis-

233 4762 355 4842 set.
396 4762 597 4836 Dicunt
628 4777 799 4833 etiam
831 4782 887 4828 et
916 4772 1018 4844 ipsi
1054 4769 1306 4826 homines
1335 4767 1403 4821 dc
1433 4773 1486 4820 te
1519 4783 1531 4818 :
1583 4762 1768 4827 Qualis
1807 4769 1891 4817 est

235 4876 344 4929 ille
385 4886 589 4940 nepos,
633 4865 728 4938 qui
753 4863 879 4919 talia
910 4869 1101 4916 contra
1130 4874 1288 4922 suum
1319 4853 1674 4914 avunculum,
1705 4858 1759 4906 et
1790 4868 1892 4905 nu-

234 4964 514 5018 tritorem
541 4965 709 5028 atque
735 4951 1110 5008 ordinatorem
1144 4946 1510 5010 machinatur,
1542 4949 1596 4996 et
1625 4948 1890 5014 quantum

233 5060 448 5129 potest
474 5049 606 5104 mali
635 5047 776 5120 agit,
810 5051 863 5098 et
893 5042 1185 5113 plusquam
1216 5043 1400 5109 potest
1419 5050 1584 5110 agere
1616 5032 1890 5104 cupit,si-

234 5125 340 5205 cut
387 5155 449 5199 tu
504 5144 560 5196 in
597 5140 690 5194 die
720 5136 906 5210 magni
935 5133 1129 5203 judicii
1173 5129 1466 5185 manifeste
1493 5126 1730 5191 videbis,
1762 5125 1807 5180 si
1840 5133 1892 5180 te

229 5247 427 5294 antea
461 5231 592 5286 inde
628 5244 739 5283 non
782 5223 1193 5298 recognoveris,
1227 5227 1281 5275 et
1327 5217 1512 5292 dignis
1547 5216 1888 5287 poenitentiae

227 5323 532 5382 fructibus
565 5335 676 5374 non
711 5313 1094 5372 emendaveris
1123 5311 1151 5364 ?
1197 5309 1420 5364 Multum
1465 5322 1551 5361 me
1587 5306 1804 5378 fatigas,
1840 5313 1894 5360 et

229 5415 485 5475 merito,
517 5427 628 5466 non
661 5408 765 5463 tibi
798 5407 1121 5476 imputetur,
1175 5401 1272 5455 sed
1307 5397 1683 5470 fatigationem
1713 5411 1890 5450 meam

224 5501 604 5568 consolatur,
638 5496 790 5570 quod
824 5495 967 5550 sicut
998 5493 1096 5548 tibi
1130 5489 1347 5561 scripsi,
1381 5488 1575 5543 beatus
1601 5485 1889 5540 dicitGre-

223 5596 505 5675 gorius:
554 5587 666 5643 Etsi
715 5585 966 5655 EtliiOps
1014 5583 1174 5656 niger
1205 5581 1258 5633 in
1312 5578 1571 5631 balneum
1604 5576 1790 5639 intrat,
1838 5579 1892 5627 et

224 5667 429 5766 niger
486 5684 551 5738 de
582 5683 789 5737 balneo
850 5679 996 5744 exit;
1040 5685 1225 5731 tamen
1276 5671 1566 5726 balneator
1601 5667 1890 5724 denarium

223 5759 462 5838 balnei
485 5773 568 5828 sui
625 5787 736 5827 non
767 5769 970 5842 perdit.
1000 5766 1188 5822 Timeo
1228 5764 1297 5819 de
1328 5769 1383 5818 te
1407 5776 1532 5816 meo
1582 5759 1889 5815 Alexandro

1997 4487 2261 4551 decertet,
2313 4484 2629 4550 innotescit,
2677 4491 2732 4537 et
2783 4483 2852 4536 de
2902 4482 3074 4548 mulo,
3118 4497 3283 4552 quem
3327 4478 3435 4533 sibi
3477 4479 3616 4533 mitti

1997 4575 2251 4647 petierat,
2307 4573 2436 4645 quia
2468 4574 2570 4628 hoc
2609 4571 2813 4626 animal
2864 4571 2982 4641 ipse
3023 4571 3258 4624 domnus
3298 4569 3620 4623 Hincmarus

1997 4680 2106 4720 non
2157 4663 2405 4730 haberet,
2439 4678 2541 4716 nec
2595 4663 2790 4716 sedere
2830 4660 3052 4726 soleret,
3095 4667 3148 4713 et
3178 4658 3284 4712 alia
3315 4657 3566 4728 quwdam
3597 4671 3616 4722 ;

1997 4755 2150 4822 item,
2227 4771 2326 4826 pro
2400 4751 2993 4808 excommunicationis
3078 4748 3434 4814 discretione,
3491 4747 3619 4820 quia

1995 4845 2502 4902 excommunicatos
2553 4842 2959 4916 signiﬁcaverat
2989 4858 3020 4896 a
3063 4857 3123 4896 se
3153 4841 3419 4912 quosdam
3449 4839 3621 4893 male-

1995 4939 2230 4994 factores
2284 4938 2571 4993 Mettensis
2621 4935 2898 5000 Ecclesiae,
2947 4934 3202 4990 homines
3240 4932 3453 4988 scilicet
3480 4929 3622 4985 Wal-

1997 5031 2119 5086 terii
2153 5031 2392 5096 comitis,
2420 5037 2473 5084 et
2494 5028 2816 5094 Lambertii,
2848 5029 3157 5099 deposcens
3186 5033 3244 5080 ut
3263 5023 3618 5096 apostolicam

1996 5119 2242 5191 regulam
2275 5125 2328 5173 ct
2355 5117 2728 5190 episcopalem
2753 5122 2933 5171 servet
2963 5117 3018 5170 in
3050 5113 3365 5183 hujusmodi
3397 5111 3621 5187 negotio

1993 5209 2355 5279 patientiam;
2414 5208 2566 5272 item,
2620 5220 2731 5276 quo
2783 5205 3025 5260 debeant
3066 5203 3262 5259 ordine
3309 5201 3619 5258 consecrari

1999 5300 2462 5371 metropolitanus
2481 5305 2645 5369 atque
2669 5297 3018 5353 dimcesanus
3038 5295 3305 5368 episcOpi.
3331 5295 3620 5350 Ercamrao

1993 5392 2418 5448 Cathalaunensi
2451 5391 2738 5461 epiSCOpo,
2764 5390 2834 5445 de
2855 5389 3186 5462 quibusdam
3203 5387 3618 5458 reprehendens

1995 5502 2118 5558 qua)
2173 5499 2283 5541 non
2323 5484 2565 5539 libenter
2617 5482 2876 5538 audiebat
2924 5482 2993 5536 de
3043 5481 3158 5547 illo,
3201 5480 3508 5534 admonens
3563 5482 3616 5528 et

1995 5575 2277 5629 instruens
2333 5572 2574 5645 qualiter
2625 5588 2685 5627 se
2715 5587 2880 5645 agere
2941 5570 3160 5636 debeat,
3192 5577 3246 5624 et
3276 5574 3335 5622 ut
3391 5563 3615 5620 monitis

1993 5663 2312 5735 apostolicis
2343 5661 2639 5737 diligenter
2673 5661 2962 5726 attendat;
3003 5661 3157 5721 item,
3185 5671 3285 5728 pro
3324 5653 3610 5722 cujusdam

1991 5756 2135 5813 villae
2166 5755 2383 5822 incolis,
2424 5769 2564 5826 quos
2594 5751 3046 5808 irrationabiliter
3079 5748 3149 5807 ab
3181 5745 3330 5805 omni
3360 5743 3609 5802 consola-
