4010 6162
444 279 549 335 223

1552 278 1918 334 FLODOARDI
1961 275 2082 331 CAN
2089 274 2173 330 ON
2180 274 2263 330 lCI
2305 278 2633 334 REMENSIS

3653 277 3765 333 224

445 413 595 468 tione
647 412 816 467 divini
870 409 1184 476 ministerii,
1241 419 1466 482 propter
1493 412 1770 483 quoddam
1818 410 2056 468 homici-
2083 415 2257 484 Acus
2302 413 2442 470 mitti
2472 414 2713 485 petebat,
2744 430 2809 470 ac
2837 414 2907 469 de
2955 413 3210 469 Ecclesiis
3236 410 3556 468 monasterii
3584 410 3760 466 Orba-

445 503 619 569 dium,
652 517 759 557 non
802 501 869 555 ab
902 501 1036 571 ipsis
1086 507 1381 573 patratum,
1436 510 1763 569 removerat,
1795 502 2054 557 intimans

442 592 719 663 quomodo
750 606 852 645 nec
902 590 1246 659 charitatem,
1278 607 1381 646 nec
1430 590 1778 646 discretionis
1806 591 2054 645 modera-

444 683 649 738 tionem
682 682 737 736 in
779 683 885 738 hoc
916 681 1058 737 facto
1095 681 1419 739 custodierit
1448 700 1462 748 ;
1516 681 1671 750 item,
1701 697 1801 752 pro
1830 680 2054 736 absolu-

442 772 590 826 tione
636 771 921 841 cujusdam
968 771 1037 825 ab
1095 771 1215 841 ipso
1266 771 1745 837 excommunicati,
1804 785 1903 841 pro
1942 785 2051 842 quo

439 859 733 915 Guntarius
782 859 1127 915 Coloniensis
1156 860 1451 931 episcOpus
1497 860 1678 915 eidem
1710 860 1920 914 litteras
1948 861 2050 914 de-

441 952 781 1022 precatorias
825 952 1070 1019 miserat,
1129 968 1264 1024 quas
1315 952 1729 1023 ille-suscipere
1779 952 2050 1017 noluerat,

439 1040 745 1094 ostendens
783 1040 1001 1111 qualem
1032 1055 1091 1094 se
1145 1056 1274 1114 erga
1304 1039 1714 1111 delinquentes,
1747 1046 1803 1095 et
1830 1041 2050 1111 qualem

440 1146 571 1201 erga
599 1138 1056 1201 recognoscentes
1077 1131 1372 1202 episcopus
1391 1131 1653 1186 exhibere
1684 1131 1903 1186 debeat.
1938 1132 2053 1186 flii-

442 1219 668 1273 merado
715 1220 1089 1286 Ambianensi,
1158 1235 1259 1291 pro
1313 1219 1550 1291 quodam
1603 1220 1896 1287 monacho,
1954 1223 2048 1293 qui

441 1308 825 1380 presbyterum
884 1316 940 1364 et
984 1311 1318 1365 monachum
1365 1310 1422 1363 in
1483 1311 1817 1366 monasterio
1872 1313 2046 1366 sancti

441 1398 679 1454 Richarii
719 1400 944 1467 occidit,
994 1417 1095 1471 pro
1151 1417 1260 1473 quo
1318 1403 1554 1457 domnus
1597 1418 1741 1473 papa
1796 1402 2052 1458 Nicolaus

440 1486 651 1541 litteras
691 1488 875 1542 eidem
928 1489 1133 1544 domno
1177 1490 1467 1546 Hinemaro
1524 1490 1816 1556 direxerat,
1868 1491 2052 1562 paeni-

438 1580 624 1634 tentiae
679 1588 926 1636 tenorem
1005 1584 1401 1649 continentes;
1459 1583 1592 1639 item
1624 1626 1637 1651 ,
1697 1600 1797 1655 pro
1854 1584 2052 1640 litteris

440 1667 663 1723 Adriani
695 1686 849 1740 papa
895 1670 1027 1742 (14),
1062 1688 1199 1742 quas
1233 1672 1285 1726 ei
1316 1687 1415 1743 pro
1446 1672 1685 1742 quodam
1726 1670 2053 1742 presbytero

2152 504 2354 571 censis,
2403 504 2707 558 admonens
2755 517 2905 567 eum,
2936 517 3008 556 ne
3060 508 3251 557 contra
3300 506 3531 555 matrem
3584 514 3765 564 suam,

2153 597 2448 655 Ecclesiam
2508 594 2717 650 scilicet
2766 594 3117 659 Remensem,
3152 598 3207 647 et
3257 598 3548 663 patronum
3603 605 3766 644 suum

2151 694 2400 745 sanctum
2433 684 2742 759 Remigium
2787 683 2997 755 aliquid
3053 699 3310 754 perverse
3349 695 3513 757 agere
3556 696 3772 753 praesu-

2152 785 2346 833 meret.
2380 773 2554 830 Odoni
2602 771 2938 840 Belvacensi,
2988 787 3150 842 quem
3181 769 3350 824 tilium
3383 768 3767 824 charissimum

2151 885 2297 941 saepe
2329 874 2505 933 vocat,
2552 865 2729 920 multa
2759 863 2997 919 fidenter
3057 863 3198 934 [ms.,
3230 861 3485 932 ﬁdeliter]
3526 860 3768 932 scripsit.

2152 962 2255 1018 Pro
2284 957 2516 1030 epistola
2546 955 2821 1027 siquidem
2858 952 3084 1007 Adriani
3132 966 3308 1023 papae,
3341 966 3506 1022 quam
3534 949 3642 1004 sibi
3670 948 3775 1003 mi-

2151 1054 2298 1104 serat
2341 1061 2510 1117 super
2565 1043 2938 1115 appellatione
3002 1041 3290 1110 cujusdam
3345 1038 3654 1111 presbyteri
3700 1052 3772 1091 ex

2151 1135 2508 1190 Ambianensi
2549 1131 2831 1204 parochia,
2863 1137 2923 1185 ut
2952 1137 3193 1184 assumat
3219 1129 3365 1183 idem
3396 1127 3512 1182 Odo
3540 1141 3640 1198 pro
3669 1126 3776 1181 hac

2152 1230 2420 1297 laborem,
2452 1237 2727 1301 quatenus
2760 1226 3109 1281 Hilmeradus
3137 1224 3433 1295 episcopus
3476 1236 3633 1293 papas
3656 1220 3773 1289 jus-

2152 1324 2227 1378 sis
2251 1324 2491 1391 obediat,
2524 1329 2579 1378 et
2610 1320 2845 1392 qualiter
2873 1319 3097 1389 scripta,
3128 1316 3412 1389 presbyter
3429 1315 3576 1369 idem
3599 1313 3770 1368 Roma

2153 1417 2445 1483 detulerat,
2477 1414 2779 1486 prudenter
2809 1419 3039 1467 tractare
3068 1410 3294 1473 debeat;
3326 1409 3480 1473 item,
3511 1421 3611 1478 pro
3641 1405 3769 1477 qui-

2153 1506 2381 1560 busdam
2415 1504 2560 1574 regis
2588 1502 2907 1559 hominibus
2946 1501 3091 1555 inter
3119 1515 3178 1554 se
3218 1495 3683 1557 discordantibus,
3712 1501 3772 1549 ut

2153 1605 2503 1653 commoneat
2529 1611 2625 1651 eos
2668 1595 2737 1649 ad
2775 1610 2968 1665 pacem
2999 1593 3213 1658 venire,
3245 1591 3562 1662 indicetque
3612 1588 3769 1658 ipsis,

2156 1690 2305 1761 quod
2337 1689 2440 1744 nisi
2475 1691 2580 1744 hoc
2618 1687 2857 1760 egerint,
2893 1686 2962 1739 ab
2993 1685 3188 1740 eodem
3225 1684 3431 1738 domno
3478 1682 3771 1737 Hincmaro

441 1757 684 1826 miserat,
724 1767 1023 1830 monetque
1062 1768 1123 1815 ut
1170 1761 1489 1830 apostolicis
1516 1760 1742 1816 obediat
1787 1761 2052 1829 jussioni-
2085 1737 2685 1838 ngcommunicand?
2735 1737 2879 1845 sint}
2945 1778 3096 1843 item,
3149 1792 3249 1847 pro
3314 1774 3546 1847 synodo,
3606 1788 3767 1845 quam

444 1849 592 1914 bus;
635 1849 788 1917 item,
824 1867 921 1920 pro
974 1852 1214 1922 quodam
1270 1851 1618 1924 presbytero,
1676 1853 1771 1923 qui
1816 1854 1884 1907 ad
1930 1869 2056 1908 eum

443 1942 798 2009 clamaverat,
832 1943 982 2014 quia,
1044 1960 1142 2014 pro
1174 1958 1240 1999 eo
1272 1945 1420 2016 quod
1465 1960 1616 1999 arma
1671 1945 1741 2000 de
1771 1945 2055 2015 cujusdam

441 2034 583 2089 ebrii
634 2034 911 2102 manibus,
957 2036 1049 2106 qui
1097 2051 1222 2090 eum
1279 2036 1539 2091 occidere
1579 2036 1821 2103 volebat,
1872 2044 2058 2093 extor-

443 2139 641 2195 quens,
676 2123 908 2194 projecit
936 2132 992 2179 et
1013 2123 1172 2198 fugit,
1199 2124 1344 2179 idem
1371 2125 1668 2195 episcopus
1689 2124 1757 2178 ab
1788 2140 1854 2181 eo
1884 2132 1940 2180 et
1970 2127 2059 2181 Ec-

439 2215 664 2271 ciesiam
693 2231 846 2270 suam
877 2222 931 2270 et
961 2215 1249 2271 facultates
1278 2217 1400 2284 ejus
1417 2216 1649 2271 tulisset.
1686 2217 1839 2272 Unde
1870 2219 2057 2273 redar-

336 2346 345 2357 .
437 2302 557 2375 guit
608 2319 756 2368 eum,
814 2303 965 2372 quod
1003 2311 1199 2358 contra
1231 2304 1612 2359 auctoritatem
1643 2319 1921 2360 sacrorum
1966 2321 2059 2360 ca-

439 2405 649 2445 nonum
679 2406 811 2463 erga
837 2388 1124 2462 praefatum
1153 2392 1332 2463 egerit
1359 2393 1763 2463 presbyterum,
1789 2396 2059 2451 mandans

437 2484 572 2554 quid
606 2481 872 2550 ﬂendum,
896 2491 950 2538 et
970 2484 1106 2555 quid
1131 2484 1289 2552 juxta
1313 2485 1636 2541 canonicam
1663 2486 1735 2541 sit
1761 2486 2054 2542 auctorita-

438 2578 548 2626 tem
565 2573 634 2627 de
658 2576 763 2627 hoc
788 2572 1217 2628 observandum.
1247 2575 1382 2629 Item
1413 2575 1752 2648 redarguens
1778 2590 1904 2629 eum
1921 2592 2055 2647 qua-

442 2679 497 2716 re
528 2664 584 2717 in
641 2670 865 2735 torpore
904 2665 1260 2740 negligentiae
1306 2667 1700 2738 requiescens,
1763 2681 2055 2738 pravorum

439 2756 687 2811 consiliis
714 2764 982 2824 uteretur,
1014 2774 1139 2812 cum
1169 2766 1225 2813 et
1267 2768 1425 2813 aetate
1455 2766 1509 2814 et
1538 2774 1787 2831 corporis
1824 2758 2053 2814 infirmi-

439 2854 545 2902 tate
577 2849 644 2902 ad
672 2847 840 2904 finem
872 2848 994 2904 vitae
1023 2851 1206 2924 urgeri
1233 2851 1533 2919 videretur,
1579 2853 1881 2907 ostendens
1907 2853 1959 2907 ei
1989 2867 2055 2907 ex

438 2945 752 2995 sanctarum
778 2940 1004 2995 monitis
1040 2940 1463 3012 Scripturarum,
1510 2943 1714 3014 quibus
1745 2950 2053 3017 transgres-

439 3034 691 3089 sionibus
736 3034 1083 3090 inveniretur
1111 3036 1387 3092 obnoxius
1419 3055 1433 3103 ;
1492 3038 1645 3104 item,
1680 3053 1778 3109 pro
1813 3040 2052 3110 quodam

2157 1890 2250 1929 rex
2282 1878 2622 1946 praeceperat
2648 1870 2961 1926 habendam
2994 1885 3106 1925 non
3136 1869 3192 1923 in
3226 1874 3477 1938 tempore
3504 1881 3771 1941 congruo,

2158 1973 2354 2038 petens
2400 1966 2692 2021 consilium
2734 1964 2865 2036 quid
2921 1962 3049 2017 inde
3088 1978 3256 2035 agere
3305 1960 3523 2025 debeat,
3574 1973 3775 2032 rogans

2157 2059 2321 2113 etiam
2359 2058 2463 2112 sibi
2504 2055 2813 2111 remandari
2861 2054 2994 2126 quid
3037 2069 3131 2108 rex
3165 2050 3515 2123 responderit
3552 2049 3624 2103 de
3667 2048 3774 2102 illis

2158 2151 2474 2206 hominibus
2505 2164 2645 2221 quos
2683 2165 2743 2203 se
2781 2146 3382 2202 excommunicaturum
3423 2140 3776 2216 signiﬁcave-

2160 2250 2260 2309 rat,
2296 2251 2351 2297 et
2398 2241 2469 2296 de
2524 2241 2645 2295 aliis
2706 2239 3037 2295 necessariis
3093 2238 3289 2293 causis.
3322 2236 3397 2290 De
3444 2233 3773 2306 quibusdam

2160 2347 2384 2403 quoque
2413 2331 2650 2402 scriptis,
2684 2338 2739 2384 et
2777 2330 3085 2384 Graecorum
3128 2325 3547 2398 qumstionibus,
3578 2330 3636 2378 et
3668 2323 3773 2377 bo-

2159 2421 2329 2476 miliis
2352 2421 2497 2476 beati
2529 2420 2674 2475 Petri
2702 2419 3028 2489 caeterisque
3060 2414 3255 2481 rebus;
3284 2414 3416 2469 item
3446 2412 3513 2467 de
3542 2426 3777 2482 respon-

2157 2509 2407 2564 sionibus
2436 2508 2503 2562 ad
2535 2506 2753 2576 objecta
2782 2506 3114 2570 Graecorum,
3138 2518 3276 2574 quas
3304 2502 3451 2556 idem
3478 2500 3594 2556 Odo
3624 2498 3782 2555 colli-

2158 2616 2295 2675 gens
2322 2599 2708 2670 descripserat.
2747 2604 2801 2651 et
2840 2597 3046 2652 domno
3078 2595 3367 2649 Hincmaro
3397 2591 3641 2646 miserat.
3673 2589 3780 2645 Un-

2159 2691 2226 2746 de
2256 2691 2369 2747 Deo
2399 2691 2604 2763 gratias
2634 2689 2827 2757 refert,
2860 2689 2988 2761 quia
3017 2703 3077 2742 se
3119 2688 3413 2757 ipsumque
3443 2698 3554 2738 uno
3583 2681 3776 2752 Spiritu

2159 2790 2376 2855 potatos
2414 2783 2646 2851 invenit,
2689 2791 2744 2836 et
2773 2782 2905 2854 quid
2951 2782 3021 2835 de
3066 2780 3153 2834 his
3183 2778 3286 2834 sibi
3333 2777 3585 2833 videatur
3612 2773 3778 2829 simul

2156 2874 2558 2930 conferendum
2584 2889 2707 2928 esse
2730 2870 3027 2948 significat,
3056 2870 3153 2926 sed
3176 2876 3231 2924 et
3251 2869 3397 2941 apud
3418 2875 3605 2944 regem
3629 2883 3778 2921 sem-

2155 2978 2255 3033 per
2283 2979 2408 3017 eum
2441 2973 2759 3018 excusatum
2783 2960 2905 3016 fieri
2938 2968 3112 3033 rogat,
3140 2961 3233 3032 qui
3265 2966 3397 3015 tunc
3421 2958 3476 3012 in
3507 2956 3632 3026 ejus
3658 2971 3778 3010 ser—

2155 3055 2370 3122 vitium,
2421 3054 2656 3110 diversis
2695 3051 3108 3108 infirmitatibus
3144 3051 3423 3117 detentus,
3478 3047 3633 3103 abire
3667 3062 3776 3102 non
3862 3114 3869 3115 γ

440 3126 784 3197 presbytero,
825 3129 1094 3183 mandans
1121 3135 1175 3183 et
1213 3130 1551 3186 interdicens
1581 3105 1904 3187 auctoritate
1934 3147 2047 3187 me-

2157 3148 2419 3219 potuerit,
2452 3161 2829 3203 rememorans
2848 3145 3011 3200 etiam
3037 3144 3107 3199 de
3140 3141 3607 3206 discordantibus,
3630 3139 3781 3195 unde

439 3219 789 3289 tropolitana,
819 3227 879 3274 ut
909 3219 1121 3275 nullum
1148 3221 1528 3291 prrejudicium
1561 3223 1612 3278 ei
1645 3224 1826 3291 iaciat,
1854 3223 1952 3278 sed
1982 3224 2046 3279 ad

2156 3236 2259 3304 iam
2289 3239 2667 3305 mandaverat,
2702 3246 2763 3291 ut
2793 3252 2888 3292 eos
2914 3236 3001 3297 ,ad
3044 3251 3234 3306 pacem
3285 3234 3469 3290 redire
3499 3240 3778 3298 moneret,

437 3314 707 3386 synodum
751 3321 1105 3371 convocatam
1138 3316 1227 3371 die
1253 3317 1606 3373 denominata
1626 3318 1733 3373 sibi
1762 3333 2049 3374 occurrere
2150 3331 2382 3386 laudans
2402 3346 2527 3385 eum
2560 3329 2706 3400 quod
2729 3328 2907 3383 dehis
2936 3343 3058 3399 quae
3083 3327 3140 3381 in
3158 3327 3356 3381 litteris
3383 3325 3498 3380 suis
3528 3325 3579 3379 ei
3600 3324 3777 3400 signi-
3862 3337 3873 3346 '

438 3410 695 3476 studeat;
752 3410 903 3477 item,
946 3427 1045 3482 pro
1074 3412 1180 3466 hac
1208 3413 1401 3468 eadem
1427 3428 1505 3477 re,
1542 3413 1804 3469 intimans
1832 3412 1962 3483 quia
2003 3415 2048 3469 si

2156 3422 2429 3491 ficaverat,
2470 3430 2528 3478 ut
2563 3422 2734 3476 Deum
2784 3428 2837 3475 et
2873 3419 3097 3476 fratrem
3144 3419 3406 3494 diligens,
3438 3416 3688 3473 studiose
3717 3433 3780 3472 ac

440 3516 550 3556 non
601 3502 902 3557 occurrerit
942 3505 1011 3559 ad
1042 3504 1315 3576 synodum
1365 3505 1669 3560 secundum
1715 3513 2050 3577 praeceptum
2153 3512 2545 3584 episcopaliter
2576 3510 2776 3585 egerit,
2809 3520 2945 3565 etut
2964 3525 3151 3585 regem
3174 3513 3541 3572 commoneat,
3572 3513 3629 3560 et
3650 3506 3781 3561 inde

439 3608 616 3662 papze,
662 3594 812 3664 quod
851 3595 1096 3667 synodus
1125 3596 1193 3651 de
1223 3611 1289 3652 eo
1314 3596 1644 3665 judicaverit
1681 3597 1736 3651 in
1768 3598 1951 3668 ipsum
1983 3599 2055 3654 sit
2153 3599 2520 3654 ministerium
2545 3615 2702 3653 suum
2734 3598 2915 3653 facere
2940 3604 3115 3672 rogat,
3141 3596 3247 3651 sibi
3278 3610 3501 3667 quoque
3525 3594 3779 3658 rescribi,

439 3683 876 3754 exsequendum.
914 3686 1064 3741 Isaac
1090 3686 1447 3761 Lingonensi,
1490 3702 1591 3759 pro
1631 3687 1867 3759 quodam
1902 3689 2054 3764 regio
2155 3689 2221 3743 de
2250 3688 2604 3760 quibusdam,
2656 3703 2778 3759 quae
2810 3688 2958 3743 inter
2987 3702 3046 3741 se
3073 3696 3126 3741 et
3165 3701 3354 3760 regem
3388 3684 3776 3740 versabantur.

439 3776 610 3833 milite
660 3780 728 3835 ab
758 3781 877 3853 ipso
925 3784 1423 3852 excommunicato,
1481 3785 1723 3840 suadens
1775 3793 1835 3840 ut
1870 3786 2058 3842 mitius

440 3882 571 3942 erga
610 3886 737 3925 eum
767 3882 975 3947 ageret,
1010 3883 1238 3947 propter
1261 3875 1556 3931 instantem
1589 3876 1659 3932 de
1703 3875 2059 3933 infestatione

440 3972 777 4033 paganorum
808 3964 1214 4029 necessitatem,
1244 3963 1643 4037 notiﬁcansque
1671 3966 2057 4038 qualiteripse

440 4063 606 4122 agere
634 4050 837 4106 soleret
882 4052 933 4105 in
986 4052 1185 4108 talibus
1224 4056 1823 4110 excommunicatorum
1855 4056 2055 4124 causis,

440 4148 494 4196 et
512 4142 641 4212 quia
670 4141 804 4196 illud
824 4143 1116 4197 anathema
1143 4158 1253 4197 non
1277 4142 1440 4197 duret
1461 4143 1717 4213 amplius,
1750 4145 1855 4199 nisi
1883 4162 2056 4216 quan-

366 4260 367 4263 η
440 4232 533 4287 diu
560 4234 727 4288 homo
757 4233 813 4287 in
843 4240 1068 4304 peccato
1117 4241 1437 4304 perseverat
1465 4252 1479 4300 ;
1521 4233 1676 4302 item,
1715 4251 1816 4306 pro
1847 4237 2058 4307 nepoti-

440 4322 544 4378 bus
571 4323 766 4395 ipsius,
799 4323 893 4394 qui
930 4322 1078 4394 apud
1116 4322 1375 4377 eumdem
1407 4323 1671 4380 domnum
1704 4325 2055 4386 Hincmarum

2155 3781 2411 3848 Quaedam
2442 3782 2606 3837 etiam
2629 3782 2912 3850 intimans,
2945 3797 3068 3853 qua;
3089 3789 3300 3836 secreto
3329 3779 3530 3835 Joanni
3561 3778 3777 3848 episco-

2162 3886 2232 3942 po
2263 3870 2571 3927 notificaret
2612 3869 2683 3925 de
2712 3870 2924 3941 synodo
2952 3876 3101 3937 tunc,
3144 3876 3202 3923 ut
3232 3885 3326 3923 rex
3368 3868 3630 3937 jusserat,
3667 3881 3776 3920 non

2159 3964 2395 4038 agenda,
2417 3969 2473 4018 et
2489 3979 2659 4035 quare
2681 3971 2812 4018 tunc
2843 3963 3134 4019 convocari
3154 3979 3267 4019 non
3284 3961 3536 4027 deberet,
3556 3958 3771 4013 addens

2158 4053 2227 4108 de
2258 4052 2588 4123 quibusdam
2621 4067 2841 4125 quoque
2880 4052 3119 4123 scriptis,
3142 4067 3285 4125 quae
3317 4048 3393 4105 illi
3434 4047 3768 4113 remittebat,

2158 4145 2242 4200 vel
2277 4162 2398 4216 quae
2448 4145 2554 4200 sibi
2597 4124 3082 4216 mittiposeebat;
3134 4124 3274 4200 item
3306 4142 3376 4197 de
3421 4138 3773 4196 ordinatione

2157 4235 2485 4304 Willeberti,
2516 4239 2602 4293 cui
2627 4253 2719 4292 rex
2753 4235 3090 4308 episc0pium
3133 4232 3575 4288 Cathalaunense
3602 4230 3774 4284 dede-

2158 4337 2259 4396 rat,
2292 4344 2361 4383 ne
2398 4327 2454 4381 in
2485 4327 2660 4398 ipsius
2688 4326 3041 4382 ordinatione
3073 4325 3140 4378 ab
3171 4323 3367 4380 ordine
3392 4321 3583 4376 debito
3608 4318 3771 4375 decli-

442 4420 635 4475 nutriti
662 4418 901 4487 fuerant,
932 4426 987 4473 et
1021 4418 1126 4472 alia
1152 4417 1426 4489 qumdam.
1460 4418 1737 4495 Hungario
1768 4421 2053 4494 episcopo,
2081 4469 2135 4495 η
2157 4427 2332 4487 naret,
2392 4419 2652 4474 intimans
2679 4419 2827 4492 quod
2872 4416 3321 4474 irrationabiliter
3367 4414 3772 4470 Cathalaunen-

442 4469 635 4475 ““’””““““
662 4469 901 4487 “’“⁷””“’⁷
939 4469 985 4473 ’⁷
1025 4469 1125 4472 “’“”
1157 4469 1426 4489 Ἰ“””’“”““”
1460 4469 1733 4495 """D""'
1772 4469 2053 4494 '1'"""I"'7
2157 4469 2245 4475 "w'
2263 4469 2332 4487 "7
2392 4469 2617 4474 '_"""‘"
2683 4469 2827 4492 1"“
2872 4469 3189 4474 ““““”⁷“““⁷’“
3224 4469 3309 4471 ""
3383 4469 3388 4470 ⁷
3450 4469 3456 4470 '

439 4530 540 4586 pro
572 4513 1142 4571 excommunicatione
1170 4513 1423 4569 Balduini
1461 4515 1556 4587 qui
1593 4515 1781 4571 Judith
1830 4517 2050 4573 viduam
2078 4469 2136 4538 D
2164 4526 2272 4580 ses,
2305 4518 2429 4582 post
2448 4511 2662 4567 obitum
2693 4511 2778 4566 sui
2800 4509 3152 4582 episeOpi,de
3173 4523 3271 4563 sua
3300 4508 3416 4579 ipsa
3447 4504 3778 4561 necessitate

442 4607 586 4681 regis
635 4605 805 4662 ﬁliam
834 4606 939 4662 sibi
988 4604 1198 4661 furatus
1236 4604 1411 4661 fuerat
1451 4606 1507 4661 in
1539 4621 1793 4674 uxorem,
1824 4608 1975 4665 unde
2005 4620 2060 4668 ει
2162 4599 2410 4668 fecerint,
2434 4610 2489 4655 et
2518 4600 2669 4673 quod
2691 4600 2759 4654 ad
2787 4614 2973 4672 regem
2997 4599 3206 4653 litteras
3234 4613 3360 4652 suas
3383 4611 3483 4667 pro
3505 4594 3779 4650 electione

440 4703 509 4757 ab
536 4701 810 4773 episcopis
837 4701 1004 4770 hujus
1030 4701 1186 4774 regni
1214 4698 1395 4756 fuerat
1419 4702 1950 4759 excommunicatus.
1976 4720 1982 4729 ν
2162 4693 2373 4765 praefati
2421 4694 2725 4750 Willeberti
2780 4693 3053 4759 miserint,
3103 4692 3387 4747 decretum
3444 4704 3577 4745 vero
3619 4704 3777 4742 suum
3808 4745 3827 4757 ,

509 4792 768 4849 Hortatur
819 4798 1003 4848 autem
1052 4791 1310 4847 eumdem
1363 4792 1724 4866 Hungarium,
1768 4801 1828 4850 ut
1876 4795 2063 4852 admo-
2164 4789 2232 4844 ad
2259 4788 2762 4859 archiepiscOpum,
2790 4785 2931 4841 sicut
2959 4785 3179 4839 mittere
3206 4783 3537 4848 debuerant,
3572 4787 3633 4834 ut
3654 4779 3782 4834 inde

440 4894 568 4943 neat
600 4887 855 4943 Roricum
894 4886 1294 4955 Normannum,
1332 4903 1513 4959 nuper
1550 4887 1620 4942 ad
1660 4886 1825 4943 ﬁdem
1868 4888 2062 4945 Chriin
2165 4895 2293 4952 (11133.
2327 4879 2541 4953 agenda
2575 4883 2763 4933 essent
2800 4874 3066 4931 canonice
3109 4882 3320 4949 ageret,
3355 4886 3464 4926 ηοῐι
3506 4868 3781 4959 miserim;

441 4999 795 5051 conversum,
828 5000 899 5038 ne
941 4984 1171 5055 recipiat
1199 4958 1456 5040 eumdem
1494 4981 1846 5052 Balduinum,
1880 5002 2064 5058 neque
2167 4968 2457 5022 insinuans
2487 4964 2722 5058 qualiter
2751 4964 2882 5019 inde
2905 4963 3026 5058 rite
3058 4962 3239 5058 facere
3270 4960 3637 5058 debuissent;
3673 4958 3785 5058 ‘sed

445 5082 762 5155 praesidium
790 5080 926 5137 ferat
957 5098 971 5136 :
1011 5081 1109 5139 sed
1140 5090 1195 5137 et
1225 5082 1373 5154 quod
1403 5090 1627 5138 centum
1665 5082 1721 5152 [ἰ.
1756 5081 1802 5136 si
1833 5082 2061 5154 caeteri].

445 5172 766 5229 Nortmanni
795 5186 895 5244 per
914 5171 1036 5242 ejus
1054 5171 1369 5240 consilium,
1392 5179 1454 5227 ut
1473 5170 1744 5239 audierat,
1773 5179 1899 5243 post
1925 5187 2063 5228 eon-

444 5266 757 5323 versionem
788 5265 962 5336 ipsius
1008 5264 1155 5321 istud
1187 5279 1420 5337 regnum
1458 5261 1761 5334 depraedati
1809 5262 2065 5330 fuissent,
2170 5261 2415 5301 “mum”:
2453 5261 2508 5288 υι
2540 5261 2807 5306 mimum
2837 5261 3036 5286 υιυυιιυ
3086 5261 3200 5297 "at:
3235 5261 3290 5284 σι
3320 5261 3620 5338 νυδιιειςιυι
3653 5261 3734 5283 διν

447 5362 550 5418 hoc
576 5360 743 5435 digna
800 5324 1131 5431 poenitentia
1159 5324 1458 5414 emcndare
1511 5324 1776 5412 studeret.
1819 5324 2068 5411 Fulcrico
2170 5332 2347 5435 iBSius
2392 5327 2699 5435 Ρηξάθηξίδθ
2759 5327 2958 5435 "fenus
2996 5326 3127 5380 inde
3166 5324 3790 5435 vﬂéretflrﬂlﬁffjﬁ

443 5415 768 5513 TremsZino
802 5415 1112 5526 ‘episcopo,
1171 5452 1428 5508 Ecclesiae
1478 5450 1768 5507 Remensis
1822 5449 2067 5517 alumno,
2170 5424 2541 5525 disponeret?
2591 5421 2743 5488 item,
2771 5423 2851 5526 ἀεὶ
2871 5436 3037 5526 “ius?
3068 5417 3559 5526 Ρδτίξθὴίδῖίρδίηδ
3587 5415 3791 5517 omnis

676 5508 944 5603 referens
960 5508 973 5510 v
985 5508 1087 5616 pro
1104 5508 1112 5519 ν
1129 5542 1379 5615 epistolis
1407 5540 1736 5613 quibusdam
1780 5539 2047 5615 Augustin

2172 5532 2294 5589 quae
2325 5515 2470 5572 inter
2520 5514 2699 5586 ipsum
2732 5521 2788 5568 et
2816 5512 3123 5569 Rothadum
3180 5512 3641 5567 Suessionensem
3672 5508 3791 5579 epi-

2557 5606 2667 5624 .~i,|
2701 5616 2777 5624 ,.,A
2804 5623 2810 5624 ,
2887 5605 3153 5624 _!,-_-_|_---
3216 5604 3270 5624 ,1-
3304 5602 3622 5624 -μ--ι.--.-,-
3706 5600 3787 5624 -.-2

453 5602 753 5699 Ξὺξο-εἱδί
780 5602 1001 5705 missis;
1028 5644 1086 5694 et
1113 5602 1184 5693 de
1211 5637 1352 5693 libro
1381 5602 1618 5708 Didymi,
1661 5651 1824 5707 quem
1858 5602 2068 5690 §ulcri-
2172 5624 2403 5675 scopum
2445 5606 2833 5675 ventilabam“
2882 5605 3161 5676 Simmque
3207 5604 3276 5659 de
3304 5602 3649 5676 preSbylero’
3700 5602 3791 5673 qui

518 5741 632 5808 (14)
669 5739 763 5794 Ha;
786 5737 1038 5809 epistolae
1066 5736 1240 5793 Nicol.
1275 5737 1293 5790 Ι
1333 5742 1390 5793 et
1417 5734 1639 5790 Adriani
1668 5734 1737 5789 ad
1781 5733 2139 5789 Hincmarum
2174 5745 2285 5787 non
2313 5735 2546 5785 exstant.

2167 5056 2299 5128 quia
2356 5071 2467 5111 non
2512 5054 2776 5121 fecerant,
2824 5052 2957 5124 quid
2992 5051 3192 5107 exinde
3247 5050 3460 5107 cautius
3507 5049 3783 5124 agendum

2166 5145 2271 5201 sibi
2312 5144 2584 5209 videatur,
2635 5143 2907 5210 edisserit,
2939 5149 2994 5197 et
3030 5142 3333 5213 prudenter
3389 5138 3785 5195 attendendum

2168 5234 2415 5301 mandat,
2449 5241 2508 5288 ut
2540 5231 2807 5306 regularis
2837 5230 3036 5286 electio
3086 5229 3200 5297 ﬁat,
3235 5235 3290 5284 et
3320 5236 3620 5300 postremo,
3653 5229 3789 5283 sicut
