4010 6162
266 251 370 306 225

906 252 1230 308 HISTORIA}
1269 253 1599 308 ECCLESl/E
1641 255 1964 310 REMENSIS
2005 255 2182 310 LIBRI
2221 256 2529 320 QUATUOR
2682 260 2805 314 LIB.
2849 261 2952 316 lll.‘

3482 266 3588 321 226

262 385 552 455 epistolam
584 401 739 455 papa
762 385 934 440 Roma
959 387 1253 452 detulerat,
1291 398 1549 462 utregem
1581 388 1875 444 admoneat
1899 393 1951 460 A
1976 388 2275 460 quisitione
2293 388 2362 443 ab
2393 389 2510 459 ipso
2533 389 2719 444 Odone
2756 399 2811 446 et
2839 392 3064 463 praefato
3120 392 3425 448 Hedenulfo
3476 404 3583 449 tra-

263 471 588 527 modificans
609 473 729 539 ejus
757 474 1024 540 animum,
1059 491 1128 529 ne
1149 482 1338 530 contra
1359 476 1650 530 Dominum
1665 475 1874 548 aliquid

265 559 425 614 faciat
451 563 508 616 in
540 564 778 618 Ecclesia
810 566 923 632 Dei,
951 567 1037 621 vel
1071 567 1372 638 episc0pali
1407 568 1601 622 ordine
1634 584 1745 621 non
1780 582 1878 638 pro

265 653 556 711 Hincmaro
585 667 787 728 nepote
814 675 915 714 suo
937 675 996 714 se
1024 668 1233 714 tantum
1278 661 1331 714 id
1368 661 1554 716 dicere
1602 676 1878 727 asserens,

261 757 527 818 quantum
563 765 661 820 pro
686 750 807 820 ipso
823 751 1046 806 seniore
1095 767 1194 806 suo
1235 767 1386 826 rege,
1419 768 1487 807 ne
1545 753 1662 824 ipse
1695 752 1879 808 taliter

263 847 540 906 peccaret,
572 840 721 895 unde
750 842 1083 896 aternaliter
1133 842 1382 912 periret;
1425 844 1579 910 item,
1639 845 1708 898 de
1751 858 1879 899 cor-

260 930 511 985 rectione
549 932 794 1001 epistola
823 950 951 997 sua,
989 951 1152 1005 quam
1182 934 1260 988 illi
1291 935 1504 1005 pridem
1529 935 1776 1001 miserat,
1807 936 1874 990 ab

258 1025 521 1094 imperito
551 1026 822 1096 scriptore
861 1037 1194 1098 corruptam,
1217 1037 1274 1083 et
1303 1029 1373 1084 de
1403 1030 1488 1084 his
1501 1047 1623 1101 qua
1654 1029 1878 1099 objicie-

260 1111 466 1167 bantur
506 1113 794 1170 Hincmaro
834 1117 1258 1172 scandalizatori
1303 1133 1404 1173 suo
1428 1159 1442 1184 ,
1477 1119 1630 1185 item,
1689 1119 1758 1172 de
1791 1119 1879 1174 lit-

261 1201 414 1266 teris,
447 1218 588 1272 quas
619 1219 716 1273 pro
754 1205 948 1259 eodem
999 1206 1288 1260 Hincmaro
1348 1206 1462 1280 regi
1494 1206 1767 1268 mittebat,
1821 1213 1881 1261 ut

261 1288 383 1359 ipse
411 1289 529 1345 Odo
562 1307 655 1345 eas
683 1292 763 1345 illi
795 1293 1119 1368 porrigeret,
1163 1301 1216 1348 et
1243 1295 1487 1365 qualiter
1523 1309 1617 1348 eas
1649 1309 1878 1364 recepe-

262 1381 352 1445 rit,
396 1383 483 1435 vel
517 1383 602 1436 his
632 1384 912 1451 annuerit,
947 1386 1042 1440 sed
1101 1395 1156 1441 et
1203 1387 1272 1440 de
1315 1387 1438 1441 aliis
1481 1386 1590 1441 sibi
1637 1386 1880 1442 sciendis

261 1473 401 1543 petit
431 1473 631 1529 litteris
657 1475 765 1530 sibi
798 1479 1106 1532 remandari
1138 1479 1304 1543 ;item
1337 1479 1407 1533 de
1463 1495 1627 1534 causa
1650 1479 1877 1550 Erpuini

259 1561 537 1632 episcopi,
578 1564 673 1634 qui
703 1565 772 1618 ad
835 1566 1144 1621 condictam
1191 1555 1462 1638 synodum
1518 1567 1707 1622 venire
1768 1582 1876 1622 non

257 1650 506 1716 valebat,
538 1659 598 1706 ut
622 1668 844 1707 causam
876 1654 1051 1724 ipsius
1073 1655 1187 1711 Odo
1230 1656 1376 1710 inter
1430 1656 1550 1724 ejus
1580 1670 1876 1726 personam

256 1749 311 1795 et
340 1751 696 1798 accusatores
726 1745 845 1812 ejus
865 1715 1092 1818 exsequi
1123 1747 1394 1814 studeret,
1448 1715 1502 1802 et
1549 1715 1596 1802 si
1626 1748 1693 1802 ad
1727 1748 1874 1802 inte-
1907 1715 1956 1782 Β

256 1847 418 1903 grum
439 1833 498 1885 id
519 1849 684 1907 agere
730 1850 841 1889 non
897 1845 1101 1906 posset,
1149 1837 1408 1892 eumdem
1465 1838 1766 1909 Erpuinum
1823 1845 1879 1893 et

255 1932 616 1979 accusatores
653 1925 773 1993 ejus
801 1927 870 1981 ad
909 1928 1179 1998 synodum
1211 1931 1359 2006 apud
1393 1929 1566 1986 Pistas
1605 1931 1876 2004 agendam

253 2012 414 2067 abire
443 2025 838 2070 commoneat:
889 2019 1038 2081 item,
1102 2020 1172 2074 de
1202 2021 1402 2076 litteris
1431 2021 1536 2076 sibi
1593 2023 1660 2076 ab
1688 2022 1876 2078 Odone

255 2106 469 2173 missis,
512 2108 569 2160 in
620 2108 824 2179 quibus
887 2122 1233 2182 compererat
1263 2113 1551 2186 insurgere
1608 2115 1875 2185 quosdam

253 2198 565 2253 monachos
593 2208 785 2256 contra
813 2217 1023 2256 sacram
1053 2204 1462 2271 auctoritatem,
1514 2211 1568 2259 et
1598 2205 1668 2259 de
1701 2205 1876 2276 privi-

249 2285 416 2358 legiis
444 2285 799 2344 Corbeiensis
819 2291 1140 2346 monasterii
1180 2310 1194 2357 ;

252 2378 320 2432 ad
357 2394 550 2452 regem
587 2398 600 2444 ;
657 2381 785 2435 item
842 2383 1044 2457 gratias
1091 2382 1337 2438 referens
1367 2385 1500 2452 Deo,
1531 2401 1630 2456 pro
1659 2385 1880 2440 satisfa-

251 2467 465 2521 ctionis
525 2475 582 2522 et
627 2470 992 2526 correctionis
1031 2471 1349 2538 dulcedine,
1397 2488 1504 2544 qua
1557 2473 1614 2526 in
1684 2474 1878 2529 litteris

247 2559 432 2627 ipsius
465 2559 674 2615 Odonis
690 2563 918 2617 multam
950 2564 1347 2636 recognitionis
1375 2565 1495 2634 ejus
1517 2565 1587 2620 de
1611 2566 1697 2619 his
1730 2566 1877 2621 unde

249 2651 620 2726 redarguerat
646 2669 772 2707 eum
828 2655 1036 2724 reperit
1088 2655 1528 2730 benignitatem;
1589 2658 1719 2712 item
1775 2673 1878 2728 pro

248 2744 534 2798 electione
565 2745 893 2800 Suessorum
925 2746 1170 2816 episc0pi
1206 2755 1332 2817 post
1358 2749 1574 2803 obitum
1603 2749 1876 2817 Rothadi;

249 2836 409 2900 item,
447 2852 551 2906 pro
577 2845 853 2894 conventu
897 2838 1148 2908 synodali
1197 2855 1365 2910 super
1413 2842 1778 2912 responsione
1807 2844 1877 2898 ad

243 2926 546 2995 epistolam
580 2927 1021 2998 Adriani-papa;
1075 2928 1227 2995 item,
1291 2945 1388 2999 pro
1447 2930 1642 2985 litteris
1707 2933 1874 3006 regis,

243 3019 461 3089 quibus
475 3029 811 3091 praceperat
829 3024 1123 3094 episcopos
1141 3025 1298 3097 regni
1321 3041 1351 3078 a
1365 3024 1568 3079 domno
1585 3024 1875 3079 Hincmaro

242 3083 571 3178 convocari,
594 3083 670 3167 ut.
695 3083 1057 3184 prohiberent
1111 3083 1286 3170 ﬁlium
1338 3114 1515 3185 ipsius
1563 3115 1710 3189 regis
1742 3115 1876 3170 Kar—
1903 3083 1953 3152 Ο

244 3201 580 3256 lomannum
611 3218 644 3256 a
669 3205 1100 3275 prasumptione
1139 3219 1380 3270 cessare,
1427 3221 1591 3275 quam
1623 3205 1878 3259 crimina-

250 3291 422 3346 batur
442 3300 637 3346 contra
663 3301 872 3362 patrem
914 3308 1222 3358 exercere;
1276 3293 1429 3361 item,
1489 3309 1588 3363 pro
1645 3291 1875 3348 ordina-

248 3381 407 3435 tione
460 3381 712 3455 Ansegisi
797 3381 1085 3437 Remensis
1130 3383 1441 3439 diaceseos
1500 3383 1760 3438 monachi
1820 3382 1877 3436 in

249 3473 588 3543 episcopatu
619 3473 896 3529 Senonico
928 3492 942 3539 ;
977 3475 1129 3539 item,
1161 3490 1268 3545 pro
1314 3474 1501 3528 libello
1532 3473 1778 3529 historia
1808 3474 1877 3527 de

249 3569 379 3616 ortu
414 3562 473 3615 S.
508 3561 708 3626 Maria,
751 3570 806 3616 et
838 3562 1064 3616 homilia
1095 3563 1152 3617 Β.
1185 3562 1499 3632 Hieronymi
1552 3561 1621 3616 de
1653 3564 1878 3617 Assum-

250 3650 452 3720 ptione
481 3649 657 3720 ipsius
687 3651 781 3705 Dei
810 3652 1121 3718 Genitricis,
1153 3667 1275 3724 qua
1315 3652 1540 3722 quidam
1571 3652 1878 3707 monachus

248 3737 611 3792 Corbeiensis
637 3741 958 3796 monasterii
979 3757 1091 3798 non
1145 3756 1270 3796 esse
1309 3738 1689 3810 recipiendam
1739 3755 1876 3797 con-

251 3831 549 3887 tendebat.

321 3923 404 3976 Ad
438 3937 564 3992 qua
593 3921 893 3992 respondet
919 3922 1066 3978 idem
1095 3922 1696 3993 domnusHincmarus,
1733 3937 1873 3992 pra-

249 4009 420 4064 fatam
479 4009 762 4065 historiam
816 4027 920 4068 nos
969 4011 1173 4066 habere
1213 4011 1281 4065 ad
1311 4011 1629 4078 lectionem,
1667 4008 1871 4064 nonad

251 4101 652 4172 proferendum
683 4104 1065 4160 auctoritatem
1097 4122 1113 4158 :
1148 4103 1428 4158 homiliam
1455 4117 1587 4156 vero
1619 4101 1870 4156 eamdem

253 4215 284 4253 a
312 4205 513 4254 sancto
543 4198 873 4267 Hieronymo
902 4191 1392 4248 asseritcatholice
1423 4191 1702 4258 dictatam,
1733 4191 1876 4246 sicut

255 4302 310 4347 et
338 4293 543 4362 stylus,
574 4299 629 4347 et
655 4290 868 4346 cautela
927 4303 1146 4351 sensus,
1209 4294 1265 4342 et
1313 4285 1648 4352 intellectus,
1689 4292 1743 4340 et
1768 4285 1875 4340 alia

254 4388 406 4435 certa
446 4378 659 4434 indicia
683 4383 1011 4442 monstrant,
1036 4385 1090 4431 et
1115 4383 1277 4432 certa
1305 4390 1580 4446 persona,
1614 4390 1712 4445 per
1737 4389 1874 4446 quas

1249 2293 1379 2346 item
1413 2308 1513 2362 pro
1543 2292 1741 2348 itinere
1777 2309 1914 2364 suo.

1979 479 2111 536 ctari
2157 480 2358 549 judicii
2422 480 2698 537 Auriniaci
2758 485 3125 551 monasterii,
3167 500 3264 554 pro
3316 485 3586 559 regimine

1982 573 2222 628 Ricoara
2253 572 2563 638 abbatissa,
2590 589 2712 644 qua
2743 582 2932 630 contra
2971 576 3122 648 leges
3157 576 3303 631 idem
3356 592 3588 646 usurpa-

1978 673 2130 721 verat
2149 666 2564 732 monasterium,
2595 672 2892 737 monetque
2942 674 3003 722 ut
3049 675 3305 742 suggerat
3346 669 3485 743 regi,
3518 687 3587 726 ne

1979 765 2166 832 ageret
2215 759 2344 814 inde
2376 759 2612 830 qualiter
2665 757 2864 813 alienis
2920 759 3158 829 peccatis
3189 758 3582 830 implicaretur.

1981 845 2131 900 Idem
2162 847 2232 901 de
2253 847 2450 902 itinere
2468 862 2567 902 suo
2600 861 2710 902 non
2731 846 2798 900 ad
2844 861 3030 919 regem
3059 853 3404 904 terrenorum
3447 867 3588 920 pra-

1976 934 2234 1003 sentiam,
2263 936 2362 990 sed
2411 936 2479 990 ad
2529 935 2676 1007 regis
2733 935 2923 989 aterni
2975 934 3267 1002 judicium,
3307 937 3376 990 ad
3435 939 3582 1008 quod

1975 1022 2087 1090 jam
2110 1040 2171 1079 se
2202 1024 2467 1080 festinare
2506 1040 2604 1095 per
2633 1023 2927 1080 continuas
2950 1021 3584 1096 indicatagrotationes;

1981 1111 2136 1179 item,
2167 1128 2265 1183 pro
2286 1113 2636 1169 ordinatione
2654 1113 2942 1179 Hetilonis,
2991 1127 3154 1183 quem
3183 1111 3342 1182 plebs
3385 1113 3588 1168 Novio-

1981 1202 2260 1272 magensis
2290 1202 2613 1273 episc0pum
2633 1201 2738 1256 sibi
2769 1201 3010 1275 elegerat
3030 1200 3422 1268 ordinandum,
3454 1201 3588 1256 alia-

1981 1307 2089 1362 que
2119 1295 2388 1350 nonnulla
2404 1295 2587 1349 eidem
2615 1309 2760 1365 sape
2777 1293 3044 1348 direxisse
3077 1293 3349 1364 reperitur
3365 1293 3587 1364 scripta.

1982 1384 2294 1458 Hildegario
2356 1386 2621 1440 Meldensi
2686 1385 2951 1456 episc0po
2989 1427 3003 1451 ,
3072 1400 3171 1455 pro
3239 1385 3591 1455 parochianis

1982 1471 2156 1542 ipsius
2186 1475 2541 1546 quibusdam,
2584 1473 2678 1544 qui
2727 1472 3025 1528 homicidia
3049 1473 3127 1543 .in
3166 1475 3424 1528 Remensi
3454 1491 3588 1545 per-

1981 1572 2265 1636 petravere
2288 1565 2548 1636 parochia
2576 1564 3100 1631 scribit,exhortans
3149 1572 3208 1618 ut
3239 1580 3336 1620 eos
3378 1566 3588 1621 salvare

1980 1668 2314 1726 quocunque
2375 1656 2553 1709 valeat
2616 1653 2850 1709 consilio
2915 1660 2968 1707 et
3022 1652 3224 1707 auxilio
3288 1663 3586 1724 procuret,

1981 1745 2292 1814 adjuturum
2361 1762 2421 1800 se
2481 1746 2765 1817 spondens
2808 1787 2822 1812 ,
2888 1753 2948 1799 ut
3021 1744 3090 1798 ad
3154 1760 3344 1814 pacem
3400 1747 3588 1801 venire

1978 1846 2202 1910 queant

2049 1931 2491 2002 Scribitquoque
2523 1931 2587 1985 ad
2617 1930 2874 1986 eumdem
2917 1930 3211 2001 quemdam
3249 1930 3322 1984 De
3370 1931 3583 1999 judicio

1979 2039 2135 2094 aqua
2162 2023 2373 2097 frigida
2406 2023 2676 2078 libellum.
2718 2022 2925 2078 Joanni
2954 2023 3336 2077 Cameracensi
3376 2023 3584 2092 petenti

1979 2113 2457 2170 commendatitias
2479 2113 2594 2167 dari
2619 2112 2726 2167 sibi
2756 2113 2984 2168 Romam
3015 2110 3388 2182 proficiscenti
3441 2112 3591 2167 litte-

1980 2225 2086 2273 ras,
2122 2225 2187 2263 ex
2214 2207 2660 2263 nominedomini
2691 2207 2963 2261 Hincmari
2995 2206 3234 2260 Adriano
3267 2222 3424 2276 papa
3455 2205 3593 2260 offe-

1980 2297 2202 2366 rendas,
2251 2297 2551 2361 rescribit;
2608 2294 2757 2365 quod
2797 2295 2843 2348 si
2884 2293 3199 2348 redditurus
3260 2294 3590 2365 obsequium

1981 2383 2200 2450 Casari,
2236 2383 2462 2438 Romam
2504 2383 2637 2437 velit
2685 2383 2758 2436 ita
2794 2396 3047 2455 pergere,
3080 2387 3140 2435 ut
3170 2380 3440 2451 obsequio
3481 2383 3594 2435 Deo

1979 2476 2164 2532 debito
2213 2474 2441 2531 Casaris
2488 2473 2826 2530 contrarium
2866 2488 2976 2527 non
3034 2480 3181 2526 esset
3229 2473 3588 2544 obsequium,

1979 2565 2274 2621 canonicas
2304 2563 2542 2618 libenter
2561 2562 2612 2617 ei
2665 2563 2874 2616 litteras
2905 2561 3215 2626 tribueret;
3266 2561 3350 2615 sin
3402 2570 3586 2616 autem

1981 2672 2080 2729 pro
2101 2672 2265 2712 causa
2285 2654 2524 2710 Lotharii
2550 2653 2717 2728 regis,
2754 2669 2876 2724 qua
2932 2653 3076 2707 inter
3118 2669 3244 2707 eum
3299 2659 3353 2707 et
3411 2653 3585 2724 ipsius

1977 2764 2203 2804 uxorem
2225 2747 2317 2801 diu
2339 2747 2602 2802 ventilata
2632 2745 2827 2810 fuerat,
2861 2744 3123 2814 quoniam
3179 2744 3586 2798 commendati—

1978 2836 2084 2891 tias
2111 2836 2167 2890 in
2186 2837 2286 2891 hac
2311 2851 2368 2890 re
2397 2835 2528 2889 dare
2580 2833 2793 2888 litteras
2851 2847 2962 2886 non
3000 2830 3241 2898 valebat,
3283 2832 3590 2902 reprehen-

1978 2928 2171 2984 sibiles
2193 2928 2323 2983 dare
2346 2942 2457 2982 non
2479 2925 2702 2991 audeat,
2741 2924 2872 2995 quia
2897 2939 2999 2978 nec
3026 2923 3249 2989 debeat,
3284 2922 3588 2992 prasertim

1978 3035 2102 3073 cum
2129 3034 2306 3089 nuper
2333 3017 2574 3072 domnus
2604 3015 2876 3069 Adrianus
2905 3013 3121 3067 litteras
3175 3012 3225 3066 ei
3259 3027 3370 3065 sua
3396 3020 3591 3066 aucto-

1977 3110 2152 3166 ritatis
2179 3126 2279 3181 per
2306 3109 2598 3164 Actardum
2621 3108 3053 3162 Namnetensem
3091 3103 3414 3175 episcopum
3481 3104 3590 3158 mi-

1976 3201 2110 3256 serit
2136 3204 2384 3268 (ADRIAN.
2422 3200 2467 3253 ll
2497 3214 2581 3268 ep.
2603 3199 2713 3265 13),
2759 3198 2814 3250 in
2869 3194 3071 3266 quibus
3106 3191 3500 3265 significaverit
3529 3211 3590 3248 se

1977 3293 2300 3359 certamina,
2327 3293 2462 3363 {qua
2517 3291 2680 3344 sedes
2709 3288 3014 3360 apostolica
3066 3304 3166 3358 per
3209 3296 3590 3344 antecessores

1980 3399 2112 3440 suos
2131 3384 2490 3439 Benedictum
2512 3389 2567 3437 et
2597 3381 2879 3437 Nicolaum
2914 3380 2968 3434 in
3003 3381 3106 3435 hac
3147 3397 3314 3436 causa
3340 3390 3588 3437 certave-

1979 3481 2081 3537 rat,
2112 3471 2293 3542 sequi,
2335 3485 2570 3525 monens
2598 3483 2747 3534 eum,
2777 3475 2837 3522 ut
2865 3468 3014 3539 quod
3038 3485 3206 3538 super
3238 3470 3342 3525 hoc
3363 3472 3588 3546 negotio

1977 3572 2190 3635 gestum
2223 3570 2326 3629 est,
2382 3562 2698 3616 nullatenus
2755 3560 3005 3614 enen-ari
3062 3561 3396 3628 consentiat,
3459 3564 3594 3617 inti-

1979 3672 2249 3727 mansque
2280 3653 2518 3726 qualiter
2548 3652 3025 3708 excommunicata
3081 3651 3245 3707 fuerit
3273 3653 3586 3710 Waldrada.

1979 3747 2142 3802 Addit
2171 3745 2356 3811 etiam,
2377 3744 2526 3815 quod
2557 3743 2676 3798 sine
2699 3743 2936 3798 consilio
2961 3744 3352 3813 coepiscopum
3382 3745 3590 3800 litteras

1975 3833 2027 3888 ei
2058 3832 2420 3895 dimissorias,
2445 3831 2682 3885 maxime
2713 3846 2812 3900 pro
2855 3845 2912 3884 re
2953 3830 3163 3884 incerta
3219 3831 3354 3884 dare
3383 3833 3585 3902 nequi—

1975 3933 2060 3980 ret
2099 3943 2114 3990 ;
2158 3924 2312 3990 item,
2351 3923 2421 3977 de
2473 3923 2629 3978 obitu
2676 3921 2914 3976 Lotharii
2967 3920 3134 3993 regis,
3185 3922 3484 3976 exhortans
3527 3929 3587 3978 ut

1974 4021 2096 4075 sine
2135 4018 2398 4074 dilatione
2438 4018 2506 4072 ad
2558 4017 2810 4072 Karolum
2867 4016 3109 4083 (Carolus
3141 4016 3355 4086 Calvus)
3399 4033 3585 4089 regem

1973 4109 2159 4164 veniat
2191 4125 2205 4173 ;
2247 4107 2377 4161 item
2405 4122 2502 4177 pro
2531 4105 2769 4177 quodam
2810 4103 3132 4174 presbytero
3183 4104 3588 4160 Cameracensis

1976 4197 2270 4270 parochia,
2293 4196 2388 4267 qui
2418 4195 2663 4266 seipsum
2703 4198 3052 4257 castraverat,
3095 4190 3368 4262 frequenti
3408 4193 3588 4247 moni-

1977 4295 2063 4344 tus
2091 4289 2143 4342 id
2172 4285 2680 4360 agerevisitatione,
2713 4283 2972 4339 nesciens
3003 4281 3135 4353 quid
3159 4281 3289 4336 inde
3320 4283 3459 4338 sacri
3486 4283 3585 4338 de-

1975 4384 2264 4434 cernerent
2301 4391 2562 4442 canones,
2615 4373 3021 4444 consiliumque
3079 4373 3190 4438 dat,
3233 4387 3488 4440 monens,
3529 4381 3588 4428 ut

251 4469 317 4523 de
333 4467 595 4539 partibus
617 4465 978 4522 orientalibus
1008 4473 1257 4534 tempore
1293 4474 1443 4520 certo
1486 4463 1668 4518 delata
1698 4463 1766 4516 ad
1792 4451 1950 4519 re—D
1974 4469 2270 4542 diligenter
2297 4467 2653 4539 investigetur
2683 4465 2887 4536 quibus
2927 4465 2998 4518 sit
3039 4463 3220 4518 modis
3257 4464 3582 4532 admissum,

251 4564 452 4635 giones
482 4568 701 4617 nostras
749 4561 1020 4631 pervenit,
1066 4559 1231 4614 fidem
1289 4559 1514 4614 faciunt.
1573 4556 1869 4632 Subjungit

250 4670 480 4726 quoque
513 4653 582 4708 de
604 4652 794 4708 libello
843 4652 1018 4722 ipsius
1069 4651 1273 4707 Odonis
1306 4659 1497 4706 contra
1527 4648 1873 4717 objectiones

250 4749 594 4814 Gracorum,
648 4747 900 4817 quadam
937 4761 998 4800 se
1028 4746 1083 4800 in
1115 4760 1183 4800 eo
1213 4758 1657 4800 commemorans
1687 4741 1864 4798 adno-

251 4852 420 4908 tasse,
453 4857 584 4914 qua
609 4843 951 4898 retractanda
981 4848 1036 4897 et
1071 4839 1401 4915 corrigenda
1429 4838 1612 4894 forent
1641 4854 1654 4903 ;
1708 4837 1867 4904 item,

255 4951 350 5006 pro
372 4934 736 4990 ordinatione
748 4931 1034 4987 Hedenulﬁ
1061 4931 1368 4988 secundum
1381 4929 1688 4998 jussionem
1700 4929 1866 4984 Joan-

257 5031 339 5084 nis
369 5044 536 5101 papa
555 5027 625 5082 ad
665 5028 986 5098 episcopum
1021 5026 1441 5081 Laudunensem
1500 5023 1595 5076 diu
1649 5030 1870 5093 pastore

255 5131 597 5186 vacantem;
649 5121 777 5175 item
830 5135 927 5190 pro
981 5119 1196 5174 ratione
1254 5117 1397 5172 luna
1445 5114 1720 5186 paschalis
1749 5156 1762 5181 ,
1815 5122 1871 5169 et

255 5216 492 5271 lectione
523 5230 688 5286 quam
743 5212 1048 5268 Adalardus
1101 5211 1274 5266 abbas
1337 5210 1466 5265 inde
1515 5207 1865 5277 composuit;

254 5306 385 5360 item
419 5319 524 5376 pro
549 5304 742 5358 eadem
775 5319 854 5367 re,
882 5301 1088 5375 gratias
1131 5315 1304 5375 agens
1333 5300 1444 5354 Deo
1469 5313 1568 5369 pro
1594 5296 1866 5352 sollicitu-

250 5393 381 5448 dine
422 5391 602 5463 ipsius
646 5391 869 5456 Odonis,
902 5405 1012 5461 qua
1059 5389 1268 5444 studuit
1295 5388 1628 5459 investigare
1677 5384 1868 5456 mysti-

247 5498 366 5536 cam
395 5482 669 5552 paschalis
699 5479 1064 5536 solemnitatis
1088 5477 1626 5542 observationem,et
1645 5481 1866 5539 catera;

251 5570 410 5636 item,
443 5587 544 5641 pro
586 5571 787 5625 itinere
826 5584 927 5624 suo
957 5568 1025 5622 ad
1079 5567 1374 5622 concilium
1408 5579 1562 5635 papa
1616 5560 1866 5628 Joannis,

254 5667 314 5712 ut
332 5659 400 5713 ad
431 5658 488 5712 id
518 5658 636 5729 ipse
667 5672 888 5729 quoque
929 5656 1122 5711 venire
1153 5654 1377 5710 festinet
1403 5671 1423 5718 ς
1456 5653 1610 5718 item,
1660 5653 1730 5706 de
1787 5651 1871 5704 in-

1974 4567 2028 4616 et
2055 4560 2271 4614 interim
2297 4574 2396 4628 per
2423 4557 2822 4630 indulgentiam
2856 4554 3142 4625 presbyter
3187 4555 3330 4609 idem
3362 4565 3581 4611 maneat

1973 4653 2030 4707 in
2059 4651 2253 4708 ordine
2306 4665 2429 4717 suo,
2487 4649 2668 4704 donec
2714 4647 2768 4700 in
2809 4645 3131 4717 provinciali
3188 4648 3403 4716 synodo
3441 4649 3574 4719 quid

1971 4744 2170 4800 exinde
2188 4741 2492 4797 tenendum
2522 4739 2593 4794 sit
2623 4738 2949 4804 inveniatur,
2981 4737 3127 4808 quod
3155 4752 3260 4792 nec
3290 4737 3585 4806 praceptis

1969 4833 2303 4907 evangelicis
2329 4831 2682 4897 contrarium,
2725 4845 2828 4884 nec
2864 4829 3102 4883 decretis
3154 4834 3466 4882 sanctorum
3496 4844 3584 4883 re-

1972 4930 2213 5002 periatur
2231 4928 2556 4983 adversum:
2589 4926 2743 4990 item,
2783 4923 3079 4999 gratiarum
3115 4921 3362 4977 referens
3400 4922 3578 4976 actio-

1972 5039 2072 5078 nes
2093 5036 2191 5092 pro
2219 5018 2510 5075 beneficiis
2540 5033 2690 5088 sape
2720 5016 2827 5071 sibi
2855 5013 2924 5070 ab
2956 5029 3023 5069 eo
3045 5014 3334 5084 impensis,
3384 5019 3580 5082 petens

1973 5122 2032 5169 ut
2082 5113 2322 5184 requirat
2357 5125 2668 5166 sermonem
2729 5107 2903 5163 sancti
2941 5105 3230 5178 Augustini
3293 5105 3367 5158 De
3421 5105 3577 5175 lapsu

1969 5203 2224 5260 monachi
2246 5208 2300 5256 et
2320 5200 2521 5265 vidua,
2554 5215 2620 5254 ae
2641 5197 2750 5252 sibi
2771 5197 2841 5252 ad
2871 5193 3351 5250 transcribendum
3375 5193 3574 5259 mittat,

1967 5293 2052 5348 vel
2083 5288 2370 5346 transcribi
2400 5287 2582 5353 faciat,
2623 5291 2677 5340 et
2723 5283 2791 5339 ad
2822 5281 3124 5354 proximam
3157 5280 3428 5352 synodum
3470 5281 3578 5335 sibi

1969 5377 2174 5434 afferat.
2215 5379 2627 5450 Expositionem
2670 5390 2893 5448 quoque
2945 5371 3104 5427 Beda
3170 5373 3224 5426 in
3266 5371 3578 5427 Proverbiis

1969 5473 2277 5528 Salomonis
2302 5473 2371 5528 ad
2402 5471 2654 5528 eamdem
2687 5469 2956 5540 synodum
2989 5466 3099 5523 sibi
3125 5464 3326 5521 deferri
3357 5470 3570 5534 petens.

1972 5559 2190 5614 Intimat
2209 5560 2370 5614 etiam
2427 5558 2575 5630 quod
2614 5573 2757 5628 papa
2804 5557 3083 5612 Romanus
3114 5551 3311 5607 Karolo
3354 5548 3490 5620 regi,
3522 5553 3577 5600 et

1971 5647 2249 5718 episcopis
2278 5647 2453 5718 ipsius
2484 5645 2641 5718 regni
2659 5643 2910 5715 quadam
2950 5641 3206 5696 mandata
3255 5636 3472 5701 direxit,
3507 5635 3575 5688 de
