4012 6164
350 1433 366 1450 ⁸
450 1457 601 1496 arma
671 1440 1022 1496 defendendo
1091 1457 1150 1495 se
1226 1451 1591 1512 sumpserat,

441 136 545 191 227

1566 127 1932 184 FLODOARDI
1974 125 2276 182 CANONICI
2320 125 2648 181 REMENSIS

3659 119 3766 172 228

443 273 716 345 quibusin
745 271 956 342 synodo
986 271 1056 323 sit
1086 284 1316 323 necesse
1343 269 1560 323 tractari
1590 287 1604 334 ;
1660 267 1809 322 unde
1861 274 1914 321 et
1962 281 2055 320 rex
2083 271 2130 336 Α
2158 268 2345 322 mitem
2380 267 2532 338 pacis
2560 266 2704 320 inter
2741 279 2838 319 eos
2867 270 3276 334 procuratorem
3293 265 3444 313 tanto
3474 256 3768 330 benignius

443 359 879 433 metropolitanis
911 359 1066 432 regni
1100 358 1183 411 sui
1210 358 1420 412 litteras
1441 358 1672 424 miserit,
1706 358 2054 429 praecipiens,

444 452 875 521 utcoepiscopos
905 463 1036 502 suos
1059 449 1127 502 ad
1171 449 1418 503 eamdem
1479 455 1844 504 convocarent
1893 463 2057 518 syno-

444 544 573 598 dum
605 543 794 607 ;item,
826 555 922 610 pro
956 551 1110 610 parte
1134 541 1384 606 decimae,
1428 557 1591 611 quam
1632 541 1738 595 sibi
1781 538 2061 616 significa-

447 639 557 686 tum
607 630 803 694 fuerat,
860 628 928 683 ab
991 630 1218 700 antiqua
1274 629 1424 702 regia
1476 630 1689 700 capella
1737 629 1950 695 tulisse,
2003 635 2056 683 et

443 723 620 789 altari,
662 739 829 794 quam
869 721 1084 777 noviter
1131 727 1462 786 sacraverat,
1520 719 1852 784 addidisse;
1908 718 2054 789 quod

441 812 570 883 quia
596 818 786 866 contra
813 811 1032 883 regulas
1061 818 1228 874 esset,
1277 809 1597 873 emendare,
1659 809 1705 863 si
1753 808 1824 862 sit
1853 815 2054 875 actum,

441 900 664 966 suadet;
690 900 840 965 item,
873 915 972 970 pro
1004 899 1243 971 quodam
1268 899 1611 970 presbytero,
1640 898 1732 969 qui
1768 897 1836 952 ad
1863 897 2054 951 sedem

443 990 772 1044 Remensem
851 990 1328 1060 proclamaverat,

443 1087 671 1150 questus
701 1079 769 1133 ab
792 1079 985 1134 eodem
1005 1079 1242 1150 praesule
1284 1095 1406 1145 suo,
1459 1079 1748 1134 interdicto
1800 1077 1905 1132 sibi
1937 1092 2062 1131 cum

447 1167 614 1221 rebus
635 1167 750 1220 suis
794 1166 979 1222 officio
1021 1181 1242 1239 quoque
1292 1169 1640 1233 sacerdotali,
1707 1183 1812 1222 nec
1866 1173 2064 1236 sponte

449 1261 729 1326 confesso,
763 1275 863 1314 nec
912 1260 1238 1334 regulariter
1293 1262 1565 1328 convicto,
1613 1275 1711 1332 pro
1744 1258 1981 1314 tumultu
2007 1264 2061 1311 et

447 1351 744 1408 homicidio
776 1359 1107 1423 perpetrato,
1156 1352 1250 1406 ubi
1309 1353 1652 1418 interfuerat,
1718 1358 1772 1407 et
1822 1351 2060 1405 invictus

1667 1441 2061 1510 hominemque

448 1531 847 1597 vulneraverat,
892 1537 1215 1586 nontamen
1271 1548 1395 1586 eum
1444 1531 1536 1602 qui
1593 1531 1813 1586 occisus
1859 1530 2058 1586 fuerat.

450 1625 509 1678 ln
557 1623 760 1695 quibus
827 1624 1024 1679 litteris
1081 1624 1323 1679 ostendit
1385 1640 1448 1678 ex
1505 1626 1829 1680 auctoritate
1880 1641 2058 1692 sacra,

449 1715 584 1786 quid
631 1716 979 1770 discretionis
1035 1716 1105 1769 sit
1158 1717 1213 1769 in
1274 1716 1592 1784 hujusmodi
1642 1733 1808 1770 causa
1869 1715 2062 1771 tenen-

450 1804 581 1859 dum
612 1844 627 1870 ,
659 1811 854 1875 etquae
920 1819 1199 1859 sacrorum
1244 1819 1522 1860 canonum
1578 1806 1690 1860 sint
1747 1806 2065 1862 adhibenda

453 1893 713 1964 capitula.

527 1980 730 2035 Scribit
758 1981 826 2035 ad
873 1982 1128 2036 eumdem
1185 1988 1238 2036 et
1301 1981 1408 2037 alia
1481 1985 1753 2054 quaedam.
1813 1985 2068 2058 Rageno—

456 2074 568 2129 lino
621 2073 1066 2147 Noviomagensi,
1120 2091 1216 2146 pro
1282 2078 1523 2149 quodam
1586 2077 1906 2149 presbytero
1973 2080 2067 2151 qui

455 2167 507 2220 ei
534 2167 742 2222 litteras
772 2165 841 2220 ab
891 2165 1126 2222 Adriano
1169 2184 1312 2239 papa
1363 2170 1635 2224 detulerat
1687 2171 1814 2240 (15),
1875 2172 2069 2241 ρι’·ωοί-

457 2255 674 2325 pientes
715 2261 774 2309 ut
827 2254 872 2308 si
905 2254 1201 2325 episcopus
1234 2257 1381 2311 idem
1423 2259 1569 2329 quod
1632 2259 1835 2328 injuste
1893 2259 2068 2314 fuerat

452 2353 632 2402 actum
675 2347 819 2402 circa
865 2349 1123 2402 eumdem
1193 2348 1576 2420 presbyterum
1627 2350 1904 2424 corrigere
1961 2351 2068 2405 dif-

454 2433 638 2502 ferret,
707 2444 832 2506 post
886 2436 1116 2504 primam
1166 2445 1220 2492 et
1290 2437 1592 2492 secundam
1635 2439 2066 2494 admonitionem

457 2527 696 2583 domnus
777 2528 1101 2583 Hincmarus
1173 2529 1321 2584 hunc
1397 2529 1719 2600 Ragelinum
1804 2533 2070 2594 canonica

456 2635 632 2691 usque
687 2620 756 2674 ad
831 2619 1262 2675 satisfactionem
1322 2621 1651 2691 percelleret
1727 2625 2067 2679 auctoritate.

458 2709 614 2765 Unde
644 2714 700 2763 et
725 2708 925 2763 litteris
977 2725 1101 2762 eum
1157 2717 1369 2778 monet,
1404 2716 1464 2764 ut
1510 2711 1681 2779 jussis
1728 2712 2073 2784 obtemperet

458 2816 635 2872 papae,
661 2806 717 2854 et
737 2815 908 2870 quare
948 2800 1031 2854 vel
1056 2800 1182 2871 ipsi,
1214 2801 1302 2856 vel
1334 2800 1456 2855 aliis
1494 2802 1824 2873 quibusdam
1850 2805 2071 2875 episco-

1408 989 1786 1061 praejudicium
1820 1004 1878 1042 se
1949 986 2060 1058 pati
2093 991 2108 1002 ’

2160 361 2494 425 admitteret,
2537 367 2741 430 quanto
2779 357 2873 412 Dei
2918 371 3041 410 esse
3080 353 3252 408 ﬁlium
3269 349 3770 422 proEvangeliive-

2159 451 2318 505 ritate
2351 453 2774 521 recognosceret
2797 465 2810 513 ;
2837 447 2990 512 item,
3013 460 3111 516 pro
3143 441 3362 497 duobus
3378 440 3524 495 vasis
3552 438 3767 493 salariis

2161 559 2282 613 quae
2322 556 2415 594 rex
2455 547 2645 594 sancto
2679 537 2957 607 Stephano
2988 533 3262 598 mittebat,
3297 537 3350 586 et
3401 545 3568 584 aurea
3605 543 3768 583 cruce

2161 647 2283 686 cum
2311 635 2625 683 sanctorum
2659 625 2929 696 reliquiis,
2963 640 3126 695 quam
3158 622 3347 695 regina
3370 618 3662 694 delegabat
3689 617 3772 671 al-

2158 722 2261 777 tari
2307 721 2558 790 ejusdem
2587 719 2759 774 sancti
2797 736 2810 783 ;
2862 717 3016 781 item,
3074 729 3170 786 pro
3203 710 3533 782 inquirenda
3580 723 3767 771 causa,

2152 813 2308 882 juxta
2335 811 2480 884 regis
2507 809 2846 873 mandatum,
2879 821 3000 877 quae
3029 802 3353 859 versabatur
3378 801 3522 853 inter
3552 797 3774 868 episeo-

2161 917 2262 972 pos
2294 899 2536 954 Odonem
2593 907 2647 952 et
2703 895 3051 958 Rothadum;
3104 892 3235 946 item
3287 904 3385 960 pro
3424 885 3774 943 ordinatione

2162 988 2386 1044 Arnoldi
2415 985 2688 1041 Tullensis
2709 983 2980 1055 episcopi,
3031 988 3090 1036 ut
3128 989 3217 1035 eat
3270 977 3487 1033 obviam
3531 989 3630 1045 pro
3673 974 3776 1026 hoc

2165 1078 2432 1134 Adventio
2464 1073 2923 1130 etBerardoidem
2943 1070 3280 1142 petentibus,
3307 1067 3372 1120 ad
3389 1065 3643 1119 eamdem
3666 1062 3776 1115 sci-

2168 1169 2297 1224 licet
2343 1166 2750 1223 ordinationem
2801 1160 3191 1218 celebrandam
3231 1157 3288 1211 in
3341 1169 3482 1229 pago
3523 1150 3775 1216 Metensi,

2161 1257 2467 1314 secundum
2505 1255 2653 1330 regis
2675 1253 2985 1323 jussionem
3023 1269 3037 1316 ;
3091 1249 3242 1314 item,
3298 1261 3423 1300 cum
3463 1243 3674 1306 Odone,
3718 1247 3778 1293 ut

2161 1347 2460 1417 loquantur
2487 1344 2652 1398 simul
2692 1342 2840 1413 apud
2864 1356 3070 1416 regem,
3088 1353 3186 1410 pro
3213 1334 3428 1407 synodo
3445 1329 3776 1404 provinciali

2163 1433 2518 1490 convocanda
2550 1433 2742 1499 ;item,
2771 1428 3082 1486 consulenti
3125 1427 3170 1481 si
3222 1425 3290 1479 de
3338 1422 3632 1487 monacho,
3679 1432 3780 1472 ne-

2165 1525 2419 1580 cessitate
2457 1516 3368 1596 cogente,valeatarchidiaconum
3388 1511 3728 1568 constituere
3763 1524 3776 1569 ;

2167 1616 2318 1683 item,
2350 1632 2446 1686 pro
2479 1613 2716 1685 quodam
2751 1611 2975 1666 homine
2999 1623 3100 1664 suo
3122 1607 3190 1662 ab
3237 1606 3358 1677 ipso
3396 1599 3781 1657 excommuni-

2164 1717 2307 1776 cato,
2359 1723 2524 1780 quem
2576 1705 2707 1777 quia
2739 1701 3195 1758 irrationabiliter
3247 1697 3495 1752 audierat
3525 1694 3778 1765 ligatum,

2165 1807 2357 1857 monet
2386 1799 2683 1871 diligenter
2709 1794 2918 1850 absolvi
2948 1811 2962 1858 ;
2996 1792 3143 1846 item.
3179 1805 3279 1861 pro
3301 1787 3515 1859 synodo
3545 1782 3780 1840 Joannis

2169 1909 2324 1966 papae
2357 1893 2530 1964 [Joan.
2571 1888 2686 1959 vin]
2721 1888 2926 1942 domno
2985 1885 3278 1938 Hincmaro
3339 1880 3406 1934 ab
3445 1879 3782 1948 imperatore

2170 1985 2363 2041 Karolo
2396 1984 2584 2050 missa,
2603 1997 2766 2054 quam
2807 1979 2952 2032 idem
2977 1975 3304 2030 Villebertus
3334 1970 3779 2040 transcripserat.

2167 2076 2443 2146 Jubetque
2470 2079 2531 2127 ut
2568 2071 2636 2126 ad
2659 2067 2872 2124 vicinos
2909 2065 3017 2120 sibi
3055 2063 3352 2134 episcopos
3377 2057 3678 2114 Berardum
3728 2065 3783 2109 et

2169 2163 2471 2218 Arnoldum
2511 2159 2765 2215 eamdem
2797 2153 3150 2219 transmittat,
3185 2159 3290 2205 etc.

2239 2256 2346 2311 Sed
2385 2261 2438 2308 et
2464 2252 2571 2307 alia
2599 2249 2851 2322 quaedam
2910 2244 3099 2301 scribit
3156 2242 3386 2306 eidem;
3455 2236 3783 2293 Hildebaldo

2169 2346 2674 2416 Snessonensi,pro
2688 2343 2924 2414 quadam
2959 2337 3212 2404 ecclesia,
3245 2335 3314 2390 de
3361 2349 3469 2405 qua
3495 2329 3780 2387 contentio

2171 2439 2481 2516 agitabatur
2503 2438 2646 2492 inter
2677 2434 2856 2504 ipsum
2881 2438 2936 2486 et
2966 2430 3211 2486 Odonem
3245 2426 3635 2480 Belvacensem
3653 2421 3781 2492 epi-

2170 2548 2418 2604 scOpum,
2449 2546 2614 2603 quam
2646 2543 2742 2582 rex
2774 2524 2984 2580 destrui
3017 2519 3375 2594 praecipiebat
3402 2537 3416 2586 ;
3472 2519 3626 2582 item,
3684 2530 3788 2587 pro

2171 2623 2436 2678 ministris
2475 2617 2799 2676 Orbacensis
2845 2613 3166 2670 monasterii
3223 2609 3568 2671 ordinandis,
3605 2615 3658 2660 et
3713 2606 3787 2659 de

2172 2711 2506 2785 quibusdam
2539 2707 2823 2774 fratribus,
2857 2706 2948 2779 qui
2978 2706 3046 2760 ab
3079 2704 3278 2759 eodem
3311 2697 3792 2756 monasterioirra-

2173 2799 2518 2857 tionabiliter
2553 2798 2824 2864 exierant,
2857 2794 3176 2865 reversique
3208 2800 3402 2863 postea
3432 2786 3636 2858 recepti
3660 2785 3788 2839 fue-

456 2891 546 2962 pis
568 2889 699 2945 talia
735 2891 928 2944 venire
946 2890 1188 2944 solerent
1210 2889 1278 2944 ab
1303 2890 1604 2961 apostolica
1625 2892 1760 2947 sede
1789 2893 2069 2960 mandata,
2094 2901 2143 2970 C
2173 2901 2296 2948 rant
2321 2911 2334 2958 ;
2356 2893 2508 2958 item,
2537 2905 2636 2961 pro
2670 2888 3002 2961 quibusdam
3027 2883 3366 2957 presbyteris
3405 2897 3472 2936 ex
3500 2884 3790 2934 monaste-

458 2981 701 3038 declarat
733 2997 748 3035 :
790 2982 920 3052 quia
948 2980 1159 3036 scilicet
1181 2982 1235 3034 in
1285 2981 1602 3050 judicandis
1633 2983 1872 3040 subditis
1910 3001 2072 3061 regu-

461 3074 630 3128 larem
654 3088 763 3126 non
797 3077 1098 3142 sequantur
1126 3071 1397 3126 tramitem
1430 3072 1799 3142 discretionis,
1838 3086 1893 3130 et
1930 3091 2074 3146 quo-

462 3163 610 3216 niam
630 3161 699 3215 ad
729 3160 1108 3215 auctoritatem
1149 3160 1629 3231 metrOpolitanam
1680 3162 2073 3234 interrOgando

463 3258 627 3321 atque
658 3247 977 3304 obediendo
997 3264 1279 3303 recurrere
1308 3249 1625 3324 negligant;
1649 3250 1800 3317 item,
1825 3268 1922 3322 pro
1949 3252 2075 3307 visi-

464 3339 673 3394 tatione
703 3336 1032 3392 Morinensis
1067 3336 1326 3392 Ecclesia
1367 3344 1489 3408 post
1553 3339 1764 3394 obitum
1823 3340 2072 3394 Hunfridi

463 3427 736 3500 episcOpi,
771 3426 926 3494 juxta
955 3426 1374 3496 dispositionem
1408 3427 1554 3501 regis
1586 3445 1598 3480 :
1633 3428 1785 3496 item,
1838 3444 1936 3499 pro
1968 3429 2078 3483 llo—

463 3515 630 3570 thado
659 3513 897 3585 quodam
938 3513 1111 3584 ipsius
1141 3514 1389 3585 episcOpi
1406 3516 1606 3583 amico,
1649 3517 1744 3588 qui
1790 3533 1910 3582 sua,
1957 3533 2078 3588 quae

463 3603 610 3658 illius
640 3601 987 3658 commiserat
1013 3600 1164 3667 ﬁdei,
1199 3618 1261 3656 se
1307 3602 1497 3657 fraude
1527 3604 1839 3674 perdidisse
1881 3622 2074 3676 quere-

465 3696 659 3761 batur;
701 3693 996 3750 consilium
1028 3693 1166 3747 dans
1191 3693 1324 3765 quid
1356 3695 1487 3751 inde
1516 3695 1741 3764 faceret,
1767 3714 1837 3753 ne
1868 3699 1936 3753 ad
1976 3716 2076 3769 sy-

465 3784 719 3840 nodalem
751 3784 1080 3838 sententiam
1116 3786 1447 3854 perveniret.
1469 3786 1768 3842 Villeberto
1804 3789 1919 3860 [ms.
1947 3789 2075 3844 Gui-

465 3873 698 3944 loberto]
753 3872 1138 3933 Catalaunensi
1173 3875 1427 3932 rescribit
1473 3877 1542 3931 ad
1591 3877 1768 3948 ipsius
1823 3880 2077 3934 consulta

467 3982 567 4038 pro
589 3966 858 4040 Gangulfo
891 3968 1114 4034 comite,
1163 3975 1222 4023 ut
1267 3969 1336 4023 de
1377 3969 1463 4023 bis
1493 3985 1614 4039 quae
1649 3977 1838 4025 contra
1861 3987 1984 4026 eum
2013 3987 2071 4026 se

467 4055 662 4110 fecisse
696 4053 780 4108 vel
798 4054 1036 4126 negabat
1065 4055 1339 4125 quaedam,
1369 4055 1453 4109 vel
1473 4055 1841 4112 confitebatur
1866 4057 2072 4127 aliqua,

2174 2989 2256 3043 rio
2284 2986 2458 3043 sancti
2479 2982 2740 3054 Crispini,
2775 2983 2845 3037 de
2863 2980 3065 3054 quibus
3092 2979 3330 3034 domnus
3349 2976 3595 3031 Joannes
3637 2985 3788 3040 papa

2175 3077 2355 3132 eidem
2388 3076 2594 3130 domno
2636 3072 2927 3126 Hincmaro
2971 3068 3288 3138 scripserat,
3349 3071 3404 3117 et
3451 3061 3520 3114 de
3575 3056 3787 3130 quibus

2175 3163 2472 3219 difﬁnitum
2503 3162 2700 3227 fuerat,
2738 3167 2797 3214 ut
2823 3167 2973 3215 extra
3001 3156 3243 3212 claustra
3302 3147 3628 3206 monasterii
3673 3159 3790 3200 non

2175 3258 2489 3325 pergerent,
2531 3257 2586 3304 et
2614 3248 2809 3304 eadem
2839 3260 3078 3302 censura
3108 3243 3190 3298 eis
3233 3247 3463 3312 paterne
3503 3245 3794 3304 tempere-

2180 3351 2307 3409 tur;
2339 3343 2493 3408 item,
2527 3355 2624 3411 pro
2667 3338 3015 3395 ordinatione
3055 3333 3348 3389 Hadeberti
3405 3329 3791 3400 episcopatum

2179 3429 2614 3486 Silvanectensis
2641 3426 2934 3490 Ecclesiae;
2996 3423 3148 3487 item,
3211 3435 3310 3492 pro
3368 3415 3568 3471 litteris
3617 3413 3794 3466 Joan—

2181 3523 2265 3576 nis
2291 3537 2446 3592 papaa
2479 3535 2510 3573 a
2561 3518 2800 3590 quodam
2861 3514 3152 3570 crimihato
3208 3510 3530 3582 presbytero
3562 3503 3788 3569 delatis,

2179 3629 2315 3684 quas
2341 3628 2370 3666 a
2399 3610 2570 3666 sacris
2602 3608 2912 3664 canonibus
2957 3613 3012 3661 et
3063 3611 3373 3659 sanctorum
3415 3596 3653 3653 decretis
3686 3595 3794 3648 Pa—

2180 3711 2320 3759 trum
2364 3700 2653 3757 manifeste
2695 3699 3011 3754 discordare
3065 3701 3479 3757 commemorat,
3536 3687 3691 3742 unde
3732 3696 3790 3740 et

2178 3790 2414 3862 qualiter
2441 3788 2717 3862 agendum
2748 3788 2839 3853 sit,
2867 3786 3000 3840 utile
3034 3782 3127 3838 dat
3157 3781 3498 3845 consilium;
3549 3778 3705 3840 item,
3729 3784 3792 3828 ut

2176 3894 2362 3935 secum
2392 3878 2557 3932 simul
2589 3876 2656 3931 ad
2684 3875 3032 3947 praesentiam
3053 3872 3282 3928 Joannis
3325 3883 3478 3940 papa:
3509 3871 3791 3938 pergeret,

2173 3969 2268 4042 qui
2291 3970 2487 4024 Trecas
2517 3983 2617 4039 pro
2640 3967 2972 4038 quibusdam
3027 3964 3208 4020 causis
3233 3957 3590 4017 ‘difﬁniendis
3629 3955 3793 4010 adve-

2177 4068 2371 4128 nerat;
2409 4061 2560 4126 item,
2593 4073 2693 4130 pro
2723 4057 3117 4113 constitutione
3155 4071 3366 4129 regum,
3404 4051 3646 4104 filiorum
3681 4047 3786 4099 Lu-

463 4145 615 4240 juxta
639 4150 975 4240 praeceptum
1007 4142 1376 4240 apostolicum
1408 4143 1605 4240 leniter
1643 4152 1851 4240 ageret,
1883 4152 2074 4240 quate-
2091 4174 2146 4240 D
2178 4151 2381 4217 dovici,
2413 4149 2564 4205 unde
2595 4148 2990 4202 mandaverant
3026 4145 3078 4199 ei
3110 4142 3382 4215 episcopi,
3433 4141 3686 4205 abbates,
3737 4146 3792 4194 et

469 4233 646 4287 nusin
663 4234 766 4287 hoc
803 4234 980 4306 legem
1040 4232 1260 4299 Christi,
1297 4234 1618 4288 charitatem
1651 4234 1847 4300 silicet,
1906 4234 2076 4288 adim-

467 4318 643 4389 pleret
662 4319 805 4386 (Gal.
835 4322 928 4389 v1),
958 4327 1011 4375 et
1040 4321 1108 4375 ad
1149 4320 1586 4377 satisfactionem
1610 4322 2077 4394 dilectionemque

467 4409 554 4464 sui
583 4418 863 4482 utcunque
892 4421 1104 4482 posset,
1154 4419 1207 4467 et
1231 4413 1501 4468 industria
1527 4414 1782 4469 eumdem
1821 4414 2076 4469 comitem

468 4520 793 4574 provocans,
853 4506 930 4560 illi
972 4523 1126 4561 suam
1168 4507 1477 4562 clarescere
1520 4507 1918 4582 benignitatem
1953 4521 2078 4578 per-

469 4596 725 4652 mitteret.
761 4599 972 4653 Decens
997 4599 1143 4653 enim
1177 4615 1323 4663 esse,
1355 4606 1412 4654 ut
1441 4600 1739 4670 primordia
1770 4601 1850 4655 sui
1895 4616 2082 4656 sacer-

469 4687 604 4742 dotii
626 4687 922 4743 devotione
943 4696 1110 4760 atque
1141 4689 1440 4745 dilectione
1478 4690 1914 4746 commendaret.
1946 4692 2079 4746 Item

469 4793 569 4848 pro
599 4779 834 4850 quodam
872 4779 1197 4851 presbytero
1220 4788 1648 4856 transgressore,
1684 4790 1742 4838 ut
1772 4784 2080 4838 secundum

470 4867 617 4925 beati
648 4870 897 4944 Gregorii
934 4872 1166 4939 monita,
1215 4873 1283 4927 de
1313 4874 1488 4945 ipsius
1514 4873 1863 4930 absolutione
1892 4874 2076 4941 faciat,

464 4961 619 5030 juxta
656 4964 1032 5034 propheticam
1083 4965 1152 5019 de
1205 4965 1558 5021 confessione
1618 4967 1961 5036 pmnitentis,
2027 4973 2082 5022 et

471 5050 829 5121 apostolicam
863 5053 932 5108 de
947 5053 1158 5122 judicio
1190 5064 1246 5109 et
1298 5055 1676 5110 misericordia
1701 5054 2032 5110 sententiam
2067 5073 2081 5121 ;

475 5143 821 5212 praemissum
848 5161 979 5202 vero
1017 5146 1296 5215 comitem,
1325 5163 1489 5218 quem
1544 5145 1948 5219 significaverat
1971 5147 2082 5219 jam

475 5235 544 5290 de
575 5236 736 5308 culpa
762 5253 860 5292 sua
877 5254 942 5293 ex
971 5239 1186 5314 integro
1226 5255 1285 5295 se
1325 5255 1752 5314 recognoscere,
1800 5239 1971 5310 patris
2018 5241 2083 5296 il-

474 5322 603 5392 lius,
635 5326 729 5397 qui
758 5324 930 5381 filium
963 5328 1252 5404 prodigum
1307 5327 1462 5382 laetus
1499 5328 1712 5399 recepit
1764 5329 1910 5398 (Luc.
1970 5329 2082 5400 xv),

472 5411 869 5487 benignitatem
899 5431 1162 5488 sequens,
1195 5415 1437 5489 benigne
1463 5415 1752 5486 suscipiat,
1785 5422 1838 5470 et
1867 5416 2086 5474 viceco-

544 5514 660 5585 (15)
700 5515 823 5572 Haec
857 5517 1077 5572 Adriani
1107 5516 1340 5586 epistola
1368 5529 1480 5572 non
1512 5521 1708 5571 exstat.

2178 4247 2426 4310 comites,
2457 4245 2550 4316 qui
2582 4259 2706 4300 cum
2737 4243 2876 4314 ipsis
2901 4248 3076 4304 erant,
3110 4249 3170 4295 ut
3226 4239 3294 4294 ad
3348 4252 3444 4293 eos
3484 4236 3696 4290 litteras
3736 4242 3793 4288 et

2179 4333 2408 4388 missum
2463 4347 2624 4386 suum
2653 4330 2940 4403 dirigeret,
2981 4327 3130 4399 quod
3189 4333 3242 4380 ct
3296 4325 3444 4390 fecit,
3512 4323 3792 4377 mandans

2180 4425 2308 4480 huic
2338 4424 2626 4495 episcOpo,
2655 4429 2713 4476 ut
2739 4422 2806 4476 ad
2829 4437 2925 4476 eos
2957 4416 3336 4491 proﬁciscens,
3368 4431 3490 4487 quae
3536 4415 3651 4468 Deo
3707 4413 3794 4467 in-

2182 4517 2430 4588 spirante
2455 4513 2789 4578 invenerint,
2806 4509 3363 4567 votisetorationibus
3398 4513 3794 4578 prosequatur;

2183 4607 2336 4672 item,
2369 4620 2491 4660 cum
2522 4601 2782 4668 Waltero,
2807 4601 3112 4656 Gisleberto
3145 4605 3199 4653 et
3241 4595 3508 4671 Angelino
3573 4595 3796 4665 episco-

2182 4695 2288 4766 pis,
2319 4701 2381 4749 ut
2410 4692 2770 4748 convenirent
2797 4705 2984 4744 secum
3017 4689 3083 4744 ad
3097 4685 3470 4758 peragendam
3479 4683 3795 4752 jussionem

2183 4781 2956 4856 prmfatipapanoannisinter
2992 4777 3357 4835 Hedenulfum
3377 4775 3798 4830 etllincmarum

2180 4877 2576 4932 Laudunenses
2597 4876 2913 4947 episcOpos,
2945 4890 3070 4930 cum
3101 4886 3382 4928 sacrorum
3413 4867 3803 4924 observatione

2184 4985 2453 5026 canonum
2487 4987 2501 5036 ;
2554 4969 2706 5035 item,
2739 4966 3164 5022 exhortatoriam
3195 4964 3264 5019 ad
3315 4961 3572 5018 eumdem
3608 4960 3801 5014 Hilde-

2186 5058 2409 5114 baldum
2429 5073 2694 5129 corporea
2721 5055 3042 5111 infirmitate
3075 5054 3383 5118 detentum,
3419 5051 3474 5105 in
3507 5065 3618 5120 qua
3641 5049 3803 5118 juxta

2186 5145 2512 5218 petitionem
2544 5146 2846 5200 litterarum
2897 5141 3262 5199 confessionis
3320 5139 3506 5218 illius,
3560 5137 3802 5192 absolvit

2185 5251 2312 5291 eum
2343 5235 2778 5301 reconciliando,
2810 5233 2938 5288 licet
2969 5248 3068 5303 per
3088 5213 3398 5285 absentiam
3430 5225 3800 5297 corporalem,

2185 5333 2240 5383 et
2258 5313 2366 5381 alia
2394 5327 2661 5381 nonnulla
2689 5325 2878 5381 scribit
2907 5323 2976 5377 ad
3008 5323 3211 5394 ipsum.
3245 5317 3426 5374 Atulfo
3470 5318 3530 5388 μ,
3560 5316 3803 5377 Octulto,

2185 5418 2795 5490 etinfra]'[recassino,
2855 5417 2927 5472 de
2973 5410 3232 5485 reliquiis
3284 5419 3624 5467 sanctorum.
3665 5425 3808 5479 quas
