4010 6162
253 215 366 270 229

893 165 1217 262 Hismara;
1255 198 1584 258 ECCLESIE
1622 193 1952 252 REMENSIS
1994 194 2170 251 nam
2212 196 2540 262 QUATUOR.
2581 228 2652 239 —
2691 196 2818 251 LIB.
2865 198 2957 252 Ill.

3485 200 3590 255 230

251 368 350 423 ille
381 363 809 441 signiﬁcaverat,
832 361 1071 417 ostensis
1091 359 1456 423 mirabilibus,
1485 372 1545 411 se
1576 368 1869 426 reperisse,
1895 334 1948 402 Α
1972 333 2357 441 ίῗδξιδῐηίδθτίί)
2399 348 2632 389 monens
2681 343 2741 388 υῐ
2780 342 2929 404 Petat
2967 348 3147 407 reges:
3207 342 3263 388 θῑ
3303 333 3588 408 nugonem

253 456 497 528 qualiter
534 452 755 507 easdem
784 451 1059 520 disponat,
1107 458 1162 504 et
1192 448 1259 502 de
1290 445 1523 502 ecclesia
1565 443 1739 497 sancti
1771 442 1874 496 Pe—

257 549 348 614 tri,
383 563 546 618 quam
591 553 865 599 restruere
921 541 1208 606 tractabat,
1266 539 1501 610 qualiter
1531 541 1757 610 ageret;
1813 549 1876 587 ac

256 642 326 695 de
374 637 712 698 infimitate,
746 636 831 690 vel
881 635 1140 690 evasione
1171 649 1290 699 sua,
1322 639 1377 685 et
1426 636 1664 692 caetera;
1722 627 1874 692 item,

256 734 326 788 de
353 733 501 786 villis
531 729 774 786 Boletico
821 735 875 782 et
903 729 1063 800 Fago,
1103 742 1223 797 qua:
1265 723 1481 778 debitas
1520 719 1875 792 presbyteris,

255 824 509 878 decimas
525 822 852 877 recusabant
878 820 1030 884 dare,
1055 818 1186 890 quid
1219 823 1365 872 esset
1387 813 1698 890 agendum;
1724 812 1876 877 item,

257 931 359 987 pro
406 914 682 969 mandatis
741 927 897 983 papae
934 910 1163 965 Joannis
1218 908 1287 962 de
1319 906 1608 960 Hincmaro
1655 903 1877 958 Laudu—

255 1005 422 1059 nensi
479 1004 545 1058 ad
577 1002 833 1057 eumdem
888 998 1126 1054 Atulfum
1183 998 1250 1051 ab
1290 997 1411 1067 ipso
1451 1010 1592 1065 papa
1647 992 1878 1055 directo,

256 1094 397 1164 quid
428 1093 509 1146 illi
549 1092 620 1146 sit
649 1087 1075 1145 observandum.
1108 1085 1324 1141 Waloni
1375 1082 1709 1138 Metensium
1741 1094 1882 1150 prae-

255 1188 393 1253 suli,
426 1187 495 1240 ad
531 1185 741 1238 litteras
770 1199 905 1254 quas
963 1181 1041 1235 illi
1074 1181 1348 1235 direxerat
1401 1193 1497 1249 pro
1539 1176 1884 1231 documentis

257 1277 390 1331 vitae
436 1272 745 1345 pastoralis,
780 1279 834 1326 et
887 1269 1358 1326 confoederatione
1391 1267 1642 1320 fraterna}
1685 1261 1884 1317 unani-

259 1365 494 1430 mitatis,
527 1373 692 1433 atque
740 1361 807 1415 de
835 1359 1125 1431 repentina
1179 1358 1354 1428 ipsius
1403 1354 1782 1427 provectione,
1826 1359 1886 1406 ut

260 1452 654 1508 confortabilia
675 1450 780 1505 sibi
810 1449 977 1503 verba
1003 1446 1352 1503 remandaret
1381 1443 1696 1515 expetenti;
1730 1441 1883 1504 item,

262 1562 365 1617 pro
406 1545 648 1616 quodam
695 1541 1058 1614 presbytero,
1115 1540 1204 1594 cui
1264 1539 1501 1594 domnus
1569 1537 1890 1590 Hincmarus

261 1636 538 1708 quasdam
568 1649 657 1688 res
703 1631 992 1686 Remensis
1025 1630 1278 1685 Ecclesize
1311 1628 1665 1696 conjacentes
1697 1625 1754 1678 in
1785 1623 1887 1676 Vo-
1916 1655 1966 1724 Β

261 1743 401 1802 sago
434 1726 808 1789 commiserat,
841 1724 937 1796 qui
977 1739 1070 1778 eas
1098 1723 1242 1777 male
1271 1724 1614 1784 tractaverat,
1665 1725 1720 1770 et
1749 1730 1890 1769 non-

262 1820 421 1873 nulla
454 1827 737 1874 contracta
781 1816 997 1872 fuerant
1027 1831 1091 1870 ex
1122 1815 1331 1869 eisdem
1365 1812 1534 1867 rebus
1561 1811 1615 1865 in
1650 1812 1891 1880 potesta-

263 1919 380 1966 tem
409 1910 672 1965 Metensis
702 1909 950 1964 ecclesia
984 1925 998 1974 ;
1048 1908 1203 1974 item,
1232 1921 1333 1976 pro
1365 1903 1620 1968 consilio,
1648 1900 1796 1973 quod
1822 1901 1890 1954 ab

262 2019 332 2058 eo
368 2003 624 2074 petierat,
658 2002 727 2056 de
757 2000 1112 2056 contentione
1142 1997 1506 2069 quarumdam
1530 2011 1734 2059 rerum,
1766 2008 1889 2064 quae

257 2095 590 2151 versabatur
637 2094 780 2148 inter
808 2093 1106 2147 Metensem
1149 2099 1204 2145 et
1247 2090 1636 2144 Trevcrensem
1694 2085 1881 2140 Eccle-

258 2186 423 2252 siam,
461 2191 515 2239 et
541 2184 610 2238 de
636 2182 800 2253 pallio
830 2199 859 2237 a
889 2182 1024 2236 sede
1054 2180 1299 2235 Romana
1330 2177 1433 2232 sibi
1461 2177 1708 2239 obtento,
1741 2174 1890 2228 unde

259 2273 723 2344 archiepisc0pus
753 2271 926 2342 ipsius
955 2271 1161 2326 litteras
1187 2283 1341 2339 papae
1374 2266 1657 2336 suscipere
1681 2263 1889 2330 noluit;

259 2364 422 2428 item,
479 2377 578 2432 pro
608 2359 960 2416 ordinatione
1010 2355 1369 2411 Virdunensis
1401 2354 1669 2424 episcOpi,
1721 2368 1884 2423 quem

261 2461 386 2525 post
415 2454 629 2509 obitum
662 2451 887 2506 Berardi
931 2457 1123 2506 contra
1152 2447 1370 2520 regulas
1400 2444 1627 2517 provehi
1671 2458 1891 2514 compe-

261 2551 434 2609 rerat,
491 2544 636 2597 hanc
691 2540 980 2612 epistolam
1039 2555 1192 2593 suam
1233 2536 1402 2591 sacris
1446 2533 1888 2588 institutionibus

262 2634 574 2699 instruens,
603 2638 658 2686 et
684 2630 922 2702 qualiter
961 2625 1324 2692 ordinandus,
1364 2623 1451 2678 vel
1482 2638 1594 2678 non
1625 2622 1890 2678 ordinan-

260 2725 370 2780 dus
401 2724 475 2779 sit
500 2723 816 2794 episcopus,
859 2720 1061 2775 divinis
1104 2716 1522 2773 auctoritatibus
1562 2715 1887 2777 ostendens,

265 2825 322 2873 et
370 2816 481 2870 alia
533 2821 796 2886 praeterea
852 2812 1124 2883 quaedam.
1181 2807 1509 2873 Hedenulfo,
1543 2823 1707 2878 quem
1767 2812 1892 2877 post

267 2907 627 2960 Hincmarum
678 2901 928 2956 Lauduni
994 2898 1346 2954 ordinaverat
1393 2897 1738 2967 episcOpum,
1795 2909 1892 2964 pro

1975 425 2255 492 abbatem,
2288 433 2348 480 ut
2370 427 2696 496 quantocius
2720 424 2828 479 sibi
2859 425 3055 480 litterae
3094 441 3123 479 a
3157 424 3383 499 regibus
3423 441 3592 496 super

1979 515 2080 569 hac
2111 530 2275 569 causa
2313 514 2622 579 mittantur,
2656 513 2787 585 quia
2827 515 2947 584 ipsa
2986 513 3230 568 Ecclesia
3273 513 3391 568 sine
3423 514 3594 568 detri-

1977 614 2164 662 mento
2204 607 2298 660 diu
2343 623 2536 661 vacare
2588 615 2812 676 pastore
2852 621 2964 660 non
3006 613 3258 676 poterat;
3293 605 3441 671 item,
3493 620 3593 676 pro

1979 701 2172 756 eadem
2203 717 2283 765 re,
2307 708 2360 755 et
2378 699 2501 754 aliis
2532 698 2882 771 quibusdam.
2917 698 3245 757 Adalberno.
3275 714 3376 769 pro
3406 697 3596 753 visita-

1981 792 2130 846 tione
2161 789 2399 861 prmfatae
2428 787 2788 844 Tornacensis
2830 786 3104 853 Ecclesiae,
3131 794 3193 841 ut
3221 787 3401 840 eidem
3437 803 3592 841 suam

1981 883 2350 938 visitationem
2396 883 2628 937 solerter
2674 879 2982 951 impendat,
3032 886 3087 934 et
3128 877 3449 948 frequenter
3478 879 3595 933 ele-

1982 973 2183 1028 ctionis
2215 971 2444 1027 formam
2484 972 2631 1026 clero
2675 969 2939 1041 plebique
2969 968 3198 1042 relegat,
3239 976 3293 1022 et
3333 969 3594 1036 inculcet,

1983 1077 2052 1116 ne
2077 1077 2176 1132 per
2221 1060 2583 1134 ignorantiam
2631 1059 2699 1114 ab
2744 1058 2936 1113 eadem
2969 1056 3144 1112 forma
3192 1056 3246 1109 in
3277 1056 3462 1126 aliquo
3492 1057 3593 1112 de-

1982 1153 2134 1208 vient
2167 1168 2182 1221 ;
2218 1153 2369 1221 item,
2403 1168 2500 1224 pro
2529 1153 2799 1207 electione
2839 1149 3076 1221 pastoris
3106 1147 3278 1219 ipsius
3316 1147 3593 1208 Ecclesiae.

1986 1253 2040 1300 et
2057 1246 2187 1316 quia
2203 1245 2361 1300 multi
2391 1243 2725 1309 laborarent,
2757 1251 2817 1296 ut
2838 1257 2945 1296 non
2979 1257 3080 1311 per
3094 1239 3298 1294 ostium
3331 1238 3597 1293 intrarent

1987 1342 2159 1407 (Joan.
2203 1343 2274 1406 x),
2309 1354 2420 1394 non
2449 1339 2730 1402 timentes,
2764 1352 2943 1408 neque
2977 1334 3416 1389 verccundantes
3449 1332 3595 1387 fures

1987 1427 2107 1483 ﬁeri
2140 1437 2193 1483 et
2224 1429 2487 1496 latrones,
2525 1435 2579 1482 et
2609 1427 2738 1497 quia
2772 1424 3118 1479 mandandus
3149 1423 3222 1478 sit
3257 1423 3324 1476 ad
3358 1437 3600 1492 praesen-

1990 1519 2121 1573 tiam
2150 1534 2362 1591 regum,
2395 1533 2503 1588 quo
2533 1533 2654 1571 cum
2689 1514 2989 1586 perrexerit
3017 1514 3276 1584 loquatur
3303 1526 3510 1577 secum,
3543 1517 3602 1565 ut

1992 1610 2230 1683 qualiter
2241 1611 2371 1664 hinc
2382 1609 2451 1664 de
2464 1617 2661 1664 caetero
2673 1607 2780 1662 sibi
2793 1605 3150 1678 sitagendum
3168 1603 3332 1657 simul
3349 1602 3602 1657 conside—

1994 1709 2136 1769 rent,
2169 1710 2223 1757 et
2257 1709 2492 1767 caetera;
2526 1700 2675 1764 item,
2705 1714 2805 1770 pro
2837 1695 3181 1768 querimonia
3210 1701 3264 1748 et
3294 1694 3600 1764 proclama-

1991 1793 2142 1847 tione
2169 1790 2453 1859 cujusdam
2480 1786 2941 1860 presbyterijejus
2973 1783 3267 1855 parochias,
3299 1782 3601 1837 ostendens

1992 1884 2228 1956 qualiter
2257 1881 2504 1954 epiSCOpi
2551 1881 2954 1935 rusticanarum
2995 1875 3380 1947 parochiarum
3414 1874 3601 1930 Eccle-

1991 1974 2101 2028 sias
2132 1971 2427 2043 disponere
2458 1969 2717 2035 debeant,
2758 1977 2812 2022 et
2849 1965 3158 2040 gubernare
3190 1980 3205 2015 :
3244 1977 3503 2028 monens,
3542 1968 3602 2016 ut

1991 2062 2137 2136 legat
2165 2059 2367 2130 saepius
2395 2058 2672 2114 homiliam
2705 2055 2852 2110 beati
2894 2053 3137 2127 Gregorii
3178 2067 3243 2105 ex
3275 2050 3599 2124 evangelio:

1993 2150 2306 2225 Designavit
2347 2148 2528 2215 Jesus,
2562 2154 2616 2201 et
2641 2145 2779 2200 alios
2818 2141 3166 2213 septuaginta
3195 2139 3355 2194 duos.
3399 2137 3604 2211 Regula

1992 2259 2214 2316 quoque
2242 2240 2533 2314 pastoralis
2563 2238 2815 2308 ejusdem
2858 2234 3004 2289 beati
3045 2231 3290 2305 Gregorii
3341 2230 3600 2298 (Gnaeos.

1989 2338 2128 2392 hom.
2182 2337 2246 2390 17
2312 2337 2371 2388 in
2409 2335 2670 2399 Evang.),
2726 2345 2849 2383 cum
2906 2326 3077 2381 sacris
3133 2323 3439 2378 canonibus
3495 2323 3605 2375 fre-

1989 2429 2255 2500 quentius
2289 2427 2580 2497 relegatur,
2614 2428 2667 2477 et
2689 2436 2811 2492 quae
2847 2420 2904 2490 [ἱ.
2935 2417 3173 2492 regulas,
3211 2422 3295 2469 etc
3326 2455 3340 2481 ,
3373 2413 3603 2485 relegat,

1990 2531 2048 2580 ut
2077 2522 2216 2595 quia]
2244 2520 2318 2576 ibi
2341 2517 2630 2590 sequenda
2645 2517 2922 2587 leguntur,
2944 2510 3174 2565 viriliter
3191 2516 3566 2578 exsequantur
3590 2523 3602 2559 :

1991 2627 2044 2674 et
2075 2635 2196 2690 quae
2217 2613 2460 2672 cavenda
2491 2613 2868 2670 inveniuntur,
2890 2604 3126 2661 sollicite
3156 2611 3475 2657 caveantur.
3501 2600 3608 2654 lle-

1990 2689 2147 2762 tiloni
2183 2707 2275 2777 [al.
2319 2702 2518 2772 Hedit.]
2553 2694 2999 2770 Noviomagensi,
3021 2701 3082 2747 ut
3111 2692 3167 2745 in
3199 2689 3532 2758 adiutorium
3555 2697 3611 2742 et

1993 2795 2316 2850 fidelitatem
2357 2807 2572 2865 regum,
2623 2794 2679 2842 et
2708 2783 3074 2845 orationibus,
3131 2789 3187 2835 et
3243 2779 3443 2833 auxilio
3501 2793 3610 2850 quo

1995 2890 2235 2964 potuerit
2265 2892 2498 2961 satagat,
2521 2882 2841 2956 signiﬁcans
2865 2879 2922 2932 in
2952 2892 3152 2951 magna
3175 2891 3233 2930 se
3255 2874 3613 2929 tribulatione

262 2993 602 3066 quibusdam
647 2990 916 3056 diaconis,
949 3003 1088 3060 quos
1139 2987 1188 3042 ei
1234 2965 1507 3059 dirigebat
1536 2965 1604 3037 ad
1635 2982 1893 3037 sacerdo-
1917 2973 1966 3042 C
1991 2985 2249 3041 vallatum
2281 2999 2312 3036 a
2350 2977 2600 3035 barbaris
2631 2992 2774 3039 esse,
2820 2980 2875 3028 et
2912 2971 3061 3044 quod
3092 2969 3306 3024 caeteris
3355 2965 3614 3022 omnibus

267 3083 407 3138 tium
444 3080 835 3152 piovehendos
863 3097 877 3146 ;
918 3079 1072 3144 item,
1106 3091 1207 3147 pro
1237 3074 1477 3147 quodam
1506 3072 1775 3143 orphano,
1803 3068 1891 3124 cui

263 3192 427 3231 suam
463 3173 725 3228 aﬂ‘erebat
757 3173 901 3226 idem
934 3171 1228 3241 episc0pus
1261 3165 1659 3230 hzereditatem,
1707 3169 1762 3216 et
1788 3161 1894 3215 alia

267 3263 555 3335 quaedam.
579 3259 820 3316 Arnoldo
853 3259 1137 3329 episcopo,
1166 3271 1267 3328 pro
1297 3254 1647 3326 quibusdam,
1678 3251 1771 3322 qui
1799 3252 1897 3307 h0-

268 3352 564 3408 micidium
623 3354 1074 3420 perpetraverant
1107 3347 1160 3400 in
1212 3343 1471 3400 Remensi
1530 3341 1811 3413 parochia,
1845 3347 1898 3394 et

272 3457 472 3514 pacem
516 3439 769 3494 obtinere
800 3452 911 3492 non
942 3435 1224 3500 valebant,
1277 3433 1376 3487 sed
1408 3430 1788 3502 paenitentiam
1821 3428 1902 3483 fa-

271 3550 403 3589 cere
434 3530 774 3604 quaerebant,
809 3544 970 3600 quam
1001 3527 1057 3581 in
1090 3527 1189 3580 hac
1216 3524 1475 3597 parochia
1505 3538 1616 3578 non
1647 3527 1904 3592 poterant

271 3641 466 3699 agere,
496 3623 631 3695 quid
661 3623 728 3677 de
771 3621 907 3692 ipsis
947 3617 1348 3675 observandum
1405 3615 1586 3682 foret;
1617 3615 1770 3679 item,
1803 3629 1902 3684 pro

271 3719 511 3777 consilio
569 3717 716 3788 quod
749 3716 979 3786 petierat
1005 3713 1110 3768 sibi
1153 3712 1272 3766 dari
1313 3727 1493 3781 super
1526 3710 1763 3764 adventu
1794 3708 1900 3762 Lu-

272 3810 457 3866 dovici
481 3806 970 3886 Transrhenensis,
993 3811 1048 3859 et
1076 3803 1211 3875 quid
1239 3803 1359 3874 ipse
1381 3801 1618 3856 domnus
1642 3799 1901 3854 Hincma-

271 3917 364 3954 rus
397 3897 586 3953 eidem
619 3897 736 3970 regi
763 3912 888 3950 eum
921 3894 988 3949 ad
1018 3910 1078 3949 se
1116 3892 1306 3948 venire
1331 3891 1549 3960 jubenti
1585 3889 1902 3944 remandas-

276 3997 381 4043 set.
439 3985 709 4041 Franconi
747 3984 1031 4054 episcOpo,
1066 3997 1166 4052 pro
1216 3980 1412 4036 litteris
1443 3977 1898 4041 commonitoriis,

277 4098 422 4154 quas
447 4079 703 4150 iussione
735 4077 881 4151 regis
912 4075 1161 4129 mittebat
1194 4073 1407 4148 Hugoni
1435 4070 1782 4142 imperatoris
1811 4069 1907 4124 Lo-

282 4169 450 4225 tbarii
507 4167 718 4238 nepoti,
752 4181 952 4240 rogans
1007 4171 1067 4218 ut
1114 4170 1169 4218 et
1221 4163 1367 4216 idem
1419 4161 1626 4215 Franco
1679 4158 1907 4212 missum

282 4274 445 4313 suum
475 4257 641 4311 talem
671 4271 796 4310 cum
829 4254 996 4308 misso
1027 4253 1202 4324 ipsius
1231 4251 1492 4316 mitteret,
1527 4249 1620 4320 qui
1653 4262 1776 4302 eum
1806 4245 1910 4301 sal-

285 4368 418 4407 vum
446 4351 652 4404 ducere
678 4354 732 4402 et
761 4347 1028 4402 reducere
1069 4351 1257 4416 posset
1287 4362 1301 4409 ;
1334 4344 1488 4410 item,
1520 4357 1617 4414 pro
1643 4340 1909 4406 Eurardo,

285 4456 453 4512 quem
486 4452 836 4494 communem
868 4451 1026 4490 suum
1058 4442 1112 4490 et
1145 4434 1318 4504 ipsius
1349 4430 1522 4486 ﬁlium
1554 4438 1732 4496 vocat,
1765 4437 1820 4483 et
1849 4435 1908 4482 ut

289 4549 388 4604 pro
419 4548 489 4588 eo
511 4512 658 4602 apud
690 4528 1024 4584 Ludovicum
1056 4542 1242 4600 regem
1291 4523 1821 4587 Transrhenensem,
1855 4527 1909 4574 et

291 4626 540 4697 reginam
601 4622 928 4688 intercedat,
981 4619 1256 4686 obsecrat,
1294 4624 1349 4672 et
1389 4625 1606 4672 caetera.
1671 4611 1908 4668 Bernoni

293 4714 738 4781 Cathalaunensi,
794 4728 894 4785 pro
925 4709 1376 4783 Noviomagensis
1423 4705 1678 4762 Ecclesiae
1708 4703 1910 4770 missis,

292 4810 384 4881 qui
407 4809 480 4863 ad
521 4823 580 4861 se
612 4815 735 4878 post
771 4805 981 4861 obitum
1023 4802 1298 4858 Rainelini
1337 4799 1582 4872 episcopi
1611 4798 1908 4853 sui-vene-

295 4907 434 4964 rant,
480 4906 542 4952 ut
571 4911 669 4952 eos
696 4896 840 4950 idem
875 4896 1049 4950 Berno
1081 4892 1151 4947 ad
1177 4890 1532 4963 praesentiam
1565 4903 1752 4963 regum
1786 4902 1915 4957 per-

298 4991 481 5055 ducat,
515 4996 569 5043 et
600 4987 810 5043 eisdem
845 4985 1068 5060 regibus
1099 4983 1308 5039 litteras
1337 4982 1502 5051 hujus
1531 4979 1722 5035 domni
1753 4978 1919 5033 Hinc-

302 5082 434 5138 mari
467 5082 698 5156 relegat,
725 5087 782 5135 et
819 5079 1125 5151 intelligere
1165 5076 1348 5143 faciat,
1389 5081 1443 5130 et
1481 5089 1580 5145 pro
1619 5075 1721 5129 hac
1754 5087 1916 5128 causa

299 5183 406 5228 tam
454 5172 607 5244 apud
637 5187 819 5242 reges,
863 5187 1026 5242 quam
1082 5168 1225 5240 apud
1284 5166 1574 5238 palatinos,
1613 5164 1916 5219 secundum

303 5264 670 5320 ministerium
710 5279 867 5317 suum
915 5259 1260 5316 intercedere
1316 5263 1565 5331 satagat;
1615 5257 1767 5322 item,
1821 5269 1919 5326 pro

303 5354 577 5410 electione
595 5350 832 5424 pastoris
853 5350 1148 5422 praemissae
1174 5345 1642 5419 Noviomagensis,
1680 5345 1766 5400 vel
1787 5343 1919 5398 Tor-

302 5443 557 5498 nacensis
605 5441 881 5505 Ecclesiae,
915 5448 968 5494 et
1014 5439 1145 5510 quia
1185 5437 1413 5492 formam
1456 5434 1806 5500 visitationis,
1834 5433 1919 5487 vel

304 5534 591 5590 electionis
627 5532 941 5588 Adalberno
979 5531 1242 5602 episcOpo
1315 5537 1370 5584 et
1425 5528 1606 5583 eidem
1667 5524 1920 5581 Ecclesim

376 5653 488 5724 (16)
528 5653 653 5708 Haec
680 5652 924 5723 synodus
952 5653 1110 5709 deest
1141 5651 1198 5706 in
1227 5657 1361 5707 tom.
1393 5646 1601 5705 Concil.

1993 3071 2341 3145 depraedatis,
2360 3075 2512 3123 tanta
2535 3063 2882 3138 quaerebatur
2903 3075 3002 3132 pro
3033 3058 3254 3113 civitate
3287 3055 3614 3125 redemptio,

1995 3176 2255 3239 quantam
2277 3163 2500 3234 explere
2524 3175 2634 3214 non
2666 3158 2875 3212 valeret
2903 3172 2917 3219 ;
2962 3154 3114 3218 item,
3144 3149 3273 3220 quia
3308 3147 3615 3202 Ludovicus

1996 3235 2090 3310 rex
2129 3250 2434 3309 Germaniae
2491 3246 2846 3302 mandaverat
2877 3241 2978 3306 illi,
3029 3247 3090 3292 ut
3141 3237 3243 3291 iret
3285 3235 3335 3290 ei
3377 3235 3617 3301 obviam,

2002 3349 2150 3422 quod
2206 3357 2391 3402 tamen
2447 3359 2558 3400 non
2613 3348 2763 3396 esset
2802 3343 3024 3392 acturus
3073 3333 3128 3387 in
3168 3333 3330 3404 cippo
3393 3329 3620 3386 inﬁrmi-

2002 3439 2128 3494 tatis
2158 3437 2438 3500 detentus,
2474 3431 2742 3487 mandans
2773 3426 2902 3482 huic
2929 3423 3216 3494 episc0po,
3250 3429 3309 3475 ut
3336 3426 3390 3474 et
3412 3435 3512 3490 per
3540 3434 3622 3485 se,

2004 3537 2059 3585 et
2087 3545 2186 3600 per
2211 3526 2318 3581 sibi
2351 3517 2966 3592 commissosqprecibus
2997 3513 3238 3578 insistat,
3272 3525 3371 3582 pro
3401 3525 3534 3580 pace
3567 3516 3621 3563 et

2005 3623 2330 3680 defensione
2382 3617 2663 3684 Ecclesiae,
2701 3621 2757 3668 et
2795 3612 2841 3666 si
2893 3607 3102 3680 aliquid
3148 3605 3395 3661 utilitatis
3441 3610 3627 3660 contra

2006 3729 2248 3786 paganos
2278 3711 2458 3765 facere
2489 3703 2747 3778 potuerit,
2781 3707 2907 3774 agat
2947 3713 3071 3753 cum
3104 3695 3440 3767 primoribus
3471 3692 3624 3767 regni

2006 3818 2270 3880 quantum
2300 3803 2559 3858 valuerit.

2073 3906 2147 3958 De
2179 3899 2420 3955 incensis
2475 3907 2697 3967 quoque
2735 3887 3110 3952 monasteriis,
3143 3883 3290 3954 quod
3325 3882 3417 3935 ille
3465 3896 3621 3935 man-

2007 3995 2248 4058 daverat,
2276 4006 2335 4044 se
2365 3987 2573 4051 dolere,
2608 3989 2661 4037 et
2690 3981 2757 4035 de
2790 3979 2877 4032 his
2909 3991 3030 4048 qum
3073 3972 3309 4027 necdum
3341 3976 3500 4024 erant
3534 3970 3623 4024 in-

2008 4104 2173 4146 censa
2200 4084 2333 4141 satis
2364 4079 2679 4138 formidare.
2727 4071 3065 4146 Sigemundo
3115 4068 3401 4139 episcoPO,
3430 4065 3498 4119 de
3540 4080 3629 4118 re-

2009 4173 2393 4234 conciliatione
2433 4163 2842 4241 pcenitentium,
2871 4169 2926 4214 et
2955 4159 3076 4214 aliis
3115 4155 3180 4210 ad
3212 4170 3425 4208 sacrum
3466 4151 3632 4206 mini-

2011 4273 2238 4330 sterium
2310 4261 2738 4339 pertinentibus,
2820 4256 2888 4311 de
2962 4252 3164 4326 quibus
3253 4248 3626 4323 llildegarium

1936 4346 1994 4414 D
2010 4365 2333 4436 episcopum
2356 4373 2417 4412 se
2442 4351 2716 4430 significat
2739 4345 3080 4403 instruxisse.
3118 4344 3248 4396 Item
3268 4355 3365 4411 pro
3387 4339 3629 4412 benigne

2010 4454 2232 4512 tuendis
2286 4467 2348 4506 ac
2391 4444 2689 4504 tractandis
2726 4438 2984 4503 subditis,
3041 4447 3481 4491 commemorans
3505 4447 3630 4485 eum

2011 4547 2080 4602 de
2106 4542 2378 4614 corporali
2408 4537 2628 4594 medico
2666 4531 2968 4605 spiritalem
3011 4544 3042 4582 a
3074 4526 3184 4580 Deo
3209 4523 3411 4577 factum
3444 4541 3457 4587 ;
3499 4525 3628 4578 item

2016 4639 2085 4695 ad
2115 4632 2600 4707 interrogationem
2627 4627 2768 4695 ejus,
2830 4621 2962 4693 quid
3008 4621 3126 4689 ipse
3156 4615 3400 4671 scientiae
3455 4616 3634 4688 requi-

2016 4733 2159 4783 reret
2189 4741 2220 4778 a
2252 4705 2589 4793 presbyteris
2620 4729 2734 4768 suae
2773 4709 3068 4784 parochize.
3105 4705 3391 4777 Episcopis
3435 4705 3502 4758 ad
3534 4721 3632 4775 sy-

2015 4819 2224 4878 nodum
2275 4809 2593 4868 Suessionis
2623 4808 2734 4875 (16)
2785 4821 2851 4859 ex
2883 4800 3136 4872 jussione
3176 4799 3321 4873 regis
3375 4797 3634 4853 Ludovici

2015 4900 2479 4965 Transrhenensis
2507 4891 2970 4954 convenientibus
3001 4889 3238 4963 legatum
3269 4902 3426 4940 suum
3448 4902 3634 4941 sacero

2017 4998 2203 5052 dotem
2262 4989 2555 5063 quemdam
2602 4985 2870 5059 dirigens,
2913 4986 2966 5034 et
3020 4993 3119 5049 pro
3160 4973 3492 5030 infirmitatis
3532 4975 3636 5028 im-

2018 5087 2390 5164 possibilitate
2435 5089 2612 5138 semet
2641 5093 2929 5143 excusans,
2971 5070 3243 5145 quidquid
3284 5069 3497 5124 favente
3529 5069 3634 5123 Do-

2019 5161 2170 5239 mino
2221 5176 2526 5236 secundum
2572 5172 2897 5230 canonicam
2954 5164 3381 5227 institutionem,
3416 5170 3470 5216 et
3512 5161 3634 5231 epi-

2021 5268 2242 5341 scopale
2273 5263 2640 5321 ministerium
2665 5261 2812 5329 juste
2844 5264 2898 5312 et
2927 5252 3344 5314 rationabiliter,
3378 5249 3634 5320 aequitate

2021 5360 2280 5422 dictante,
2339 5351 2704 5417 decreverint,
2753 5363 2941 5403 eorum
2997 5342 3234 5397 decretis
3283 5355 3344 5393 se
3388 5351 3635 5392 annuere

2022 5448 2334 5524 profitens;
2375 5444 2648 5519 quidquid
2707 5456 2836 5497 vero
2867 5438 3040 5494 sacris
3090 5433 3397 5492 canonibus
3439 5428 3636 5502 poterit

2023 5523 2267 5605 obviare,
2301 5547 2354 5596 et
2401 5555 2432 5594 a
2463 5544 2608 5593 recta
2639 5533 2748 5590 fide
2787 5549 2852 5587 ac
2880 5531 3156 5601 aequitate,
3196 5535 3251 5582 et
3273 5523 3496 5594 justitize
3527 5527 3634 5572 tra-
