4012 6164
436 205 534 260 231

1558 195 1922 252 FLODOARDI
1964 195 2264 252 CANONICI
2308 197 2639 252 REMENSIS

3649 199 3753 257 232

434 351 563 405 mite
609 347 837 402 valuerit
879 344 1118 409 deviare,
1161 357 1220 396 se
1279 341 1334 398 in
1362 341 1512 396 nullo
1560 356 1842 396 assensum
1893 355 2040 410 prae-
2065 345 2120 411 Α
2147 355 2244 409 pro
2285 341 2518 411 epistola
2547 341 2690 415 regis
2722 341 2921 406 Karoli,
2964 349 3017 398 et
3066 343 3235 399 misso
3265 359 3367 398 suo
3407 359 3527 397 cum
3561 342 3756 398 litteris

433 441 586 506 bere,
621 456 722 495 nec
766 444 822 492 ut
860 435 1004 488 idem
1049 432 1284 487 vicarius
1323 431 1443 500 ejus
1482 447 1769 486 assensum
1803 429 2046 500 praebeat

432 535 518 588 vel
545 539 786 595 coactus,
833 543 1100 591 annuere,
1141 525 1420 597 episcopis
1459 525 1762 579 dioeceseos
1795 523 2045 578 Ecclesiae

433 621 714 674 Senonicze
771 617 961 672 scribit
1005 632 1103 688 pro
1143 616 1412 670 electione
1454 613 1702 688 Ansegisi
1759 611 2046 666 Remensis

433 712 740 766 dimceseos
768 709 1022 764 monachi
1046 709 1114 762 ad
1138 708 1511 779 episcOpatum
1541 706 1897 772 Senonicum,
1917 717 2044 758 con-

430 817 654 855 sensum
683 817 841 854 suum
876 801 932 852 in
972 799 1144 869 ipsius
1199 798 1470 852 adhibens
1507 797 1874 851 ordinatione.
1925 794 2045 865 Epi-

428 893 612 963 sc0pis
644 908 863 964 quoque
899 892 1064 946 totius
1091 892 1245 966 regni
1277 891 1628 961 primoribus,
1663 907 2041 956 commonens,

428 988 481 1034 et
510 982 804 1058 exhortans
845 997 940 1035 eos
969 981 1345 1035 intemeratam
1377 979 1542 1035 fidem
1574 982 1687 1055 regi
1720 997 1820 1036 suo
1852 983 2044 1038 Karolo

428 1090 773 1142 conservare,
802 1073 1023 1144 quando
1053 1073 1195 1127 idem
1221 1090 1311 1128 rex
1341 1075 1565 1128 Romam
1591 1076 1829 1145 perrexit
1857 1093 1870 1138 ;
1915 1075 2042 1130 item

430 1163 726 1235 episcopis,
759 1163 1070 1227 abbatibus,
1103 1163 1415 1226 comitibus,
1452 1171 1506 1218 et
1536 1165 1747 1219 caeteris
1778 1165 1873 1218 Dei
1907 1163 2040 1219 ﬁde-

431 1253 578 1307 libus
599 1253 664 1306 ad
685 1252 958 1323 quoddam
991 1253 1280 1326 collegium
1305 1254 1782 1319 convenientibus,
1799 1270 1907 1325 quo
1925 1255 2041 1324 ipse

432 1342 677 1412 corporis
716 1340 1028 1394 infirmitate
1061 1343 1392 1412 praepeditus
1437 1343 1589 1397 abire
1622 1360 1731 1397 non
1778 1346 2044 1406 valuerat,

431 1432 633 1506 gratias
663 1446 832 1501 agens
862 1431 971 1484 Deo
1004 1445 1099 1499 pro
1139 1432 1470 1502 quibusdam
1505 1432 1838 1502 primoribus
1869 1434 2044 1506 regni,

433 1521 526 1591 qui
557 1519 624 1573 ab
647 1519 925 1589 episcopis
957 1519 1357 1591 aliquantulum
1389 1521 1784 1589 dissenserant,
1809 1531 1862 1577 at
1894 1531 2044 1589 tunc,

428 1611 601 1682 gratia
652 1611 744 1664 Dei
796 1611 1084 1687 largiente,
1145 1613 1506 1684 beneplacitae
1546 1613 1654 1668 sint
1698 1613 2045 1668 unanimitati

431 1703 728 1770 conjuncti.
791 1702 1119 1777 Significans
1167 1722 1266 1776 per
1312 1707 1408 1760 has
1448 1706 1676 1772 litteras,
1719 1714 1774 1760 et
1818 1706 2046 1760 missum

432 1791 680 1846 ecclesiae
709 1807 822 1846 suae
852 1794 1313 1861 comministrum,
1342 1812 1401 1850 se
1433 1797 1500 1849 de
1532 1795 1694 1852 bonis
1715 1812 1903 1851 eorum
1929 1805 2047 1852 stu-

432 1883 540 1938 diis
570 1900 632 1938 ac
669 1883 1129 1954 dispositionibus
1168 1888 1540 1962 congaudere,
1584 1890 1932 1960 suadensque
1989 1897 2048 1944 ut

431 1975 737 2028 secundum
769 1974 1097 2044 sapientiam
1127 1975 1207 2030 eis
1238 1993 1268 2029 a
1301 1977 1410 2032 Deo
1443 1978 1645 2043 datam,
1686 1979 1888 2033 divinis
1920 1979 2049 2034 obe-

433 2065 653 2121 dientes
703 2067 1016 2136 praeceptis,
1050 2068 1272 2123 remotis
1311 2069 1537 2139 privatis
1586 2072 1803 2139 studiis,
1863 2079 1916 2127 et
1960 2073 2048 2128 in-

434 2157 632 2212 debitis
659 2157 1070 2227 cupiditatibus,
1105 2175 1167 2214 ac
1200 2160 1376 2214 noxiis
1428 2165 1899 2232 contentionibus,
1933 2167 2049 2238 pri-

433 2261 580 2299 mum
619 2262 740 2316 qua:
767 2245 834 2299 ad
863 2247 1236 2320 generalitatis
1267 2249 1521 2317 salutem,
1556 2268 1768 2322 pacem,
1801 2264 1855 2310 et
1900 2257 2045 2312 utili-

433 2341 596 2389 tatem
631 2335 960 2406 pertineant,
1010 2336 1312 2408 inquirant,
1354 2349 1407 2396 et
1445 2344 1672 2414 exsequi
1715 2353 2046 2416 procurent:

432 2425 734 2480 adnectens
763 2442 946 2480 sacras
978 2429 1329 2485 auctoritates
1382 2432 1450 2487 de
1481 2440 1631 2488 veste
1676 2434 1894 2503 Christi,
1928 2452 2049 2506 qua:

435 2524 516 2570 est
548 2517 788 2572 Ecclesia
833 2519 950 2586 Dei,
988 2520 1324 2593 hortansque
1376 2531 1432 2578 ut
1469 2527 1685 2596 seipsos
1716 2534 1825 2582 tota
1852 2530 2049 2584 virtute

432 2614 706 2662 armantes
731 2609 960 2676 justitiae
989 2611 1108 2665 zelo
1138 2612 1371 2685 erigant,
1407 2621 1459 2668 et
1493 2617 1686 2688 jugum
1716 2619 1901 2673 oneris
1933 2636 2049 2674 ma-

432 2695 528 2748 tris
595 2711 784 2750 eorum
859 2698 1138 2765 Ecclesiae,
1216 2715 1280 2754 ac
1337 2701 1541 2775 virgam
1595 2707 1862 2760 cxactoris
1930 2707 2050 2775 ejus

432 2787 580 2851 (Isai.
614 2787 684 2856 ix)
716 2786 1083 2863 confringant,
1134 2797 1187 2845 et
1215 2791 1432 2847 vincula
1473 2794 1598 2849 colli
1641 2795 1876 2852 filiorum
1932 2799 2050 2867 ejus

432 2875 735 2931 dissolvant
787 2879 937 2948 (Isai.
973 2883 1103 2946 L11);
1154 2882 1201 2935 si
1239 2883 1332 2953 qui
1369 2884 1478 2940 sint
1527 2889 1776 2958 oppressi
1825 2905 2046 2945 manum

431 2967 775 3055 allevatiouis
824 2973 1134 3045 porrigant;
1177 2974 1222 3028 si
1272 2975 1364 3046 qui
1415 2976 1551 3032 forte
1620 2980 1900 3051 depravati
1952 2999 2047 3037 cu-

431 3066 661 3136 piditate
713 3065 798 3120 vel
855 3065 1048 3138 gratia,
1099 3069 1165 3122 ad
1221 3071 1636 3128 unanimitatem
1694 3076 1879 3148 gregis
1932 3071 2047 3132 'Do-

435 3155 620 3210 minici
663 3154 927 3210 reducere
960 3161 1216 3211 studeant
1246 3176 1260 3224 ;
1321 3162 1717 3231 amplectantur
1753 3166 2042 3220 consilium

431 3241 578 3297 beati
628 3243 894 3314 Gregorii,
935 3249 1368 3319 caeterorumque
1427 3259 1738 3307 sanctorum
1788 3255 2043 3324 Patrum;

431 3339 485 3386 et
539 3332 656 3404 ipse
710 3349 932 3405 quoque
985 3337 1132 3406 quod
1187 3338 1264 3392 illi
1318 3341 1386 3394 ad
1441 3359 1632 3412 pacem
1696 3348 1885 3417 populi
1950 3349 2043 3403 Dei

429 3426 484 3474 et
550 3421 816 3489 justitiam
884 3428 1282 3493 procurandam
1361 3431 1725 3502 decreverint,
1793 3437 1934 3491 votis
1992 3447 2047 3492 et

427 3509 736 3582 obsequiis,
765 3520 1026 3584 quantum
1046 3515 1308 3571 Dominus
1323 3518 1635 3588 donaverit,
1659 3533 2041 3596 prosequetur.

430 3600 723 3678 Subjungit
771 3620 992 3676 quoque
1058 3624 1241 3664 sacras
1285 3614 1635 3670 auctoritates
1675 3617 1745 3672 de
1782 3620 2045 3676 canonice

431 3693 828 3760 promovendo,
857 3695 942 3748 vel
975 3695 1235 3769 eligendo
1267 3701 1552 3773 episcOpo.

1021 3813 1232 3869 CAPUT
1275 3816 1446 3872 XXIV.

571 3879 697 3946 Quae
722 3881 1009 3938 abbatibus
1036 3887 1364 3954 quibusdam
1391 3892 1597 3961 scripta
1616 3892 1898 3953 diremerit.

501 3969 635 4024 Aliis
703 3985 926 4042 quoque
1005 3973 1234 4028 diversis
1302 3981 1596 4049 personis,
1664 3991 1774 4039 tam
1833 3987 2047 4044 clericis

430 4075 592 4130 quam
628 4060 801 4124 laicis,
839 4063 1087 4118 honestis
1109 4066 1271 4119 etiam
1305 4068 1546 4138 feminis,
1572 4073 1785 4131 diversa
1818 4095 1915 4148 pro
1945 4083 2048 4137 uti-

428 4150 581 4204 litate
621 4152 891 4222 cujusque
931 4155 1206 4224 reperitur
1243 4158 1448 4230 scripta
1486 4162 1773 4234 direxisse,
1834 4172 2044 4227 nemini

426 4238 703 4294 adulando
727 4257 982 4309 parcens,
1016 4244 1113 4297 sed
1144 4249 1438 4303 commoda
1469 4252 1669 4324 cuique
1697 4272 1796 4326 pro
1831 4260 1907 4314 rei
1939 4276 2044 4333 op-

427 4331 758 4401 p0rtunitate
812 4350 1116 4408 suggerere
1182 4346 1452 4413 satagens.
1523 4345 1795 4405 Ludovico
1856 4331 2042 4412 abbati

423 4434 524 4473 suo
555 4419 761 4475 litteras
791 4423 937 4476 misit
963 4439 1059 4494 pro
1091 4429 1396 4496 repetendo
1443 4448 1673 4506 corpore
1703 4441 1880 4496 sancti
1909 4443 2045 4501 Deo-

423 4510 757 4607 dati,-quod
801 4515 1021 4586 quidam
1080 4519 1229 4588 Giso,
1281 4525 1583 4595 cupiditate
1638 4547 1821 4587 rerum
1871 4536 2046 4607 ipsius

422 4604 595 4658 sancti
639 4603 857 4671 ductus,
910 4624 976 4662 ex
1017 4610 1241 4668 diceeesi
1308 4615 1563 4674 Remensi
1623 4619 1811 4679 furtim
1860 4603 2043 4684 trans-

425 4689 553 4782 ferri
599 4691 802 4751 fecerat
851 4697 904 4751 in
964 4700 1397 4763 Parisiacensem
1441 4713 1782 4782 parochiam,
1839 4719 2040 4776 incon-

421 4781 564 4876 sulto
615 4784 881 4876 episcopo
923 4788 976 4842 in
1023 4793 1180 4862 cujus
1214 4796 1434 4865 jacebat
1482 4803 1790 4876 episcOpio.
1832 4809 2040 4866 Asserit

419 4875 600 4968 autem
637 4870 691 4925 in
731 4873 817 4927 his
854 4875 1051 4934 litteris
1076 4897 1134 4936 se
1169 4885 1401 4954 nemini,
1436 4870 1619 4964 neque
1651 4870 1760 4948 sibi
1795 4897 1876 4951 vel
1909 4915 2040 4969 pro-

420 4958 541 5052 prio
571 4975 671 5052 suo
702 4965 980 5037 sanguini,
1033 4979 1222 5027 contra
1254 4974 1440 5032 divina
1484 4958 1710 5051 parcere
1734 4984 1882 5052 jura.
1909 4958 2035 5043 .Sed

421 5053 476 5100 et
507 5047 884 5123 indignantem
909 5073 1008 5127 pro
1037 5059 1122 5114 his
1165 5061 1420 5119 abbatem
1453 5047 1648 5124 iterum
1683 5047 1886 5130 litteris
1915 5093 2037 5134 mo-

423 5150 553 5191 nere
585 5154 694 5194 non
726 5141 956 5212 destitit,
987 5148 1211 5206 hortans
1238 5159 1292 5207 et
1320 5155 1644 5225 admonens,
1680 5169 1739 5216 ut
1773 5165 2037 5223 ecclesia-

419 5227 576 5332 s‘ticis
600 5233 806 5306 regulis
837 5237 1156 5296 satisfacere
1195 5256 1553 5316 procuraret;
1589 5251 1740 5317 item,
1769 5273 1868 5326 pro
1899 5278 2040 5332 quo-

421 5315 546 5370 dam
580 5329 786 5392 nepote
816 5342 936 5392 suo,
969 5346 1130 5399 quem
1165 5335 1516 5393 commiserat
1546 5341 1618 5405 ei,
1651 5352 1705 5398 et
1745 5315 1843 5416 pro
1875 5315 2040 5408 rebus

419 5421 450 5460 a
499 5423 627 5483 rege
677 5429 776 5483 per
822 5415 1240 5487 dispositionem
1298 5423 1475 5494 ipsius
1533 5415 2035 5498 domniVHincmari

420 5501 708 5555 monachis
741 5506 917 5559 sancti
961 5506 1205 5580 Dionysii
1255 5514 1486 5570 traditis.
1547 5519 1806 5582 Hilduino
1846 5530 2033 5590 abbati

499 5596 610 5665 (17)
655 5598 843 5657 Habita
875 5612 958 5659 est
989 5622 1135 5663 anno
1163 5609 1286 5678 855,
1317 5614 1418 5670 sub
1459 5617 1664 5680 Bened.
1700 5627 1788 5681 lll.

2145 431 2212 484 ad
2231 431 2618 503 imperatorem
2647 433 2959 488 Lotharium
2985 435 3372 505 perducendis.
3397 437 3455 489 ln
3484 435 3686 506 quibus
3699 452 3756 489 se

2146 523 2393 592 quaedam
2428 525 2496 578 de
2527 525 2700 579 salute
2732 525 2905 596 ipsius
2935 527 3281 597 imperatoris
3311 543 3604 601 suggerere
3633 544 3754 581 ma-

2147 610 2388 677 nifestat,
2421 621 2480 667 ut
2510 614 2787 680 emendet,
2822 632 2943 686 qua}
2972 615 3078 686 ipsi
3113 615 3357 670 notificat
3389 615 3755 681 emendanda,

2145 709 2198 755 et
2227 702 2294 757 de
2325 719 2492 758 censu
2524 705 2789 760 solvendo
2820 721 2883 759 ex
2914 706 3044 760 villa
3073 706 3402 761 Dudeciaco.
3434 707 3566 760 ltem
3593 706 3756 760 simul

2144 811 2267 849 cum
2315 797 2525 867 synodo
2567 797 2952 868 episcoporum
2998 799 3143 868 apud
3204 798 3532 853 Carisiacum
3592 797 3756 850 habi-

2145 892 2197 939 ta
2221 887 2356 955 (l7),
2390 888 2581 942 scribit
2615 889 2873 944 Hilduino
2906 889 3082 943 Karoli
3118 889 3266 964 regis
3313 889 3760 959 archicapellano

2146 984 2198 1030 et
2230 993 2327 1048 pro
2360 979 2600 1034 Ecclesia
2633 980 2948 1053 Lingonica,
2992 997 3152 1052 quam
3187 981 3455 1036 Wilfadus
3503 981 3761 1035 Ecclesiae

2147 1064 2406 1120 Remensi
2438 1068 2694 1121 alumnus
2726 1077 2917 1124 contra
2962 1069 3226 1124 canonica
3255 1077 3618 1139 occupaverat
3666 1069 3763 1123 de-

2145 1164 2313 1210 creta.
2351 1157 2504 1213 Unde
2545 1167 2893 1234 suggesserat
2931 1159 3124 1215 eadem
3157 1160 3400 1232 synodus
3431 1161 3568 1233 regi,
3601 1168 3662 1214 ut
3691 1161 3765 1214 al-

2145 1251 2319 1301 terum
2340 1249 2406 1302 ad
2431 1251 2731 1322 regendam
2755 1250 3034 1321 praefatam
3058 1252 3416 1307 constitueret
3440 1250 3760 1313 Ecclesiam,

2150 1348 2204 1393 et
2244 1356 2333 1394 rex
2387 1341 2626 1409 jusserat
2670 1350 2728 1397 ut
2785 1344 3034 1415 episc0pi
3080 1352 3396 1417 quaererent
3436 1343 3622 1410 talem,
3668 1344 3761 1414 qui

2149 1442 2334 1502 posset
2365 1434 2420 1488 in
2450 1435 2755 1505 episcopali
2793 1436 3102 1492 ministerio
3132 1438 3311 1492 eidem
3346 1437 3602 1492 Ecclesiae
3636 1451 3765 1507 pro-

2148 1522 2334 1590 ficere,
2367 1541 2670 1598 eorumque
2696 1537 2822 1583 vota
2853 1529 2909 1582 in
2939 1530 3088 1584 Isaac
3117 1529 3292 1600 ipsius
3322 1528 3564 1582 Hilduini
3594 1527 3764 1581 disci-

2072 1616 2336 1704 Bpulum
2382 1627 2774 1682 convenerant,
2817 1620 3173 1675 obsecrantes
3210 1622 3374 1689 hujus
3415 1621 3467 1674 in
3520 1621 3625 1674 hoc
3657 1619 3768 1673 Hil-

2150 1708 2303 1762 duini
2354 1724 2707 1775 consensum,
2736 1718 2790 1766 et
2837 1712 3286 1781 deprecationem
3334 1709 3509 1782 ipsius
3565 1726 3664 1780 pro
3702 1725 3768 1764 eo

2147 1801 2294 1869 apud
2330 1816 2548 1873 regem;
2594 1802 2912 1857 Brunuardo
2961 1802 3168 1867 abbati,
3228 1817 3327 1874 pro
3373 1802 3541 1856 rebus
3593 1802 3764 1856 sancti

2151 1887 2384 1961 Remigii
2414 1888 2500 1942 vel
2531 1890 2745 1944 colonis
2776 1891 3066 1945 Remensis
3098 1889 3351 1945 Ecclesia
3383 1889 3437 1944 in
3470 1889 3768 1962 Thoringia

2149 1979 2461 2035 constitutis
2495 1999 2508 2046 ;
2543 1982 2812 2037 Adalardo
2837 1981 3123 2049 abbati,de
3151 1982 3393 2037 amicitia
3422 1982 3563 2036 inter
3595 1983 3767 2054 ipsos,

2151 2076 2204 2122 et
2234 2068 2474 2139 qualiter
2520 2070 2685 2124 debet
2717 2087 2836 2126 esse
2866 2088 3030 2126 verus
3058 2071 3270 2126 amicus
3300 2088 3314 2138 ;
3364 2070 3646 2126 Grunoldo
3677 2069 3770 2124 ab-

2150 2157 2284 2224 bati,
2310 2175 2406 2229 pro
2437 2160 2724 2235 Sigeberto
2755 2160 2903 2214 fideli
2935 2176 3057 2228 suo,
3090 2168 3148 2214 ut
3181 2177 3268 2214 res
3291 2160 3411 2228 ejus
3433 2176 3554 2230 quae
3586 2159 3770 2227 conja-

2148 2248 2348 2303 cebant
2389 2249 2444 2302 in
2504 2264 2674 2322 regno
2716 2249 2998 2318 Ludovici,
3042 2249 3097 2303 in
3145 2266 3241 2303 sua
3285 2249 3664 2304 dominatione
3719 2256 3767 2301 et

2149 2338 2319 2392 tutela
2359 2339 2772 2395 commendatas
2809 2338 3138 2409 susciperet,
3171 2345 3224 2392 et
3253 2347 3312 2392 ut
3345 2337 3460 2411 regi
3492 2337 3770 2394 Ludovico

2150 2427 2399 2493 suadeat,
2438 2444 2506 2482 ne
2537 2443 2922 2499 perversorum
2961 2427 3196 2482 credens
3233 2427 3496 2489 consiliis,
3549 2427 3605 2480 in
3642 2428 3769 2481 talia

2149 2530 2207 2568 se
2264 2515 2498 2570 ulterius
2556 2517 2829 2583 immittat,
2873 2517 3056 2588 qualia
3100 2524 3290 2571 contra
3327 2514 3548 2569 fratrem
3606 2532 3767 2569 suum

2151 2608 2404 2664 Karolum
2439 2617 2570 2666 tunc
2599 2619 2819 2685 egerat;
2853 2612 3002 2666 unde
3030 2612 3138 2666 tale
3169 2610 3409 2664 dedecus
3440 2610 3772 2680 ipsiaccide-

2151 2709 2253 2769 rat,
2293 2702 2455 2772 quale
2484 2717 2594 2757 non
2650 2703 2961 2770 accidisset,
3003 2703 3047 2758 si
3090 2703 3563 2758 exhortationibus
3606 2702 3771 2770 hujus

2151 2791 2338 2846 domni
2370 2791 2646 2846 Hincmari
2679 2792 2997 2862 aquiescere
3027 2791 3310 2847 voluisset.

2220 2882 2464 2937 Trasulfo
2528 2880 2589 2951 li,
2636 2883 2939 2955 Transulfo]
2985 2883 3301 2940 Corbeiensi
3343 2899 3465 2938 cum
3511 2883 3772 2938 fratribus

2148 2970 2254 3025 sibi
2283 2970 2566 3040 subjectis,
2602 2987 2700 3043 pro
2731 2973 2970 3044 quodam
3023 2973 3208 3042 fratre,
3240 2972 3332 3046 qui
3380 2974 3771 3046 praesumptive

2149 3061 2493 3118 abscesserat
2518 3079 2550 3118 a
2584 3064 2938 3127 monasterio,
2975 3079 3138 3135 quem
3179 3081 3211 3118 a
3239 3079 3370 3138 rege
3398 3073 3680 3136 receptum
3717 3065 3772 3118 in

2147 3153 2320 3228 gratia
2361 3165 2696 3227 praeceperat
2752 3156 2900 3211 idem
2949 3157 3194 3228 pontifex
3251 3159 3318 3212 ad
3369 3159 3769 3214 monasterium

2148 3246 2347 3301 festine
2373 3248 2593 3314 reverti,
2626 3264 2726 3319 pro
2758 3264 2867 3320 quo
2900 3265 2994 3303 rex
3033 3257 3337 3322 rogaverat,
3369 3260 3427 3304 ut
3456 3251 3768 3313 mandaret,

2148 3345 2422 3408 quatenus
2449 3340 2502 3393 in
2539 3341 2872 3396 monasterio
2905 3340 3131 3412 paciﬁce
3161 3343 3556 3413 susciperetur,
3585 3344 3770 3398 donec

2147 3431 2581 3485 conversationis
2629 3431 2750 3500 ejus
2784 3433 2982 3487 modus
3007 3449 3038 3486 a
3070 3449 3222 3506 rege,
3255 3440 3309 3488 et
3353 3433 3548 3488 eodem
3578 3435 3768 3488 archi-

2147 3521 2409 3593 episcopo
2442 3530 2690 3594 tempore
2721 3532 3032 3595 opportuno
3059 3524 3482 3595 disponeretur;
3519 3526 3675 3592 item,
3702 3527 3768 3580 ad

2145 3609 2370 3664 eosdem
2411 3611 2709 3684 gratiarum
2773 3611 3018 3667 referens
3053 3613 3304 3668 actiones
3354 3631 3452 3686 pro
3512 3616 3770 3687 impensa

2147 3699 2254 3754 sibi
2291 3699 2360 3754 ab
2393 3701 2474 3755 eis
2527 3703 2892 3776 benignitate,
2942 3721 3258 3761 memorans
3287 3723 3347 3761 se
3377 3708 3678 3778 plurimum
3715 3709 3771 3762 in

2149 3807 2339 3847 eorum
2394 3794 2739 3851 orationibus
2782 3795 3082 3860 conﬁdere,
3117 3806 3171 3853 et
3217 3799 3297 3854 eis
3323 3799 3583 3854 devotum
3640 3800 3770 3854 exi-

2149 3890 2314 3948 stere,
2363 3885 2894 3957 commonitoriaque
2948 3887 3139 3941 salutis
3168 3888 3249 3942 eis
3301 3887 3548 3960 dirigens
3579 3889 3771 3944 horta-

2150 3981 2352 4042 menta,
2403 3982 2462 4030 ut
2514 3977 2719 4049 quique
2778 3977 2829 4032 in
2891 3979 3026 4049 ipsis
3071 3996 3265 4034 navem
3315 3980 3613 4035 Dominicae
3663 3998 3772 4056 gu-

2148 4063 2489 4122 bernationis
2539 4075 2895 4138 susceperant
2951 4070 3271 4143 regendam,
3322 4075 3512 4125 contra
3569 4071 3767 4126 insur-

2145 4160 2391 4229 gentium
2429 4167 2811 4230 tempestatum
2839 4161 3079 4232 impetus
3129 4163 3362 4237 impigra
3390 4164 3769 4220 sollicitudine

2146 4249 2385 4320 dirigere
2416 4249 2695 4317 studeant,
2724 4254 2779 4303 et
2807 4255 2866 4302 ut
2897 4251 3285 4320 persecutione
3314 4252 3622 4309 imminenti
3677 4272 3772 4326 pa-

2145 4356 2412 4416 ganorum
2445 4356 2778 4412 quacunque
2799 4342 3170 4397 recedendum
3203 4345 3292 4411 sit,
3319 4362 3348 4399 a
3372 4346 3519 4402 bono
3553 4362 3770 4418 propo-

2144 4431 2248 4484 sito
2279 4446 2389 4486 non
2436 4430 2717 4496 recedant,
2751 4440 2891 4497 etc.;
2938 4431 3095 4499 item,
3135 4433 3414 4501 Hilduino,
3465 4443 3522 4489 ut
3553 4443 3772 4491 certare

2146 4530 2404 4593 procuret
2435 4523 2579 4593 apud
2609 4539 2792 4598 regem
2845 4540 2948 4596 pro
2974 4526 3246 4583 electione
3278 4527 3546 4584 canonica
3581 4529 3773 4583 Eccle-

2145 4616 2239 4670 size
2280 4616 2613 4672 Morinensis
2637 4616 3016 4684 concedenda,
3071 4621 3200 4691 quia
3231 4628 3284 4676 et
3316 4621 3432 4692 ipse
3464 4620 3567 4677 hoc
3595 4637 3770 4696 agere

2144 4713 2419 4780 satageret
2437 4711 2698 4776 quantum
2731 4713 2934 4778 posset.

2210 4815 2497 4888 Adalgario
2513 4814 2722 4883 abbati,
2746 4817 2950 4891 gratias
2969 4816 3216 4873 referens
3232 4817 3302 4872 de
3333 4818 3679 4874 orationibus
3696 4805 3776 4874 ab

2139 4905 2257 4976 ipso
2287 4914 2341 4960 et
2371 4905 2631 4961 fratribus
2661 4907 2767 4962 sibi
2815 4910 3123 4964 commissis
3160 4911 3271 4965 Deo
3306 4926 3404 4982 pro
3445 4927 3505 4966 se
3536 4911 3766 4972 oblatis.

2139 5001 2193 5048 et
2224 4993 2292 5048 de
2323 4994 2715 5050 benedictione
2757 4997 3027 5053 donorum
3083 4999 3260 5070 ipsius
3315 4999 3552 5066 abbatis,
3609 5016 3770 5056 com-

2137 5100 2452 5140 memorans
2501 5086 2667 5141 etiam
2721 5087 2789 5142 de
2848 5090 3015 5144 rebus
3068 5090 3325 5146 Ecclesiae
3374 5091 3662 5146 Remensis
3711 5093 3768 5147 in

2135 5177 2434 5252 Thoringia
2467 5178 2606 5244 sitis,
2648 5195 2785 5250 quas
2817 5181 3032 5236 cuidam
3073 5183 3342 5238 Amalrico
3387 5185 3769 5250 commiserat,

2141 5268 2238 5323 sed
2269 5268 2384 5339 ipse
2411 5269 2552 5324 male
2591 5269 2794 5325 abusus
2824 5271 2904 5326 eis
2937 5272 3183 5327 divinum
3231 5275 3466 5344 proinde
3487 5275 3767 5343 judicium

2139 5358 2464 5428 susceperit,
2497 5375 2745 5430 quasque
2779 5360 2924 5415 idem
2965 5362 3137 5418 abbas
3168 5363 3271 5418 sub
3301 5379 3470 5419 censu
3503 5365 3607 5418 sibi
3642 5365 3770 5419 dari

2139 5449 2381 5521 petebat.
2411 5453 2518 5508 Sed
2548 5452 2693 5507 idem
2715 5453 2955 5509 domnus
2984 5454 3308 5512 Hincmarus
3339 5457 3393 5511 id
3427 5473 3590 5533 agere
3638 5457 3773 5511 sine

2135 5539 2461 5596 clericorum
2521 5556 2742 5598 suorum
2804 5543 3036 5600 consilio
3090 5560 3353 5612 renuens,
3421 5548 3640 5601 mandat
3702 5554 3775 5601 ut
