4010 6162
213 294 314 349 233

837 287 1161 343 HISTORIIE
1201 284 1528 341 ECCLESIIE
1564 281 1893 338 REMENSIS
1934 282 2111 338 LIBRI
2152 285 2477 349 QUATUOR.
2517 318 2587 329 —
2626 289 2752 344 LIB.
2795 288 2887 342 III.

3431 289 3538 345 234

213 446 435 503 easdem
462 445 532 499 ad
558 443 984 501 custodiendum
1032 443 1253 499 interim
1319 441 1602 512 suscipiat,
1635 448 1690 495 et
1743 439 1833 494 de-

1936 421 2192 476 rimorum
2259 425 2720 479 monasteriorum
2769 441 2870 495 per
2895 426 3312 482 concessionem
3346 443 3534 501 regum

214 536 572 608 scriptionem
638 535 961 589 earumdem
1019 532 1124 588 sibi
1175 533 1392 586 mittere
1458 530 1724 595 studeat,
1781 535 1838 583 et

214 637 408 698 postea
435 625 583 698 quod
613 641 738 679 cum
805 623 1307 680 ecclesiasticorum
1376 619 1609 676 consilio
1671 619 1834 672 mini-

214 729 449 774 strorum
495 715 880 772 rationabilius
909 714 1366 778 consideraverit,
1399 713 1450 768 ei
1479 711 1836 768 remandatu-

213 826 302 864 rus
330 810 422 864 sit.
468 811 601 864 Item
635 823 705 878 po
735 807 929 862 eadem
966 822 1023 860 re
1057 814 1181 876 post
1211 805 1437 859 missam
1470 804 1575 859 sibi
1621 802 1838 858 descri-

217 901 496 972 ptionem,
527 896 848 972 signiﬁcans
880 898 1106 967 insuper
1168 896 1444 951 Ludovico
1486 895 1600 967 regi
1646 909 1706 947 se
1738 907 1836 963 pro

211 991 412 1046 iisdem
448 990 616 1045 rebus
635 989 842 1044 litteras
900 988 1145 1052 misisse,
1187 988 1249 1042 ad
1301 986 1623 1058 petitionem
1659 984 1836 1055 ipsius

211 1083 453 1147 abbatis,
480 1080 817 1137 notiﬁcando
847 1079 997 1150 ipsas
1030 1094 1118 1134 res
1145 1079 1328 1134 eidem
1361 1077 1546 1133 abbati
1575 1094 1635 1132 se
1668 1093 1826 1132 com-

211 1174 458 1236 misisse,
509 1171 754 1243 petendo
816 1187 1057 1242 quoque,
1113 1176 1173 1224 ut
1228 1170 1278 1224 ei
1330 1170 1584 1224 solatium
1637 1167 1827 1234 ferret,

211 1275 489 1338 quatenus
513 1262 666 1334 ipsas
701 1261 960 1317 ordinare
1000 1262 1188 1332 quiete
1220 1261 1446 1315 valeret.
1481 1260 1587 1314 Sed
1613 1260 1830 1330 etPop-

211 1355 345 1426 poni
375 1352 620 1417 cuidam,
653 1349 1058 1420 compescendo
1090 1365 1216 1405 eum
1247 1350 1315 1403 ab
1345 1349 1538 1404 harum
1560 1349 1830 1420 inquieta-

212 1445 365 1498 tione
391 1458 577 1497 rerum
605 1459 620 1506 ;
652 1438 876 1494 familiae
907 1455 1130 1510 quoque
1163 1440 1217 1493 in
1255 1438 1464 1493 eisdem
1495 1439 1660 1493 rebus
1691 1454 1824 1494 con-

207 1528 425 1582 sistenti
461 1528 656 1582 litteris
683 1528 972 1594 mandans,
1034 1543 1144 1599 quo
1207 1528 1389 1582 eidem
1440 1527 1627 1582 abbati
1688 1528 1826 1582 obe-

205 1619 429 1673 dicntes
459 1619 513 1674 in
543 1620 756 1673 cunctis
807 1619 1125 1674 existerent.
1161 1620 1449 1674 Anastasio
1514 1619 1824 1673 venerabili

1935 513 2190 567 abbatem
2223 514 2590 568 constituerit.
2640 513 2837 569 Comra
2865 531 2987 586 quae
3014 516 3108 571 ille
3141 517 3390 588 potentia
3421 518 3541 573 elei

1935 609 2110 670 vatus,
2137 602 2464 658 seditionem
2494 619 2615 674 quae
2639 603 2694 657 in
2750 604 2852 659 hac
2902 604 3163 672 Ecclesia,
3213 606 3298 661 vel
3353 608 3412 661 in
3444 607 3539 662 illo

1939 706 2108 763 regno
2135 691 2278 746 male
2307 691 2660 766 grassabatur
2713 691 3052 757 excitaverit,
3112 693 3430 766 quibusque
3460 695 3538 748 si—

1938 781 2092 835 milia
2110 781 2366 853 gesserit,
2399 789 2454 835 et
2493 780 2715 851 quantis
2744 780 2902 834 malis
2928 781 3204 836 obnoxius
3223 783 3313 846 sit,
3346 799 3541 854 prose-

1938 869 2162 941 quendo
2200 868 2515 923 manifestat
2541 885 2556 934 ;
2587 869 2886 923 obsecrans
2911 875 2974 922 ut
3002 869 3194 922 horum
3228 871 3551 927 reminisca~

1936 972 2044 1029 tur,
2077 971 2130 1019 et
2149 980 2337 1020 vocem
2363 964 2597 1032 Domini]
2621 980 2682 1018 se
2721 963 3032 1019 revocantis
3077 964 3284 1030 audiat,
3315 967 3542 1022 animie-

1937 1071 2042 1127 que
2073 1069 2187 1108 sua:
2217 1054 2899 1123 misereaturtEccli.xxxl,
2933 1059 2991 1107 ut
3019 1053 3251 1108 salutem
3275 1058 3542 1128 consequi

1929 1149 2205 1198 mereatur
2237 1161 2252 1208 ;
2294 1142 2445 1208 item,
2479 1158 2577 1213 pro
2608 1141 2950 1196 correctione
2982 1142 3159 1212 ipsius
3192 1143 3304 1197 Deo
3334 1144 3542 1215 gratias

1930 1254 2120 1308 agens,
2151 1245 2206 1291 et
2235 1253 2398 1293 orans
2418 1244 2477 1292 ut
2501 1236 2791 1292 confirmet
2823 1237 2966 1290 Deus
2998 1237 3145 1308 quod
3180 1245 3441 1308 operatus
3458 1247 3542 1292 est

1930 1326 1988 1381 in
2019 1343 2085 1382 eo
2108 1328 2271 1396 (Psal.
2296 1327 2476 1398 vau),
2511 1335 2570 1381 et
2626 1326 2720 1380 det
2763 1325 2843 1379 illi
2897 1334 2952 1380 et
3011 1326 3150 1380 velle
3182 1334 3236 1380 et
3276 1325 3541 1396 perﬁcere

1931 1421 2128 1488 (Philip
2161 1419 2219 1488 ιι)
2251 1435 2374 1490 qua:
2403 1418 2510 1472 sibi
2537 1425 2664 1472 sunt
2689 1417 2889 1488 placita
2918 1432 3015 1487 pro
3039 1416 3185 1471 bona
3242 1418 3542 1484 voluntate,

1926 1518 1981 1562 et
2005 1515 2202 1563 caetera
2219 1508 2804 1580 quadamGrunhario
2838 1507 2956 1576 [ms.
2977 1506 3301 1577 Grimhario]
3325 1507 3536 1574 abbati,

1927 1613 2028 1668 pro
2059 1598 2223 1652 rebus
2250 1605 2452 1653 sanctae
2481 1597 2660 1651 Mariae
2691 1605 2744 1650 et
2772 1596 2946 1652 sancti
2976 1596 3208 1668 Remigii
3261 1596 3315 1650 in
3367 1599 3543 1650 Aver-

207 1711 398 1764 abbati
429 1727 495 1765 ac
522 1710 950 1766 bibliothecario
990 1717 1190 1765 sanctae
1252 1711 1509 1766 Romanae
1549 1710 1824 1777 Ecclesiae,
1853 1734 1907 1801 Β
1929 1691 2054 1745 Πίου
2077 1691 2396 1801 Ῥίίὲοἱείξίεν
2429 1689 2955 1801 ξῐξιθξίηξθπάίκξτδί
2997 1689 3294 1801 ξενηξπδίξ
3325 1690 3539 1754 Commi

205 1798 508 1870 gratiarum
528 1796 774 1852 referens
798 1797 1047 1852 actiones
1065 1813 1162 1868 pro
1177 1797 1665 1852 benedictionibus
1699 1814 1828 1852 san-

205 1886 473 1940 ctissimis
501 1886 571 1940 ab
602 1900 669 1940 eo
690 1884 797 1939 sibi
823 1900 922 1956 per
974 1885 1266 1940 Actardum
1325 1886 1649 1957 episcopum
1684 1888 1827 1941 dire-

202 1978 348 2042 ctis;
403 1994 538 2032 suas
567 1977 750 2032 eidem
783 1992 1006 2047 quoque
1037 1977 1221 2031 abbati
1257 1977 1482 2032 mittens
1535 1995 1825 2033 munerum

203 2068 650 2124 benedictiones.
689 2069 946 2133 Quaedam
981 2068 1144 2123 etiam
1205 2071 1470 2139 Opuscula
1506 2085 1605 2125 suo
1637 2070 1827 2125 labore

202 2161 461 2215 confecta
491 2161 594 2231 ipsi
628 2160 892 2231 delegans
917 2178 932 2224 ;
962 2161 1116 2223 item,
1155 2176 1254 2230 pro
1301 2161 1590 2216 beneﬁciis
1621 2163 1725 2216 sibi
1758 2162 1825 2216 ab

203 2262 268 2302 eo
289 2248 537 2314 collatis,
574 2258 627 2303 et
647 2258 708 2303 ut
728 2249 1138 2324 suggestionem
1153 2266 1307 2304 suam
1334 2251 1536 2306 domno
1561 2269 1715 2322 papae
1744 2267 1829 2307 ac-

199 2341 544 2412 ceptabilem
590 2340 774 2406 faciat,
829 2351 885 2395 et
934 2341 1003 2395 de
1060 2343 1330 2396 memoria
1381 2342 1824 2412 benedictionis,

201 2444 370 2498 quam
405 2427 684 2501 dirigebat
716 2428 767 2481 ei
800 2429 882 2496 (de
910 2429 1005 2482 hoc
1034 2445 1204 2498 supra
1231 2445 1351 2499 cap.
1401 2431 1513 2498 21.)
1569 2431 1828 2505 Gregorio

199 2520 461 2586 ejusdem
485 2519 742 2573 Romanae
769 2519 1028 2574 Ecclesia
1055 2522 1480 2588 nomenclatori,
1525 2530 1579 2576 et
1611 2523 1828 2592 apocri-

201 2611 399 2676 siario,
426 2625 685 2664 asserens
709 2611 858 2682 quod
879 2611 1141 2682 praefatus
1169 2612 1490 2667 Anastasius
1525 2615 1696 2669 multa
1728 2614 1829 2670 bo-

203 2700 401 2754 nitatis
429 2699 671 2770 insignia
702 2699 807 2752 sibi
833 2698 900 2752 de
931 2700 1054 2769 ipso
1081 2699 1199 2753 suis
1230 2699 1432 2754 litteris
1464 2700 1824 2772 intimaverit,

204 2798 258 2844 et
290 2791 450 2862 quod
485 2806 739 2853 magnam
772 2787 1027 2844 ﬁduciam
1066 2791 1120 2843 in
1155 2790 1330 2860 ipsius
1383 2792 1590 2847 habere
1641 2803 1828 2863 posset

202 2882 459 2936 amicitia
506 2880 796 2935 sinceriter
852 2881 1240 2946 mandaverit;
1302 2883 1449 2936 unde
1504 2890 1557 2936 et
1605 2885 1740 2953 petit
1769 2894 1829 2940 ut

204 2970 388 3024 isdem
415 2969 716 3043 Gregorius
732 2986 790 3024 se
815 2970 957 3023 inter
985 2969 1178 3024 ﬁdeles
1216 2971 1425 3026 amicos
1458 2987 1588 3026 suos
1637 2979 1826 3028 tenere

1928 1783 2196 1837 mandans
2227 1783 2357 1837 huic
2393 1782 2579 1836 abbati
2608 1790 2783 1836 uteas
2835 1779 3193 1846 describeret,
3243 1789 3298 1834 et
3350 1796 3540 1835 earum

1927 1871 2356 1942 descriptionem
2384 1870 2490 1925 sibi
2512 1870 2772 1924 deferret.
2796 1869 3086 1944 Adalgario
3099 1878 3292 1924 vocato
3325 1871 3545 1941 episco-

1928 1979 2126 2034 po,pro
2148 1963 2315 2018 rebus
2335 1961 2624 2017 Remensis
2640 1959 2890 2015 ecclesiae
2909 1960 2965 2012 in
2980 1959 3268 2030 Aquitanis
3296 1960 3546 2030 partibus

1927 2054 2364 2124 conjacentibus,
2424 2069 2560 2125 quas
2609 2051 2918 2106 Bernardus
2991 2050 3298 2105 Tolosanus
3353 2065 3544 2106 comes

1927 2153 2311 2216 occupaverat,
2345 2153 2400 2200 et
2428 2145 2557 2217 quia
2588 2145 2768 2215 pretio
2798 2159 2892 2198 eas
2909 2143 3167 2198 obtinere
3199 2157 3309 2197 non
3343 2141 3540 2212 potuil,

1930 2239 2344 2310 depraedatione
2377 2236 2779 2309 pessumdedit,
2809 2235 2988 2289 donec
3041 2234 3187 2287 Deus
3215 2232 3344 2286 inde
3377 2247 3534 2285 suum

1924 2331 2197 2400 judicium
2229 2329 2474 2384 exercuit
2507 2346 2518 2381 :
2553 2341 2803 2398 quasque
2835 2325 2979 2379 idem
3014 2325 3251 2378 domnus
3285 2323 3539 2377 Ilincma-

1930 2443 2022 2480 rus
2041 2425 2316 2496 Agilmaro
2337 2424 2601 2494 episcOpo
2633 2420 3004 2484 commiserat,
3029 2418 3252 2489 quando
3267 2417 3436 2471 etiam
3469 2417 3538 2470 de

1931 2520 2174 2585 incestis,
2233 2527 2288 2574 et
2344 2515 2771 2588 usurpatoribus
2803 2529 2986 2568 rerum
3041 2511 3536 2566 ecclesiasticarum

1932 2611 2204 2675 libellum,
2215 2608 2449 2677 jubente
2468 2623 2618 2680 rege,
2644 2605 2749 2675 ipsi
2775 2604 3036 2674 episcopo
3050 2602 3296 2657 dederat.
3322 2602 3542 2655 Manda-

1931 2711 1986 2759 ta
2004 2717 2224 2775 quoque
2255 2716 2354 2772 pro
2383 2699 2595 2754 eisdem
2623 2697 2789 2752 rebus
2819 2696 2886 2750 ad
2925 2695 3179 2749 eumdem
3215 2694 3537 2764 episcOpum

1932 2794 2208 2848 datahuic
2229 2791 2420 2866 dirigit
2453 2809 2466 2844 :
2496 2798 2631 2845 etut
2675 2804 2798 2843 cum
2857 2787 3055 2841 eodem
3118 2788 3220 2841 iste
3288 2802 3538 2858 quoque,

1931 2888 2258 2958 participato
2286 2885 2543 2950 consilio,
2581 2898 2679 2954 pro
2703 2882 2840 2952 ipsis
2884 2881 3050 2935 rebus
3079 2887 3312 2954 satagat,
3359 2883 3543 2935 horta-

1932 2989 2039 3045 tur,
2067 2978 2334 3050 quosdam
2363 2975 2664 3049 designans
2697 2989 2889 3045 pagos,
2920 2973 2974 3026 in
3003 2971 3207 3043 quibus
3225 2974 3434 3026 eaedem
3457 2989 3544 3028 res

203 3060 497 3133 dignetur.
532 3059 792 3113 Guntario
817 3059 1026 3128 abbati,
1077 3076 1174 3130 pro
1219 3061 1458 3131 quodam
1516 3063 1827 3136 irreligioso
1852 3098 1902 3167 Ο
1931 3069 2306 3138 conjacerent,
2348 3065 2674 3121 Avernicum
2717 3064 2992 3130 videlicet,
3048 3063 3542 3136 Nigrummonten-

201 3150 508 3215 monacho,
537 3166 704 3220 quem
737 3150 805 3204 de
831 3152 1169 3206 monasterio
1204 3151 1571 3207 irreverenter
1601 3155 1825 3224 proprio

200 3240 368 3295 libitu
400 3239 666 3294 recedere
680 3239 932 3294 sciverat.
952 3239 1105 3294 Unde
1134 3240 1293 3295 valde
1311 3242 1823 3310 reprehenditeum,

200 3330 517 3385 ostendens
546 3347 611 3384 ex
664 3330 988 3384 auctoritate
1040 3332 1243 3405 regulae
1283 3333 1430 3402 quod
1464 3332 1536 3386 ita
1590 3347 1700 3386 non
1730 3333 1829 3386 de-

201 3422 428 3476 buisset
459 3437 586 3476 eum
618 3421 946 3487 dimittere;
1005 3431 1306 3493 monetque
1365 3430 1424 3478 ut
1475 3439 1599 3478 cum
1656 3425 1827 3480 misso

206 3515 358 3588 regis
389 3513 766 3584 perquiratur,
799 3520 854 3567 et
883 3514 1405 3584 comprehendatur,
1440 3525 1606 3586 atque
1629 3515 1683 3569 in
1721 3531 1831 3571 mo-

209 3605 527 3660 nasterium
561 3605 874 3673 reducatur,
893 3612 948 3660 et
979 3605 1032 3658 in
1079 3606 1384 3660 arctissima
1427 3607 1676 3661 custodia
1735 3624 1829 3662 re-

210 3693 490 3756 trudatur,
517 3693 948 3764 ejusqueculpaa
998 3693 1406 3760 describantur,
1460 3694 1684 3766 sibique
1738 3697 1838 3751 de-

207 3785 586 3855 scriptioipsa
615 3801 738 3840 cum
772 3785 979 3855 prOprii
1013 3785 1264 3856 episcopi
1316 3786 1514 3842 litteris
1543 3787 1834 3860 dirigatur,

209 3887 270 3931 ut
297 3877 614 3931 secundum
656 3893 838 3932 sacras
863 3877 1082 3952 regulas
1105 3893 1230 3932 cum
1262 3878 1493 3933 consilio
1543 3880 1836 3950 coepisco-

212 3987 424 4041 porum
457 3969 528 4024 de
550 3969 673 4041 ipso
704 3970 986 4025 decernat.
1020 3970 1266 4032 Gozlino,
1297 3986 1396 4041 pro
1434 3971 1712 4026 Bernardo
1742 3988 1836 4026 ne-

215 4071 348 4133 pote
382 4063 586 4133 ipsius,
607 4063 702 4134 qui
722 4063 1054 4118 seditionem
1095 4069 1286 4118 contra
1318 4079 1502 4136 regem
1526 4063 1710 4118 moliri
1755 4063 1836 4118 fe-

218 4152 473 4218 rebatur,
508 4153 735 4207 hortans
751 4159 812 4206 ut
841 4153 908 4207 ab
941 4153 1044 4207 hac
1101 4153 1412 4208 intentione
1441 4153 1662 4208 studeat
1711 4169 1835 4208 eum

217 4260 509 4303 revocare.
574 4253 631 4299 et
683 4253 742 4299 ut
798 4245 922 4316 ipse
979 4244 1239 4300 Gozlinus
1285 4261 1385 4315 pro
1444 4247 1598 4301 nullo
1629 4246 1833 4300 carnali

215 4337 418 4392 aﬂectu
444 4354 475 4390 a
505 4343 655 4391 recta
679 4336 766 4390 via
797 4337 1074 4402 declinet;
1121 4335 1343 4392 fratrem
1405 4353 1629 4410 quoque
1676 4355 1836 4393 suum

217 4426 544 4482 Gozfridum
576 4435 949 4493 commoneat,
981 4435 1040 4481 ut
1060 4428 1224 4483 ambo
1253 4443 1527 4483 memores
1547 4437 1835 4499 parentum

218 4531 452 4570 suorum
501 4531 535 4569 a
556 4512 706 4568 ﬁdeli
730 4514 1049 4570 sinceritate
1071 4515 1210 4586 l{non
1270 4517 1610 4591 degenerent
1638 4536 1652 4585 ;
1686 4520 1838 4586 item,

218 4603 528 4676 quaerendo
558 4619 658 4658 cur
677 4602 745 4656 ad
781 4617 839 4657 se
869 4604 1094 4658 missum
1127 4604 1212 4658 vel
1246 4605 1454 4660 litteras
1480 4623 1587 4662 non
1633 4609 1844 4683 dirige-

219 4702 324 4760 ret,
349 4701 416 4748 ut
458 4691 644 4748 facere
673 4692 869 4748 solitus
928 4692 1128 4761 fuerat,
1168 4695 1465 4750 exhortans
1511 4703 1568 4750 ut
1625 4697 1678 4750 id
1729 4697 1844 4751 fre-

221 4791 464 4856 quenter
512 4800 614 4854 pro
659 4791 852 4839 mutua
894 4784 1196 4841 dilectione
1245 4793 1411 4858 atque
1462 4788 1844 4844 consolatione

224 4873 412 4931 facere
443 4874 688 4938 studeat;
719 4872 1208 4947 itemﬁsigniﬁcans
1232 4878 1511 4948 quomodo
1542 4877 1611 4932 de
1643 4877 1846 4933 dilecto

228 4961 344 5018 ﬁlio
366 4964 421 5018 ei
452 4963 720 5018 Gozlinus
741 4963 885 5018 idem
917 4963 1092 5020 factus
1152 4965 1225 5019 sit
1256 4966 1538 5032 inimicus,
1573 4974 1627 5022 et
1665 4968 1848 5022 adhuc

230 5052 461 5108 charum
498 5052 675 5108 filium
703 5054 961 5109 eumdem
993 5054 1265 5122 nominat,
1297 5065 1354 5112 et
1383 5056 1613 5125 injurias
1637 5057 1744 5110 sibi
1776 5057 1844 5110 ab

229 5157 300 5197 eo
330 5143 513 5198 illatas
536 5159 648 5198 non
689 5144 864 5199 solum
907 5146 1202 5216 patienter,
1258 5147 1356 5200 sed
1411 5154 1465 5201 et
1510 5146 1750 5201 libenter
1786 5162 1845 5200 se

225 5231 372 5288 ferre
395 5235 700 5306 depromit,
722 5236 942 5306 acpetit
967 5244 1025 5292 ut
1081 5237 1487 5304 reminiscatur,
1548 5239 1679 5309 quia
1737 5238 1846 5292 Re-

229 5324 440 5378 mensis
460 5325 702 5380 ecclesia
731 5342 859 5381 eum
922 5327 1269 5402 regeneravit
1312 5328 1368 5382 in
1429 5327 1664 5395 Christo,
1725 5335 1850 5384 ton-

229 5432 466 5490 sumque
485 5417 543 5472 in
570 5417 830 5474 clericum
852 5417 956 5474 sub
997 5419 1268 5492 religione
1315 5420 1605 5475 nutriverit
1663 5427 1717 5475 et
1747 5421 1851 5477 do-

223 5507 426 5574 cuerit,
461 5508 533 5562 de
564 5509 819 5580 captione
840 5525 1178 5583 paganorum
1203 5511 1520 5575 redemerit,
1550 5511 1616 5566 ad
1646 5511 1851 5583 gradus

224 5597 651 5656 Ecclesiastin
690 5617 866 5674 usque
891 5603 962 5658 ad
991 5603 1344 5660 diaconatum
1366 5603 1700 5675 provexerit,
1723 5604 1850 5676 plu-

1936 3157 2458 3227 sem,Lemovicum,
2484 3163 2538 3210 et
2562 3155 2862 3210 Pictavum.
2881 3155 2939 3208 In
2973 3153 3097 3208 aliis
3123 3170 3344 3225 quoque
3366 3156 3544 3228 pagis,

1937 3267 2172 3326 quorum
2201 3265 2310 3304 non
2342 3248 2616 3314 meminit,
2640 3249 2738 3303 sed
2768 3248 2836 3302 ab
2870 3249 2974 3302 hoc
3006 3248 3213 3318 requiri
3241 3255 3409 3318 atque
3449 3248 3549 3302 de-

1936 3342 2127 3404 scribi,
2150 3339 2560 3410 sibiqueipsam
2593 3337 3023 3407 descriptionem
3055 3338 3197 3390 mitti
3219 3339 3370 3406 petit.
3400 3338 3549 3392 Lam-

1931 3433 2092 3487 berto
2121 3443 2366 3500 quoque,
2407 3443 2571 3498 quem
2619 3427 2784 3481 unice
2839 3426 3101 3480 dilectum
3133 3441 3197 3479 ac
3222 3425 3545 3482 visceralem

1931 3524 2102 3578 ﬁlium
2134 3537 2290 3575 suum
2325 3528 2612 3586 memorat,
2645 3519 2952 3575 admonens
2984 3530 3039 3576 et
3076 3524 3376 3596 exhortans
3409 3540 3551 3595 qua-

1934 3618 2063 3672 liter
2091 3631 2254 3688 agere
2277 3613 2480 3668 debeat
2501 3629 2631 3687 erga
2659 3613 2803 3680 illos,
2838 3614 2983 3670 inter
3012 3631 3152 3686 quos
3184 3617 3552 3672 convcrsaba-

1939 3715 2046 3774 tur,
2071 3717 2125 3762 et
2155 3706 2248 3778 qui
2282 3723 2404 3762 cum
2437 3705 2666 3760 eiecturi
2725 3722 2848 3760 esse
2879 3707 3213 3762 videbantur
3241 3709 3307 3762 ad
3337 3709 3555 3778 episco-

1939 3806 2125 3870 patum
2157 3799 2478 3852 Mettensem
2505 3815 2517 3850 :
2560 3796 2838 3867 praecipue
2879 3813 3113 3854 monens
3137 3807 3347 3868 pestem
3375 3799 3556 3853 Simo-

1939 3889 2110 3942 niacze
2176 3886 2450 3939 haareseos
2526 3884 2582 3936 in
2648 3883 2906 3937 omnibus
2968 3901 3328 3954 praecavere.
3421 3886 3557 3949 Quia

1935 3978 2226 4050 proﬁcere,
2257 3975 2455 4046 inquit,
2488 3975 2546 4028 in
2575 3975 2952 4030 ecclesiastico
2985 3975 3158 4048 gradu
3191 3992 3301 4030 non
3327 3977 3550 4048 poterit,

1937 4067 2031 4139 qui
2063 4067 2131 4121 ad
2162 4067 2265 4120 hoc
2293 4071 2351 4118 ut
2388 4064 2681 4118 haereticus
2736 4062 2850 4130 fiat,
2912 4072 3286 4134 promovetur.
3347 4065 3558 4120 Suadct

1940 4159 2104 4214 etiam
2130 4165 2189 4212 ut
2228 4156 2474 4231 regulam
2515 4155 2846 4227 pastoralem
2901 4156 3075 4211 sancti
3130 4157 3372 4232 Gregorii
3403 4157 3556 4213 festi-

1938 4258 2135 4306 nanter
2164 4250 2310 4325 legat
2339 4266 2401 4303 ac
2422 4255 2608 4303 mente
2667 4248 2948 4311 recondat,
2984 4255 3039 4303 et
3068 4250 3375 4304 secundum
3408 4266 3558 4304 eam-

1938 4345 2063 4399 dem
2089 4341 2336 4416 regulam
2381 4357 2441 4395 se
2498 4340 2732 4394 interius
2792 4346 2846 4394 et
2899 4339 3139 4395 exterius
3171 4340 3226 4394 in
3256 4341 3418 4404 viam,
3454 4359 3562 4414 qua

1939 4439 2006 4493 ad
2047 4437 2427 4509 episcopatum
2457 4435 2795 4506 pervenitur,
2830 4435 3052 4510 dirigat,
3087 4442 3141 4490 et
3174 4452 3271 4506 per
3305 4453 3470 4507 quam
3505 4438 3562 4490 in

1949 4527 2270 4598 episcOpatu
2295 4524 2363 4578 ad
2397 4524 2559 4578 vitam
2591 4530 2851 4577 mternam
2887 4523 3152 4588 tenditur,
3187 4525 3454 4599 corrigat,
3487 4525 3566 4579 si-

1943 4617 2214 4691 gniﬁcans
2233 4632 2290 4670 se
2315 4614 2506 4669 amicis
2532 4614 2666 4677 suis,
2698 4622 2804 4669 tam
2833 4614 3115 4684 episcopis
3144 4632 3311 4685 quam
3342 4617 3565 4671 comiti-

1944 4712 2051 4766 bus
2080 4709 2235 4782 regni
2301 4706 2540 4763 Lotharii
2599 4722 2698 4777 pro
2755 4722 2820 4762 eo
2853 4706 3065 4760 litteras
3104 4707 3369 4780 dirigere,
3400 4707 3562 4762 ﬁdem

1949 4801 2149 4865 facere,
2183 4801 2312 4872 quia
2335 4799 2403 4854 de
2432 4798 2681 4854 consiliis
2711 4807 2764 4852 et
2793 4797 3111 4852 salubribus
3165 4797 3342 4868 ipsius
3359 4800 3564 4855 exhor-

1946 4891 2252 4947 tationibus
2277 4906 2387 4945 non
2403 4888 2670 4952 deviabit,
2697 4888 2947 4959 petitque
2962 4904 3031 4941 ne
3059 4888 3382 4943 mendacem
3400 4905 3570 4960 super

1950 4982 2037 5036 his
2101 4982 2245 5052 apud
2304 4981 2510 5036 amicos
2544 4997 2669 5035 eum
2725 4980 2908 5035 faciat.
2961 4979 3171 5051 Hugoni
3215 4979 3426 5045 abbati,
3472 4998 3569 5051 pro

1947 5074 2217 5129 electione
2244 5072 2626 5128 Noviomensis
2658 5071 2904 5143 episc0pi
2924 5080 3047 5143 post
3069 5072 3359 5127 decessum
3394 5073 3572 5145 Ragc—

1947 5163 2144 5228 nelini,
2175 5169 2371 5232 petens
2401 5173 2461 5216 ut
2491 5162 2741 5216 hortetur
2784 5177 2944 5232 reges
2994 5161 3327 5214 Ludovicum
3362 5170 3417 5214 et
3443 5160 3569 5214 Kar—

1949 5252 2266 5305 lomannum
2315 5251 2442 5317 (18),
2488 5257 2765 5321 quatenus
2818 5249 3155 5304 voluntatem
3190 5250 3306 5312 Dei,
3343 5258 3573 5304 etante-

1950 5355 2229 5395 cessorum
2297 5355 2520 5394 suorum
2587 5338 3046 5393 consuetudinem
3118 5337 3172 5391 in
3243 5339 3346 5393 hac
3407 5355 3571 5393 causa

1950 5437 2295 5486 conservent.
2353 5429 2607 5485 Notiﬁcat
2660 5431 2823 5484 etiam
2887 5429 2966 5483 illi
3025 5429 3237 5484 obitum
3297 5430 3570 5486 Hincmari

1953 5520 2172 5590 nepotis
2233 5520 2316 5575 sui
2374 5519 2758 5574 Laudunensis
2807 5519 3076 5590 episcopi,
3129 5535 3329 5590 rogans
3360 5528 3420 5573 ut
3470 5535 3572 5588 pro

1953 5606 2074 5675 ejus
2111 5606 2309 5662 animae
2333 5607 2580 5662 remedio
2611 5625 2713 5680 per
2738 5608 3018 5677 subjectos
3039 5623 3102 5662 ac
3122 5605 3418 5661 familiares
3434 5622 3565 5660 suos

312 5699 422 5768 (18)
464 5699 527 5754 lli
558 5707 718 5756 erant
748 5701 845 5756 ﬁlii
880 5703 1138 5760 Ludovici
1164 5704 1318 5759 Balbi
1349 5719 1410 5758 ac
1430 5710 1666 5774 nepotes
1694 5703 1869 5760 Caroli
1901 5703 2066 5761 Calvi.

531 5807 817 5870 PATROL.
869 5807 1201 5871 CXXXV.

3131 5812 3169 5869 8
