4008 6158
449 255 556 316 235

1542 259 1918 314 FLOI)0ARDI
1961 257 2267 314 CANONICI
2309 259 2656 317 REMENSIS.

3665 267 3776 322 236

451 392 665 448 Domini
702 388 1135 444 misericordiam
1167 387 1453 459 deprecari
1485 395 1696 463 satagat
1754 389 1870 459 [ms,
1903 396 2053 442 sata-
2089 392 2136 459 Α
2162 392 2359 446 eodem
2391 401 2666 463 coempta,
2724 407 2887 464 quam
2942 392 3163 464 quidam
3207 408 3400 448 eorum
3453 395 3561 448 sibi
3590 395 3778 450 subri-

448 480 618 554 gaut].
649 480 804 544 Item,
837 484 896 532 ut
924 475 1168 547 prazfatis
1215 477 1442 552 regibus
1474 479 1816 533 necessarios
1843 479 2056 534 consti-

448 577 564 623 tuat
591 567 867 634 nutritios,
900 569 1029 640 quia
1054 570 1220 624 nimis
1250 570 1512 638 juvenem
1558 571 1840 625 habebant
1871 571 2056 626 consi—

446 657 687 723 liarium,
715 665 770 712 et
800 658 869 712 de
902 658 988 712 his
1008 675 1128 729 quae
1159 658 1266 712 sibi
1286 658 1456 712 iidem
1485 675 1646 730 reges
1676 673 1774 728 pro
1803 656 2055 712 custodia

444 746 804 801 Tornacensis
829 747 1104 817 parochias
1132 748 1194 818 [j,
1218 763 1315 818 pro
1346 749 1711 803 custodienda
1739 747 2053 802 Tornacen-

445 837 490 891 si
522 838 802 909 parochia]
855 840 1268 906 mandaverant,
1322 848 1377 895 et
1425 840 1556 910 quid
1615 840 1731 909 ipse
1759 855 1930 908 super
1968 839 2056 892 his

446 938 652 1003 egerat,
681 931 886 1002 quidve
944 932 1022 985 illi
1083 939 1275 1002 postea
1305 932 1768 998 remandaverint,
1811 932 1895 986 vel
1919 931 2053 1002 quid

447 1016 568 1088 ipse
597 1019 948 1090 rescripserit
989 1020 1072 1074 eis
1122 1021 1440 1076 nolentibus
1492 1037 1778 1076 assensum
1803 1018 2053 1091 praebere

445 1123 614 1177 super
639 1109 912 1164 electione
941 1110 1204 1165 canonica
1220 1109 1456 1180 praefatae
1471 1109 1850 1164 Noviomensis
1868 1109 2055 1163 Eccle-

445 1196 543 1250 sim
574 1213 588 1261 ;
623 1206 677 1252 et
703 1197 834 1268 quia
865 1199 982 1268 ipse
1014 1198 1149 1252 nihil
1183 1198 1310 1253 inde
1336 1199 1721 1273 aliud‘egerat,
1756 1198 1863 1252 nisi
1904 1199 2053 1270 quod

448 1301 547 1354 per
585 1288 808 1360 triginta
847 1296 899 1342 et
925 1288 1170 1359 quinque
1193 1302 1368 1342 annos
1395 1288 1450 1340 in
1483 1287 1796 1355 hujusmodi
1830 1287 2052 1360 negotio

448 1378 644 1433 solitus
666 1387 801 1434 erat.
833 1380 1045 1450 thuid
1085 1380 1188 1434 sibi
1241 1382 1557 1434 mandatum
1591 1388 1780 1452 postea
1811 1397 1876 1435 ex
1900 1389 2052 1451 parte

450 1482 663 1538 regum,
698 1469 780 1522 vel
813 1468 986 1538 ipsius
1041 1469 1286 1542 Hugonis
1317 1470 1371 1523 in
1427 1471 1527 1524 hac
1554 1486 1720 1524 causa
1750 1486 1849 1540 per
1871 1469 2055 1525 Wari-

451 1571 583 1608 num
621 1556 880 1610 clericum
911 1556 1096 1621 fuerit,
1131 1573 1377 1628 quasque
1404 1559 1614 1612 litteras
1628 1559 1830 1614 deinde
1849 1559 2084 1629 praefati‘

449 1663 606 1720 reges
636 1648 814 1701 eidem
845 1648 1112 1702 miserint.
1136 1648 1457 1721 Adjungens
1477 1666 1758 1706 sacrorum
1785 1667 2055 1707 canonum

449 1737 824 1808 promulgatas
864 1755 1041 1808 super
1087 1739 1358 1794 electione
1388 1741 1654 1796 canonica
1685 1743 2058 1809 auctoritates,

449 1838 504 1884 et
531 1830 852 1895 ostendens,
885 1831 1033 1901 quod
1075 1846 1185 1885 non
1217 1832 1465 1902 episCOpi
1525 1834 1594 1887 de
1627 1834 1828 1903 palatio
1864 1835 2061 1905 praeci-

447 1923 673 1992 piantur
703 1923 856 1996 eligi,
889 1924 987 1976 sed
1017 1924 1087 1976 de
1133 1923 1356 1993 propria
1405 1924 1656 1994 qualibet
1713 1926 1976 1993 Ecclesia,
2006 1935 2060 1982 et

450 2015 599 2084 quod
632 2002 699 2067 de
731 2014 1042 2069 ordinando
1069 2014 1353 2085 episcopo,
1385 2031 1496 2070 non
1527 2017 1672 2088 regis
1695 2018 2062 2088 velpalatino-

449 2125 569 2163 rum
601 2108 767 2162 debet
795 2125 916 2162 esse
934 2108 1463 2172 commendatio,sed
1489 2109 1619 2163 eleri
1664 2120 1718 2164 et
1745 2111 1923 2182 plebis
1945 2113 2062 2166 ele-

448 2198 579 2267 ctio,
611 2206 666 2252 et
693 2198 1103 2267 metropolitani
1123 2197 1179 2250 in
1198 2197 1467 2252 electione
1493 2198 1837 2267 dijudicatio,
1855 2200 2059 2255 deinde

447 2290 654 2344 terreni
683 2289 953 2360 principis
981 2289 1294 2354 consensio,
1327 2298 1382 2344 et
1411 2288 1622 2345 sieﬁeri
1672 2291 2058 2362 episcOporum

449 2398 646 2436 manus
675 2382 978 2452 impositio;
1033 2397 1287 2436 asserens
1342 2395 1440 2451 pro
1470 2389 1621 2438 certo
1675 2383 1821 2454 quod
1854 2383 1971 2454 ipse
2003 2384 2060 2437 in

447 2475 727 2530 neminem
757 2473 1070 2546 specialiter
1098 2473 1432 2540 intenderet,
1475 2473 1579 2528 nisi
1610 2483 1670 2529 ut
1696 2475 1932 2546 quisque
1964 2476 2058 2543 sit,

446 2569 754 2624 secundum
785 2583 993 2622 sacram
1051 2566 1433 2621 auctoritatem
1489 2568 1557 2621 ad
1617 2568 1720 2624 hoc
1770 2571 2061 2626 accederet

447 2659 715 2726 officium,
747 2667 804 2712 et
857 2658 1004 2728 quod
1045 2657 1292 2728 spiritale
1359 2657 1724 2713 ministerium
1791 2661 2052 2730 postulat,

448 2748 616 2803 sciret
667 2763 729 2802 ac
775 2746 999 2813 faceret,
1047 2755 1151 2800 etc.
1215 2748 1350 2801 Item
1410 2748 1638 2802 mittens
1697 2749 1746 2803 ei
1777 2751 2058 2820 exemplar

448 2836 717 2906 epistolae,
745 2850 908 2904 quam
936 2834 1052 2906 regi
1085 2833 1302 2897 Karolo,
1347 2833 1607 2890 Ludovici
1635 2836 2057 2892 Transrhenen-

447 2925 523 2978 sis
547 2921 663 2979 filio
691 2923 988 2987 direxerat,
1024 2937 1121 2991 pro
1177 2920 1406 2994 regibus
1452 2923 1632 2977 adhuc
1663 2925 1852 2992 pueris
1876 2925 2058 2981 Ludo-

447 3014 569 3068 vico
602 3021 656 3068 et
686 3010 1076 3075 Karlomanno,
1106 3010 1442 3080 hortansque
1474 3018 1535 3064 ut
1563 3010 1608 3064 si
1642 3013 1884 3082 potuerit
1914 3013 2059 3068 obti-

449 3109 598 3169 neat,
611 3100 1040 3172 quatenusidem
1056 3098 1285 3152 Karolus
1300 3099 1452 3170 (quia
1471 3096 1647 3153 filium
1667 3115 1780 3156 non
1794 3100 2058 3174 habebat)

447 3212 618 3250 unum
651 3211 716 3249 ex
748 3193 834 3247 his
876 3191 1080 3264 regulis
1128 3189 1235 3244 sibi
1267 3190 1493 3260 adoptet
1544 3190 1598 3244 in
1644 3191 1838 3260 filium,
1871 3201 1923 3248 et
1954 3194 2057 3249 sub

445 3301 612 3342 manu
640 3283 772 3338 boni
826 3297 889 3336 ac
927 3279 1134 3335 strenui
1168 3279 1339 3349 bajuli
1397 3281 1466 3334 ad
1526 3281 1633 3335 hoc
1673 3297 1797 3336 eum
1859 3283 2056 3338 nutriri

445 3378 632 3443 faciat,
664 3382 721 3430 ut
741 3373 848 3428 sibi
879 3372 1154 3427 haeredem
1183 3377 1277 3425 aut
1317 3370 1371 3424 in
1394 3379 1591 3438 totum,
1633 3382 1729 3428 aut
1758 3375 1813 3430 in
1844 3387 2056 3448 partem

441 3475 678 3533 statuat;
713 3474 767 3520 et
795 3470 853 3519 ut
873 3472 1086 3518 secrete
1139 3463 1290 3537 Hugo
1320 3463 1467 3533 apud
1509 3463 1763 3519 Karolum
1787 3467 2058 3536 obtineat,

444 3573 554 3629 quo
585 3565 639 3610 et
669 3557 866 3610 horum
893 3566 1208 3623 puerorum,
1237 3557 1292 3605 et
1323 3551 1480 3625 regni
1519 3551 1686 3620 hujus
1708 3568 1929 3609 causam
1959 3572 2056 3610 su-

445 3665 545 3719 per
570 3664 631 3701 se
657 3655 825 3701 totam
849 3641 1137 3712 suscipiat,
1172 3650 1229 3696 et
1266 3657 1500 3713 quaeque
1529 3641 1876 3714 disponenda
1907 3647 2059 3721 regio

444 3736 644 3792 suntin
667 3733 996 3798 ministerio,
1016 3731 1133 3800 ipse
1165 3730 1440 3800 disponat.
1491 3730 1835 3788 Praemittens
1865 3735 2054 3804 etiam,

441 3841 500 3886 ut
551 3831 755 3900 scripta
821 3843 922 3882 sua
961 3868 977 3888 ,
1066 3841 1188 3896 quae
1266 3825 1463 3882 Karolo
1551 3825 1867 3894 mittebat,
1940 3830 2058 3899 ipse

443 3925 618 3998 Hugo,
665 3920 711 3974 si
759 3918 1098 3974 haberentur
1147 3916 1324 3986 utilia,
1403 3924 1458 3972 et
1515 3917 1889 3985 rationabilia,
1953 3937 2056 3977 suo

440 4012 678 4086 sapienti
727 4009 960 4066 consilio
1041 4014 1095 4062 et
1168 4008 1427 4078 prudenti
1498 4016 1865 4080 prosequatur
1932 4019 2056 4068 stu-

439 4107 532 4162 dio
589 4123 603 4168 ;
661 4104 746 4157 sin
812 4117 974 4156 secus
1037 4115 1201 4169 quam
1269 4099 1409 4153 inibi
1471 4101 1700 4156 deberet
1763 4104 2050 4160 invenire-

438 4201 546 4260 tur,
614 4191 894 4261 sapienter
970 4188 1103 4241 illud
1177 4195 1544 4254 commutare,
1639 4190 1723 4243 vel
1798 4191 1842 4244 si
1911 4192 2054 4248 foret

440 4296 666 4335 necesse
689 4279 820 4349 quid
876 4275 1103 4341 addere,
1153 4275 1238 4329 vel
1278 4275 1534 4330 obtinere
1564 4285 1855 4350 satageret.
1892 4281 2048 4351 Item,

441 4385 539 4440 pro
586 4366 860 4421 mandatis
911 4361 1171 4418 Ludovici
1201 4363 1505 4420 Germaniae
1536 4368 1702 4438 regis,
1740 4384 1807 4423 ac
1837 4371 2052 4428 suasio-

439 4458 606 4513 nibus
635 4473 649 4520 ;
683 4455 860 4526 primo
891 4452 1104 4507 scilicet
1133 4458 1190 4506 ut
1209 4451 1502 4524 episcopos
1529 4453 1817 4511 Remensis
1839 4457 2049 4516 dicace-

437 4565 564 4604 seos
593 4547 774 4602 cidem
805 4545 920 4620 regi
952 4544 1100 4615 apud
1131 4545 1462 4600 Attiniacum
1501 4545 1697 4603 obvios
1737 4549 1814 4604 ire
1852 4554 2050 4620 praeci-

439 4642 554 4714 piat
584 4658 598 4706 ;
631 4637 878 4695 secundo
900 4645 958 4691 ut
991 4635 1040 4690 ei
1097 4637 1389 4692 consilium
1446 4640 1751 4708 remandet,
1810 4643 2051 4714 qualiter

439 4733 586 4789 istud
617 4749 846 4807 regnum
877 4729 1157 4800 disponat,
1182 4731 1317 4801 quid
1340 4731 1601 4787 videlicet
1629 4733 1698 4788 ad
1729 4734 1846 4790 haec
1868 4735 2053 4791 missis

437 4823 683 4892 ejusdem
717 4821 862 4894 regis
885 4819 1237 4889 respondeat,
1264 4829 1320 4874 et
1349 4819 1395 4874 si
1421 4819 1729 4876 Ludovicus
1752 4823 1869 4893 ipse
1882 4824 2051 4880 adve-

437 4915 601 4981 nerit,
634 4921 689 4970 et
717 4910 992 4987 rogaverit
1023 4918 1080 4965 ut
1111 4927 1236 4966 eum
1271 4910 1328 4965 in
1357 4926 1545 4985 regem
1591 4923 1895 4982 consecret,
1913 4917 2048 4988 quid
2071 4951 2088 4958 ς

434 5016 488 5062 et
527 5005 764 5078 qualiter
793 5003 922 5056 inde
966 5001 1036 5056 sit
1087 5001 1166 5055 illi
1221 5001 1520 5075 agendum,
1553 5009 1659 5058 etc.
1694 5003 1965 5061 Praeterea
1993 5017 2047 5063 et

431 5095 540 5151 alia
569 5094 822 5166 quiedam
847 5089 1032 5146 abbati
1063 5090 1257 5146 scribit
1285 5090 1489 5145 eidem.

1056 5197 1264 5252 CAPUT
1295 5197 1424 5252 XXV

563 5290 689 5358 Qum
715 5289 1101 5355 sacerdotibus,
1122 5289 1203 5342 vel
1221 5289 1562 5345 monasteriis
1590 5288 1914 5358 quibusdam

1125 5381 1368 5448 scripsit.

497 5489 801 5545 Gautsuino
831 5489 1104 5544 sacerdoti
1173 5496 1228 5543 et
1285 5487 1501 5543 caeteris
1557 5486 1820 5544 fratribus
1851 5488 2037 5542 Deoet

423 5589 613 5637 sancto
655 5582 928 5654 Dionysio
977 5581 1350 5637 servientibus
1402 5579 1596 5636 scribit
1642 5597 1741 5651 pro
1797 5581 2032 5650 quadam

422 5671 588 5728 domo
616 5670 722 5726 sibi
746 5670 1022 5743 quondam
1047 5670 1114 5726 ab
1143 5671 1278 5742 ipsis
1307 5684 1593 5737 concessa,
1616 5677 1671 5722 et
1699 5684 1765 5723 ex
1790 5675 1945 5738 parte
1964 5668 2030 5723 ab

2157 482 2338 553 piens,
2363 487 2739 550 usurpaverat.
2797 480 2948 534 Unde
2981 481 3233 548 miratur,
3261 482 3308 535 si
3340 482 3445 537 hoc
3475 483 3675 538 fratres
3704 484 3782 538 ita

2157 574 2276 628 fieri
2308 573 2662 628 cohibuerint
2691 572 2759 626 de
2777 586 2864 638 eo,
2884 571 2979 642 qui
3008 572 3063 625 in
3084 572 3260 637 nullo,
3285 582 3552 644 quantum
3583 576 3780 630 memi-

2157 664 2258 728 nit,
2281 661 2492 716 inutilis
2539 662 2620 716 eis
2651 660 2770 724 fuit,
2828 662 2927 716 sed
2959 661 3099 716 sicut
3130 661 3241 715 illis
3269 668 3401 716 tunc
3428 663 3608 716 visum
3654 661 3782 716 fue-

2158 762 2260 821 rat,
2295 753 2351 806 in
2375 754 2563 807 multis
2589 752 2742 806 utilis
2773 761 2827 806 et
2879 753 3226 807 necessarius
3252 753 3397 824 apud
3426 768 3526 807 eos
3551 753 3782 818 mansit,

2157 853 2211 899 et
2238 861 2348 900 non
2382 845 2597 900 modica
2645 845 2727 899 eis
2773 843 3018 899 obtinuit
3065 850 3119 899 et
3146 843 3470 899 reobtinuit.
3507 843 3628 899 Non
3663 845 3786 899 hec

2156 937 2283 991 ideo
2315 937 2528 1003 dicens,
2560 945 2620 991 ut
2646 937 2754 990 sibi
2784 938 3025 1007 pretiosa
3039 937 3224 991 sitilla
3254 936 3452 992 domus
3486 935 3556 990 ad
3585 947 3787 991 tenen-

2156 1028 2310 1095 dum,
2332 1029 2418 1083 vel
2439 1028 2720 1095 corticula,
2760 1028 2882 1084 sine
2928 1029 3214 1093 charitate,
3248 1028 3449 1099 lnquit,
3492 1036 3702 1094 vestra,
3731 1037 3787 1083 et

2156 1126 2352 1174 caetera
2385 1136 2400 1184 ;
2433 1119 2582 1183 item,
2616 1117 2867 1192 Wiligiso
2895 1133 3018 1172 cum
3051 1117 3266 1172 caeteris
3296 1116 3546 1186 ejusdem
3581 1133 3788 1172 mona-

2156 1207 2309 1262 sterii
2333 1206 2640 1275 monachis,
2669 1205 2738 1260 de
2769 1221 2836 1260 eo
2868 1206 3016 1276 quod
3066 1205 3318 1260 audierat
3346 1221 3443 1260 eos
3472 1221 3502 1260 a
3533 1206 3786 1277 quodam

2156 1299 2475 1370 presbytero
2507 1298 2741 1369 pretium
2765 1313 3010 1368 quaerere
3024 1314 3122 1368 pro
3151 1297 3559 1362 decima;unde
3600 1303 3789 1353 maxi-

2155 1403 2299 1441 mam
2332 1403 2393 1440 se
2418 1387 2807 1442 verecundiam
2836 1385 2972 1440 dicit
3000 1386 3204 1440 habere
3250 1395 3476 1457 pr0pter
3512 1387 3656 1442 alios
3683 1388 3790 1443 ho-

2158 1479 2361 1544 mines,
2385 1479 2480 1550 qui
2510 1480 2614 1534 hoc
2645 1479 2886 1534 audituri
2940 1485 3116 1533 erant.
3147 1477 3300 1543 Quod
3333 1485 3597 1549 quantum
3636 1480 3792 1550 peri-

2159 1570 2342 1627 culurn
2374 1570 2464 1636 sit,
2482 1571 2564 1625 eis
2593 1587 2658 1625 ex
2705 1571 2895 1626 divina
2927 1569 3168 1626 ostendit
3221 1570 3570 1636 auctoritate,
3603 1579 3662 1625 et
3688 1587 3790 1625 ca-

2159 1674 2364 1714 nonum
2400 1658 2866 1730 promulgatione,
2906 1673 2969 1712 ac
3006 1656 3209 1712 deinde
3243 1675 3255 1711 :
3297 1683 3322 1704 α
3365 1657 3536 1719 Absit,
3573 1658 3786 1730 inquit,

2159 1750 2377 1816 fratres,
2422 1758 2483 1805 ut
2536 1750 2628 1804 alii
2671 1749 3030 1805 ecclesiastici
3059 1757 3116 1804 et
3145 1749 3386 1823 religiosi
3413 1750 3513 1803 viri
3539 1751 3649 1805 hoc
3675 1767 3791 1805 au-

2160 1838 2332 1903 diant,
2367 1839 2496 1909 quia
2540 1837 2792 1894 monachi
2825 1838 2894 1891 de
2955 1838 3288 1892 monasterio
3326 1838 3500 1892 sancti
3531 1838 3789 1909 Dionysii

2161 1927 2431 1982 decimam
2476 1929 2716 1982 vendere
2766 1935 3038 1998 quaerunt,
3090 1934 3150 1981 ut
3201 1927 3270 1980 de
3321 1927 3438 1998 ipso
3482 1929 3666 1998 pretio
3696 1929 3790 1982 in-

2160 2016 2376 2074 fernum
2407 2025 2746 2090 comparent.
2780 2019 2946 2073 Multo
2978 2019 3154 2091 magis
3181 2026 3364 2072 autem
3392 2019 3554 2084 absit,
3589 2028 3651 2074 ut
3680 2021 3790 2075 hoc

2161 2111 2286 2166 laici
2343 2110 2590 2175 audiant,
2637 2107 2785 2180 quod
2816 2123 2978 2162 nemo
3027 2108 3190 2162 etiam
3243 2109 3484 2177 peccatis
3536 2108 3791 2178 publicis

2162 2202 2539 2272 implicatusin
2555 2200 2949 2271 meaparochia
2985 2199 3164 2254 facere
3193 2201 3378 2254 audet.
3413 2200 3466 2253 Si
3488 2201 3644 2254 enim
3679 2202 3793 2254 ali-

2161 2294 2284 2364 quis
2313 2293 2382 2348 de
2413 2293 2519 2348 alio
2564 2293 2900 2348 monasterio
2941 2308 3103 2362 quam
3136 2291 3204 2345 de
3262 2298 3451 2346 nostro
3514 2291 3620 2346 hoc
3654 2300 3790 2346 ten-

2161 2395 2297 2452 tare,
2333 2394 2540 2456 quanto
2589 2385 2764 2456 magis
2809 2384 2988 2438 facere
3045 2391 3407 2454 praesumeret
3444 2426 3457 2450 ,
3515 2382 3586 2436 ab
3629 2385 3792 2438 omni

2160 2477 2551 2531 communione
2583 2476 2735 2530 illum
2768 2475 2838 2529 de
2869 2475 3131 2545 parochia
3159 2491 3282 2530 mea
3321 2475 3792 2530 excommunica-

2161 2581 2295 2630 rem,
2337 2585 2354 2615 ο
2391 2573 2493 2619 etc.
2521 2565 2676 2628 Item,
2735 2563 2945 2618 eisdem
2992 2563 3301 2629 monachis,
3334 2577 3433 2632 pro
3463 2562 3791 2618 visitatione

2158 2652 2358 2706 divinae
2403 2651 2801 2716 miserationis,
2826 2666 2934 2720 qua
2976 2649 3292 2704 admonitus
3322 2649 3444 2703 dies
3476 2665 3613 2704 suos
3639 2650 3793 2705 sicut

2158 2743 2408 2798 umbram
2435 2743 2742 2797 declinasse
2786 2742 2938 2808 dicit,
2991 2750 3046 2797 et
3093 2758 3152 2796 se
3181 2742 3320 2796 sicut
3351 2741 3541 2795 fenum
3571 2743 3794 2796 arruis-

2158 2855 2218 2893 se
2259 2841 2420 2904 (Psal.
2481 2838 2590 2908 Ct):
2648 2837 2871 2892 mittens
2917 2851 3109 2891 eorum
3167 2836 3452 2907 obsequiis
3510 2838 3788 2893 tantulam

2089 2933 2628 3041 Cbenedictionem,
2663 2933 2933 2987 ducentos
2982 2931 3190 2986 scilicet
3241 2930 3448 2986 solidos
3496 2931 3565 2986 de
3608 2933 3789 2988 meris

2425 3039 2435 3041 _
2472 3028 2773 3041 eam”---
2931 3020 3072 3041 ______.
3112 3035 3452 3041 ημμη-μ,
3480 3027 3780 3041 _--._____,-,

2160 3023 2438 3088 denariis;
2471 3028 2779 3092 petensque
2808 3027 2870 3074 ut
2928 3020 3076 3090 apud
3105 3035 3455 3074 communem
3480 3027 3790 3090 patronum

2158 3114 2536 3169 beatissimum
2580 3112 2897 3184 Dionysium
2953 3112 3007 3164 in
3079 3110 3247 3165 sacris
3301 3111 3650 3166 orationibus
3700 3114 3791 3167 sui

2160 3205 2479 3260 memoriam
2521 3205 2730 3278 jugiter
2777 3202 3047 3258 haberent
3104 3218 3118 3266 ;
3171 3216 3407 3270 poscens
3462 3202 3629 3255 etiam
3683 3219 3793 3273 pro

2161 3299 2426 3355 Haimone
2456 3298 2606 3354 fideli
2656 3314 2754 3354 suo
2794 3313 2936 3368 pene
2976 3297 3031 3350 in
3062 3296 3321 3351 extremis
3360 3296 3562 3366 posito,
3609 3314 3790 3367 quem

2159 3390 2420 3446 dilectum
2453 3389 2625 3445 ﬁlium
2655 3406 2815 3445 suum
2874 3387 3140 3444 nominat.
3184 3385 3506 3441 Fulcramno
3529 3387 3612 3457 [i.,
3649 3388 3792 3442 Ful-

2161 3485 2384 3555 cranno]
2441 3483 2760 3555 praeposito,
2807 3489 2862 3536 et
2927 3480 3188 3535 fratribus
3265 3479 3588 3534 monasterii
3644 3479 3792 3535 Cor-

2161 3575 2422 3642 beiensis,
2491 3574 2739 3629 scribens
2791 3587 2888 3643 pro
2929 3571 3199 3626 electione
3228 3569 3446 3624 abbatis
3475 3570 3556 3624 eis
3583 3586 3615 3624 a
3649 3587 3791 3644 rege

2161 3684 2444 3734 concessa,
2471 3683 2680 3739 proque
2711 3667 2917 3722 litteris
2962 3666 3130 3740 regiis
3177 3680 3345 3735 super
3375 3665 3570 3718 eadem
3607 3682 3689 3726 re.
3731 3676 3790 3721 et

2160 3761 2396 3817 adventu
2434 3759 2607 3830 ipsius
2634 3759 2822 3814 domni
2877 3757 3150 3812 Hincmari
3182 3757 3250 3811 ad
3277 3772 3389 3811 eos.
3437 3757 3590 3811 Unde
3619 3757 3788 3812 illum

2159 3853 2573 3915 consuluerant,
2606 3851 2823 3907 instruit
2879 3850 3050 3920 ipsos,
3103 3848 3339 3920 qualiter
3397 3849 3450 3902 in
3511 3849 3614 3902 hac
3661 3851 3792 3904 ele—

2158 3946 2338 4000 ctione
2371 3945 2452 4000 eis
2480 3945 2551 3999 sit
2581 3944 2854 4018 agendum
2912 3941 3215 3997 secundum
3267 3940 3573 3996 doctrinam
3628 3941 3789 3998 beati

2158 4037 2327 4091 Patris
2352 4035 2653 4102 Benedicti,
2686 4043 2747 4091 ut
2795 4036 2850 4088 in
2899 4033 3159 4090 omnibus
3189 4033 3503 4105 magistram
3525 4048 3787 4104 sequan-

2154 4136 2243 4183 tur
2263 4129 2530 4203 regulam,
2563 4143 2665 4184 nec
2712 4136 2920 4183 temere
2973 4127 3042 4181 ab
3099 4142 3164 4180 ea
3197 4125 3506 4180 declinetur
3560 4141 3590 4178 a
3623 4143 3787 4198 quo-

2153 4234 2338 4289 quam,
2370 4224 2563 4287 utpote
2599 4216 2864 4272 rationem
2900 4214 3166 4270 reddituri
3220 4230 3320 4284 pro
3351 4214 3611 4270 omnibus
3640 4227 3786 4273 ante

2153 4305 2390 4360 tribunal
2444 4305 2660 4362 Domini
2737 4303 2908 4360 nostri
2968 4302 3098 4358 Jesu
3151 4301 3372 4357 Christi.
3440 4303 3785 4374 Magenardo

2069 4437 2126 4506 D
2153 4397 2448 4468 praeposito
2495 4396 2581 4468 (de
2637 4396 2732 4452 hoc
2768 4411 2958 4464 supra,
2998 4410 3120 4466 cap,
3174 4394 3284 4464 23),
3337 4402 3392 4449 et
3423 4393 3690 4453 fratribus
3721 4402 3784 4455 in

2156 4485 2490 4542 monasterio
2517 4485 2570 4540 S.
2597 4484 2835 4540 Richarii
2865 4484 3223 4557 degentibus,
3258 4499 3356 4555 pro
3378 4485 3596 4552 litteris,
3629 4505 3786 4560 quas

2154 4578 2489 4648 apostolicus
2531 4593 2673 4648 papa
2710 4576 2827 4651 regi
2859 4576 3075 4644 Karolo,
3111 4575 3329 4648 sibique
3360 4577 3608 4646 miserat,
3671 4598 3783 4652 pro

2153 4670 2413 4741 quodam,
2446 4670 2541 4742 qui
2573 4669 2930 4736 monachum,
2978 4676 3142 4740 atque
3173 4668 3553 4740 presbyterum
3580 4671 3781 4728 inter-

2149 4759 2353 4815 fecerat
2381 4759 2474 4825 ;in
2513 4757 2720 4830 quibus
2760 4757 2960 4813 litteris
2988 4765 3235 4812 tenorem
3286 4758 3543 4826 injunctze
3583 4764 3782 4831 paeni-

2149 4852 2332 4907 tentia:
2363 4857 2710 4920 exposuerat,
2762 4849 3067 4904 admonens
3122 4857 3182 4903 ut
3213 4848 3415 4904 divinis
3453 4851 3687 4907 monitis
3716 4854 3779 4908 in

2149 4942 2236 4996 his
2264 4941 2536 5014 quaeipsae
2576 4941 2770 4996 littera:
2801 4941 3129 5012 praecipiunt
3181 4939 3410 4996 obedire
3441 4953 3774 5012 procurent.

2146 5029 2428 5085 Monachis
2475 5029 2714 5085 ccenobii
2763 5029 2938 5084 sancti
2993 5028 3234 5083 Medardi
3294 5043 3393 5099 pro
3450 5029 3779 5087 Hainoardo

2144 5123 2438 5188 monacho,
2469 5121 2561 5194 qui
2603 5122 2820 5177 veniam
2871 5137 2971 5193 pro
2997 5120 3319 5178 eucessibus
3356 5122 3472 5176 suis
3501 5123 3651 5192 apud
3679 5139 3779 5178 re-

2145 5228 2269 5284 gem
2301 5212 2710 5282 postulaverat;
2751 5210 2819 5265 de
2849 5224 2961 5282 quo
3011 5226 3078 5266 ex
3124 5210 3293 5266 verbo
3338 5212 3482 5284 regis
3512 5213 3776 5282 mandat,

2143 5312 2206 5358 ut
2229 5320 2356 5358 eum
2396 5303 2480 5359 vel
2537 5305 2606 5358 ad
2653 5303 3014 5360 habitandum
3059 5304 3388 5377 regulariter
3440 5303 3583 5357 inter
3613 5303 3780 5374 ipsos

2142 5391 2429 5464 recipiant.
2457 5391 2542 5448 vel
2566 5392 2721 5460 juxta
2772 5392 3096 5462 petitionem
3131 5392 3279 5446 illius
3307 5391 3517 5446 litteras
3565 5391 3777 5448 dimis-

2135 5485 2312 5540 sorias
2343 5485 2421 5539 illi
2473 5486 2539 5540 ad
2583 5495 2790 5541 certum
2830 5486 3012 5542 locum
3071 5486 3294 5553 faciant,
3331 5495 3388 5542 et
3437 5486 3772 5542 absolutum

2135 5577 2289 5632 abire
2319 5593 2442 5632 cum
2475 5593 2612 5649 pace
2642 5579 2978 5650 permittant.
3039 5579 3318 5654 Sigebodo
3375 5579 3656 5636 sacerdoti
3707 5588 3774 5634 et

2134 5667 2432 5740 prmposito
2491 5671 2810 5725 monasterii
2870 5670 3375 5727 sanctimonialium
3416 5670 3772 5744 Lugdunen-
