4012 6164
217 266 317 319 237

865 269 1190 326 HISTORIA]
1230 270 1555 326 ECCLESIAE
1593 271 1920 326 REMENSIS
1961 274 2133 329 LIBRI
2176 276 2500 339 QUATUOR.
2527 312 2598 321 —
2637 281 2760 335 LIB.
2806 280 2894 334 Ill.

3433 278 3542 334 238

214 398 291 451 sis
318 399 600 464 Ecclesiae,
640 414 811 470 super
857 399 1289 470 interrogatione
1347 417 1456 472 qua
1502 401 1834 472 requisierat
1861 405 1910 474 Α
1938 405 2102 460 habet
2139 406 2208 460 ad
2253 408 2360 462 ima
2419 409 2608 463 relabi.
2656 409 2884 464 Studeat
2935 415 3118 463 autem
3152 407 3451 478 praecipue,
3482 419 3546 463 ut

213 488 284 542 ab
315 505 407 555 eo,
439 490 681 562 qualiter
705 501 985 562 oporteret
1005 508 1132 547 eum
1171 508 1338 566 agere
1369 493 1437 547 de
1474 493 1833 564 inquisitione

212 583 319 636 sibi
341 585 642 639 commissa
671 584 728 639 in
771 585 1022 640 Oriniaco
1071 587 1467 640 monacharum
1499 587 1832 642 monasterio

212 691 381 745 super
400 675 681 731 abbatissa
706 685 761 732 et
788 678 1082 748 praeposito
1114 679 1290 748 ipsius
1321 679 1660 736 monasterii.
1685 678 1832 734 unde

210 765 574 839 interroganti
604 768 983 838 responderat,
1017 769 1109 838 qui
1129 783 1240 824 non
1269 770 1455 824 verbis
1507 770 1577 824 de
1602 769 1828 834 talibus,

209 855 304 909 sed
328 857 557 926 scriptis
578 859 914 927 respondere
949 857 1198 913 deberet.
1232 861 1497 923 Quocirca
1519 860 1834 915 rescribens

211 967 440 1023 quoque
467 953 708 1008 ostendit
735 969 859 1024 quae
898 954 955 1007 in
996 953 1233 1027 legibus,
1255 971 1391 1026 quas
1417 955 1686 1010 catholica
1705 970 1832 1025 pro-

209 1039 303 1094 bat
336 1041 677 1106 Ecclesia,et
709 1043 764 1095 in
793 1043 1002 1117 regulis
1017 1043 1413 1098 ecclesiasticis
1429 1044 1500 1098 de
1525 1044 1608 1098 his
1624 1045 1826 1114 scripta

207 1133 318 1186 sint
353 1150 368 1185 :
403 1133 740 1203 praecipiens
769 1133 960 1200 etiam,
1010 1135 1436 1207 utprivilegium
1487 1135 1661 1205 ipsius
1703 1149 1827 1190 mo-

205 1221 433 1276 nasterii
465 1221 574 1276 sibi
620 1221 898 1288 afferetur,
953 1231 1007 1278 et
1032 1221 1384 1279 notiﬁcentur
1438 1224 1488 1278 ei
1524 1240 1622 1294 per
1651 1232 1827 1279 certas

205 1325 479 1380 personas
503 1311 573 1365 de
593 1311 760 1365 certis
805 1311 974 1366 rebus
1031 1311 1414 1367 accusationes
1439 1311 1617 1382 ipsius
1643 1311 1823 1366 abba-

203 1403 352 1457 tissae
385 1411 552 1472 atque
581 1404 885 1473 praepositi,
942 1413 1002 1458 ut
1030 1405 1333 1459 secundum
1382 1419 1564 1459 sacras
1611 1403 1828 1478 regulas

203 1509 327 1549 cum
363 1495 597 1549 consilio
652 1495 1105 1565 coepiscoporum
1156 1504 1211 1550 et
1257 1496 1556 1550 visitatoris
1606 1496 1824 1552 Laudu-

202 1586 394 1642 nensis
425 1586 718 1656 episeOpii,
752 1587 884 1656 quia
915 1594 1044 1641 tunc
1071 1586 1364 1657 episcopus
1395 1585 1471 1640 ibi
1506 1602 1614 1641 non
1640 1587 1819 1642 habe-

201 1679 388 1746 batur,
430 1681 563 1734 inde
609 1680 841 1735 Domino
897 1680 1199 1752 inspirante
1248 1680 1509 1736 decernat
1538 1680 1596 1751 [5,
1625 1681 1821 1736 decer-

1938 499 2046 553 Deo
2088 514 2257 569 super
2308 501 2494 555 omnia
2541 501 2754 571 placeat
2785 518 2799 564 ;
2833 501 3033 554 deinde
3063 508 3121 554 ut
3161 499 3420 555 Ecclesiae
3448 517 3545 570 pa-

1934 601 2051 640 cem
2082 586 2366 656 provideat
2398 605 2412 652 ;
2447 595 2557 642 tum
2585 595 2644 642 ut
2673 587 3017 658 principibus
3047 587 3192 642 bona
3227 604 3336 643 non
3362 588 3540 643 solum

1933 683 2213 748 suggerat,
2264 675 2361 729 sed
2403 676 2566 730 etiam
2622 676 2853 748 ingerat.
2905 676 3044 729 Viris
3074 676 3458 732 ecclesiasticis
3490 684 3545 732 et

1937 765 2072 820 locis
2109 766 2316 820 sanctis
2371 765 2559 821 debita
2620 766 2907 836 privilegia
2963 767 3247 834 acquirere
3304 768 3542 837 insistat,

1934 857 2140 926 p0pulo
2207 855 2512 910 Christiano
2571 871 2760 926 pacem
2825 862 2880 908 et
2936 856 3275 910 unanitatem
3341 873 3544 926 procu-

1935 957 2034 1011 ret,
2076 949 2222 1004 bene
2275 949 2570 1023 agentibus
2625 948 2992 1021 eongaudeat,
3051 949 3193 1002 male
3229 951 3544 1021 {agentibus

1932 1041 2173 1107 resistat,
2237 1041 2507 1112 seipsum,
2573 1040 2776 1107 sobrie,
2830 1039 2978 1108 juste
3045 1048 3099 1093 et
3163 1041 3251 1110 pie
3308 1042 3543 1100 vivendo

1930 1135 2058 1202 (Tit.
2119 1138 2196 1200 ιι),
2263 1133 2494 1188 solerter
2555 1132 2849 1196 custodiat,
2910 1139 2964 1186 et
3021 1139 3218 1186 caetera
3277 1135 3541 1189 exhorta-

1929 1223 2137 1278 tionum
2169 1223 2326 1278 valde
2377 1221 2705 1276 necessaria.
2765 1221 2894 1275 Post
2947 1236 3068 1292 qua:
3096 1222 3344 1294 suggerit
3375 1223 3539 1278 etiam

1928 1312 1996 1366 de
2025 1313 2356 1384 quibusdam
2405 1310 2848 1376 necessitatibus,
2898 1319 3006 1363 tam
3063 1324 3128 1362 ex
3170 1310 3541 1374 monasteriis,

1929 1418 2092 1472 quam
2125 1409 2180 1456 et
2207 1401 2352 1467 aliis,
2417 1416 2516 1470 pro
2565 1399 2786 1470 quibus,
2854 1406 2907 1453 et
2961 1398 3277 1468 imperatori
3327 1399 3541 1456 litteras

1927 1492 2223 1556 direxerat,
2275 1506 2396 1562 quae
2447 1491 2502 1544 in
2557 1489 2820 1561 parochia
2895 1505 2993 1543 sua
3058 1490 3126 1543 ab
3175 1490 3328 1544 illius
3384 1501 3540 1548 erant

1925 1583 2250 1639 auctoritate
2324 1583 2675 1655 corrigenda,
2744 1590 2799 1637 et
2880 1581 3093 1652 reliqua
3178 1581 3250 1638 de
3300 1583 3538 1640 utilitate

1922 1673 2168 1737 animae,
2227 1677 2282 1726 et
2351 1671 2582 1725 consilio
2652 1668 2885 1740 spiritali
2941 1671 3336 1726 conservando,
3407 1673 3538 1728 Ful-

199 1766 406 1838 natur].
444 1766 780 1833 Quibusdam
837 1767 1063 1822 decanis
1119 1768 1392 1838 parochize
1448 1769 1890 1840 Suessonicte,B
1921 1760 2067 1816 criCO
2132 1759 2350 1814 cuidam
2416 1759 2502 1822 (de
2565 1758 2748 1812 ϐοάθιη
2821 1772 3012 1828 supra.
3083 1774 3132 1824 0,
3203 1759 3315 1828 20).
3388 1778 3534 1832 PW-

198 1872 298 1928 pro
349 1856 593 1927 quodam
642 1855 990 1926 presbytero,
1031 1857 1125 1926 qui
1182 1857 1563 1926 praeiudicium
1623 1873 1817 1927 passus

192 1944 468 2014 justitiam
487 1953 542 1999 et
565 1944 833 2012 judicium
863 1945 1010 2015 apud
1057 1944 1381 2014 episcopum
1413 1960 1574 1999 suum
1603 1945 1814 1999 Rotha-

197 2034 324 2088 dum
359 2033 719 2088 nonvalebat
748 2032 1019 2100 obtinere,
1078 2033 1228 2087 unde
1295 2041 1350 2088 et
1407 2033 1527 2104 ipse
1580 2034 1817 2089 domnus

199 2120 529 2178 ﬂincmarus
597 2121 852 2175 eumdem
931 2121 1222 2192 praesulem
1290 2131 1600 2188 monuerat,
1659 2132 1710 2177 ut
1769 2124 1815 2177 si

195 2224 426 2285 prOpter
459 2213 831 2269 inﬁrmitatem
866 2229 977 2270 non
1028 2215 1234 2270 valeret
1285 2215 1404 2285 ipse
1455 2216 1521 2269 ad
1543 2216 1817 2286 synodum

193 2306 403 2369 venire,
469 2307 556 2362 vel
610 2306 806 2362 missos
881 2322 1032 2373 suos,
1105 2307 1511 2362 comministros
1563 2307 1820 2362 videlicet

192 2398 455 2455 Ecclesiae
519 2399 626 2453 sibi
657 2400 986 2466 commissae,
1020 2400 1282 2465 mitteret,
1327 2408 1386 2454 ut
1415 2415 1501 2454 res
1546 2401 1810 2456 canonice

191 2474 654 2544 difﬁniri'valeret
682 2506 696 2552 ;
726 2488 1098 2559 admonetque
1155 2505 1254 2559 per
1309 2489 1410 2542 has
1450 2489 1658 2544 litteras
1685 2505 1811 2544 eos-

189 2581 311 2636 dem
343 2579 612 2644 decanos,
637 2588 690 2635 et
719 2581 1145 2654 metropolitana
1174 2581 1421 2651 praecipit
1459 2582 1807 2647 auctoritate,

189 2676 245 2724 ut
266 2667 633 2740 presbyteros
663 2669 909 2723 deeaniaz
938 2685 1049 2723 suae
1074 2668 1143 2723 ad
1189 2669 1571 2724 denuntiatum
1624 2671 1804 2740 placi-

188 2771 300 2818 tum
332 2763 532 2818 venire
564 2770 969 2828 commoneant,
997 2769 1052 2815 et
1102 2777 1224 2815 cum
1259 2761 1340 2814 eis
1396 2761 1502 2830 ipsi
1557 2762 1803 2818 veniant.

188 2859 343 2924 Quod
377 2859 426 2914 si
477 2872 590 2913 non
643 2857 896 2922 fecerint,
941 2857 1260 2927 synodalem
1294 2857 1623 2911 sententiam
1656 2858 1804 2928 apud

186 2953 442 3021 proxime
474 2951 710 3006 futuram
765 2950 1034 3021 synodum
1082 2965 1142 3004 se
1173 2949 1429 3004 noverint
1458 2960 1799 3019 accepturos.

183 3039 478 3115 Sigeberto
499 3040 720 3096 cuidam
760 3037 1053 3102 sacerdoti,
1096 3054 1194 3109 pro
1226 3037 1516 3093 Heidilone
1538 3039 1800 3110 episcopo

185 3129 384 3199 ipsius,
423 3131 495 3185 de
527 3145 636 3204 quo
666 3128 796 3184 talia
851 3143 912 3183 se
969 3127 1190 3182 audisse
1248 3127 1489 3189 dolebat,
1521 3128 1705 3199 qualia
1731 3129 1798 3184 de

184 3219 332 3276 bono
362 3220 509 3276 laico
531 3220 638 3276 dici
672 3234 785 3276 non
811 3218 1150 3282 conveniret,
1191 3226 1246 3273 et
1286 3219 1415 3290 quia
1471 3220 1801 3290 culpabatur

182 3309 329 3380 quod
354 3310 524 3364 talem
555 3309 880 3382 episcopum
910 3309 1270 3373 ordinaverit,
1329 3325 1585 3362 asserens
1637 3327 1697 3364 se
1730 3309 1798 3364 de

180 3402 297 3466 illo,
330 3417 503 3472 quem
531 3409 657 3456 ante
690 3416 799 3455 non
829 3408 1179 3473 cognoverat.
1222 3398 1375 3463 ﬁdei,
1405 3408 1459 3456 et
1481 3400 1797 3456 testimonio

181 3490 358 3561 ipsius
373 3489 650 3564 Sigeberti
696 3489 1023 3556 credidisse,
1052 3519 1064 3548 ο
1078 3489 1450 3560 praecepitque
1500 3490 1604 3559 ipsi
1637 3491 1796 3564 Sige-

178 3581 333 3638 berto
363 3581 435 3635 ad
467 3597 529 3635 se
555 3581 764 3646 venire,
791 3589 851 3636 ut
874 3597 969 3636 ore
999 3581 1221 3652 pr0prio
1279 3581 1329 3634 ei
1381 3581 1566 3636 dicere
1599 3582 1792 3653 possit,

180 3689 297 3744 quae
324 3673 401 3728 de
433 3672 697 3742 episc0po
740 3670 971 3738 audivit,
1003 3679 1058 3726 et
1111 3671 1154 3724 si
1217 3686 1343 3724 vera
1395 3670 1596 3735 forent,
1628 3672 1791 3726 simul

178 3771 619 3833 considerarent,
667 3767 904 3838 qualiter
938 3767 1030 3821 illa
1068 3766 1374 3838 corrigeret
1406 3767 1489 3830 ;si
1521 3783 1650 3822 vera
1681 3783 1791 3823 non

176 3871 377 3926 essent,
415 3860 657 3933 qualiter
679 3858 969 3913 mendacia
998 3875 1119 3913 esse
1149 3859 1504 3914 docerentur.

775 3971 984 4027 CAPUT
1025 3971 1198 4024 XXVI.

476 4045 606 4112 Qum
634 4045 770 4098 viris
792 4043 1122 4112 quibusdam
1153 4043 1479 4097 illustribus.

235 4136 367 4191 Viro
401 4133 780 4188 illustrissimo
807 4132 1107 4198 Eberardo,
1136 4147 1200 4185 ex
1233 4131 1582 4201 principibus
1614 4130 1794 4200 impe-

175 4232 367 4286 ratoris
395 4227 663 4291 Lotharii,
724 4225 936 4280 litteras
986 4225 1230 4298 dirigens
1287 4239 1388 4294 pro
1435 4222 1793 4293 adipiscenda

171 4318 566 4374 familiaritatis
597 4317 743 4389 apud
774 4332 900 4372 eum
923 4314 1098 4388 gratia
1123 4313 1401 4384 quondam
1429 4314 1533 4367 sibi
1576 4312 1643 4366 ab
1672 4313 1792 4384 ipso

169 4413 335 4484 gratis
357 4411 572 4479 oblata,
615 4408 931 4483 congaudet
958 4407 1120 4463 bonis
1151 4422 1273 4478 quae
1305 4405 1374 4459 de
1394 4406 1515 4476 ipso
1547 4421 1648 4476 per
1676 4419 1795 4458 cer-

1920 1852 2072 1906 missi
2161 1849 2512 1922 imperatoris
2587 1849 2848 1922 magnati,
2929 1849 3022 1920 qui
3095 1864 3323 1906 uxorem
3396 1853 3537 1927 legi-

1918 1941 2104 1995 timam
2183 1938 2466 2011 illegitime
2547 1937 2878 2003 dimiserat,
2965 1937 3307 2011 alteramque
3380 1942 3536 1998 insu-

1917 2048 2016 2102 per
2081 2031 2310 2086 duxerat
2377 2045 2580 2085 vocans
2639 2029 2705 2083 ad
2761 2029 3034 2100 synodum
3077 2071 3092 2098 ,
3159 2036 3535 2090 excommuni-

1919 2124 2156 2180 cationis
2181 2124 2292 2193 jam
2323 2123 2376 2177 in
2406 2139 2534 2177 eum
2576 2123 2737 2186 data},
2795 2131 2961 2192 atque
2994 2123 3049 2177 in
3079 2128 3530 2196 comprovinciali

1919 2218 2131 2287 synodo
2159 2215 2552 2273 conﬁrmandw
2581 2215 3035 2286 panditmodum.
3071 2218 3204 2272 Item
3239 2227 3527 2292 postquam

1920 2309 2303 2380 penitentiam
2336 2323 2435 2378 pro
2467 2309 2571 2362 hoc
2627 2308 2868 2363 admisso
2900 2308 3049 2362 visus
3081 2317 3163 2364 est
3192 2314 3525 2383 suscepisse,

1920 2400 2270 2457 ilerantivias
2300 2415 2447 2461 suas,
2483 2408 2537 2453 et
2567 2414 2788 2453 reverso
2820 2399 2885 2453 ad
2906 2401 3170 2454 vomitum
3195 2411 3529 2470 suum,'ma-

1915 2495 2171 2550 nifestam
2227 2495 2320 2549 dat
2367 2491 2951 2547 excommunicationis
2998 2493 3353 2562 sententiam,
3385 2513 3525 2553 cun-

1912 2585 2125 2656 ctisque
2156 2584 2210 2638 id
2241 2581 2527 2640 notiﬁcare
2558 2581 2757 2654 satagit
2787 2580 3034 2636 ﬁdelium
3067 2581 3263 2638 Christi
3327 2603 3520 2656 perso-

1910 2655 1998 2730 nis
2038 2655 2461 2746 quibuscunque
2517 2669 2711 2724 audire
2769 2670 3115 2746 contigisset,
3169 2655 3520 2748 maximeque

1907 2766 2202 2840 episcopis,
2230 2765 2287 2819 in
2314 2778 2546 2836 quorum
2585 2760 2880 2817 videbatur
2897 2764 3152 2833 parochis
3181 2770 3516 2835 conversari,

1905 2860 1988 2914 vel
2018 2858 2385 2927 frequentare.

1974 2951 2234 3005 Wurmoo
2263 2947 2480 3002 cuidam
2511 2946 2858 3002 ministeriali
2889 2947 3137 3016 ejusdem
3168 2948 3518 3020 imperatoris

1905 3039 2168 3107 Lotharii,
2198 3053 2640 3095 commemorans
2667 3036 3115 3104 familiaritatem,
3149 3055 3313 3110 quam
3338 3058 3515 3113 quon-

1901 3130 2026 3185 dam
2058 3129 2126 3184 ab
2185 3144 2252 3184 eo
2295 3136 2638 3198 poposcerat,
2700 3139 2755 3182 et
2811 3125 3167 3182 dilectionem
3230 3146 3392 3200 quam
3462 3134 3514 3188 ei

1899 3218 2295 3290 spoponderat,
2325 3233 2526 3290 rogans
2549 3226 2610 3272 ut
2668 3217 2979 3274 innotescat
2998 3217 3314 3290 imperatori
3346 3237 3516 3294 super

1900 3307 2135 3378 epistola
2161 3323 2323 3379 quam
2356 3305 2523 3360 frater
2547 3306 2721 3376 ipsius
2739 3306 2964 3361 Karolus
3003 3309 3253 3376 (Carolus
3297 3310 3511 3380 Calvus)

1900 3416 1992 3455 rex
2020 3400 2204 3455 eidem
2233 3399 2530 3472 dirigebat,
2563 3407 2836 3469 quatenus
2883 3415 3004 3454 eam
3055 3401 3394 3472 suscipiens,
3433 3404 3512 3459 fa-

1899 3492 2187 3548 miliariter
2217 3491 2538 3566 distinguat,
2569 3498 2624 3547 et
2651 3498 2865 3546 secreto
2915 3493 3080 3566 legat.
3107 3492 3339 3550 Censum
3363 3515 3510 3570 quo-

1897 3602 2007 3657 que
2037 3586 2105 3639 de
2129 3584 2257 3639 villa
2302 3583 2611 3640 Dudeciaco
2665 3583 2793 3638 anni
2850 3585 3111 3656 praeteriti
3163 3603 3287 3644 cum
3339 3606 3511 3650 censu

1897 3677 2186 3750 praesentis
2213 3676 2343 3730 anni
2375 3674 2484 3730 sibi
2511 3675 2804 3729 transmitti
2834 3675 3030 3742 jubeat
3059 3695 3075 3730 :
3112 3679 3334 3736 undein
3364 3682 3514 3738 illius

1894 3771 2162 3826 memoria
2189 3767 2398 3838 aliquid
2431 3767 2740 3822 ornamenti
2764 3766 2819 3819 in
2841 3767 3097 3838 sepulcro
3116 3771 3289 3825 sancti
3325 3773 3512 3828 Remi-

1893 3863 1967 3935 gii
1999 3862 2179 3917 facere
2206 3866 2412 3930 posset,
2445 3859 2593 3930 quod
2622 3874 2842 3924 ornare,
2873 3867 2927 3913 et
2956 3875 3158 3931 corpus
3178 3863 3507 3932 ipsiussan-

1893 3953 1965 4008 cti
1990 3953 2043 4007 in
2061 3959 2250 4022 crypta
2280 3948 2614 4020 disponebat
2635 3965 2665 4002 a
2697 3963 2838 4004 novo
2860 3957 3157 4020 praeparata
3190 3952 3506 4010 transferre.

1896 4043 2030 4096 Item
2058 4057 2156 4112 pro
2185 4039 2510 4110 repetitione
2543 4037 2806 4108 prznmissi
2827 4053 3028 4093 census
3053 4039 3121 4093 de
3161 4041 3290 4096 villa
3316 4041 3504 4099 Dude-

1894 4137 2046 4191 ciaeo
2074 4151 2171 4188 sex
2203 4133 2490 4199 librarum,
2520 4148 2590 4186 ne
2645 4131 2786 4187 forte
2818 4142 3144 4207 suggeratur
3165 4134 3508 4206 imperatori,

1894 4227 2043 4299 quod
2069 4227 2371 4298 cupiditate
2399 4225 2615 4280 illectus
2639 4225 2786 4280 hunc
2815 4241 3040 4280 censum
3075 4233 3309 4296 repetat,
3343 4246 3508 4300 quem

1895 4317 1950 4370 in
1974 4333 2106 4372 suos
2136 4333 2271 4372 usus
2301 4332 2584 4387 nunquam
2617 4316 2907 4388 redegerat
2939 4331 2955 4382 ς
2985 4315 3084 4369 sed
3125 4317 3359 4388 cupiens
3380 4337 3513 4377 eva-

1895 4407 2028 4465 dere
2056 4411 2381 4482 perieulum,
2397 4426 2466 4464 ne
2488 4409 2713 4463 silentio
2735 4425 2835 4464 suo
2855 4409 2910 4462 in
2952 4409 3153 4464 diebus
3167 4412 3284 4466 suis
3307 4429 3511 4471 census

168 4517 245 4562 tas
299 4507 573 4562 audiebat
636 4521 923 4576 personas,
991 4504 1343 4575 maximeque
1417 4502 1477 4574 [i,
1562 4465 1873 4556 maximeD
1901 4501 2019 4572 ipse
2037 4501 2324 4572 depereat,
2357 4507 2410 4554 et
2443 4500 2562 4569 ipsa
2591 4499 2720 4552 villa
2786 4498 2841 4552 in
2901 4498 3118 4553 alodem
3149 4509 3414 4574 vertatur,
3455 4515 3513 4560 et

166 4602 301 4673 quae}
335 4618 444 4673 per
467 4599 717 4654 Amolum
776 4596 1089 4666 praesulem,
1137 4612 1301 4668 quem
1328 4593 1784 4656 sincerissimum,

167 4703 217 4746 et
275 4691 673 4747 eharissimum
716 4697 875 4743 vocat
933 4696 1141 4759 patrem
1196 4702 1377 4747 suum,
1435 4684 1664 4737 mittens
1717 4681 1784 4736 ad

168 4782 344 4850 ipsum
404 4797 531 4836 cum
593 4778 791 4834 litteris
840 4778 1005 4833 etiam
1061 4774 1441 4830 ﬁdelissimum
1491 4772 1784 4845 quemdam

167 4873 396 4926 missum
431 4885 617 4924 suum.
684 4869 818 4922 Item
874 4866 1106 4920 laudans
1137 4863 1468 4921 sinceritatis
1495 4863 1668 4933 ipsius
1691 4863 1787 4916 de-

164 4966 442 5020 votionern
477 4978 606 5031 erga
637 4961 836 5024 Deum,
863 4965 918 5013 et
947 4974 1113 5013 sacrae
1172 4955 1516 5012 auctoritatis
1559 4955 1789 5021 cultum,

165 5057 596 5127 principumque
634 5051 1074 5118 unanimitatem,
1135 5058 1189 5106 et
1219 5048 1610 5105 ecclesiastica:
1643 5047 1793 5117 pacis

163 5144 432 5204 studium,
466 5139 828 5211 debitumque
851 5139 1152 5212 religionis,
1185 5153 1416 5193 monens
1438 5151 1660 5208 quoque
1694 5150 1790 5204 pro

161 5236 453 5290 cbaritatis
491 5233 700 5299 ofﬁcio,
739 5241 798 5287 ut
853 5233 992 5286 sicut
1041 5232 1205 5300 cmpit
1240 5230 1442 5284 melius
1480 5244 1540 5282 ac
1593 5227 1790 5281 melius

164 5323 442 5392 proﬁciat,
471 5323 598 5393 quia
652 5329 847 5374 natura
891 5320 1153 5384 humana,
1192 5325 1425 5373 testante
1465 5316 1589 5380 Job,
1649 5329 1792 5367 nun-

158 5428 321 5483 quam
359 5413 416 5465 in
453 5410 649 5465 eodem
678 5416 820 5464 statu
847 5414 1131 5479 permanet
1160 5407 1282 5471 (Job
1335 5408 1470 5472 xw),
1497 5411 1552 5458 et
1573 5403 1700 5474 quia
1729 5401 1782 5454 in

159 5504 259 5559 isto
286 5503 500 5558 sarculo
531 5517 879 5574 quacumque
906 5498 1172 5571 praeditus
1189 5499 1312 5569 quis
1341 5503 1613 5568 potestate
1645 5508 1784 5548 con-

155 5605 230 5649 tra
254 5594 513 5649 ﬂuminis
543 5600 776 5648 tractum
817 5592 1035 5665 navigat
1069 5608 1082 5656 ;
1117 5606 1226 5662 qua
1258 5591 1326 5644 de
1358 5605 1416 5643 re
1445 5595 1538 5642 aut
1559 5584 1787 5641 viriliter

154 5691 434 5762 navigans
483 5687 773 5758 superiora
835 5693 1006 5756 petet,
1066 5694 1160 5739 aut
1221 5683 1470 5744 remissis
1529 5679 1786 5735 manibus

1888 4590 2261 4646 ecclesiastica
2304 4587 2583 4657 mancipia
2643 4587 2696 4640 in
2727 4603 2914 4642 servos
2941 4595 2995 4641 ct
3023 4587 3254 4642 ancillas
3282 4591 3507 4662 disper-

1889 4681 2112 4743 tiantur,
2147 4680 2289 4733 sicut
2320 4684 2372 4732 et
2399 4677 2468 4731 de
2499 4677 2706 4749 multis,
2767 4683 2872 4730 tam
2897 4675 3086 4739 rebus,
3111 4695 3274 4750 quam
3303 4684 3510 4738 manci-

1888 4771 1995 4842 piis
2013 4770 2177 4838 hujus
2217 4768 2486 4833 ecclesize,
2519 4767 2616 4821 sed
2648 4775 2707 4821 et
2734 4767 2802 4821 de
2845 4767 2964 4836 ipsa
3003 4767 3116 4835 jam
3157 4769 3285 4824 villa
3315 4770 3504 4829 ﬁebat.

1893 4861 2118 4916 Enitens
2147 4859 2333 4922 etiam,
2388 4866 2446 4911 ut
2487 4857 2675 4911 senior
2713 4871 2845 4910 suus
2887 4854 3014 4910 inde
3058 4856 3361 4927 periculum
3395 4876 3506 4917 non

1895 4949 2222 5013 incurreret,
2253 4946 2335 5000 vel
2371 4947 2487 5016 ipse
2508 4962 2632 5000 cum
2657 4944 2832 5016 ipsius
2873 4943 3120 5015 periculo
3153 4953 3361 5016 partem
3397 4966 3504 5006 non

1896 5041 2144 5095 haberet.
2178 5040 2443 5092 Asserens
2473 5034 2620 5107 quod
2639 5035 2684 5089 si
2727 5035 3004 5105 cupiditas
3027 5037 3082 5090 in
3115 5037 3220 5093 hoc
3260 5055 3384 5095 eum
3413 5057 3510 5097 ve-

1895 5135 2068 5192 xaret,
2087 5127 2380 5182 duodecim
2419 5125 2592 5180 libras
2621 5132 2918 5194 repeteret,
2945 5141 3081 5196 quas
3110 5141 3244 5182 avus
3275 5139 3334 5182 et
3354 5138 3509 5200 pater

1894 5218 2054 5288 hujus
2080 5221 2225 5294 regis
2247 5220 2375 5274 inde
2395 5219 2700 5284 solverunt,
2724 5228 2830 5274 etc.
2853 5219 3144 5275 Subinfert
3167 5223 3333 5276 etiam
3355 5241 3506 5296 quas-

1892 5309 2017 5363 dam
2057 5310 2126 5364 de
2160 5311 2383 5380 praefato
2415 5311 2682 5376 Fulcrico,
2713 5311 2806 5381 qui
2850 5312 3020 5366 Roma
3073 5311 3510 5381 veniensjacta-

1892 5406 1985 5460 bat
2015 5404 2275 5475 epistolas
2305 5421 2457 5476 papae
2489 5419 2588 5474 pro
2641 5403 3104 5459 absolutionesua
3139 5413 3246 5460 tam
3280 5407 3507 5480 regibus

1887 5512 1968 5561 se,
1996 5511 2160 5566 quam
2191 5493 2320 5548 huic
2337 5493 2755 5564 archiepiscopo
2800 5492 3034 5550 deferre.
3079 5495 3152 5550 De
3188 5511 3298 5567 quo
3321 5505 3510 5551 monet

1887 5587 2034 5640 hunc
2060 5583 2378 5657 Wlﬁngum,
2413 5592 2472 5638 ut
2517 5591 2775 5657 suggerat
2833 5584 2968 5655 regi,
3012 5601 3080 5638 ne
3120 5587 3417 5639 seducatur
3450 5585 3503 5636 in

1889 5677 1990 5731 hac
2022 5691 2186 5730 causa
2221 5692 2236 5739 ;
2270 5675 2365 5729 sed
2391 5690 2694 5730 omnecum
2717 5674 2928 5730 ratione
2957 5690 3157 5732 cavens
3172 5674 3504 5746 periculum,
