4012 6164
392 345 398 357 ,
470 268 577 325 239

1585 272 1950 328 FLODOARDI
1993 273 2298 328 CANONICI
2339 273 2668 328 REMENSIS

3681 276 3788 329 240

470 413 732 480 faciat,ut
759 411 981 468 veniant
1007 410 1139 481 ipsze
1169 411 1418 482 epistolze
1449 429 1631 469 coram
1657 416 1752 471 illo
1774 423 1828 470 et
1863 416 2082 486 episco—
2106 420 2158 487 A
2182 419 2323 473 villae
2352 418 2408 471 in
2448 417 2534 471 bis
2551 433 2673 488 quae
2694 417 3005 472 necessaria
3028 416 3282 483 fuissent,
3315 418 3579 472 auxilium
3602 416 3786 483 ferret,

469 507 574 577 pis,
607 513 662 560 et
685 503 952 576 quidquid
984 504 1480 559 meliusinventum
1493 506 1661 562 fuerit
1689 508 1817 562 inde
1838 523 2079 578 sequan-

469 601 575 661 tur,
607 599 662 648 et
692 592 823 662 quia
855 591 1079 644 interim
1112 594 1260 663 quod
1303 595 1706 650 rationabiliter
1729 603 1782 650 et
1811 597 2076 651 canonice

468 690 666 743 factum
701 688 822 754 fuit,
857 703 965 741 non
1021 688 1223 743 debeat
1255 693 1530 745 contemni
1559 710 1571 755 ;
1612 693 1867 747 Nantario
1900 692 2077 746 amico

467 793 568 832 suo
600 777 768 839 ﬁdeli,
796 793 896 847 pro
920 778 1082 831 rebus
1117 780 1290 834 sancti
1348 780 1582 853 Remigii
1626 781 1988 850 disponendis
2023 782 2076 834 in

465 869 837 924 Wormacensi
891 885 1052 940 pago,
1110 869 1354 925 inferens
1403 873 1550 943 quod
1573 873 1797 944 quidam
1821 873 2078 927 homines

467 973 592 1012 eum
641 956 922 1028 petierint,
974 965 1034 1012 ut
1085 965 1367 1028 praestaret
1435 961 1544 1015 illis
1597 962 1824 1016 colonos
1889 977 2077 1016 earum

467 1066 652 1104 rerum
684 1049 749 1102 ad
792 1049 1036 1104 diversas
1091 1065 1309 1120 operas,
1360 1051 1659 1122 etquidam
1708 1060 1769 1107 ut
1789 1060 2079 1108 venatores

468 1142 686 1197 illorum
716 1141 771 1194 in
812 1140 948 1210 ipsis
975 1141 1142 1196 rebus
1185 1158 1284 1212 per
1332 1143 1554 1214 aliquod
1606 1153 1821 1215 tempus
1851 1159 2075 1199 manere

467 1234 798 1288 concederet
830 1251 844 1300 ;
877 1233 1025 1304 quod
1057 1243 1307 1288 neutrum
1331 1251 1388 1288 se
1421 1236 1781 1304 concessisse,
1823 1237 1910 1291 vel
1939 1251 2077 1291 con-

468 1339 756 1378 cessurum
800 1337 919 1376 esse
958 1321 1176 1388 fatetur,
1236 1324 1497 1394 quoniam
1555 1325 1640 1379 sui
1697 1333 2078 1380 antecessores

469 1413 574 1467 hoc
600 1412 777 1466 facere
824 1427 933 1465 non
979 1421 1106 1465 sunt
1153 1413 1292 1479 ausi,
1354 1413 1484 1484 quia
1539 1422 1763 1469 sanctus
1794 1413 2077 1487 Remigius

469 1517 591 1556 cum
620 1502 812 1576 grandi
847 1501 1239 1556 maledictione
1257 1503 1341 1556 vel
1364 1503 1814 1559 interminatione
1833 1503 1938 1557 hoc
1958 1501 2074 1556 ﬁeri

470 1593 707 1648 vetuerit
737 1593 806 1660 (S.
841 1594 1034 1648 Remo.
1069 1597 1124 1647 in
1155 1609 1248 1648 suo
1265 1596 1616 1661 testamento),
1649 1602 1755 1661 etc,
1791 1612 1805 1660 ;
1842 1594 2073 1649 Immoni

465 1684 676 1754 comiti,
709 1700 807 1754 pro
838 1686 1004 1738 rebus
1056 1685 1222 1753 hujus
1279 1685 1528 1740 ecclesiae
1569 1685 1624 1739 in
1660 1701 1828 1757 regno
1851 1686 2078 1757 Aquita-

468 1773 592 1827 nico
623 1773 1062 1839 conjaceutibus,
1089 1780 1149 1826 ut
1179 1773 1443 1827 auxilium
1479 1774 1640 1828 ferret
1673 1790 1859 1828 earum
1894 1773 2078 1843 provi—

466 1868 598 1931 sori,
630 1870 717 1922 cui
752 1866 1256 1922 committebantur.
1306 1867 1546 1920 Gerardo
1578 1867 1762 1921 comiti
1799 1867 2080 1921 nobilissi-

469 1978 581 2021 mo.
604 1977 703 2031 pro
757 1961 907 2014 Isaac
964 1959 1277 2032 Lingonicae.
1324 1959 1472 2013 sedis
1512 1960 1710 2025 electo,
1743 1969 1804 2014 ut
1843 1977 1940 2030 per
1961 1961 2080 2028 ejus

471 2053 762 2107 hortamen
790 2051 1137 2106 ordinaretur
1160 2050 1476 2120 episcopus.
1511 2052 1640 2122 quia
1664 2051 1931 2117 Wlfadus,
1984 2053 2077 2122 qui

470 2144 640 2214 ipsam
674 2150 1038 2214 occupaverat
1089 2143 1399 2209 ecclesiam,
1442 2145 1704 2199 canonice
1733 2160 1844 2199 non
1905 2145 2082 2214 potuit

469 2232 710 2286 ordinari
745 2232 930 2295 ;item,
963 2247 1061 2301 pro
1093 2231 1180 2284 his
1201 2247 1322 2302 quae
1352 2232 1458 2286 sibi
1493 2233 1695 2287 litteris
1720 2234 1866 2288 idem
1889 2235 2084 2289 Gerar-

470 2324 572 2378 dus
601 2322 1045 2397 signiﬁcaverat;
1093 2321 1306 2377 scilicet
1355 2326 1502 2395 quod
1564 2325 1792 2380 Karolus
1844 2326 2081 2380 Francia

471 2431 563 2470 rex
591 2413 829 2469 senioris
883 2411 1061 2482 ipsius
1115 2412 1296 2468 Karoli
1348 2414 1639 2486 Cisalpinae
1691 2416 1876 2471 Galliae
1935 2417 2083 2491 regis

469 2519 698 2576 regnum
738 2501 843 2555 sibi
873 2501 1040 2555 vellet
1096 2501 1410 2572 subripere,
1469 2505 1615 2574 quod
1680 2506 1800 2576 ipse
1849 2507 2084 2561 domnus

471 2591 792 2645 llincmarus
823 2604 1171 2661 nequaquam
1229 2589 1346 2644 ﬁeri
1375 2593 1616 2658 asserit;
1647 2592 1717 2647 de
1757 2594 1924 2648 rebus
1946 2610 2086 2683 quq-

469 2699 578 2755 que
600 2685 654 2736 S.
690 2682 925 2755 Remigii
956 2682 1011 2734 in
1030 2682 1315 2736 Provincia
1339 2683 1483 2748 sitis,
1517 2700 1618 2754 pro
1649 2686 1857 2756 quibus
1879 2682 2082 2741 audie-

470 2784 551 2829 rat
595 2774 858 2828 domuum
907 2773 1257 2828 Hincmarum
1315 2775 1384 2828 ad
1437 2791 1624 2850 regem
1693 2778 2084 2848 proclamasse,

470 2865 619 2937 quod
649 2881 706 2918 se
763 2864 985 2934 penitus
1025 2873 1190 2938 negat
1237 2866 1438 2939 egisse,
1498 2884 1599 2921 nec
1645 2852 2088 2942 quotiescunque

471 2973 699 3011 necesse
729 2954 850 3021 fuit,
908 2971 1006 3025 pro
1060 2957 1232 3026 ipsius
1271 2958 1326 3028 [17,
1377 2958 1530 3028 ipsis]
1571 2958 1734 3013 rebus
1788 2961 1856 3014 ad
1896 2961 2086 3026 alium,

472 3063 636 3120 quam
667 3046 734 3100 ad
769 3046 949 3116 ipsum
1006 3045 1326 3113 Gerardum,
1378 3055 1433 3101 et
1457 3048 1525 3101 ad
1557 3063 1687 3102 suos
1736 3046 1929 3101 ﬁdeles
1961 3047 2089 3102 inde

2178 511 2282 567 sub
2304 510 2629 565 defensione
2681 511 2886 579 tamen}
2913 517 2968 563 et
2999 509 3169 564 tutela
3207 509 3420 580 praefati
3449 509 3671 563 Gerardi
3694 524 3790 563 co-

2177 601 2344 664 mitis,
2364 600 2574 654 addens
2595 599 2663 653 de
2711 599 2925 653 caeteris
2943 599 3261 652 earumdem
3294 615 3476 653 rerum
3500 605 3791 668 usurpato-

2181 690 2332 744 ribus
2363 688 2496 759 quid
2526 688 2800 759 agendum
2821 687 2929 741 sibi
2983 687 3281 742 videretur.
3314 688 3466 758 lpsas
3491 694 3670 740 autem
3705 703 3792 740 res

2181 781 2315 835 nulli
2339 780 2549 836 homini
2578 795 2679 834 suo
2710 779 2794 834 vel
2828 779 3056 833 alterius
3082 778 3136 831 in
3166 778 3496 833 beneficium
3531 779 3664 832 dare
3691 795 3792 832 au-

2179 873 2352 938 deret,
2386 871 2516 943 quia
2544 878 2768 925 sanctus
2798 870 3082 943 Remigius
3107 870 3288 925 hocin
3331 885 3432 925 suo
3462 876 3790 924 testamento

2180 964 2503 1021 terribiliter
2552 961 2905 1018 contradixit.
2967 962 3092 1032 Ipse
3132 977 3263 1017 vero
3303 976 3508 1023 comes,
3565 961 3662 1032 qui
3693 976 3792 1030 pro

2181 1073 2368 1113 amore
2393 1064 2595 1110 sanctae
2626 1054 2717 1108 Dei
2762 1053 3055 1108 Genitricis
3111 1060 3163 1108 et
3187 1054 3362 1108 sancti
3419 1052 3678 1126 Remigii,
3707 1067 3793 1106 res

2180 1149 2333 1220 ipsas
2360 1147 2414 1200 in
2446 1163 2544 1201 sua
2575 1145 2808 1200 tuitione
2839 1153 3182 1215 susceperat,
3240 1145 3384 1199 sicut
3427 1144 3569 1199 bene
3599 1144 3792 1214 cmpit,

2178 1235 2252 1289 ita
2279 1234 2515 1289 viriliter
2552 1233 2623 1287 de
2666 1239 2864 1288 czetero
2909 1250 3071 1305 agere
3139 1240 3414 1304 procuret,
3444 1231 3702 1304 quoniam
3737 1232 3790 1285 in

2179 1323 2434 1378 Remensi
2457 1322 2692 1377 ecclesia
2741 1337 2839 1391 per
2881 1322 3074 1376 decem
3108 1321 3439 1377 monasteria
3487 1327 3593 1375 tam
3627 1335 3797 1375 cano-

2179 1416 2446 1477 nicorum,
2481 1431 2645 1485 quam
2666 1414 3256 1485 monachorum.atque
3270 1413 3794 1477 sanctimonialium,

2177 1503 2412 1573 amplius
2441 1519 2605 1572 quam
2623 1502 2912 1572 quingenti
2972 1517 3071 1572 pro
3102 1502 3278 1572 ipsius
3296 1501 3552 1571 praesenti
3583 1509 3641 1555 et
3669 1517 3798 1571 per-

2178 1599 2344 1663 petua
2369 1591 2567 1657 salute,
2599 1590 2651 1643 in
2685 1589 2932 1660 psalmis,
2988 1597 3044 1644 et
3077 1590 3306 1644 canticis
3337 1589 3690 1660 spiritalibus
3718 1596 3800 1642 at-

2180 1700 2288 1755 que
2300 1684 2474 1738 sacris
2488 1681 2864 1738 oblationibus
2884 1682 3134 1736 continui
3157 1689 3404 1736 oratores
3421 1681 3797 1735 existant.etc.

2185 1777 2316 1830 [tem
2349 1790 2446 1845 pro
2465 1774 2675 1828 eisdem
2699 1772 2865 1826 rebus
2897 1789 3038 1843 pene
3067 1773 3296 1826 similia.
3321 1773 3452 1826 [tem
3484 1771 3712 1825 mittens
3733 1772 3798 1824 ad

2183 1868 2401 1922 easdem
2435 1882 2522 1920 res
2549 1865 2884 1920 ordinandas
2917 1882 3014 1934 per
3044 1865 3220 1935 ipsius
3268 1863 3482 1919 comitis
3533 1862 3799 1917 auxilium

2186 1961 2244 2032 [i.
2277 1960 2614 2029 consilium],
2638 1968 2805 2030 atque
2827 1958 3230 2028 disponendas,
3262 1958 3590 2013 monachum
3634 1966 3802 2028 atque

2183 2049 2566 2119 presbyterum
2599 2047 2667 2100 de
2698 2047 3034 2101 monasterio
3080 2046 3254 2102 sancti
3304 2046 3539 2120 Remigii
3574 2045 3803 2100 nomine

2184 2137 2514 2192 Rotfridum.
2563 2136 2855 2207 Rodulpho
2886 2137 3080 2191 illustri
3101 2136 3312 2201 comiti,
3344 2151 3443 2206 pro
3472 2134 3796 2189 inﬁrmitate

2184 2226 2436 2297 conjugis
2463 2224 2656 2295 ipsius,
2685 2233 2738 2279 et
2763 2240 2858 2294 pro
2881 2239 2948 2279 eo
2971 2225 3118 2296 quod
3139 2223 3588 2294 ferebaturjidem
3613 2239 3806 2279 comes

2186 2318 2331 2372 inter
2361 2333 2548 2392 regem
2578 2323 2631 2371 et
2661 2317 2929 2387 quosdam
2995 2316 3274 2384 subjectos
3331 2316 3806 2387 ipsmsjquaedam

2185 2412 2460 2467 contraria
2516 2411 2810 2478 seminare,
2861 2427 3114 2466 asserens
3166 2411 3274 2465 sibi
3315 2426 3537 2483 quoque
3568 2410 3811 2464 domnus

2187 2504 2675 2575 llincmarus,quia
2694 2504 2762 2558 ab
2796 2504 3193 2570 hujusmodire
3219 2503 3378 2558 valde
3409 2519 3468 2558 se
3501 2501 3808 2557 immunem

2186 2596 2432 2666 putabat,
2454 2597 2559 2651 hoc
2583 2596 2760 2667 ipsum
2782 2596 3024 2666 reputari
3052 2615 3066 2662 ;
3095 2602 3151 2651 et
3176 2597 3306 2667 quia
3336 2597 3405 2650 de
3429 2596 3516 2650 his
3537 2596 3813 2667 quierant

2186 2704 2309 2742 cum
2341 2703 2470 2759 rege
2488 2688 2618 2742 talia
2650 2687 2910 2742 mandata
2937 2689 3212 2755 venirent,
3234 2705 3356 2760 quae
3384 2704 3495 2744 non
3516 2689 3815 2743 convenis-

2190 2791 2334 2838 sent.
2368 2783 2521 2836 Unde
2552 2781 2686 2835 nihil
2710 2783 2892 2837 eidem
2921 2780 3108 2836 comiti
3135 2780 3378 2835 scribere
3406 2786 3812 2850 posset,neque

2189 2887 2290 2941 per
2319 2871 2488 2926 alium
2520 2871 2807 2936 mandare,
2831 2871 3010 2926 donec
3039 2870 3202 2923 simul
3238 2869 3618 2940 loquerentur,
3651 2874 3709 2921 et
3737 2866 3813 2921 de

2191 2962 2394 3016 talibus
2424 2978 2547 3033 qua;
2576 2962 2845 3016 vidissent
2872 2961 3070 3016 melius
3123 2961 3190 3014 ad
3219 2959 3510 3014 utilitatem
3537 2967 3592 3013 et
3630 2959 3815 3013 hone-

2191 3057 2388 3105 statem
2436 3050 2672 3106 senioris
2717 3051 2804 3104 sui
2858 3050 3160 3121 pertinere,
3224 3055 3412 3103 mutuo
3467 3046 3815 3114 conferrent,

470 3110 901 3212 suggestionem,
934 3135 1200 3190 direxisse
1235 3135 1336 3206 ;de
1387 3137 1488 3191 hoc
1537 3137 1705 3191 etiam
1761 3138 1910 3208 quod
1945 3137 2085 3191 scri-
2117 3110 2166 3178 C
2190 3145 2516 3217 quantocius
2573 3152 2755 3199 autem
2804 3110 3077 3214 patuisset
3115 3142 3182 3197 ad
3233 3157 3420 3216 regem
3451 3148 3730 3214 pergeret,
3758 3149 3818 3194 ει

474 3235 654 3299 pserat
680 3229 770 3282 hic
797 3243 982 3282 comes
1012 3244 1071 3282 se
1090 3228 1334 3292 audisse,
1357 3230 1504 3300 quod
1540 3245 1632 3282 rex
1687 3229 1794 3283 iste
1856 3229 2084 3283 Karolus

472 3318 807 3374 monasteria
854 3318 1021 3371 vellet
1068 3333 1355 3387 usurpare,
1407 3333 1528 3388 quae
1557 3317 1720 3373 beato
1761 3319 1921 3372 Petro
1953 3333 2086 3388 apo-

471 3411 613 3466 stolo
644 3411 791 3465 idem
820 3409 1093 3464 Gerardus
1119 3409 1420 3464 tradiderat
1444 3417 1528 3464 :et
1553 3411 1685 3481 quia
1713 3411 1758 3464 si
1790 3410 2083 3480 resipsius,

473 3520 595 3576 quae
622 3504 678 3558 in
709 3505 815 3558 hoc
833 3519 1002 3576 regno
1059 3503 1433 3571 conjacerent,
1483 3502 1552 3555 ab
1576 3517 1642 3556 eo
1674 3501 1852 3557 forent
1873 3503 2088 3569 ablatm,

475 3592 600 3663 ipse
621 3591 972 3646 licetinvitus
997 3606 1086 3645 res
1112 3590 1460 3661 hujusregni,
1485 3590 1787 3661 quasinillo
1808 3590 2092 3645 habeban-

475 3693 561 3739 tur
583 3700 752 3756 regno
772 3683 1708 3754 praasumeret;respoudetdomnus
1731 3683 2090 3755 praesul,quia

474 3793 572 3831 sua
597 3776 880 3830 voluntate
912 3791 1075 3830 nemo
1127 3791 1215 3829 res
1237 3774 1486 3829 ecclesiae
1514 3775 1568 3828 in
1596 3791 1755 3830 suum
1782 3776 2088 3846 periculum

475 3875 796 3939 usurparet;
829 3868 1021 3922 timere
1043 3883 1123 3933 se,
1163 3882 1419 3920 asserens
1442 3883 1512 3921 ne
1543 3882 1727 3922 coram
1753 3868 1863 3923 Deo
1887 3868 2092 3942 dignus

476 3957 764 4023 habeatur,
795 3965 853 4010 ut
879 3957 982 4011 hoc
1015 3956 1069 4009 in
1089 3964 1338 4026 tempore
1369 3956 1662 4011 sacerdotii
1686 3957 1770 4011 sui
1797 3957 2094 4012 commissa

473 4049 581 4103 sibi
632 4050 874 4119 patiatur
912 4049 1166 4104 ecclesia.
1221 4049 1610 4103 Verumtamen
1671 4049 1714 4103 si
1765 4051 1888 4121 quis
1948 4067 2092 4120 prae-

475 4141 793 4210 sumpserit,
816 4141 935 4210 plus
967 4140 1043 4193 illi
1063 4139 1255 4194 dolere
1285 4155 1448 4209 quam
1481 4139 1607 4201 sibi,
1637 4141 1936 4210 periculum
1961 4158 2096 4211 prae-

477 4231 777 4301 sumptoris
789 4246 851 4284 ex
868 4231 900 4283 d
914 4230 1075 4283 ivinis
1087 4230 1343 4300 pandens
1355 4230 1800 4284 auctoritatibus.
1820 4232 2098 4298 Adjiciens

479 4338 699 4394 quoque
725 4323 794 4375 de
821 4337 888 4377 eo
919 4322 1067 4392 quod
1100 4337 1160 4374 se
1190 4329 1501 4388 monuerat,
1535 4329 1594 4376 ut
1623 4323 1762 4376 sacri
1800 4339 1964 4378 causa
1989 4325 2097 4378 mi-

477 4410 692 4465 nisterii
739 4425 923 4480 regem
969 4426 1000 4462 a
1029 4408 1232 4463 talibus
1289 4416 1571 4464 revocaret
1598 4410 1936 4475 excessibus,
1968 4413 2098 4483 quia

2187 3250 2308 3289 cum
2337 3234 2432 3288 illo
2464 3223 2694 3306 degens,
2761 3240 3253 3303 quantumcunque
3279 3231 3508 3297 valeret,
3542 3238 3813 3295 certaret,

2186 3332 2322 3381 utse
2341 3342 2523 3380 coram
2569 3327 2680 3380 Deo
2722 3324 2887 3380 corde
2926 3331 2980 3378 et
3031 3339 3202 3393 Opere
3251 3322 3576 3388 custodiret,
3606 3322 3816 3392 orique

2187 3432 2285 3472 suo
2312 3417 2380 3471 ab
2407 3416 2542 3487 ipsis
2574 3417 2740 3471 etiam
2773 3417 2865 3487 qui
2914 3415 3251 3486 putabantur
3281 3413 3466 3480 amici,
3497 3414 3815 3468 custodiam

2195 3506 2505 3577 imponeret
2559 3507 2661 3576 (ps.
2710 3506 2850 3572 CXL),
2901 3511 2958 3559 et
3003 3504 3075 3559 de
3127 3503 3526 3558 convocatione
3559 3500 3816 3556 ﬁdelium

2193 3593 2360 3666 regis,
2419 3601 2473 3647 et
2499 3593 2806 3648 directione
2851 3592 3026 3664 ipsius
3065 3591 3445 3662 animi,atque
3475 3589 3822 3644 discissione

2192 3685 2359 3753 hujus
2387 3685 2542 3757 regni
2577 3703 2591 3749 ;
2633 3685 2730 3739 sed
2762 3693 2816 3739 et
2865 3684 3252 3740 interfectione
3299 3684 3582 3738 Britonum
3625 3683 3824 3737 Heris~

2194 3774 2367 3848 pogii,
2402 3774 2731 3838 Salomonis,
2765 3780 2821 3828 et
2841 3773 3138 3838 Almarchi,
3186 3780 3351 3844 atque
3388 3773 3455 3827 de
3489 3772 3689 3827 itinere
3721 3789 3823 3826 re-

2193 3867 2336 3941 ginae
2359 3867 2426 3920 ad
2449 3882 2656 3940 regem,
2683 3871 2844 3936 prout
2873 3866 2989 3937 ipse
3018 3865 3402 3930 mandaverat,
3430 3872 3484 3919 et
3506 3865 3636 3936 quia
3667 3865 3824 3918 mul-

2193 3968 2308 4015 tum
2339 3959 2410 4014 de
2434 3974 2564 4030 rege
2592 3957 2843 4014 timebat.
2874 3959 3005 4012 ltem
3050 3958 3118 4012 de
3140 3972 3207 4013 eo
3229 3957 3380 4029 quod
3413 3957 3469 4011 in
3500 3957 3700 4011 litteris
3729 3958 3824 4028 ip-

2194 4050 2311 4104 sius
2332 4048 2549 4104 comitis
2571 4048 2714 4102 inter
2746 4047 2926 4118 ipsum
2978 4048 3237 4103 comitem
3262 4055 3317 4102 et
3344 4063 3530 4122 regem
3557 4062 3820 4101 commo-

2196 4143 2402 4196 tionem
2429 4146 2762 4214 cognoverat
2790 4155 2911 4195 esse
2943 4140 3272 4206 indebitam,
3301 4141 3450 4194 unde
3480 4139 3616 4193 satis
3645 4139 3832 4193 tristis

2198 4231 2424 4288 effectus
2444 4239 2576 4288 erat.
2631 4233 2692 4287 Et
2747 4233 2875 4303 quia
2904 4233 2974 4288 de
3004 4232 3090 4287 his
3121 4249 3242 4304 qua!
3269 4233 3375 4287 sibi
3407 4231 3608 4286 litteris
3639 4230 3835 4304 signi-

2198 4320 2474 4387 ﬁcaverat,
2502 4321 2646 4392 apud
2687 4337 2895 4396 regem,
2938 4329 3100 4392 prout
3118 4322 3405 4393 potuisset,
3441 4328 3745 4393 satageret,
3773 4329 3838 4376 et

2201 4410 2472 4481 quidquid
2508 4410 2804 4476 inveniret,
2823 4411 2868 4464 si
2893 4411 2959 4465 ad
2975 4427 3101 4466 eum
3119 4411 3447 4476 remitteret,
3469 4409 3572 4480 ipsi
3600 4426 3841 4464 reman-

478 4503 631 4573 prius
659 4501 715 4555 in
749 4501 898 4555 illius
937 4501 1300 4572 dispositione
1353 4501 1484 4556 talia
1519 4518 1628 4557 non
1671 4514 2014 4575 perceperat,
2044 4513 2098 4560 et
2125 4481 2175 4548 Ι)
2195 4503 2324 4558 dare
2355 4510 2588 4558 curaret.
2621 4503 2903 4572 Adjiciens
2928 4505 3061 4576 quid
3111 4504 3220 4559 sibi
3251 4505 3319 4558 de
3348 4502 3676 4558 hominibus
3702 4503 3841 4557 suis

477 4596 545 4648 de
577 4595 730 4648 vanis
757 4594 1169 4664 suspicionibus
1192 4611 1350 4649 suum
1374 4610 1484 4650 non
1519 4606 1639 4650 erat
1659 4598 1942 4652 seniorem
1973 4614 2096 4653 cor-

476 4687 682 4758 ripere,
717 4686 843 4740 ideo
873 4702 976 4741 nec
1008 4687 1136 4740 inde
1157 4696 1469 4743 monuerat.
1504 4689 1660 4743 Nunc
1685 4696 1868 4744 autem
1891 4698 2096 4746 certam

477 4785 532 4830 et
552 4791 772 4830 causam
817 4775 1048 4838 habens,
1081 4783 1467 4845 etpersonam,
1503 4777 1691 4832 debita
1722 4778 2020 4834 devotione
2037 4795 2099 4834 ac

479 4865 743 4920 ﬁdelitate
765 4866 1012 4920 studebit
1035 4865 1469 4922 dominationem
1504 4867 1678 4938 ipsius
1716 4884 1965 4924 monere.

551 4959 684 5012 ltem
711 4973 807 5028 pro
833 4957 1071 5028 praefatis
1131 4958 1299 5014 rebus
1351 4960 1525 5015 sancti
1588 4959 1842 5034 Remigii,
1864 4960 1934 5014 de
1965 4960 2095 5030 qui-

477 5048 742 5102 busidem
777 5047 1050 5102 Gerardus
1081 5048 1210 5103 huic
1260 5048 1896 5120 archiepiscopolitteris
1924 5049 2096 5120 signia

477 5133 733 5191 ﬁcaverat
763 5152 822 5190 se
853 5137 1170 5201 condolere,
1213 5138 1342 5208 quia
1397 5138 1876 5192 devastabantura
1906 5138 2096 5192 multis

475 5232 529 5277 et
555 5223 741 5294 plures
797 5226 1117 5280 earumdem
1161 5235 1460 5282 vastatores
1509 5228 1756 5283 dicerent
1817 5226 1962 5297 quod
2000 5243 2098 5297 per

476 5317 892 5371 concessionem
917 5318 1060 5391 regis
1089 5319 1290 5385 Karoli,
1323 5326 1377 5374 et
1403 5320 1567 5388 hujus
1596 5319 1785 5374 domui
1821 5319 2093 5375 Hincmari

475 5407 694 5462 easdem
730 5426 816 5463 res
832 5417 1186 5481 occuparent.
1213 5411 1366 5465 Unde
1411 5410 1658 5466 notiﬁcat
1689 5409 1868 5464 eidem
1895 5411 2093 5466 Gerar-

2197 4591 2480 4657 acciderit,
2527 4607 2665 4662 quos
2694 4607 2881 4647 secum
2936 4609 3103 4663 super
3153 4593 3389 4666 Ligerim
3443 4592 3664 4658 habuit,
3698 4608 3841 4666 mq-

2199 4697 2338 4737 nens
2358 4688 2412 4735 et
2432 4679 2749 4736 confortans
2774 4681 2829 4736 in
2857 4681 3112 4749 Domino,
3145 4665 3662 4737 neicommoneatur
3683 4665 3847 4735 levi:

2199 4778 2283 4826 ter
2313 4784 2413 4841 pro
2441 4767 2890 4841 talibus,quibus
2919 4770 2996 4824 illi
3019 4770 3113 4842 qui
3133 4771 3306 4824 Deum
3328 4771 3519 4824 timere
3538 4769 3849 4834 nesciunt,

2200 4871 2618 4921 commoventur
2668 4880 2682 4916 :
2759 4861 2858 4917 sed
2908 4877 3068 4917 suum
3154 4862 3361 4917 bonum
3402 4877 3631 4917 nomen.
3679 4863 3851 4918 sicut

2199 4953 2344 5009 bene
2373 4954 2563 5024 coepit,
2586 4968 2763 5023 usque
2821 4952 2890 5006 ad
2945 4950 3111 5007 ﬁnem
3141 4953 3444 5022 perducere
3481 4952 3732 5008 studeat.
3777 4953 3850 5008 Et

2200 5043 2331 5115 quia
2361 5043 2508 5114 regis
2536 5042 2780 5096 animum
2840 5042 2952 5110 jam
2984 5040 3127 5095 bene
3148 5048 3529 5114 cognosceret,
3562 5040 3660 5112 qui
3692 5040 3850 5096 licet

2200 5133 2384 5204 aliqua
2422 5133 2492 5186 sit
2541 5129 2951 5202 perturbatione
3005 5137 3338 5197 commotus,
3361 5131 3543 5184 statim
3599 5138 3662 5184 ut
3695 5147 3846 5186 cum

2199 5238 2264 5278 eo
2293 5222 2512 5276 locutus
2539 5221 2704 5275 fuerit
2734 5228 2788 5274 et
2819 5219 2870 5274 ei
2918 5235 3073 5273 suam
3102 5219 3457 5274 devotionem
3483 5219 3849 5276 manifesta-

2197 5313 2358 5378 verit,
2381 5313 2525 5368 sicut
2553 5312 2732 5371 decet.
2769 5321 2823 5366 et
2851 5310 2993 5366 sicut
3023 5319 3229 5367 rectum
3261 5320 3365 5380 est,
3406 5327 3532 5365 eum
3564 5311 3853 5368 habebit.

2197 5405 2527 5468 admonens,
2568 5411 2628 5457 ut
2678 5402 2832 5470 juxta
2884 5401 3224 5471 Apostolum,
3277 5401 3457 5455 omnis
3499 5400 3855 5473 indignatio

2194 5493 2474 5549 auferatur
2495 5493 2562 5547 ab
2593 5507 2660 5548 eo
2690 5509 2813 5547 cum
2840 5491 2988 5547 omni
3035 5491 3246 5546 malitia
3270 5492 3490 5562 (Ep/tes.
3513 5491 3614 5559 iv).
3659 5492 3857 5555 Quod

2193 5588 2238 5642 si
2278 5587 2453 5652 fieret,
2478 5600 2578 5656 pro
2629 5601 2695 5640 eo
2750 5586 2897 5657 quod
2927 5601 3022 5640 rex
3075 5601 3250 5656 nepos
3280 5585 3454 5657 ipsius
3486 5591 3656 5650 esset,
3697 5586 3860 5656 plus

2191 5677 2344 5748 pium
2395 5674 2638 5731 animum
2690 5690 2820 5747 erga
2872 5690 2996 5728 eum
3047 5675 3295 5742 haberet,
3363 5689 3462 5744 pro
3523 5674 3633 5729 hoc
3662 5679 3857 5744 quod

474 5497 568 5562 do,
603 5498 733 5570 quia
762 5515 824 5552 ex
843 5516 953 5570 quo
975 5501 1199 5556 easdem
1229 5517 1317 5555 res
1357 5500 1546 5554 eidem
1576 5500 1937 5568 commiserit,
1967 5501 2094 5556 nul-

474 5586 582 5642 lius
601 5588 939 5644 altcriuseas
981 5590 1281 5661 provisioni
1331 5588 1693 5661 delegaverit,
1737 5588 1843 5644 nisi
1880 5595 2088 5645 tantum

473 5673 770 5733 Hildoardo
797 5678 1016 5733 cuidam
1059 5678 1265 5734 nutrito
1286 5693 1386 5733 suo
1439 5677 1772 5748 injunxerat,
1803 5684 1863 5733 ut
1891 5679 2086 5748 majori
