4008 6158
222 330 296 386 ευ
790 308 1127 365 HISTORI/E
1166 307 1501 363 ECCLESIZE
1542 304 1877 361 REMENSIS
1917 303 2094 359 LIBRI
2136 302 2469 368 QUATUOR.
2509 333 2579 343 —
2618 303 2743 357 LIB.
2787 303 2875 357 lll.
3419 294 3529 350 242

222 452 371 509 senior
406 444 571 517 ipsius
627 445 800 504 esset,
869 435 999 507 plus
1060 434 1331 489 humilem
1390 434 1630 490 haberet
1696 431 1811 486 aui-
1831 437 1883 504 Α
1906 431 1974 486 de
2004 431 2126 501 ipso
2145 428 2409 484 audiebat
2425 434 2479 482 et
2507 428 2706 483 animae
2734 427 2880 482 illius
2904 422 3217 497 periculum
3242 421 3535 494 pertinen-

222 555 337 596 mum
376 534 508 590 circa
533 530 738 601 ipsum,
774 532 887 580 etc.
944 522 1137 579 Uvelfo
1169 523 1394 578 cuidam
1451 521 1633 579 nobili
1667 520 1806 583 viro,
1916 524 2007 590 tia,
2055 521 2335 615 praecipue
2366 521 2435 615 de
2465 520 2701 615 quodam
2737 518 3087 615 presbytero,
3114 532 3334 615 .quem.
3347 522 3541 615 contra

223 631 380 687 multas
426 622 722 699 gratiarum
784 616 1043 671 referens
1100 614 1379 681 actiones,
1438 614 1587 685 quod
1649 612 1813 668 talem
1914 611 2066 685 leges
2087 612 2159 665 de
2183 609 2415 665 ecclesia
2433 609 2689 677 ejeccrat,
2716 616 2772 662 et
2793 607 3023 661 alterum
3047 604 3128 658 ibi
3152 604 3541 706 constituerat,

222 739 321 797 erga
354 736 404 774 se
430 696 814 771 conservasset
853 706 1184 767 amicitiam,
1217 715 1280 760 ut
1310 705 1595 762 hominem
1639 703 1814 775 ipsius
1914 702 2219 759 efficaciter
2252 708 2305 757 et
2334 701 2727 773 episcOpaliter
2772 714 3025 800 monens,
3059 704 3123 751 ut
3167 696 3440 801 antalihus
3484 715 3544 755 se

220 787 312 869 sine
332 822 583 867 consensu
630 800 891 875 ejusdem
924 797 1181 868 recipere
1239 796 1534 863 noluisset,
1578 802 1634 850 et
1665 795 1813 866 quod
1915 794 2444 867 pmsumptiouihus
2468 801 2805 864 compescat,
2830 790 2958 892 quia
2977 789 3022 843 si
3049 803 3169 892 non
3193 787 3545 892 fecerit,ipse

221 908 333 963 idem
368 892 519 956 homo
546 912 607 952 se
637 894 760 950 sine
801 906 975 947 causa
1006 888 1310 953 dimiserit,
1346 898 1402 943 et
1430 889 1556 942 sine
1591 886 1815 942 licentia
1916 887 2064 958 quod
2095 902 2265 942 sacrae
2303 886 2459 961 leges
2485 885 2816 956 praecipiunt
2843 882 3089 937 facturus
3118 882 3193 935 sit
3224 882 3282 936 in
3315 899 3460 948 eum,
3493 894 3548 943 et

221 996 660 1053 suairreverenter
679 982 1012 1047 abcesserit,
1036 981 1186 1053 quod
1206 995 1370 1035 nemo
1384 995 1613 1035 suorum
1634 979 1816 1035 adhuc
1915 992 2015 1048 per
2043 977 2234 1033 omnia
2262 992 2435 1050 regna
2473 975 2753 1046 episcopis
2778 988 2951 1044 usque
3007 972 3078 1027 ad
3111 990 3316 1044 papam
3350 976 3548 1032 Roma-

222 1089 331 1144 alius
344 1084 557 1146 fecerat,
572 1072 1087 1145 intimansqualiter
1099 1071 1565 1142 eumsusceperit,
1583 1080 1813 1142 etquam
1916 1086 2070 1137 num,
2100 1087 2229 1126 eum
2251 1085 2373 1125 esse
2394 1068 2684 1124 mandabit
2708 1067 3549 1141 excommunicatum.ll’resby-

220 1178 417 1252 benigne
440 1169 718 1236 nutrierit,
736 1166 1025 1237 multaque
1044 1163 1123 1217 illi
1147 1162 1294 1218 bona
1317 1161 1530 1226 fecerit,
1549 1162 1817 1232 qualiter—
1919 1167 2092 1215 terum
2125 1174 2258 1214 vero
2286 1159 2576 1252 advenam,
2603 1172 2769 1252 quem
2799 1157 3025 1252 miserat
3058 1155 3117 1210 in
3142 1158 3552 1252 eademieccle-

222 1285 304 1341 que
327 1245 425 1320 Este
460 1264 610 1318 inter
645 1258 931 1315 seniorem
976 1270 1140 1308 suum
1173 1260 1229 1307 et
1278 1267 1465 1325 regem
1498 1250 1702 1306 missus
1743 1251 1815 1306 ad
1915 1247 2020 1315 sia,
2075 1248 2147 1303 ab
2194 1248 2345 1304 omni
2388 1246 2645 1303 Remensi
2702 1245 2963 1317 parochia
3002 1251 3551 1307 excommunicatum

221 1338 384 1430 ipsum,
411 1347 883 1408 iuconvenienter
912 1343 1108 1416 egerit.
1135 1341 1277 1395 Petit
1302 1347 1507 1406 autem,
1536 1349 1600 1394 ut
1628 1340 1815 1394 nulla-
1918 1355 2040 1394 esse
2075 1340 2348 1414 designat.
2383 1341 2515 1394 Item
2563 1354 2769 1395 vocans
2800 1354 2925 1393 eum
2970 1338 3241 1397 dilectum
3276 1342 3469 1412 filium,
3501 1350 3553 1400 et

223 1428 352 1501 tenus
400 1457 522 1498 eum
558 1437 818 1509 recipiat,
859 1442 1159 1503 antequam
1191 1444 1380 1484 secum
1436 1428 1717 1498 loquatur,
1762 1434 1821 1482 et

220 1539 330 1593 sciat
366 1536 408 1589 si
448 1542 660 1588 rectam
693 1535 895 1584 contra
932 1541 993 1581 se
1022 1523 1171 1577 idem
1212 1522 1380 1576 homo
1412 1518 1683 1574 rationem
1716 1519 1822 1572 ha-

223 1632 340 1697 beat,
363 1626 626 1696 adjiciens
673 1637 790 1677 non
823 1619 882 1674 id
937 1634 998 1673 se
1028 1617 1098 1670 de
1127 1614 1223 1668 illo
1275 1612 1402 1667 ideo
1433 1610 1725 1681 replicare,
1761 1615 1824 1663 ut

220 1721 408 1793 aliquod
436 1719 632 1775 odium
672 1713 825 1769 illius
845 1715 1055 1772 teneat,
1083 1706 1180 1761 sed
1211 1721 1281 1759 ne
1311 1705 1405 1758 ille
1424 1710 1617 1800 contra
1636 1700 1823 1797 justi-

221 1812 326 1867 tiam
353 1808 632 1878 recipiens
662 1803 841 1867 hunc,
878 1799 936 1852 in
966 1798 1135 1851 Deum
1169 1800 1381 1864 peccet,
1416 1798 1549 1889 etin
1581 1804 1652 1889 se.
1673 1803 1829 1889 ami-

219 1920 320 1959 cum
353 1901 521 1972 ipsius
563 1893 836 1955 offendat,
882 1886 1185 1961 praesertim
1214 1900 1337 1939 cum
1369 1881 1517 1937 salva
1545 1880 1829 1946 amicitia,

222 2010 301 2065 per
324 1971 435 2061 ejus
463 1987 755 2045 licentiam
777 1983 938 2038 illum
974 1979 1178 2072 habere
1204 1974 1438 2072 poterit;
1467 1971 1695 2028 Folconi
1717 1986 1834 2072 co-

222 2060 319 2135 initi
346 2060 530 2151 palatii
565 2075 736 2149 regis,
768 2086 876 2144 pro
918 2067 1155 2140 quodam
1188 2063 1507 2135 presbytero
1538 2060 1830 2132 parochias

219 2171 555 2234 Suessonicaz,
588 2168 687 2239 qui
727 2163 927 2219 relicto
960 2156 1336 2215 ecclesiastico
1367 2154 1435 2208 ad
1476 2153 1831 2251 civile.judi-

219 2261 339 2315 cium
376 2259 817 2330 proclamaverat
848 2263 1020 2319 super
1048 2252 1367 2301 accusatore
1396 2257 1518 2307 suo,
1567 2257 1663 2312 qui
1698 2257 1829 2310 pro-

218 2353 443 2407 baturum
470 2368 536 2405 se
570 2346 910 2420 promiserat
941 2355 1063 2395 esse
1094 2338 1243 2410 quod
1272 2336 1537 2391 adversus
1565 2334 1828 2389 eumdem

219 2441 577 2511 presbyterum
611 2432 960 2506 proferebat.
997 2427 1216 2482 Mandat
1247 2431 1431 2479 autem
1461 2423 1591 2477 huic
1616 2423 1829 2490 comiti,

218 2546 276 2583 ne
297 2531 346 2582 in
372 2530 474 2584 hac
501 2543 569 2583 se
595 2540 763 2581 causa
794 2517 1178 2583 commisceat,
1210 2522 1505 2584 antequam
1537 2512 1606 2566 ab
1628 2527 1695 2566 eo
1727 2519 1833 2566 tra-

220 2626 375 2672 ctetur
419 2634 486 2671 an
547 2616 603 2669 id
662 2607 1078 2667 rationabiliter
1129 2602 1250 2659 ﬁeri
1294 2601 1517 2665 debeat,
1577 2600 1706 2672 quia
1762 2600 1833 2655 de

218 2705 507 2775 presbyteri
539 2710 596 2758 et
619 2698 885 2756 Ecclesia:
909 2709 1077 2751 causa
1100 2692 1170 2747 ad
1196 2691 1490 2763 episcopos
1517 2697 1572 2744 et
1585 2690 1653 2743 ad
1673 2705 1835 2758 syno-

219 2793 331 2847 dum
361 2791 633 2848 difﬁnitio
663 2786 966 2860 pertineat,
1024 2798 1139 2837 non
1169 2780 1240 2835 ad
1278 2778 1429 2833 malli
1461 2778 1549 2832 vel
1591 2777 1833 2833 civilium

210 2882 439 2950 iudicum
470 2877 935 2951 diSpositionem,
993 2877 1098 2925 etc.
1141 2867 1343 2924 Maioni
1390 2866 1587 2921 illustri
1626 2866 1835 2935 comiti,

218 2974 499 3047 gratiarum
539 2970 793 3026 referens
821 2964 1072 3021 actiones
1101 2976 1203 3033 pro
1230 2958 1576 3032 benignitate
1606 2967 1661 3012 et
1682 2957 1836 3013 solli-

214 3066 468 3133 citudine,
533 3078 705 3135 quam
768 3061 979 3115 domno
1042 3052 1389 3110 Theoderico
1456 3050 1836 3106 Camaracensi

1852 1751 1907 1820 B

1920 1431 2050 1487 ideo
2089 1432 2173 1488 sic
2202 1448 2330 1487 eum
2370 1447 2567 1487 vocare
2617 1447 2678 1486 se
2708 1431 2920 1487 dicens.
2953 1439 3014 1486 ut
3042 1432 3219 1489 talem
3279 1453 3339 1491 se
3368 1436 3552 1504 faciat,

1921 1529 2199 1592 quatenus
2228 1522 2286 1575 in
2312 1522 2434 1591 ejus
2457 1521 2758 1576 dilectione
2789 1528 2936 1575 recte
2963 1537 3198 1579 manere
3222 1529 3417 1598 possit,
3443 1527 3551 1594 vel,

1923 1620 1985 1666 ut
2006 1612 2140 1667 item
2175 1614 2374 1684 praesul
2405 1619 2645 1685 exoptat.
2679 1613 2786 1668 Sed
2817 1614 3052 1668 audiens
3084 1632 3215 1672 eum
3247 1636 3356 1677 non
3387 1623 3550 1677 talem

1924 1718 1987 1757 se
2015 1703 2531 1775 exhibere,qualem
2550 1704 2781 1759 deberet
2812 1704 2871 1775 [i,
2895 1705 3140 1780 deceret]
3168 1726 3299 1786 erga
3318 1713 3556 1768 Remen-

1928 1807 2051 1846 sem
2072 1792 2383 1860 ecclesiam,
2407 1794 2475 1848 de
2497 1809 2607 1864 qua
2624 1793 2798 1847 multa
2818 1793 2963 1848 bona
2992 1795 3263 1867 habebat,
3299 1810 3357 1857 ut
3376 1801 3555 1857 famu-

1932 1878 2020 1935 los
2045 1881 2225 1952 ipsius
2254 1883 2501 1938 ecclesias
2524 1883 2841 1954 inquietans
2867 1899 2990 1938 cum
3017 1902 3158 1956 pace
3191 1906 3300 1945 non
3333 1892 3561 1955 sineret,

1932 1969 2163 2043 degere.
2194 1974 2419 2028 mandat
2451 1973 2527 2027 illi
2558 1990 2623 2028 ex
2655 1974 2979 2029 auctoritate
3006 1976 3106 2032 Dei
3141 1989 3197 2034 et
3226 1989 3430 2036 sanctae
3453 1980 3566 2037 Ma-

1931 2062 2050 2130 riae,
2084 2070 2141 2118 et
2172 2065 2349 2119 sancti
2382 2065 2635 2140 Remigii,
2667 2072 2723 2121 et
2751 2082 2850 2120 sua
2877 2069 3211 2141 episcopali,
3247 2090 3466 2129 necnon
3498 2089 3564 2129 ex

1930 2151 2122 2209 hanno
2174 2155 2342 2227 regis,
2390 2158 2547 2224 cujus
2585 2158 2817 2211 misssus
2847 2157 2964 2228 ipse
2996 2163 3270 2233 pontifex,
3322 2174 3457 2237 erat,
3505 2175 3565 2224 ut

1932 2242 2148 2297 nullum
2175 2245 2657 2315 impedimentum,
2678 2249 2763 2303 vel
2788 2248 2927 2319 ipse,
2956 2252 3046 2307 vel
3063 2254 3320 2312 homines
3342 2259 3424 2313 sui
3459 2260 3558 2314 ho-

1932 2332 2181 2388 minibus
2212 2334 2500 2389 Remeusis
2539 2335 2786 2391 ecclesiae
2817 2338 3041 2408 faciant,
3074 2360 3178 2399 nec
3208 2363 3307 2416 per
3334 2347 3557 2418 aliquod

1932 2424 2226 2499 ingenium
2258 2426 2344 2481 vel
2376 2443 2474 2498 per
2496 2444 2825 2484 consensum
2856 2447 3056 2487 suum:
3091 2437 3189 2490 sed
3230 2437 3273 2491 si
3305 2440 3439 2509 quid
3472 2457 3558 2494 ra-

1935 2515 2211 2571 tionabile
2251 2535 2498 2589 quaerere
2528 2521 2645 2575 vult
2674 2529 2861 2576 contra
2909 2531 3238 2593 potestatem
3272 2527 3559 2585 ltcmensis

1935 2608 2186 2663 ecclesia
2241 2626 2340 2680 per
2364 2610 2544 2685 legem
2595 2620 2822 2682 quierat.
2884 2613 3022 2676 Quia
3062 2616 3107 2670 si
3160 2618 3319 2673 aliter
3349 2620 3556 2688 fecerit,

1933 2705 2045 2754 tam
2078 2717 2180 2770 per
2209 2702 2582 2774 episcopalem
2611 2704 3017 2773 auctoritatem,
3044 2725 3207 2779 quam
3237 2727 3335 2782 per
3363 2714 3562 2768 missa-

1932 2790 2105 2845 ticum
2138 2792 2309 2867 regis,
2343 2794 2490 2864 quod
2517 2794 2647 2848 inde
2680 2804 2888 2849 rectum
2921 2796 3087 2852 fuerit
3116 2801 3426 2857 sustinebit.
3456 2803 3562 2857 Ex-

1936 2882 2311 2937 communicat
2339 2884 2508 2938 etiam
2539 2884 2834 2955 quemdam
2867 2885 3160 2942 diaconum
3216 2890 3408 2960 ipsius,
3465 2893 3559 2964 qui

1937 2968 2338 3026 adversabatur
2368 2972 2588 3027 famulis
2617 2972 2794 3028 sancti
2826 2973 3084 3050 Remigii,
3117 2985 3221 3033 etc.
3252 2979 3558 3037 Theodulfo

1941 3054 2000 3125 [i,
2031 3055 2360 3129 Theudulfo]
2387 3059 2597 3123 comiti,
2623 3076 2720 3131 pro
2743 3064 3176 3134 pmsumptione
3205 3069 3561 3125 ecclesiastici

219 3121 610 3226 prazsuli,’viro
640 3160 853 3218 sancto,
883 3157 940 3204 et
969 3146 1220 3203 ecclesia:
1251 3144 1429 3216 ipsius
1459 3143 1720 3198 exhibere
1741 3160 1838 3200 cu-
1865 3121 1913 3188 C
1938 3146 2388 3221 ministerii,'qua
2419 3150 2678 3208 defuncto
2698 3152 2938 3224 quodam
2966 3156 3289 3227 presbytero
3318 3159 3563 3215 abstule-

217 3248 378 3314 rabat,
423 3248 682 3319 petitque
712 3250 773 3298 ut
800 3242 846 3297 si
879 3240 939 3294 in
969 3253 1163 3294 eorum
1194 3235 1398 3290 diebus
1424 3235 1569 3289 idem
1600 3234 1696 3289 Dei
1727 3251 1839 3290 ser-

216 3354 305 3391 vus
329 3337 396 3392 ad
428 3348 793 3392 communem
810 3328 1106 3385 Dominum
1140 3323 1423 3389 transiret,
1443 3338 1543 3393 pro
1568 3322 1838 3379 electione

214 3429 573 3484 concedenda
600 3426 751 3481 clero
788 3429 844 3477 et
873 3419 1025 3491 plebi
1058 3415 1311 3472 ecclesia:
1348 3414 1523 3485 ipsius
1554 3413 1697 3485 apud
1732 3414 1840 3470 Lo-

214 3522 440 3575 tharium
472 3520 876 3589 imperatorem
903 3517 1202 3584 satageret.

274 3614 348 3669 De
374 3630 519 3685 pace
552 3624 780 3683 quoque
802 3598 1320 3678 procurandaintér
1349 3613 1526 3672 reges,
1553 3601 1701 3654 unde
1732 3599 1839 3655 sibi

215 3704 526 3773 scripserat,
563 3696 836 3764 rescribit,
868 3695 999 3767 quia
1028 3707 1254 3763 semper
1282 3706 1402 3745 eam
1423 3690 1840 3762 desideraverit,

217 3800 264 3845 et
284 3798 339 3846 ut
365 3790 643 3846 inviolata
673 3787 819 3841 inter
846 3799 947 3839 eos
964 3788 1242 3848 maneret,
1276 3789 1440 3849 prout
1461 3781 1657 3851 potuit,
1690 3798 1843 3837 com-

214 3900 431 3937 mouere
494 3878 799 3942 curaverit,
830 3885 888 3931 et
925 3881 1197 3946 quantum
1227 3872 1343 3926 Deo
1387 3880 1716 3942 cooperante
1747 3892 1842 3930 va-

213 3973 383 4029 luerit.
420 3972 565 4026 inde
605 3969 856 4023 laborare
888 3963 1125 4020 curabit.
1180 3961 1382 4017 Berico
1423 3962 1735 4019 Normanuo
1773 3966 1843 4020 ad

214 4065 375 4121 ﬁdem
403 4062 624 4121 Christi
654 4073 943 4126 converso,
973 4065 1036 4113 ut
1063 4057 1118 4110 in
1148 4055 1246 4110 Dei
1274 4054 1574 4121 voluntate,
1607 4061 1660 4109 et
1688 4073 1844 4111 man-

218 4159 462 4214 datorum
516 4154 676 4210 illius
713 4150 1100 4207 observatione
1130 4145 1404 4218 proﬁciat,
1443 4146 1584 4201 sicut
1610 4154 1665 4201 ct
1717 4164 1843 4204 eum

214 4254 348 4307 velle
380 4268 448 4306 ac
478 4250 676 4305 facere
708 4262 807 4317 per
841 4244 1045 4299 multos
1080 4239 1367 4304 audiebat,
1405 4245 1460 4293 et
1497 4248 1557 4294 ut
1605 4256 1765 4298 nemo
1793 4244 1845 4299 ei

219 4340 565 4411 persuadere
613 4336 831 4401 valeat,
879 4347 990 4404 quo
1020 4338 1210 4387 contra
1250 4327 1589 4385 Christianos
1620 4333 1846 4406 paganis

216 4438 303 4485 aut
330 4428 673 4487 consilium,
695 4430 789 4479 aut
819 4421 1157 4491 adjutorium
1184 4424 1427 4490 prastat,
1461 4419 1590 4490 quia
1612 4419 1753 4475 nihil
1782 4423 1854 4477 sit

1940 3249 2019 3295 rat
2062 3259 2188 3313 qum
2232 3243 2380 3298 idem
2412 3244 2705 3315 presbyter
2744 3245 2797 3298 in
2840 3247 3195 3320 eleemosyna
3221 3266 3318 3320 pro
3349 3268 3407 3306 se
3442 3253 3560 3307 dari

1940 3339 2304 3402 praeceperat,
2335 3341 2391 3387 et
2428 3332 2659 3403 insuper
2710 3343 3072 3406 usurpaverat
3112 3352 3235 3407 quae
3275 3338 3343 3392 ad
3384 3340 3556 3411 ipsam

1939 3422 2230 3477 ecclesiam
2260 3423 2360 3478 rite
2392 3424 2577 3478 relicta
2604 3424 2845 3481 fuerant.

2011 3514 2261 3571 Ostendit
2315 3531 2448 3590 ergo
2479 3516 2773 3573 manifeste
2811 3537 2977 3592 quam
3022 3523 3317 3579 maximum
3351 3527 3560 3582 crimen

1940 3605 2215 3681 sacrilegii
2245 3608 2599 3662 commissum
2622 3609 2692 3664 sit
2720 3610 2789 3664 ab
2813 3627 2902 3680 eo,
2926 3614 3023 3668 sed
3047 3621 3101 3669 et
3123 3619 3400 3686 quomodo
3427 3635 3561 3673 con-

1944 3704 2024 3749 tra
2055 3694 2326 3749 humanas
2355 3698 2529 3770 egerit
2558 3696 2728 3769 leges,
2759 3707 2815 3754 et
2859 3703 2992 3772 quid
3026 3703 3156 3758 inde
3188 3704 3306 3759 fieri
3337 3707 3559 3777 debeat,

1943 3791 1997 3839 et
2026 3784 2262 3854 qualiter
2292 3784 2541 3838 ecclesiae
2572 3786 2627 3838 in
2669 3794 2941 3855 potestate
2973 3796 3027 3843 et
3057 3792 3406 3848 ordinatione
3435 3804 3563 3850 sunt

1942 3876 2192 3947 episcopi
2218 3874 2523 3929 secundum
2551 3891 2739 3932 sacros
2764 3895 3029 3946 canones,
3054 3890 3109 3936 et
3140 3883 3209 3936 im
3217 3884 3446 3953 perialia
3466 3903 3561 3941 ca-

1948 3969 2141 4041 pitula.
2170 3967 2324 4024 Unde
2355 3969 2579 4023 mandat
2608 3968 2682 4036 ei,
2715 3977 2776 4025 ut
2805 3971 2955 4039 juxta
2979 3989 3162 4028 sacras
3184 3977 3561 4045 auctoritates,

1945 4067 2000 4114 et
2032 4075 2223 4133 regum
2254 4067 2549 4129 pmcepta,
2583 4059 2852 4131 quidquid
2886 4063 2954 4118 de
3000 4062 3354 4121 facultatibus
3386 4066 3563 4137 ipsius

1947 4152 2193 4209 ecclesiae
2225 4160 2510 4223 acceperat
2538 4153 2966 4223 praesentialiter
2994 4156 3241 4211 ecclesiae
3263 4158 3478 4227 reddat,
3511 4166 3567 4215 et

1946 4240 2308 4313 presbyteris,
2341 4240 2545 4312 quibus
2572 4256 2661 4295 res
2690 4244 3090 4299 commendata
3132 4243 3371 4309 fuerant,
3402 4248 3566 4302 resti-

1953 4344 2091 4402 tuat,
2125 4334 2326 4389 deinde
2353 4333 2421 4387 ad
2452 4349 2512 4388 se
2541 4333 2747 4401 veniat,
2780 4342 2841 4389 ut
2891 4336 3019 4391 inde
3049 4337 3381 4392 medicinam
3414 4339 3564 4394 acci-

1958 4426 2093 4497 piat,
2136 4432 2409 4495 quatenus
2437 4438 2604 4477 sanus
2635 4421 2748 4487 fiat,
2798 4425 2937 4480 dans
2977 4426 3052 4479 illi
3083 4427 3319 4496 spatium
3353 4436 3566 4498 septem

219 4520 467 4588 proderit
495 4513 842 4585 baptismum
855 4506 1284 4565 Christianitatis
1306 4506 1608 4576 accepisse,
1640 4524 1685 4563 ει
1708 4525 1850 4565 con-
1877 4491 1935 4560 Ι)
1960 4491 2173 4574 hiem";
2206 4524 2499 4587 postquam
2531 4515 2743 4569 litteras
2772 4516 2918 4586 ipsas
2946 4491 3241 4588 accep—erit,
3295 4528 3351 4573 ιη
3381 4491 3571 4575 οξιδνει

217 4617 294 4663 tra
321 4606 708 4668 Christianos,
739 4601 826 4655 vel
852 4615 953 4670 per
977 4614 1058 4665 se,
1089 4606 1182 4653 aut
1210 4612 1311 4667 per
1337 4595 1473 4650 alios
1492 4612 1853 4671 quoscunque

223 4715 507 4769 perversa,
548 4694 641 4751 vel
680 4692 909 4748 adversa
940 4690 1107 4744 fuerit
1144 4687 1513 4757 machinatus,
1555 4697 1610 4745 et
1638 4698 1852 4759 caetera,

221 4810 338 4863 quae
370 4786 773 4863 prosequitur,
833 4782 1226 4854 episcopaliter
1280 4781 1558 4850 intimans,
1591 4791 1854 4854 quantum

225 4882 275 4935 in
306 4883 402 4936 tali
446 4880 529 4934 sit
572 4873 983 4930 machinatione
1022 4871 1352 4942 periculum.
1409 4871 1635 4930 Moriens
1670 4874 1856 4942 etiam,

225 4980 279 5026 ut
305 4968 664 5026 Baldainum
696 4980 728 5018 a
756 4962 853 5017 Dei
881 4961 1108 5032 Spiritu,
1132 4975 1245 5031 quo
1268 4975 1510 5016 canones
1534 4964 1706 5019 sancti
1730 4970 1865 5022 sunt

227 5066 461 5130 conditi,
496 5077 611 5133 per
634 5057 1009 5131 episcopalem
1031 5056 1412 5112 auctoritatem
1438 5068 1664 5129 preptcr
1694 5060 1861 5118 filiam

228 5158 394 5233 regis,
429 5169 618 5228 quam
666 5151 721 5205 in
746 5164 973 5205 uxorem
1012 5148 1225 5204 furatus
1271 5148 1468 5218 fuerat,
1496 5155 1868 5213 anathemati-

229 5258 437 5315 zatum,
494 5242 662 5299 nullo
701 5239 866 5294 modo
904 5238 1199 5309 reciperet,
1240 5255 1423 5311 neque
1451 5241 1728 5312 solatium,
1784 5249 1869 5303 vel

230 5340 523 5414 refugium
563 5332 789 5404 aliquod
818 5331 965 5403 apud
986 5347 1044 5386 se
1076 5331 1281 5386 habere
1308 5334 1671 5405 permitteret,
1705 5354 1775 5393 ne
1807 5340 1868 5393 il-

232 5432 338 5485 lius
396 5424 666 5501 peccatis
694 5429 749 5477 et
776 5420 1343 5476 excommunicatioue
1387 5422 1734 5481 involvantur
1764 5434 1869 5482 tam

230 5518 376 5590 ipse,
414 5528 605 5587 quam
638 5510 744 5576 sui,
777 5518 937 5581 atque
968 5509 1339 5564 damnentur:
1372 5512 1470 5565 sed
1503 5514 1664 5568 talem
1690 5530 1749 5569 se
1779 5531 1875 5570 ex-

235 5608 441 5661 hibere
500 5604 796 5672 procuret,
844 5607 1119 5669 quatenus
1161 5598 1212 5652 ei
1244 5600 1521 5656 orationes
1566 5610 1877 5659 sanctorum

234 5693 535 5769 proﬁcere
574 5686 806 5742 valeant.
845 5684 1100 5743 Luitardo
1128 5687 1324 5744 illustri
1350 5689 1489 5757 viro,
1519 5708 1617 5763 pro
1648 5694 1735 5749 his
1759 5710 1881 5766 quae

1956 4611 2044 4666 die
2074 4610 2141 4665 ad
2172 4625 2231 4663 se
2264 4607 2464 4670 veniat,
2497 4622 2608 4677 quo
2629 4609 2714 4662 vel
2748 4608 2793 4662 si
2820 4625 2929 4663 non
2963 4617 3044 4664 est
3073 4610 3165 4673 ita,
3201 4611 3439 4666 debitam
3474 4628 3569 4666 ra-

1957 4703 2161 4758 tionem
2194 4699 2410 4765 reddat,
2452 4698 2538 4753 vel
2570 4698 2615 4753 si
2646 4708 2730 4754 est
2778 4700 2874 4763 ita,
2906 4717 3207 4774 congruam
3250 4702 3573 4759 satisfactio-

1958 4808 2086 4846 nem
2118 4797 2278 4861 agat:
2331 4787 2479 4859 quod
2511 4787 2555 4841 si
2609 4802 2718 4841 non
2761 4786 2971 4856 fecerit,
3013 4791 3294 4860 exemplar
3345 4791 3567 4845 istarum

1960 4888 2270 4942 litterarum
2309 4885 2426 4956 ipse
2471 4885 2586 4959 regi
2629 4886 2977 4951 transmittet,
3032 4892 3091 4941 ut
3130 4886 3221 4941 ille
3252 4902 3410 4939 suum
3445 4887 3573 4940 inde

1964 4975 2329 5032 ministerium
2362 4974 2542 5039 faciat,
2575 4982 2629 5029 et
2661 4984 2849 5045 postea
2881 4975 3025 5030 idem
3058 4976 3255 5046 praesul
3288 4991 3445 5028 suum
3483 4991 3577 5028 ex-

1968 5065 2100 5120 inde
2118 5062 2386 5136 perficiet.
2409 5063 2471 5116 Et
2490 5063 2748 5133 quoniam
2769 5064 3018 5118 audierat
3035 5063 3180 5134 quod
3205 5064 3375 5135 ipsam
3400 5063 3581 5117 eccle-

1969 5154 2103 5209 siam
2134 5152 2282 5206 idem
2323 5166 2508 5207 comes
2535 5150 2891 5206 denominato
2932 5151 3107 5222 pretio
3130 5151 3392 5224 [vendere
3423 5166 3583 5222 para-

1971 5249 2072 5309 ret,
2104 5240 2307 5310 adjecit
2337 5260 2352 5294 :
2414 5262 2439 5287 ‹ι
2476 5241 2769 5309 Propterea
2798 5241 2999 5305 sciens,
3043 5240 3322 5312 inquiens,
3374 5238 3504 5311 quia
3532 5237 3576 5292 si

1971 5334 2056 5389 vel
2084 5349 2255 5388 unum
2283 5330 2566 5387 denarium
2597 5332 2692 5387 tibi
2723 5332 2923 5403 aliquis
2944 5331 3176 5387 clericus
3206 5347 3305 5403 pro
3338 5331 3458 5403 ipsa
3489 5346 3583 5385 ec-

1972 5424 2159 5488 clesia,
2192 5421 2275 5476 vel
2307 5436 2405 5492 pro
2435 5420 2541 5474 alia
2580 5421 2760 5492 aliqua
2793 5421 2848 5475 in
2887 5437 3010 5475 mea
3040 5420 3322 5492 parochia,
3374 5435 3474 5490 per
3504 5434 3588 5481 se,

1978 5519 2072 5567 ant
2093 5526 2190 5583 per
2208 5510 2510 5566 immissam
2524 5526 2816 5582 personam
2833 5509 3069 5575 dederit,
3090 5526 3189 5580 per
3201 5524 3288 5562 me
3304 5507 3590 5562 ordinatus

1982 5600 2036 5654 in
2067 5616 2132 5657 ea
2162 5616 2272 5656 non
2300 5600 2423 5656 erit.
2454 5599 2507 5654 Si
2538 5607 2721 5655 autem
2743 5600 2825 5653 vis
2850 5598 2926 5652 ibi
2956 5597 3161 5653 habere
3184 5596 3587 5667 presbyterum.

1982 5693 2165 5748 adhuc
2189 5691 2322 5745 mihi
2354 5692 2517 5747 talem
2550 5691 2830 5754 clericum,
2863 5689 2956 5759 qiu
3004 5696 3164 5759 aptus
3194 5687 3265 5741 sit
3293 5699 3449 5739 sacro
3480 5682 3590 5737 mi-
