4010 6162
491 295 597 348 243

1619 290 1982 345 FLODOARDI
2025 289 2326 345 CANONICI
2370 289 2697 343 REMENSIS

3706 293 3807 346 244

495 443 748 507 nisterio,
799 446 853 494 et
905 429 1008 513 ego
1039 439 1192 493 illum
1240 439 1538 510 inquiram,
1583 449 1637 496 et
1695 441 1771 496 illi
1821 443 2107 496 ecclesiam
2136 442 2404 514 Asitione
2454 443 2642 496 harum
2702 457 2906 507 rerum,
2957 442 3002 496 si
3053 457 3147 496 rex
3194 441 3436 510 juberet,
3479 457 3578 512 per
3634 443 3808 513 ipsum

492 537 658 597 dabo,
692 540 746 588 et
767 540 898 587 tunc
939 531 1090 585 illum
1126 533 1419 600 ordinabo,
1451 533 1496 588 si
1541 535 1674 588 mihi
1717 535 1841 589 talis
1871 536 2101 589 clericus

491 625 921 681 satisfactionem
946 622 1322 694 fecerit,quod
1347 624 1554 678 nullum
1587 626 1822 694 pretium
1844 627 1974 681 inde
2001 629 2098 683 do-

492 714 721 768 naverit.
777 713 839 766 Et
869 712 913 766 si
946 721 1003 766 tu
1036 712 1110 766 ita
1154 711 1331 766 facere
1368 728 1478 767 non
1508 713 1766 778 volueris,
1820 731 1923 787 ego
1953 717 2103 770 ordi-

490 806 656 867 nabo,
676 804 915 874 qualiter
930 803 1168 873 populus
1185 803 1260 857 ibi
1278 802 1521 858 ofﬁcium
1541 805 1758 866 habeat,
1777 823 1952 878 usque
1971 808 2100 862 dum

491 894 566 947 ibi
590 893 840 948 ordinem
866 891 1266 962 presbyterum.
1293 892 1386 947 Cui
1404 893 1448 947 si
1476 895 1698 965 aliquod
1731 895 2098 966 impedimen-

490 997 600 1040 tum
634 991 825 1038 contra
853 983 1070 1037 divinas
1099 991 1151 1037 et
1173 985 1441 1038 humanas
1472 985 1625 1057 leges
1657 986 1873 1056 feceris,
1905 995 1960 1043 et
1983 1006 2101 1045 ma-

492 1076 747 1130 nifestum
781 1074 964 1139 fuerit,
1012 1075 1302 1145 presbyter
1329 1075 1407 1129 ibi
1466 1077 1831 1146 permanebit,
1878 1087 1932 1134 et
1961 1087 2016 1134 tu
2047 1093 2101 1136 et

491 1181 682 1220 omnes
713 1163 806 1235 qui
840 1162 936 1217 tibi
968 1163 1374 1228 consenserint,
1407 1162 1474 1216 ab
1508 1164 1658 1218 omni
1692 1164 2099 1224 Christianitate

491 1273 667 1326 usque
699 1255 765 1308 ad
791 1251 1222 1308 satisfactionem
1257 1252 1410 1306 eritis
1447 1255 1685 1323 separati
1762 1255 1905 1323 Haec,
1939 1258 2099 1314 chare

495 1347 594 1412 ﬁli,
631 1347 754 1400 ideo
787 1344 987 1398 mando
1029 1344 1128 1398 tibi
1160 1352 1214 1399 et
1244 1344 1425 1400 taliter
1462 1359 1808 1411 commoneo,
1840 1349 1970 1419 quia
1993 1350 2101 1404 sal-

493 1454 616 1492 vum
641 1445 695 1489 et
723 1437 1049 1490 honoratum
1074 1443 1124 1490 te
1143 1434 1329 1504 cupio,
1353 1441 1408 1488 et
1434 1433 1577 1489 inter
1606 1433 1750 1490 ﬁlios
1778 1437 2025 1494 ecclesiae
2048 1447 2100 1494 te

492 1531 547 1582 in
579 1529 699 1582 loco
729 1525 827 1580 ﬁlii
857 1525 1061 1580 habere
1091 1525 1236 1581 volo.
1269 1524 1334 1581 Et
1379 1524 1425 1578 si
1454 1540 1540 1579 me
1570 1528 1839 1602 coegeris,
1874 1535 1931 1582 ut
1960 1529 2101 1584 sicut

490 1620 753 1674 Dominus
774 1618 906 1673 dicit
937 1617 990 1671 in
1023 1616 1340 1690 Evangelio,
1369 1617 1445 1670 sis
1466 1617 1615 1671 velut
1638 1618 1893 1675 ethnicus
1911 1629 1964 1676 et
1989 1636 2097 1692 pu-

2202 534 2433 607 agenda.
2471 535 2603 588 ltem
2629 533 2856 604 praefato
2879 534 3154 589 Bernardo
3177 534 3444 590 Tolosano
3475 549 3574 605 pro
3605 535 3809 590 eisdem

2203 622 2386 687 rebus,
2420 623 2640 690 adjurat
2662 622 2816 676 illum
2845 638 2944 693 per
2961 624 3131 677 Deum
3160 623 3597 694 omnipotentem
3629 625 3812 680 Domi-

2204 726 2334 764 num
2362 709 2551 765 Jesum
2581 709 2878 778 Christum,
2917 718 2971 766 et
3011 728 3110 781 per
3139 712 3260 780 ejus
3291 711 3646 778 Genitricem,
3678 729 3810 768 san-

2201 809 2460 873 ctumque
2511 802 2840 875 Remigium,
2882 809 2941 857 ut
2985 803 3120 857 nihil
3171 802 3302 858 inde
3342 812 3660 874 praesumat,
3718 822 3816 860 nec

2203 889 2374 942 ullum
2402 889 2859 960 impedimentum
2889 891 3180 961 mancipiis
3199 891 3253 945 in
3285 891 3478 945 iisdem
3506 892 3813 947 consisten-

2204 977 2348 1032 tibus
2377 976 2540 1032 faciat
2571 995 2584 1032 :
2637 993 2820 1049 neque
2861 979 3139 1034 Bernardo
3167 978 3356 1034 comiti
3385 981 3701 1052 Arvergico,
3731 981 3817 1035 cui

2201 1069 2422 1124 easdem
2435 1069 2786 1126 commiserat
2809 1070 2878 1124 ad
2901 1068 3336 1138 defendendum,
3366 1071 3494 1126 inde
3509 1071 3817 1127 molestiam

2201 1160 2436 1232 ingerat,
2491 1161 2620 1232 quia
2659 1161 2704 1216 si
2758 1161 2969 1229 fecerit,
3025 1178 3148 1216 eum
3190 1178 3221 1215 a
3278 1161 3563 1216 liminibus
3615 1171 3819 1220 sanctae

2201 1251 2470 1318 ecclesia},
2501 1260 2554 1306 et
2573 1269 2604 1306 a
2630 1254 3022 1308 communione
3048 1253 3292 1307 ﬁdelium
3321 1269 3444 1309 cum
3471 1253 3819 1324 plenitudine

2202 1342 2615 1412 epiSCOporum,
2654 1352 2763 1398 tam
2794 1345 3122 1416 Aquitaniae,
3165 1361 3329 1416 quam
3361 1345 3594 1400 aliorum
3622 1362 3820 1419 regno-

2203 1445 2319 1483 rum
2350 1431 2700 1502 segregabit;
2735 1431 2888 1498 item,
2909 1433 3218 1487 admonens
3239 1448 3363 1487 eum
3397 1449 3496 1504 pro
3512 1433 3707 1488 eadem
3741 1451 3819 1501 re,

2201 1527 2260 1574 ut
2293 1521 2550 1576 conciliet
2602 1521 2708 1576 sibi
2750 1521 3043 1577 amicitiam
3076 1529 3278 1577 sanctae
3310 1522 3489 1577 Mariae
3541 1532 3602 1578 et
3645 1527 3821 1578 sancti

2202 1612 2436 1685 Remigii
2469 1614 2538 1668 de
2568 1613 2809 1686 praefatis
2849 1615 3038 1682 rebus,
3070 1615 3369 1671 ostendens
3399 1631 3464 1670 ex
3502 1615 3679 1670 sacris
3710 1632 3815 1670 au-

491 1711 743 1765 blicanus
775 1709 985 1778 (Matth.
1020 1708 1193 1776 xvm),
1226 1723 1336 1762 non
1368 1707 1531 1772 mihi,
1565 1709 1662 1763 sed
1696 1709 1796 1764 tibi
1845 1720 2101 1781 reputare
2125 1718 2176 1786 Β
2201 1703 2563 1770 ctoritatibus,
2585 1710 2851 1774 quantum
2875 1703 3180 1774 periculum
3203 1703 3380 1758 sitres
3397 1719 3582 1759 sacras
3615 1703 3819 1772 injuste

490 1801 706 1856 debetis
769 1801 1064 1870 Postquam
1102 1799 1234 1852 istas
1274 1798 1485 1854 litteras
1521 1797 1742 1865 dictavi,
1783 1801 1990 1856 dictum
2021 1811 2104 1858 est

489 1892 626 1946 mihi
660 1891 806 1962 quod
837 1889 1238 1944 matricularios
1268 1907 1298 1944 a
1328 1889 1580 1945 ministro
1611 1906 1736 1946 meo
1774 1893 2102 1949 constitutos

491 1985 559 2038 de
591 1985 684 2038 illa
713 1982 1000 2037 matricula
1031 1980 1265 2049 ejecisti,
1295 1989 1348 2034 ct
1377 1979 1454 2034 ibi
1481 1982 1770 2037 Bovarium
1803 1981 1884 2055 [21,
1917 1985 2100 2040 Bona-

489 2073 647 2142 rium]
685 2071 902 2135 misisti,
937 2079 990 2123 et
1021 2085 1120 2139 pro
1163 2069 1254 2123 illa
1299 2069 1585 2124 matricula
1638 2070 1691 2124 in
1725 2072 1901 2140 pretio
1932 2088 2102 2127 unum

488 2160 702 2215 asinum
736 2156 1012 2228 accepisti.
1048 2155 1202 2221 Quod
1242 2155 1287 2208 si
1320 2156 1392 2210 ita
1423 2164 1528 2226 est,
1574 2172 1686 2212 non
1715 2158 1894 2213 solum
1923 2159 2105 2214 crimi-

489 2253 690 2307 nalitcr
720 2250 914 2316 fecisti,
949 2249 1077 2320 quia
1122 2257 1312 2304 contra
1341 2264 1535 2303 omnes
1583 2249 1734 2324 leges
1763 2250 2102 2306 ecclesiasti-

489 2358 612 2395 cum
646 2338 1010 2393 ministerium
1029 2339 1194 2392 homo
1214 2337 1386 2391 laicus
1402 2339 1700 2409 usurpasti,
1721 2347 1775 2394 et
1795 2340 2106 2410 eleemosy-

489 2449 635 2489 nam.
693 2432 746 2484 id
777 2438 859 2484 est
889 2429 1324 2484 misericordiam
1371 2445 1700 2500 pauperum,
1756 2446 1821 2486 ac
1860 2447 1958 2502 per
2003 2433 2106 2489 hoc

491 2527 678 2589 Deum,
711 2523 807 2593 qui
851 2521 1232 2576 misericordia
1273 2520 1596 2574 miserorum
1631 2529 1734 2588 est,
1767 2522 1908 2577 sicut
1935 2522 2106 2579 Judas

489 2608 755 2682 prOditor,
785 2607 1109 2664 vendidisti.
1142 2607 1249 2661 Sed
1280 2607 1444 2661 etiam
1470 2607 1702 2677 turpiter
1727 2609 1781 2662 in
1813 2609 1919 2664 hoc
1941 2612 2105 2668 nimis

488 2704 685 2768 fecisti,
715 2711 773 2756 ut
796 2703 865 2756 de
885 2702 1262 2768 mendicitate,
1295 2703 1363 2756 de
1394 2718 1502 2772 qua
1524 2702 1762 2757 mendici
1791 2703 1977 2759 vivere
2006 2705 2106 2761 de-

486 2794 639 2857 bent,
673 2807 857 2846 comes
879 2799 933 2844 et
955 2791 1256 2844 honoratus
1279 2789 1427 2862 regis
1455 2789 1803 2844 consiliarius
1835 2791 1890 2845 in
1924 2793 2102 2862 pretio

486 2885 699 2938 asinum
733 2881 1016 2951 accepisti,
1045 2888 1098 2936 et
1127 2897 1321 2935 omnes
1349 2881 1442 2951 qui
1466 2881 1582 2936 haec
1612 2881 1854 2949 audiunt
1869 2898 2103 2953 pensare

486 2983 720 3047 possunt
746 2973 981 3045 qualiter
1010 2973 1079 3026 de
1121 2973 1243 3026 aliis
1269 2973 1448 3027 causis
1479 2989 1577 3043 pro
1609 2988 1793 3028 amore
1823 2983 1878 3029 et
1904 2976 2102 3032 timore

2205 1793 2464 1860 retinere,
2520 1801 2816 1866 caveatque
2891 1811 2961 1850 ne
3041 1795 3473 1850 ecclesiasticum
3526 1795 3820 1865 [judicium

2204 1882 2437 1951 proinde
2463 1890 2742 1937 mereatur
2769 1883 2822 1938 in
2855 1883 2961 1937 hoc
2998 1882 3222 1949 saeculo,
3265 1891 3321 1936 et
3347 1890 3608 1936 aeternam
3641 1883 3829 1953 perdi-

2205 1973 2414 2028 tionem
2444 1974 2500 2028 in
2534 1974 2717 2029 futuro
2747 1989 2762 2041 ;
2819 1975 2970 2037 item,
3012 1974 3141 2045 quia
3180 1974 3582 2045 prmjudicium,
3614 1983 3671 2029 et
3718 1989 3828 2029 non

2205 2065 2482 2121 modicum
2506 2066 2768 2120 damnum
2790 2066 3049 2120 Remensi
3080 2065 3316 2120 faciebat
3335 2066 3608 2132 ecclesiae,
3638 2074 3824 2122 osten-

2206 2157 2284 2213 dit
2313 2175 2440 2213 eum
2470 2158 2904 2230 praedamnatum
2927 2174 2958 2212 a
2980 2158 3150 2213 sacris
3176 2158 3486 2212 canonibus
3513 2166 3825 2213 sanctorum

2200 2247 2438 2315 judicio,
2471 2255 2528 2303 et
2557 2263 2587 2301 a
2619 2263 2680 2302 se
2720 2246 3044 2318 caeterisque
3077 2247 3424 2317 praesulibus,
3473 2262 3713 2318 quorum
3747 2265 3830 2302 res

2205 2338 2605 2392 ecclesiasticas
2659 2337 2998 2408 usurpabat;
3031 2337 3363 2414 legationem
3395 2353 3493 2408 pro
3551 2339 3661 2394 hoc
3688 2355 3831 2410 prae-

2200 2425 2410 2493 judicxo
2440 2427 2730 2493 directam,
2765 2435 2818 2481 et
2848 2434 2980 2481 tunc
3019 2427 3218 2482 iterum
3247 2442 3371 2481 cum
3400 2426 3739 2496 imperatore
3763 2429 3830 2482 ad

2207 2535 2402 2589 papam
2435 2519 2741 2574 Romanum
2777 2518 3148 2590 dirigendam,
3181 2525 3456 2590 quatenus
3485 2518 3606 2587 ejus
3636 2528 3833 2575 aucto-

2208 2606 2370 2661 ritate
2413 2616 2748 2682 congregata
2776 2607 3040 2678 synodus,
3084 2622 3233 2674 eum,
3264 2612 3603 2678 caetequue
3642 2623 3829 2663 rerum

2205 2698 2702 2754 ecclesiasticarum
2751 2714 3079 2770 pervasores
3135 2698 3503 2753 damnationis
3550 2700 3831 2754 sententia

2206 2791 2489 2861 percellat.
2527 2793 2658 2847 Ideo
2689 2791 2992 2847 secundum
3025 2790 3398 2866 evangelicam
3446 2793 3832 2847 auctoritatem

2204 2884 2356 2954 prius
2401 2901 2525 2940 eum
2571 2885 2869 2956 episcOpali
2897 2883 3221 2940 auctoritate
3259 2891 3574 2940 commonet
3603 2885 3808 2955 (Matth

2202 2977 2376 3049 xvm],
2401 2986 2571 3049 atque
2597 2995 2697 3050 per
2727 2993 2944 3032 crucem
2978 2977 3174 3032 Christi
3208 2984 3262 3032 et
3291 2977 3617 3051 sanguinem
3651 2977 3830 3048 ipsius

485 3065 601 3131 Dei,
636 3070 694 3118 et
726 3061 1031 3116 reverentia
1073 3061 1150 3116 tui
1190 3061 1481 3115 ministerii
1506 3061 1652 3130 juste
1684 3070 1738 3117 et
1767 3070 1914 3118 recte
1945 3064 2100 3133 facis,
2124 3088 2173 3156 Ο
2203 3069 2498 3134 interdicit,
2530 3085 2601 3125 ne
2632 3069 2700 3126 de
2739 3068 2905 3125 rebus
2934 3069 3182 3125 ecclesiae
3215 3067 3505 3123 Remensis
3535 3067 3645 3122 sibi
3678 3085 3826 3140 pm-

484 3154 580 3226 qui
606 3154 674 3209 de
700 3151 792 3206 tali
817 3151 1037 3205 miseria
1066 3150 1188 3204 sine
1209 3150 1319 3205 ulla
1345 3151 1680 3206 verecundia
1702 3161 1862 3224 turpe
1887 3154 2098 3210 lucrum

485 3246 739 3317 requiris.
776 3265 800 3296 »

555 3337 813 3392 Anselmo
865 3335 1062 3390 iltustri
1111 3333 1249 3400 viro,
1308 3348 1407 3404 pro
1464 3335 1702 3406 quodam
1755 3337 2095 3407 presbytero,

483 3446 645 3501 quem
690 3429 832 3498 apud
893 3444 954 3481 se
1003 3434 1373 3492 accusaverat,
1431 3427 1526 3481 sed
1573 3428 1638 3481 ad
1680 3428 2095 3485 denominatum

482 3521 740 3591 placitum
801 3535 912 3574 non
942 3527 1188 3584 venerat,
1221 3517 1540 3592 signiﬁcans
1592 3519 1909 3590 puriﬁcasse
1949 3523 2097 3576 hunc

482 3614 859 3683 presbyterum
883 3611 1150 3665 canonice
1177 3610 1417 3680 seipsum
1441 3628 1472 3664 a
1500 3612 1728 3667 crimine
1755 3630 1937 3668 coram
1962 3615 2097 3669 mis-

479 3704 554 3757 sis
603 3703 777 3775 ipsius
819 3703 1083 3768 Anselmi,
1136 3703 1190 3756 in
1224 3710 1524 3774 conspectu
1583 3704 1942 3774 plurimorum
1985 3713 2090 3760 tam

477 3797 807 3853 clericorum
835 3812 997 3866 quam
1031 3795 1316 3863 laicorum,
1343 3811 1453 3852 non
1481 3805 1664 3853 tamen
1695 3799 1933 3867 misisse,
1963 3801 2092 3871 quia

477 3905 579 3944 nec
607 3888 882 3955 debuerit,
916 3888 968 3941 in
1002 3895 1406 3944 sacramentum
1447 3889 1634 3960 plures
1663 3890 1978 3947 sacerdotes
2007 3893 2090 3963 ip-

474 3981 588 4034 sius
646 3985 834 4032 testes.
890 3978 1146 4034 Hortatur
1193 3985 1375 4034 autem
1431 3987 1486 4035 et
1523 3990 1732 4048 monet,
1779 3989 1837 4036 ut
1867 3997 2088 4038 omnem

474 4086 782 4134 rancorem,
812 4085 975 4140 quem
1006 4077 1198 4124 contra
1246 4071 1532 4141 praefatum
1565 4074 1948 4144 presbyterum
1987 4076 2088 4130 ha-

475 4159 659 4223 bebat,
681 4157 888 4212 acorde
905 4172 1005 4212 suo
1030 4158 1350 4226 expelleret,
1370 4159 1669 4214 ostendens
1689 4171 1953 4232 quantum
1972 4181 2086 4218 ma-

475 4249 584 4301 lum
613 4248 682 4301 sit
708 4247 894 4301 odium
915 4247 1162 4302 retinere
1194 4247 1246 4300 in
1280 4248 1465 4302 corde.
1502 4249 1785 4305 lnterdicit
1802 4252 1967 4307 etiam
1989 4270 2084 4308 au-

474 4339 722 4393 ctoritate
751 4338 844 4392 Dei
877 4345 932 4392 et
961 4345 1274 4392 sanctorum
1297 4339 1438 4408 ejus,
1466 4347 1526 4394 ut
1553 4341 1731 4395 eidem
1766 4343 2086 4414 presbytero

2201 3167 2402 3226 sumat,
2448 3175 2631 3230 neque
2661 3175 2693 3213 a
2723 3173 3078 3230 quocunque,
3122 3156 3230 3211 nisi
3261 3157 3330 3212 ad
3362 3157 3602 3228 ipsarum
3637 3174 3826 3214 rerum

2201 3255 2392 3302 contra
2419 3262 2745 3318 pervasores
2770 3245 3172 3310 defensionem,
3206 3245 3462 3316 praasumi
3488 3245 3823 3302 consentiat.

2272 3340 2658 3412 Engelramno,
2692 3339 2938 3405 Goslino,
2971 3345 3026 3393 et
3057 3337 3336 3394 Adalelmo
3365 3337 3664 3393 comitibus
3682 3339 3822 3394 scri-

2199 3432 2277 3486 bit
2307 3433 2511 3501 (supra,
2539 3448 2584 3487 c.
2619 3432 2729 3499 18),
2760 3430 2984 3486 mittens
3014 3430 3095 3484 eis
3124 3446 3249 3486 cum
3283 3429 3484 3484 litteris
3517 3429 3637 3484 suis
3665 3429 3822 3486 litte-

2197 3539 2377 3577 rarum
2429 3523 2574 3596 regis
2604 3521 2901 3592 exemplar,
2961 3521 3018 3575 in
3067 3519 3270 3592 quibus
3320 3519 3729 3587 continebatur,
3759 3531 3819 3576 ut

2196 3615 2486 3684 episc0pos
2513 3622 2844 3669 convocaret
2873 3622 2927 3667 et
2958 3612 3124 3666 laicos
3171 3611 3364 3666 fideles
3395 3611 3562 3683 regis,
3583 3612 3656 3666 ad
3682 3628 3819 3684 pro-

2195 3701 2499 3756 bibendum
2517 3701 2603 3756 vel
2623 3701 2990 3756 resistendum
3015 3700 3381 3756 Karlomanuo
3402 3701 3641 3756 diacono
3664 3702 3819 3776 regis

2192 3792 2328 3858 filio,
2361 3793 2454 3864 qui
2486 3794 2856 3848 insurrexerat
2905 3802 3096 3847 contra
3127 3799 3334 3862 patrem
3382 3808 3564 3856 suum,
3596 3792 3656 3847 in
3686 3793 3815 3865 qui-

2192 3886 2294 3940 bus
2343 3887 2560 3950 litteris,
2613 3899 2867 3958 quaerens
2896 3885 3030 3956 quid
3089 3885 3170 3940 eis
3198 3900 3366 3956 super
3401 3886 3507 3940 hoc
3564 3887 3716 3960 regis
3742 3887 3813 3941 sit

2191 3979 2407 4054 agendo
2443 3987 2741 4050 praecepto,
2774 3978 3026 4051 designat
3056 3992 3165 4032 non
3213 3992 3335 4032 esse
3375 3977 3804 4033 Karlomannum

2188 4087 2300 4126 sua:
2340 4071 2657 4142 provinciae,
2690 4077 2880 4141 utpote
2907 4069 3002 4140 qui
3032 4069 3101 4122 sit
3127 4068 3413 4124 ordinatus
3442 4069 3510 4122 ab
3541 4069 3806 4139 Hildega-

2188 4163 2269 4217 rio
2326 4161 2588 4216 Meldensi
2633 4161 2923 4232 episcOpo,
2977 4169 3033 4214 et
3077 4158 3382 4214 secundum
3414 4174 3661 4215 canones
3691 4175 3802 4215 non

2188 4253 2361 4322 possit
2403 4252 2610 4324 aliquid
2640 4253 2938 4323 disponere
2993 4250 3062 4304 de
3093 4250 3208 4306 illo.
3249 4249 3554 4320 Episcopus
3580 4267 3805 4322 quoque

2187 4343 2258 4398 de
2281 4344 2387 4400 alia
2411 4343 2696 4415 provincia
2719 4342 3060 4400 convocandi
3090 4347 3415 4413 potestatem
3444 4357 3555 4397 non
3579 4343 3801 4401 habeat.

474 4432 681 4485 nullum
700 4429 1077 4500 praejudicium
1095 4429 2085 4507 velmachinationeminferat,quiasi
2102 4453 2157 4522 D
2185 4436 2282 4490 sed
2314 4451 2496 4508 neque
2548 4433 2924 4508 suﬁ‘raganeos
2955 4451 3064 4488 suae
3094 4434 3242 4487 sedis
3281 4441 3410 4486 tunc
3450 4439 3671 4503 tempus
3702 4435 3802 4487 ha-

471 4521 682 4587 fecerit,
714 4521 832 4592 ipse
860 4521 992 4575 inde
1021 4537 1181 4576 suum
1209 4522 1579 4579 ministerium
1612 4524 1791 4581 faciet.
1827 4527 2086 4585 Precatur

470 4611 633 4665 etiam
664 4617 720 4664 ut
740 4609 1010 4678 justitiam
1061 4610 1194 4674 Deo,
1230 4611 1445 4684 sibique
1479 4612 1636 4668 faciat
1666 4614 1734 4669 de
1765 4616 2083 4673 hominibus

468 4702 600 4765 suis,
619 4702 709 4773 qui
727 4701 1062 4772 presbyteris
1074 4701 1406 4772 quibusdam
1427 4704 1660 4760 testibus
1673 4707 1943 4777 praemissi
1957 4726 2083 4780 pre-

466 4791 670 4861 sbyteri
690 4790 806 4843 ausi
826 4798 955 4844 sunt
970 4790 1198 4858 injurias
1225 4791 1650 4864 intulisse,'quia
1666 4795 1710 4848 si
1737 4811 1845 4850 non
1867 4796 2076 4861 fecerit,

468 4889 522 4932 et
552 4879 620 4932 de
653 4878 788 4948 ipsis
825 4893 1048 4949 quoque
1097 4895 1254 4933 suum
1297 4879 1537 4936 facturus
1565 4882 1637 4937 sit
1689 4884 2074 4941 ministerium.

470 4971 744 5025 Bernardo
775 4969 960 5024 comiti
993 4969 1263 5027 Tolosano
1298 4973 1609 5045 pr0pinquo
1630 4991 1752 5041 suo,
1785 4993 1882 5048 pro
1913 4980 2079 5034 rebus

467 5063 754 5117 Remensis
780 5061 1030 5117 ecclesiae
1063 5064 1116 5116 in
1151 5063 1440 5134 Aquitania
1469 5069 1908 5136 conjacentibus,
1941 5090 2076 5143 quas

467 5151 556 5205 ille
609 5152 664 5205 in
706 5151 1040 5222 pmstariam
1073 5151 1180 5207 sibi
1211 5155 1441 5210 concedi
1477 5157 1720 5226 petebat,
1749 5160 1896 5229 quod
1928 5161 2072 5216 idem

464 5245 659 5314 praesul
691 5259 750 5298 se
789 5243 1053 5299 facturum
1086 5253 1266 5321 negat,
1301 5248 1428 5318 quia
1459 5264 1569 5304 non
1600 5251 1818 5318 audeat,
1851 5263 2076 5323 pr0pter

461 5344 848 5391 testamentum
892 5337 1064 5392 sancti
1099 5338 1353 5413 Remigii,
1410 5341 1556 5411 quod
1586 5341 1638 5395 id
1669 5343 1898 5399 omnino
1953 5344 2070 5399 ﬁeri

461 5424 824 5494 prohibuerit.
885 5425 1038 5480 Unde
1070 5427 1225 5482 alteri
1278 5444 1496 5500 quoque
1550 5430 1828 5486 Bernardo
1881 5434 2067 5488 comiti

457 5516 791 5571 Rodomensi
850 5517 907 5587 (i,
940 5517 1254 5572 Rodonensi
1311 5521 1502 5575 scribit
1544 5528 1603 5575 ut
1657 5522 1911 5593 loquatur
1939 5540 2061 5579 cum

456 5605 560 5658 hoc
593 5605 890 5671 Bernardo,
923 5620 992 5659 ne
1024 5621 1110 5660 res
1141 5605 1362 5660 easdem
1393 5608 1506 5662 suis
1534 5609 1850 5666 hominibus
1882 5613 1935 5666 in
1963 5613 2062 5668 be-

452 5691 712 5750 neﬁcium
745 5693 934 5758 donet,
959 5701 1017 5750 ut
1039 5692 1366 5750 eumfecisse
1396 5697 1664 5764 audierat,
1695 5707 1751 5756 et
1775 5701 1846 5756 de
1876 5701 2061 5772 inqui-

2184 4524 2376 4580 beatur
2404 4524 2772 4592 convocandi,
2804 4538 2928 4578 cum
2969 4522 3088 4576 dies
3117 4521 3283 4576 instet
3312 4521 3507 4576 natalis
3538 4523 3755 4577 Domini
3786 4541 3801 4585 ;

2185 4622 2240 4669 et
2290 4613 2421 4669 licet
2471 4612 2718 4684 episcopi
2779 4611 3128 4674 conveniant,
3173 4616 3226 4664 et
3269 4609 3635 4665 Karlomanno
3673 4628 3802 4666 suas

2183 4705 2472 4777 parochias
2502 4704 2849 4769 interdicant,
2912 4718 3022 4757 non
3062 4701 3169 4756 sibi
3222 4701 3436 4755 videtur
3492 4710 3551 4758 ut
3579 4719 3679 4772 pro
3735 4721 3802 4759 eo

2183 4797 2329 4868 quod
2360 4797 2529 4867 ccepit
2549 4796 2814 4858 dimittat;
2844 4795 2888 4849 si
2918 4795 3025 4848 alia
3056 4800 3298 4864 potestas
3328 4793 3407 4847 illi
3439 4808 3548 4848 non
3582 4803 3803 4850 contra-

2181 4888 2345 4943 dicat.
2370 4889 2839 4944 Considerandum
2862 4901 2991 4943 vero
3010 4894 3198 4941 monet
3214 4883 3641 4951 rationabiliter,
3665 4888 3802 4959 quid

2173 4977 2327 5046 juxta
2348 4979 2664 5033 mandatum
2698 4977 2841 5051 regis
2871 4991 3040 5046 super
3071 4971 3172 5028 h'ac
3203 4990 3263 5028 re
3300 4973 3372 5027 sit
3401 4974 3703 5048 agendum,
3729 4993 3796 5029 ne

2179 5071 2380 5125 malum
2413 5071 2590 5140 majus
2619 5076 2916 5134 accrescat,
2957 5065 3280 5141 signiﬁcans
3317 5066 3553 5136 qualiter
3588 5082 3794 5122 conve-

2177 5159 2461 5225 niendum,
2488 5167 2544 5214 et
2571 5158 2708 5214 alios
2736 5158 2820 5212 eis
2846 5156 2918 5211 sit
2946 5154 3362 5210 convocandum
3385 5153 3639 5225 dansque
3661 5172 3790 5210 con-

2173 5249 2354 5303 silium
2385 5254 2442 5302 ut
2481 5247 2626 5302 idem
2668 5245 3068 5300 Karlomannus
3096 5243 3386 5297 adversum
3417 5257 3478 5295 se
3517 5257 3628 5296 non
3659 5259 3790 5313 pro-

2172 5345 2331 5393 vocet
2379 5337 2548 5392 Deum
2576 5343 2630 5391 et
2660 5343 2870 5407 patrem
2909 5350 3069 5388 suum
3101 5332 3391 5402 episcopos
3441 5346 3666 5402 quoque
3700 5350 3790 5387 re-

2168 5427 2262 5504 gni
2294 5428 2478 5497 hujus,
2512 5443 2562 5481 et
2596 5427 2857 5499 populum
2890 5427 2958 5480 ad
2991 5423 3332 5480 iracundiam
3371 5429 3563 5476 contra
3593 5439 3676 5488 se,
3713 5441 3786 5479 ne

2168 5528 2223 5575 et
2264 5521 2316 5576 in
2351 5521 2558 5591 animo,
2593 5528 2648 5576 et
2679 5522 2734 5576 in
2765 5534 3016 5590 corpore.
3054 5526 3161 5573 tam
3194 5516 3334 5585 ipse,
3385 5529 3546 5583 quam
3578 5514 3657 5568 illi
3687 5518 3783 5586 qui

2164 5627 2288 5666 eum
2321 5611 2494 5666 secuti
2531 5611 2772 5677 fuerunt,
2807 5618 3055 5682 pereant.
3092 5610 3212 5678 lpse
3245 5623 3374 5662 vero
3406 5612 3603 5679 praesul
3636 5619 3688 5664 et
3720 5609 3778 5663 hi

2162 5702 2393 5758 comites
2446 5703 2666 5758 mittant
2721 5702 2789 5757 ad
2834 5717 3039 5775 regem,
3073 5709 3133 5756 ut
3175 5716 3302 5756 eum
3348 5700 3570 5767 faciant,
3613 5709 3778 5772 prout
