4008 6158
204 299 302 353 249

832 293 1178 350 msronmz
1221 276 1562 351 scctssus
1602 297 1928 355 asuausrs
1968 301 2147 356 1.th
2185 298 2497 365 ouxruoa
2571 336 2608 344 ς-
2649 306 2773 361 us.
2818 308 2909 363 ιιι.

3456 311 3563 369 250

205 433 560 498 perpetrares.
592 440 714 479 cum
738 431 928 480 autem
978 425 1154 481 alium
1186 423 1489 495 perjurare
1516 428 1672 497 facis,
1701 439 1756 485 et
1784 438 1837 486 te
1863 438 1910 503 Α
1933 432 2246 488 sentialiter
2273 432 2554 499 emendet,
2587 442 2643 490 et
2672 453 2703 491 a
2735 439 2936 495 talibus
2956 438 3277 496 levitatibus
3306 441 3389 496 vel
3421 456 3561 512 pra:-

205 526 257 572 et
282 518 435 571 illum
466 517 659 587 perdis.
695 517 756 571 Et
800 518 932 573 ideo
973 518 1340 581 mandamus,
1387 528 1451 574 ut
1501 520 1547 574 si
1577 521 1652 576 ita
1677 538 1841 577 causa

205 609 454 671 habetur,
474 608 606 663 sicut
632 608 699 662 ad
731 624 834 664 nos
865 610 1143 680 pervenit,
1186 608 1259 662 ab
1284 609 1539 666 ecclesia
1563 620 1616 667 et
1644 613 1839 670 altario

202 708 248 749 te
278 696 578 761 abstineas,
600 695 775 751 donec
802 698 874 750 ad
906 713 1011 753 nos
1040 698 1253 761 venias,
1307 701 1370 749 et
1410 698 1485 754 de
1520 699 1611 755 tali
1644 701 1837 757 incau-

204 790 301 843 tela
328 794 427 842 aut
465 787 676 859 dignam
736 791 1157 846 excusationem
1212 785 1432 855 facias,
1486 800 1581 847 aut
1610 792 1837 865 dignam

204 878 570 950 pmnitentiam
601 877 869 948 accipias.
908 903 933 925 ι·

271 966 603 1022 Leudowino
628 965 811 1020 amico
849 982 978 1033 suo,
999 984 1094 1038 pro
1118 969 1280 1024 rebus
1312 975 1385 1021 et
1422 969 1714 1041 mancipiis
1734 971 1837 1025 Re—

203 1059 407 1114 mensis
424 1058 663 1113 ecclesia:
688 1057 740 1110 in
776 1057 1079 1115 Provincia
1099 1060 1731 1132 consistentibus,szepe
1748 1060 1839 1116 lit-

201 1157 344 1202 teras
376 1147 587 1201 direxit.
625 1146 753 1200 ltem
788 1146 1076 1203 Letuardo
1104 1156 1156 1203 et
1184 1146 1503 1205 Hilduardo
1527 1149 1760 1222 aliisque
1781 1151 1837 1204 in

202 1238 396 1292 eodem
429 1253 564 1311 pago
594 1237 966 1306 degentibus,
1006 1247 1114 1293 tam
1144 1255 1240 1309 pro
1270 1238 1422 1307 ipsis
1456 1241 1640 1307 rebus,
1672 1258 1837 1313 quam

202 1342 292 1395 pro
316 1325 621 1379 animarum
670 1324 861 1379 salute
915 1326 1129 1397 scripta
1165 1326 1387 1381 direxit.
1449 1328 1705 1383 Achadeo
1730 1344 1833 1383 co-

204 1414 341 1478 miti,
370 1429 468 1485 pro
510 1414 711 1484 rapinis
762 1428 919 1485 quas
971 1414 1232 1469 audiebat
1261 1414 1330 1468 ab
1363 1416 1492 1481 eius
1524 1416 1840 1471 hominibus

200 1503 314 1558 fieri
350 1505 407 1558 in
441 1504 614 1574 ipsius
641 1503 940 1567 comitatu,
992 1512 1049 1559 et
1095 1521 1192 1575 pro
1248 1504 1379 1559 villa
1447 1506 1697 1577 Spantia,
1733 1524 1840 1578 qua

203 1592 289 1646 ille
311 1607 592 1647 annonam
609 1592 870 1647 ecclesiae
910 1593 1200 1648 Remensis
1225 1594 1448 1649 auferre
1480 1595 1835 1667 disponebat:

202 1682 497 1738 notificans
519 1684 589 1747 ei,
621 1684 771 1755 quod
801 1684 854 1737 si
887 1684 1104 1755 aliquid
1151 1686 1279 1741 inde
1313 1697 1557 1757 raperet,
1598 1694 1707 1742 tam
1742 1688 1832 1759 ip-

1939 523 2349 593 sumptionibus
2377 538 2438 577 se
2478 531 2688 591 caveat,
2722 527 2850 597 quia
2881 529 2925 581 si
2982 544 3094 584 non
3147 528 3359 594 fecerit,
3401 545 3559 582 suum

1940 610 2009 665 de
2040 626 2106 665 eo
2131 610 2498 665 ministerium
2550 610 2792 668 facturus
2843 616 3224 683 sit,etca:tcris
3257 616 3560 689 episcopis,

1938 706 1998 753 ut
2019 699 2168 754 idem
2194 699 2417 767 faciant,
2459 698 2784 758 notificabit.

2511 791 2721 846 CAPUT
2779 794 2979 850 XXVII.

2164 880 2291 947 Qua:
2318 881 2596 950 aliquibus
2618 884 2820 948 reginis
2859 887 3067 955 scripta
3093 886 3317 939 miserit.

2009 968 2335 1040 lrmingardi
2371 970 2626 1041 Augustae
2686 971 2958 1039 scribens,
3000 972 3411 1046 congratulatur
3452 988 3559 1026 au-

1938 1060 2054 1116 dito
2083 1062 2368 1133 religionis
2391 1062 2571 1132 ipsius
2601 1061 2835 1130 fervore,
2863 1079 3118 1118 asserens
3134 1078 3194 1116 se
3224 1062 3279 1116 in
3308 1062 3565 1132 precibus

1938 1153 2159 1208 assidua
2191 1170 2289 1224 pro
2328 1170 2393 1208 ea
2431 1154 2751 1225 dependere
2782 1156 2989 1209 munia.
3041 1155 3175 1207 ltem
3220 1154 3567 1223 respondens

1938 1242 2005 1296 ad
2034 1242 2267 1309 litteras,
2311 1259 2448 1315 quas
2497 1244 2620 1314 ipsa
2683 1243 2791 1297 sibi
2851 1245 3143 1303 direxerat,
3182 1241 3568 1316 significantes

1941 1332 2221 1386 intimasse
2254 1332 2331 1385 illi
2394 1332 2662 1402 quosdam
2706 1332 2983 1396 homines,
3028 1331 3160 1401 quia
3192 1345 3289 1399 per
3315 1331 3567 1401 ejusdem

1940 1421 2186 1492 episcopi
2240 1421 2547 1489 jussionem
2609 1420 2778 1475 multa
2860 1421 3005 1474 mala
3060 1419 3260 1475 ﬁerent
3303 1437 3435 1496 erga
3483 1439 3571 1478 res

1942 1513 2217 1567 Avennaci
2248 1515 2514 1580 (Avenay)
2538 1494 2887 1580 monasterii,
2923 1511 3136 1565 Berthm
3186 1494 3567 1587 ipsiusimpe-

1939 1602 2153 1659 ratricis
2182 1601 2330 1668 ﬁlize,
2386 1616 2709 1656 asseverans
2756 1602 2913 1671 quod
2947 1600 3206 1657 diabolus
3254 1619 3353 1673 per
3378 1619 3573 1660 eorum

1937 1690 2007 1745 sit
2036 1706 2131 1746 ora
2174 1692 2388 1746 locutus
2434 1689 2811 1755 mendacium,
2875 1689 3031 1743 velut
3083 1698 3169 1746 est
3222 1699 3378 1763 pater
3406 1710 3571 1750 men-

198 1792 315 1829 sum
338 1791 513 1846 quam
542 1791 672 1831 suos
704 1776 1244 1842 excommunicaret,
1269 1785 1324 1832 et
1354 1778 1571 1833 alienos
1592 1779 1661 1834 ab
1686 1781 1835 1835 omni
1865 1801 1915 1867 Β
1936 1783 2096 1837 dacii.
2129 1783 2182 1837 Si
2212 1782 2345 1854 quid
2374 1798 2505 1837 vero
2533 1782 2797 1836 homines
2817 1780 3005 1852 ipsius
3026 1782 3226 1852 injuste
3254 1785 3488 1843 fecerint
3513 1788 3571 1843 in

198 1866 613 1923 Christianitate
640 1868 874 1933 faceret,
908 1874 1079 1940 atque
1127 1885 1226 1940 per
1274 1886 1438 1924 suum
1470 1871 1833 1935 missaticum,

196 1956 346 2025 quod
381 1956 452 2011 de
486 1955 579 2011 illo
602 1956 807 2012 comite
831 1956 957 2011 fieri
991 1958 1182 2024 debet,
1212 1958 1307 2030 qui
1340 1959 1396 2013 in
1421 1974 1524 2014 suo
1578 1961 1837 2016 comitatu

198 2043 537 2112 injustitiam
561 2044 744 2112 faciat,
773 2048 1010 2118 exsequi
1043 2054 1382 2118 procuraret.

262 2132 589 2188 Amalberto
646 2133 851 2188 illustri
901 2135 1113 2203 comiti,
1180 2153 1278 2207 pro
1353 2137 1624 2206 injustitia
1674 2155 1838 2211 quam

199 2221 459 2276 audierat
490 2237 615 2276 eum
668 2222 726 2275 in
780 2238 885 2278 suo
918 2231 1268 2294 perpetrasse
1298 2225 1535 2294 judicio,
1565 2227 1840 2301 exigendo

204 2325 286 2363 res
317 2310 617 2378 cujusdam
658 2310 939 2366 interfecti
973 2311 1044 2365 ab
1089 2328 1176 2380 eo,
1209 2314 1304 2384 qui
1335 2315 1642 2368 secundum
1673 2330 1833 2370 com-

204 2399 628 2454 mendationem
662 2400 843 2472 ipsius
871 2416 970 2457 eas
999 2401 1056 2456 in
1090 2401 1236 2457 illius
1274 2403 1688 2474 eleemosynam
1717 2404 1838 2458 dis-

199 2490 481 2546 tribuerat
508 2511 524 2557 ;
550 2493 983 2562 perhorrescens
1029 2493 1177 2566 quod
1210 2493 1549 2549 Christianus
1577 2502 1631 2550 et
1661 2495 1837 2550 mori-

196 2593 357 2639 turus
409 2584 706 2640 admittere
760 2586 895 2640 talia
952 2601 1064 2641 non
1124 2593 1461 2657 expaverat;
1493 2587 1695 2642 timens
1743 2589 1836 2643 Dei

196 2676 446 2732 futurum
471 2678 766 2746 judicium.
805 2679 866 2733 Et
891 2679 1137 2734 ostendit
1191 2696 1291 2750 per
1312 2680 1555 2734 divinam
1593 2681 1837 2735 auctori-

196 2775 392 2827 tatem,
418 2783 587 2838 quam
628 2784 796 2842 grave
854 2768 1259 2838 perpetraverit
1313 2768 1605 2843 ﬂagitium,
1658 2768 1834 2822 redu-

198 2876 337 2915 cens
366 2861 441 2915 ad
475 2860 674 2914 mentis
701 2861 922 2926 oculos,
983 2875 1053 2913 ne
1104 2859 1243 2915 forte
1294 2860 1692 2923 mercenarius,
1728 2876 1840 2915 non

202 2961 421 3020 pastor,
445 2949 742 3005 haberetur
775 2968 789 3015 ;
824 2948 1152 3018 injustitiam
1184 2948 1428 3004 videndo
1468 2959 1524 3004 et
1554 2949 1790 3005 tacendo
1824 2968 1837 3005 :

1943 1874 2110 1930 rebus
2137 1874 2313 1945 ipsius
2341 1873 2684 1936 monasterii,
2753 1888 2877 1927 non
2914 1874 3080 1951 degat
3115 1884 3335 1934 :tamen
3368 1880 3498 1952 quia
3525 1889 3582 1938 et

1943 1966 2294 2039 ignoraverit,
2354 1974 2410 2021 et
2459 1981 2569 2021 non
2629 1967 3017 2035 consenserit,
3053 1972 3405 2027 necvoluerit
3437 1974 3582 2029 indi-

1942 2061 2047 2109 cat.
2066 2056 2142 2109 De
2169 2053 2407 2125 quodam
2442 2062 2709 2125 praeterea
2740 2070 2971 2123 manso,
3004 2060 3151 2129 quod
3174 2061 3266 2115 illa
3299 2062 3582 2136 significa-

1940 2150 2093 2197 verat
2125 2142 2327 2211 injuste
2368 2143 2705 2197 abstractum
2739 2158 2771 2197 a
2807 2143 3041 2212 prmfato
3075 2152 3584 2216 monasterio,asse-

1943 2236 2013 2290 rit
2030 2236 2185 2306 'quod
2213 2235 2349 2289 nulli
2405 2236 2641 2300 homini,
2671 2242 2947 2306 quantum
2980 2238 3088 2291 sibi
3120 2241 3465 2296 conscientia
3494 2252 3581 2299 te-

1942 2324 2263 2379 stimonium
2296 2324 2646 2395 perhibebat,
2680 2324 2885 2393 injuste
2900 2341 3145 2395 unquam
3182 2345 3432 2384 mansum
3448 2332 3581 2386 abs-

1939 2412 2147 2477 tulerit,
2202 2412 2298 2466 sed
2346 2413 2493 2482 apud
2549 2427 2735 2485 regem
2800 2427 2899 2482 pro
2958 2429 3025 2469 eo
3058 2415 3302 2483 petierit,
3339 2425 3393 2471 et
3422 2420 3576 2475 obti-

1939 2499 2142 2564 nuerit,
2175 2505 2236 2553 ut
2266 2499 2464 2554 missos
2500 2515 2631 2553 suos
2660 2499 2946 2571 dirigeret,
3010 2501 3101 2571 qui
3137 2501 3577 2573 diligentissime

1941 2592 2046 2645 hoc
2074 2590 2220 2644 inter
2240 2591 2475 2645 ecclesia
2507 2590 2798 2645 Remensis
2845 2598 2900 2645 et
2952 2592 3230 2648 Avennaci
3279 2604 3573 2652 monaste-

1941 2681 2004 2735 rii
2044 2680 2433 2750 possessiones
2471 2697 2628 2752 aequa
2689 2680 2846 2735 lance
2909 2680 3257 2756 indagantes,
3295 2683 3572 2738 decerne-

1942 2779 2096 2825 nent.
2169 2769 2301 2825 Nam
2368 2770 2487 2840 ipse
2550 2770 2644 2841 qui
2708 2785 2808 2824 sua
2873 2785 2972 2840 pro
3040 2770 3256 2824 Christo
3326 2771 3566 2827 dimise-

1944 2867 2046 2924 rat,
2080 2874 2182 2914 nec
2234 2858 2419 2925 vellet,
2483 2874 2585 2912 nec
2643 2858 2940 2932 indigeret,
2982 2872 3048 2911 ea
3095 2865 3278 2911 tamen
3314 2874 3438 2929 quae
3460 2859 3571 2913 sibi

1943 2949 2237 3005 commissa
2288 2953 2465 3015 erant,
2526 2947 2645 3001 sine
2712 2947 2922 3001 ratione
2975 2955 3031 3000 et
3088 2946 3211 3018 lege
3263 2948 3566 3021 negligen-

200 3014 254 3094 et
280 3040 425 3111 quia
450 3038 650 3093 missus
680 3014 1033 3110 imperatoris
1088 3045 1226 3106 erat,
1273 3047 1329 3093 et
1370 3037 1617 3109 capitula
1668 3038 1844 3109 ipsius
1872 3014 2029 3135 (iter
2075 3038 2352 3093 dimittere
2414 3014 2527 3092 non
2587 3035 2848 3090 audebat.
2912 3014 3190 3103 Adjiciens
3238 3014 3368 3090 esse
3418 3014 3570 3091 inul-

204 3150 299 3205 pro
358 3132 728 3188 defensandis
785 3131 1016 3187 advenis
1070 3141 1127 3187 et
1188 3131 1519 3186 incestuosis
1583 3132 1842 3189 habebat.

208 3220 511 3281 Unde'tam
560 3224 741 3280 eidem
794 3225 1009 3291 comiti,
1064 3240 1232 3297 quam
1274 3225 1535 3279 omnibus
1568 3225 1841 3279 exactori-

208 3320 313 3374 bus
344 3325 524 3389 atque
545 3317 851 3385 iudicibus,
887 3317 979 3388 qui
1036 3317 1093 3371 in
1125 3318 1231 3372 hoc
1257 3316 1582 3371 rcsederant
1606 3316 1843 3385 judicio,

206 3412 383 3465 verbo
420 3409 521 3463 Dei
541 3410 941 3479 omnipotentis
995 3418 1051 3463 et
1093 3410 1280 3464 hanno
1311 3407 1664 3478 imperatoris
1719 3409 1845 3479 epi-

202 3498 427 3569 scOpali
480 3497 805 3552 auctoritate
871 3496 1129 3567 percipit,
1166 3504 1226 3552 ut
1254 3497 1525 3552 ‘eumdem
1560 3496 1841 3552 hominem

209 3593 405 3647 nullus
439 3606 540 3661 pro
569 3591 667 3645 hac
698 3606 753 3645 re
783 3590 1139 3657 condemnet,
1160 3597 1253 3645 aut
1275 3588 1575 3661 inquietet,
1599 3587 1686 3643 vel
1718 3603 1847 3645 con-

212 3679 613 3735 tradictionem
643 3679 827 3745 faciat,
855 3678 1035 3734 donec
1063 3677 1180 3749 ipse
1220 3677 1420 3749 praesul
1451 3692 1550 3748 per
1574 3676 1845 3747 seipsum,

216 3771 302 3823 vel
346 3784 459 3840 per
513 3768 708 3822 missos
761 3783 892 3823 suos
939 3768 1084 3822 hanc
1133 3782 1353 3822 causam
1403 3765 1701 3837 diligenter
1762 3766 1851 3820 in-

217 3862 436 3933 quirat,
465 3845 521 3915 e't
548 3860 852 3915 secundum
883 3859 1037 3932 leges
1064 3857 1468 3914 ecclesiasticas
1497 3865 1555 3911 et
1583 3856 1852 3911 humanas

223 3951 333 4004 hoc
356 3950 515 4018 juste
539 3958 593 4003 et
619 3947 1018 4003 rationabiliter
1056 3945 1316 4011 difﬁniat,
1334 3943 1678 4000 denuntians
1699 3944 1849 4014 quod

221 4039 472 4109 quisque
503 4037 608 4091 hoc
634 4045 827 4092 contra
883 4035 981 4090 Dei
1033 4042 1371 4105 praeceptum
1431 4032 1852 4103 praesumpserit

221 4145 419 4204 agere,
452 4128 627 4199 primo
682 4128 988 4184 secundum
1043 4126 1283 4197 capitula
1339 4123 1540 4199 legalia
1592 4123 1695 4178 hoc
1726 4138 1852 4178 eum

223 4217 534 4274 emendare
563 4217 725 4272 faciat
758 4235 773 4284 ;
803 4216 1007 4271 deinde
1059 4215 1364 4271 secundum
1392 4216 1547 4287 leges
1585 4213 1853 4268 ecclesia-

221 4310 396 4366 sticas
424 4309 580 4363 illum
611 4326 640 4362 a
669 4308 1064 4365 communione
1106 4306 1540 4361 Christianorum
1573 4320 1751 4375 usque
1782 4304 1852 4359 ad

220 4398 664 4455 satisfactionem
700 4397 951 4469 repellet.
977 4395 1269 4450 Denuntiat
1293 4395 1482 4461 etiam,
1516 4394 1647 4464 quia
1686 4411 1856 4465 quos-
1880 4419 1937 4486 D
1958 4398 2141 4448 votam
2172 4391 2334 4446 decet
2386 4389 2569 4445 facere
2625 4391 2940 4466 conjugem.
2977 4415 3002 4438 α

221 4502 453 4559 cunque
482 4486 552 4540 ad
590 4485 853 4556 placitum
911 4500 1075 4539 suum
1134 4483 1326 4538 venire
1391 4480 1759 4548 mandaverit,
1793 4491 1851 4538 ut

223 4577 374 4630 hanc
400 4589 623 4630 causam
652 4574 951 4650 diligenter
997 4572 1262 4645 inquirat,
1292 4580 1349 4626 et
1405 4570 1657 4644 legaliter
1685 4578 1849 4644 atque

223 4666 557 4740 regulariter
578 4663 817 4720 difﬁniat
848 4682 863 4730 ;
888 4665 935 4718 si
960 4663 1149 4719 venire
1201 4662 1571 4734 neglexerint,
1593 4670 1716 4733 post
1746 4671 1851 4719 ter-

223 4757 361 4812 tiam
390 4755 901 4822 commonitionem,
934 4755 1003 4809 ab
1034 4754 1183 4809 omni
1240 4752 1673 4808 Christianorum
1705 4769 1846 4809 con-

221 4850 400 4904 sortio
429 4864 606 4919 usque
645 4846 714 4900 ad
780 4846 1214 4901 satisfactionem
1264 4844 1518 4916 repellet,
1544 4845 1648 4899 nisi
1680 4845 1849 4901 ratio-

226 4937 470 4991 nabilem
533 4934 882 4991 ostenderint
953 4934 1383 4989 excusationem.
1445 4932 1726 5001 Adjiciens
1778 4935 1848 4990 de

227 5028 466 5102 ﬂagellis
499 5044 624 5099 qua:
657 5025 1011 5098 patiebantur
1039 5026 1194 5080 multi
1221 5026 1281 5096 [i,
1331 5025 1680 5095 patiebantur
1704 5027 1850 5080 mul-

228 5118 347 5189 tis],
378 5126 432 5173 et
460 5118 767 5175 ostendens
795 5118 943 5188 quod
973 5117 1098 5171 ideo
1124 5118 1241 5172 haec
1269 5124 1376 5172 tam
1407 5116 1619 5171 duriter
1658 5134 1724 5172 ex
1753 5118 1846 5173 Dei

227 5210 406 5265 verbo
442 5210 799 5275 annuntient,
826 5217 887 5264 ut
945 5208 1257 5284 intelligant
1300 5217 1507 5280 quanta
1523 5208 1594 5264 sit
1613 5208 1843 5266 offensa.

230 5300 288 5351 in
324 5299 423 5353 hac
449 5316 615 5354 causa
652 5307 842 5354 contra
856 5297 952 5352 Dei
985 5306 1343 5368 praeceptum,
1401 5304 1457 5352 et
1489 5313 1671 5353 sacras
1700 5314 1844 5369 prae-

226 5405 449 5444 sumere
477 5390 813 5460 Scripturas,
837 5390 1144 5445 admonens
1197 5404 1264 5443 ne
1284 5390 1352 5444 de
1379 5389 1622 5459 peccatis
1644 5389 1843 5444 alienis

226 5488 456 5550 peccata
481 5497 583 5536 sua
622 5480 992 5535 accumulent.
1043 5480 1356 5555 Sigeberto,
1419 5494 1518 5550 pro
1566 5495 1841 5551 praesum-

226 5570 420 5640 ptione
458 5580 512 5627 et
539 5570 866 5642 praejudicio
889 5570 1035 5642 quod
1066 5577 1253 5647 egerat
1275 5585 1375 5642 pro
1406 5570 1640 5641 quadam
1671 5570 1845 5625 eccle-

224 5656 318 5709 sia
343 5657 547 5713 cuidam
576 5658 926 5729 presbytero,
984 5658 1320 5730 mandatque
1351 5657 1401 5713 ei
1462 5664 1521 5713 ut
1570 5659 1675 5713 hoc
1698 5674 1842 5729 pra:-

1950 3137 2003 3186 ta
2085 3130 2154 3183 de
2230 3130 2351 3200 ipso
2425 3128 2786 3194 monasterio,
2848 3128 2995 3181 unde
3062 3126 3254 3196 ipsius,
3323 3125 3566 3198 filiaeque

1948 3234 2061 3273 suae
2091 3216 2377 3291 indigebat
2404 3215 2610 3271 auxilio
2658 3233 2671 3269 :
2721 3216 2972 3287 petitque
3025 3221 3086 3269 ut
3128 3214 3309 3268 mittat
3338 3216 3567 3269 missum

1948 3322 2110 3362 suum
2140 3315 2423 3360 strenuum
2466 3313 2521 3359 et
2551 3303 2772 3359 fidelem
2802 3319 2925 3358 cum
2958 3303 3132 3358 misso
3154 3301 3280 3358 filiae
3300 3318 3438 3369 suae,
3469 3302 3567 3374 qui

1949 3414 2060 3453 una
2087 3413 2275 3452 secum
2305 3411 2428 3467 quae
2466 3397 2797 3469 corrigenda
2819 3402 2950 3451 sunt
2973 3394 3179 3449 ibidem
3221 3395 3479 3467 corrigat,
3511 3402 3572 3450 et

1949 3490 2132 3544 videat
2162 3504 2325 3561 quam
2361 3488 2724 3543 intentionem
2768 3495 2824 3542 et
2853 3486 3194 3542 voluntatem
3235 3487 3357 3558 ipse
3393 3487 3447 3542 in
3481 3495 3570 3542 ta-

1951 3582 2096 3637 libus
2126 3582 2346 3647 habeat,
2381 3596 2449 3634 ne
2482 3580 2619 3651 ipsis
2647 3588 2702 3635 et
2727 3580 2833 3634 sibi
2865 3579 3193 3651 periculum,
3225 3579 3376 3651 quod
3404 3579 3566 3648 absit,

1950 3674 2151 3730 exinde
2182 3681 2401 3729 maneat
2429 3691 2442 3727 :
2476 3672 3031 3746 petitqueutanimus
3063 3671 3236 3742 ipsius
3260 3673 3330 3727 sit
3350 3687 3573 3742 semper

1950 3763 2237 3829 sollicitus,
2296 3778 2366 3816 ne
2428 3762 2627 3817 alienae
2654 3763 2857 3835 lingu-ae
2899 3761 3058 3815 facile
3089 3760 3299 3827 credat,
3333 3761 3569 3817 maxime

1952 3854 2022 3907 de
2054 3850 2438 3907 sacerdotibus
2502 3851 2699 3905 Christi
2728 3868 2742 3913 ;
2795 3850 3055 3921 quoniam
3089 3851 3369 3917 diabolus,
3393 3850 3568 3907 sinon

1953 3950 2134 4014 potest
2162 3942 2217 3995 in
2256 3939 2387 4005 alio,
2422 3940 2477 3993 in
2498 3941 2603 3995 hoc
2627 3939 2760 3995 velit
2792 3939 3157 3994 intentionem
3193 3940 3367 4012 ipsius
3383 3939 3570 3995 fusca-

1954 4047 2033 4097 re,
2062 4040 2121 4085 ut
2148 4045 2269 4085 eam
2320 4027 2481 4083 faciat
2539 4029 2594 4082 in
2639 4028 2905 4099 Opinione
2933 4027 3181 4083 indebita
3210 4027 3565 4084 sacerdotum

1957 4136 2159 4176 errare.
2192 4118 2441 4190 Denique
2457 4119 2606 4190 quod
2661 4118 2938 4188 adjecerat
2967 4118 3106 4190 ipsa,
3140 4134 3198 4174 se
3231 4135 3330 4190 pro
3349 4134 3414 4174 eo
3437 4135 3570 4193 sug-

1954 4213 2193 4288 gessisse
2215 4210 2400 4265 animo
2458 4210 2809 4282 imperatoris
2868 4210 3129 4277 Lotbarii,
3162 4218 3354 4266 contra
3387 4211 3567 4280 ipsum

1955 4302 2150 4358 fecisse
2203 4302 2295 4356 illa
2348 4305 2597 4363 testatur,
2651 4316 2762 4356 non
2793 4310 2853 4355 ut
2920 4316 3195 4373 magnam,
3251 4308 3307 4355 et
3338 4300 3448 4355 Deo
3468 4300 3569 4355 de-

3058 4392 3189 4465 Ego,
3225 4391 3424 4464 inquit,
3452 4392 3568 4449 scio

1951 4480 2083 4552 quia
2113 4481 2164 4537 ei
2191 4480 2363 4535 multa
2395 4479 2466 4533 de
2500 4495 2585 4533 me
2607 4479 2753 4534 dicta
2782 4480 3008 4534 fuerunt
3032 4480 3307 4536 contraria
3334 4499 3349 4547 ;
3379 4482 3484 4536 sed
3517 4483 3566 4537 si

1949 4573 2066 4628 vult
2095 4572 2299 4643 poterit
2314 4586 2651 4644 cognoscere
2708 4587 2817 4627 non
2868 4587 2992 4627 esse
3026 4587 3155 4627 vera
3187 4590 3200 4626 :
3226 4581 3410 4629 tamen
3439 4589 3566 4629 eum

1950 4680 2062 4721 non
2093 4666 2271 4719 audeo
2318 4664 2749 4734 reprehendere,
2789 4664 2922 4736 quia
2959 4665 3221 4720 Dominus
3252 4673 3355 4732 est,
3386 4682 3489 4721 nec
3510 4667 3583 4721 in'

1951 4755 2070 4823 ejus
2100 4769 2335 4825 persona
2362 4753 2509 4820 dico,
2554 4753 2699 4808 sicut
2741 4754 2941 4827 legitur
2996 4754 3054 4808 in
3084 4754 3382 4826 Scripturis
3416 4772 3429 4808 :
3463 4756 3570 4822 Qui

1948 4848 2173 4902 libenter
2200 4846 2358 4901 audit
2383 4847 2548 4901 verba
2594 4847 2882 4912 mendacii,
2908 4849 3190 4903 ministros
3228 4862 3438 4918 quoque
3465 4848 3569 4901 ha-

1950 4937 2092 4991 bebit
2127 4938 2323 5007 impios
2352 4938 2529 5001 (Prov.
2552 4941 2718 5006 xxxx).
2791 4934 3057 4990 Videlicet
3085 4935 3180 5007 qui
3203 4935 3271 4989 de
3298 4934 3404 5006 piis
3436 4951 3567 5007 erga

1946 5041 2073 5081 eum
2100 5026 2409 5081 voluntarie
2436 5027 2733 5098 loquentur
2762 5026 2951 5097 impia.
2988 5026 3087 5091 Qui
3128 5026 3206 5081 illi
3236 5042 3302 5081 ea
3331 5025 3470 5081 dixit
3500 5042 3566 5082 ex

1948 5134 2071 5173 mea
2096 5127 2273 5189 parte,
2293 5134 2418 5190 qua;
2444 5118 2581 5172 mihi
2608 5118 2931 5186 mandastis,
2974 5119 3135 5174 aliter
3172 5135 3337 5191 quam
3369 5135 3561 5174 verum

1946 5207 2191 5265 sitdixit.
2229 5207 2372 5263 male
2401 5214 2584 5262 autem
2647 5208 3045 5279 interpretatus
3084 5217 3168 5263 est
3218 5207 3363 5263 bene
3393 5208 3559 5264 dicta.

1946 5298 2283 5355 Sivoluisset
2320 5315 2655 5374 cognoscere
2711 5314 2927 5368 verum,
2979 5309 3035 5355 et
3087 5299 3294 5371 aliquis
3356 5300 3562 5355 missus

1943 5392 2077 5447 mihi
2118 5394 2187 5448 de
2216 5408 2382 5463 supra
2410 5393 2643 5460 veniret,
2693 5398 2755 5449 ut
2780 5408 2911 5448 vera
2947 5409 3011 5449 ex
3055 5409 3143 5448 me
3174 5402 3556 5467 cognosceret,

1943 5481 2088 5536 sicut
2112 5480 2284 5548 venit,
2317 5490 2374 5536 et
2398 5496 2487 5536 me
2516 5481 2964 5553 qualemcunque
2994 5481 3193 5538 Christi
3223 5482 3438 5538 Domini
3468 5499 3558 5537 sa-

1943 5569 2220 5625 cerdotem
2248 5570 2583 5645 suggillavit,
2637 5570 2999 5627 libentissime
3030 5588 3131 5628 suo
3161 5572 3347 5627 animo
3385 5570 3553 5625 satis-

1941 5658 2201 5714 facerem.
2229 5657 2304 5713 De
2335 5673 2459 5715 meo
2477 5667 2662 5715 autem
2705 5659 2898 5726 misso,
2950 5660 3094 5715 sicut
3114 5658 3419 5716 dominatio
3452 5657 3554 5713 be-
