4010 6162
434 237 531 294 251

1515 229 1909 284 ἘΙλΟΒΟΑΒυΙ
1955 225 2254 281 (ΖΑΝΟΝΙΟΙ
2297 227 2623 283 REMENSIS

3651 238 3758 294 252

431 377 752 450 nignissima
781 380 957 427 vestra
1004 371 1308 437 mandavit,
1354 379 1413 426 ut
1443 372 1510 426 ad
1543 389 1669 427 eum
1706 372 1938 444 dirigam
1955 372 2047 442 qui

2168 368 2338 408 sorore
2381 371 2481 409 sua
2520 355 2842 422 vindictam,
2895 363 2990 410 aut
3055 372 3154 426 pro
3213 372 3490 422 sermone,
3541 369 3634 412 aut
3665 376 3759 428 pro

433 469 483 522 ei
515 469 618 522 hoc
637 463 890 527 affirmet,
919 461 1066 533 quod
1093 462 1161 515 de
1184 461 1304 527 ejus
1340 461 1666 517 infidelitate
1721 462 1857 516 nihil
1881 461 2043 515 velim

436 567 685 620 tractare,
718 555 867 609 scitis
888 561 1094 624 quanta
1148 553 1435 608 mendacia
1469 570 1616 608 nunc
1650 569 1750 624 per
1782 553 1926 607 istud
1954 569 2045 607 va-

434 650 571 704 dunt
600 648 882 711 saeculum,
907 654 960 700 et
982 653 1187 716 quanta
1204 646 1492 700 sinceritas
1506 645 1709 700 debeat
1727 661 1849 700 esse
1885 645 1937 698 in
1962 661 2046 698 sa-

435 740 681 805 cerdote,
709 745 764 793 et
790 746 995 809 quanta
1017 740 1213 793 merito
1243 739 1447 792 domno
1479 753 1602 792 meo
1628 737 1793 791 velim
1830 753 2046 791 servare

436 827 778 882 fidelitatem.
830 825 891 881 Et
948 825 1150 881 idcirco
1211 843 1280 879 ne
1340 826 1470 880 mali
1536 825 1867 895 interpretes
1908 827 2049 879 male

434 919 639 973 bonum
673 918 1122 987 interpretentur,
1183 917 1285 970 hoc
1331 916 1509 970 adhuc
1568 914 1748 970 facere
1781 930 1890 970 non
1916 931 2047 985 pos-

434 1024 574 1060 sum.
609 1007 809 1060 Tamen
842 1005 885 1058 si
909 1005 1023 1059 vult
1055 1005 1282 1059 credere
1305 1004 1544 1059 domnus
1562 1020 1718 1058 meus
1738 1005 2048 1073 Lotharius,

439 1108 619 1168 potest
671 1098 940 1152 veraciter
998 1113 1332 1169 cognoscere
1361 1098 1492 1168 quia
1520 1113 1629 1152 non
1690 1106 1898 1151 tantum
1949 1097 2048 1163 illi,

437 1186 688 1241 sednulli
719 1185 929 1240 homini
978 1185 1033 1238 in
1085 1186 1290 1240 mundo
1347 1202 1468 1240 sum
1502 1184 1763 1252 infidelis,
1797 1185 1916 1240 etsi
1938 1186 2052 1240 vult

439 1276 685 1342 credere,
715 1274 1039 1329 credatzsin
1071 1282 1276 1338 autem,
1314 1291 1436 1328 cum
1461 1274 1551 1328 ille
1580 1273 1724 1328 inter
1751 1274 2051 1344 principes,

441 1376 494 1421 et
515 1383 617 1439 ego
648 1367 789 1421 inter
819 1367 1118 1437 episcopos
1145 1375 1270 1421 ante
1305 1382 1488 1440 regem
1525 1382 1734 1440 regum,
1765 1366 2056 1437 etepisco—

444 1473 570 1526 pum
594 1456 977 1525 episcoporum
1006 1455 1336 1518 venerimus,
1375 1463 1506 1509 tunc
1537 1454 1669 1525 quid
1703 1455 1830 1508 inde
1865 1470 2056 1508 verum

439 1547 529 1612 sit,
564 1547 882 1616 plenissime
909 1547 1032 1600 sine
1060 1546 1292 1615 alicujus
1320 1546 1657 1601 indicationc
1675 1556 1991 1618 cognoscet,
2027 1567 2054 1595 ι)

439 1645 544 1692 etc.
603 1639 808 1692 Berthae
867 1639 1156 1692 abbatissae
1231 1638 1504 1692 Avannaci
1589 1638 1910 1692 monasterii
1961 1653 2056 1707 pro

443 1726 871 1796 impedimentis,
903 1744 1024 1798 qua:
1051 1727 1242 1781 fratres
1271 1743 1334 1781 ac
1387 1727 1693 1782 servientes
1737 1727 2054 1780 monasterii

441 1818 753 1885 Altviilaris,
785 1819 1124 1889 aliarumque
1173 1819 1424 1874 villarum
1478 1819 1766 1873 Remensis
1808 1820 2055 1874 ecclesiae

443 1907 791 1978 patiebantur
821 1908 888 1962 ab
921 1907 1239 1962 hominibus
1266 1907 1460 1978 ipsius,
1520 1915 1806 1978 postquam
1844 1907 1898 1961 in
1955 1907 2058 1962 hoc

446 2015 676 2072 regnum
709 1999 799 2052 illa
844 2001 1159 2053 devenerat.
1213 1999 1366 2053 Unde
1415 1999 1553 2068 petit
1604 2007 1664 2053 ut
1713 1999 2056 2072 diligentiam

442 2090 798 2160 studiumque
827 2090 1081 2144 adhiberi
1134 2089 1352 2158 jubeat,‘
1387 2106 1455 2144 ne
1492 2096 1640 2144 tanta
1657 2089 1812 2144 etsic
1841 2089 2060 2143 insolita

445 2182 760 2252 praejudicia
808 2183 924 2236 haec
982 2183 1221 2252 patiatur
1273 2182 1510 2236 ecclesia
1540 2182 1609 2236 de
1655 2182 1831 2252 ipsius
1860 2182 2061 2236 vicini-

447 2277 575 2335 tate,
608 2271 676 2324 de
698 2287 806 2341 qua
853 2271 1099 2325 solamen
1145 2278 1199 2325 et
1230 2272 1494 2345 gaudium
1539 2287 1636 2342 pro
1696 2272 1872 2342 ipsius
1917 2271 2062 2326 bona

445 2359 553 2412 vita
585 2366 639 2412 et
671 2359 857 2414 sobria
888 2359 1306 2414 conversatione
1342 2361 1547 2415 habere
1597 2360 1854 2415 debebat.
1908 2360 2060 2424 Quod

441 2451 489 2504 si
521 2450 742 2524 egisset,
767 2451 936 2506 Deum
977 2451 1211 2522 proinde
1258 2451 1582 2521 placabilem
1615 2452 1718 2506 sibi
1754 2451 1976 2517 faceret,
2011 2461 2065 2506 et

448 2549 689 2595 sanctam
730 2541 970 2606 Mariam,
995 2551 1359 2612 sanctumque
1393 2542 1705 2610 Remigium
1737 2542 1841 2595 sibi
1868 2542 2060 2596 conci-

448 2629 624 2694 liaret,
651 2630 719 2682 ab
749 2630 870 2699 ipso
902 2645 1124 2700 quoque
1179 2629 1510 2700 obsequium
1546 2630 1863 2700 episcOpale
1895 2629 2068 2685 hahe-

454 2726 552 2772 ret.
584 2718 636 2772 Si
669 2734 796 2774 vero
815 2734 944 2774 suos
975 2719 1246 2791 corrigere
1295 2719 1742 2789 parvipenderet,
1792 2719 1912 2790 ipse
1941 2719 2071 2774 licet

453 2810 656 2864 invitus
681 2827 840 2864 aures
872 2811 1018 2885 regis
1077 2810 1205 2864 inde
1249 2811 1594 2880 pulsaret,ut
1640 2810 1684 2864 si
1736 2827 1963 2865 necesse
1993 2810 2070 2866 fo-

454 2905 555 2963 ret,
603 2907 662 2952 ut
709 2898 762 2951 in
820 2906 1026 2952 tantum
1066 2915 1230 2953 causa
1280 2909 1643 2965 excresceret,
1701 2900 2069 2954 ministerium

451 2992 908 3059 ecclesiasticum,
937 2994 1240 3048 secundum
1263 2995 1481 3068 regulas
1504 2996 1818 3060 canonicas,
1847 2995 1903 3048 in
1926 3011 2066 3062 eam,

455 3099 697 3155 suosque
723 3092 987 3140 exereret.
1013 3086 1330 3140 lrmintrudi
1349 3087 1573 3159 reginae,
1598 3101 1695 3157 pro
1719 3085 2066 3142 Belvacensis

456 3173 708 3228 Ecclesiae
725 3173 1094 3243 dispositione
1115 3174 1167 3228 in
1200 3176 1436 3245 pastoris
1467 3175 1760 3240 electione,
1788 3185 1985 3245 petens
2008 3185 2066 3230 ut

454 3272 713 3338 suggerat
791 3265 925 3337 regi,
969 3282 1038 3320 ne
1089 3282 1119 3319 a
1172 3282 1504 3338 quocunque
1562 3269 1618 3321 in
1676 3284 2066 3339 quamcunque

457 3362 667 3423 partem
699 3353 918 3409 animus
953 3353 1367 3410 illiusindebite
1383 3355 1795 3426 possetinﬂecti
1822 3356 2070 3426 delmjus

455 3447 709 3502 Ecclesiae
738 3448 1314 3518 dispositione,donec
1345 3451 1462 3520 ipse
1516 3451 1566 3504 in
1611 3451 1732 3518 ejus
1784 3451 2067 3505 servitium

453 3536 703 3602 veniens,
737 3553 857 3607 quae
881 3537 985 3607 ipsi
1006 3539 1315 3592 necessaria
1345 3539 1552 3592 fuerint
1575 3537 2070 3608 notifieans,ipsius

447 3623 668 3692 juribus
697 3625 901 3695 pandat
935 3636 1024 3691 ;et
1056 3626 1136 3680 sic
1192 3642 1312 3696 quae
1355 3627 1464 3681 Deo
1494 3626 1601 3681 sint
1624 3625 1846 3696 placita,
1879 3637 1934 3681 et
1964 3626 2072 3680 illis

455 3711 634 3778 utilia,
677 3713 904 3768 Domino
959 3722 1262 3781 annuente,
1320 3714 1618 3784 disponere
1658 3721 1933 3785 procuret.
1966 3715 2073 3770 Ro-

457 3803 602 3858 trudi
636 3804 746 3859 Deo
775 3813 1025 3873 sacratae,
1085 3814 1139 3860 et
1196 3805 1412 3871 caeteris
1441 3805 1726 3861 sororibus
1753 3807 2071 3861 monasterii

459 3896 670 3952 Sanctae
702 3896 906 3963 Crucis,
937 3905 991 3952 et
1033 3905 1234 3953 sanctae
1264 3897 1638 3972 Radegundis,
1674 3914 1772 3968 pro
1799 3898 2072 3953 electione

459 3984 754 4040 abbatissae
778 3986 954 4056 ipsius
970 3985 1307 4048 monasterii,
1352 4001 1450 4055 pro
1478 4002 1586 4055 qua
1615 4002 1710 4040 rex
1736 3993 2074 4056 praeceperat

462 4073 702 4128 Frotario
729 4074 1164 4144 archiepiscopo,
1196 4083 1249 4128 et
1281 4074 1505 4135 Erardo,
1536 4084 1702 4144 atque
1725 4074 2068 4148 Angenoldo,

459 4164 528 4216 ad
552 4164 834 4233 praefatum
869 4165 1265 4219 monasterium
1321 4180 1570 4235 pergere,
1629 4171 1684 4217 et
1739 4165 2069 4220 electionem

461 4257 767 4329 regularem
799 4257 874 4309 ibi
897 4256 1077 4311 facere
1110 4274 1122 4309 :
1157 4264 1210 4310 et
1267 4257 1313 4310 si
1357 4264 1554 4310 cuncta
1581 4271 1812 4311 concors
1833 4273 2070 4329 congre-

460 4345 632 4419 gatio,
664 4347 750 4400 vel
782 4364 907 4417 pars
937 4347 1188 4418 quamvis
1240 4347 1439 4412 minor,
1501 4354 1683 4402 tamen
1714 4348 1930 4414 melior,
1963 4349 2072 4404 Ro-

467 4437 676 4491 trudem
709 4439 988 4510 elegisset,
1054 4439 1482 4494 constitueretur
1540 4439 1593 4493 in
1652 4439 1848 4495 ordine
1901 4441 2072 4496 abba-

468 4525 630 4580 tissae.
662 4525 718 4580 Si
763 4533 944 4582 autem
1008 4527 1188 4582 omnis
1217 4527 1573 4602 congregatio
1631 4543 1861 4584 concors
1929 4528 2074 4584 illam

467 4615 778 4684 abjecisset,
808 4625 862 4672 et
909 4618 1073 4673 aliam
1112 4619 1360 4691 eligeret,
1413 4620 1501 4674 illa
1532 4637 1696 4692 quam
1727 4621 2077 4676 concorditer

465 4705 746 4780 elegisset,
788 4706 843 4760 in
902 4706 1098 4762 ordine
1127 4707 1419 4762 abbatissae
1449 4715 1718 4776 maneret,
1747 4710 1924 4764 donec
1958 4711 2073 4785 regi

466 4803 895 4868 renuntiaretur,
925 4812 980 4860 et
1003 4821 1348 4876 quaecunque
1382 4804 1459 4859 ibi
1492 4804 1686 4861 fuisset
1715 4806 1909 4873 electa,
1935 4823 2077 4862 onus

469 4891 766 4948 abbatissae
789 4893 1117 4964 susciperet,
1146 4902 1200 4948 et
1227 4893 1382 4948 Odila
1403 4894 1469 4949 ad
1503 4910 1663 4949 suum
1681 4895 2076 4950 monasterium

470 4988 860 5037 reverteretur.
894 4983 1169 5038 Primores
1201 4991 1386 5039 autem
1444 4985 1630 5040 clerici
1671 4985 1959 5041 etvassalli
2009 4985 2077 5039 ad

471 5073 716 5146 reginam
748 5075 1021 5142 venirent,
1073 5075 1176 5130 sub
1231 5077 1386 5146 cujus
1424 5077 1768 5143 defensione,
1827 5086 1948 5148 post
1983 5077 2078 5131 Dei

469 5173 524 5218 et
575 5173 888 5219 sanctorum
947 5166 1087 5235 ejus,
1160 5168 1464 5222 consistere
1520 5166 1808 5223 deberent.
1872 5192 1893 5213 «
1951 5168 2080 5223 Pro-

473 5260 681 5321 pterea,
739 5253 939 5324 inquit,
995 5254 1209 5328 diligite
1259 5265 1476 5310 serores
1533 5263 1660 5308 ante
1716 5255 1902 5310 omnia
1960 5273 1972 5308 :
2029 5265 2084 5311 et

475 5337 529 5391 in
588 5338 818 5410 privatis
880 5341 1364 5408 collocutionibus,
1418 5351 1476 5396 et
1533 5342 1589 5396 in
1629 5341 1854 5412 publico
1903 5349 2083 5398 vestro

475 5440 772 5499 conventu,
820 5434 1082 5489 remittite
1142 5443 1195 5488 et
1247 5433 1470 5502 abjicite
1535 5433 1785 5488 funditus
1867 5451 1899 5488 a
1951 5449 2082 5489 cor-

477 5523 642 5577 dibus
656 5524 858 5578 vestris
889 5525 1348 5594 omnesinjurias,
1373 5525 1826 5580 etscandalorum
1841 5525 2084 5591 fomites,

481 5633 602 5688 quae
634 5618 902 5674 hactenus
961 5619 1105 5675 inter
1143 5633 1238 5674 vos
1276 5626 1408 5675 ortae
1449 5619 1707 5674 fuerunt:
1743 5628 1800 5674 ut
1840 5620 1988 5674 nulla
2019 5621 2086 5674 de

2086 1673 2134 1740 B

2151 443 2315 508 facto,
2345 447 2428 499 vel
2463 462 2559 516 pro
2591 447 2778 518 aliquo
2813 447 3075 518 despectu
3136 457 3366 519 quaerat,
3431 457 3526 503 aut
3569 467 3601 504 a
3633 451 3762 515 Deo,

2147 537 2314 590 autin
2348 539 2728 603 saeculo.Quia
2775 539 2915 594 sicut
2966 539 3232 594 Dominus
3254 547 3602 610 protestatur,
3645 541 3765 594 sine

2147 629 2442 684 concordia
2480 631 2751 702 quidquid
2783 631 2832 685 ei
2865 631 3180 686 obtuleritis
3225 647 3337 687 non
3369 632 3445 687 illi
3479 633 3760 704 placebit:

2148 716 2262 770 sive
2285 717 2433 771 enim
2463 719 2772 788 oraveritis,
2792 719 2907 774 sive
2933 721 3264 775 sacrificium
3280 721 3616 787 obtuleritis,
3650 723 3763 776 sive

2151 823 2246 862 vos
2274 808 2604 876 afﬂixeritis,
2638 811 2760 866 sine
2821 813 2924 866 hac
2971 813 3256 867 charitatis
3297 814 3596 868 concordia
3627 814 3764 866 nihil

2151 900 2262 954 Deo
2315 901 2586 970 placabile
2645 903 2767 957 erit.
2826 903 2959 968 Quia
3035 903 3177 958 sicut
3235 904 3368 960 dicit
3423 906 3761 974 Apostolus:

2151 991 2384 1044 Etiamsi
2421 992 2703 1046 tradidero
2741 1008 2934 1061 corpus
2964 1009 3134 1048 meum
3172 998 3231 1047 ut
3274 995 3488 1048 ardeat.
3512 995 3766 1048 charita-

2153 1086 2256 1136 tem
2286 1087 2466 1138 autem
2495 1100 2600 1137 non
2627 1085 2870 1150 habeam,
2932 1087 3072 1140 nihil
3135 1102 3253 1141 sum
3305 1086 3348 1155 (1
3381 1087 3499 1142 Cor.
3533 1090 3676 1150 xm).
3710 1085 3775 1139 Et

2153 1171 2326 1238 scitis,
2357 1173 2485 1244 quia
2515 1173 2704 1246 regula
2742 1190 2902 1245 quam
2959 1175 3222 1245 professae
3280 1175 3412 1229 estis
3453 1177 3526 1244 (S.
3572 1176 3773 1229 Bened.

2155 1278 2274 1332 cap.
2310 1261 2416 1332 13;,
2471 1272 2697 1334 propter
2748 1264 3130 1318 scandalorum
3162 1264 3373 1334 spinas,
3407 1281 3527 1334 quae
3548 1264 3682 1319 oriri
3717 1263 3776 1316 in

2157 1351 2493 1405 monasterio
2525 1353 2724 1416 solent,
2785 1352 3093 1406 orationem
3135 1351 3476 1406 Dominicam
3505 1351 3562 1404 in
3595 1356 3780 1403 matu-

2160 1441 2288 1496 tinis
2318 1450 2371 1496 et
2401 1442 2733 1512 vespertinis
2791 1440 3008 1505 officiis,
3054 1442 3127 1495 ita
3171 1450 3230 1496 ut
3279 1456 3475 1496 omnes
3501 1439 3652 1494 illam
3675 1455 3777 1493 au-

2161 1535 2332 1598 diant,
2366 1553 2396 1590 a
2425 1535 2608 1605 priore
2648 1535 2790 1590 orari
2848 1534 3118 1605 praecipit,
3177 1542 3236 1588 ut
3293 1534 3551 1588 timentes
3572 1547 3782 1587 conve-

2163 1628 2448 1694 nientiam,
2481 1643 2590 1698 qua
2621 1628 2856 1681 dicimus
2881 1645 2894 1680 :
2924 1627 3142 1680 Dimitte
3162 1625 3322 1680 nobis
3349 1625 3535 1680 debita
3567 1632 3780 1689 nostra,

2162 1716 2305 1770 sicut
2338 1724 2391 1771 et
2422 1732 2525 1770 nos
2551 1715 2878 1770 dimittimus
2908 1715 3256 1770 debitoribus
3296 1714 3520 1779 nostris,
3546 1730 3774 1769 omnem

2164 1823 2448 1862 rancorem
2475 1807 2542 1860 de
2571 1806 2738 1861 corde
2758 1813 2947 1862 nostro
2973 1806 3264 1877 pellamus.
3298 1806 3428 1869 Quae
3467 1805 3596 1858 dum
3629 1806 3788 1875 prius

2159 1903 2407 1975 egeritis,
2443 1920 2512 1956 ne
2540 1918 2638 1972 per
2660 1911 2900 1957 vestram
2932 1902 3286 1969 discordiam,
3327 1901 3474 1972 quod
3497 1899 3664 1963 absit,
3696 1916 3786 1952 re-

2159 1991 2368 2064 gularis
2389 1991 2586 2046 electio
2617 1992 2683 2064 de
2705 2002 2889 2046 vestro
2935 1991 3270 2046 monasterio
3303 1998 3510 2061 pereat,
3537 1989 3789 2043 adunate

2159 2100 2258 2139 vos
2283 2085 2350 2138 ad
2385 2084 2476 2138 Dei
2501 2085 2862 2150 voluntatem,
2895 2091 2948 2139 et
2992 2083 3190 2156 regalis
3224 2082 3540 2137 devotionis
3579 2080 3786 2135 unani-

2162 2179 2432 2244 mitatem,
2483 2188 2832 2250 vestramque
2893 2179 3069 2249 ipsam
3118 2178 3374 2241 salutem,
3423 2181 3782 2247 praesentem,

2163 2267 2373 2322 scilicet
2395 2274 2560 2338 atque
2607 2276 2892 2331 aeternam,
2950 2283 3072 2322 cum
3128 2265 3410 2321 charitatis
3454 2263 3780 2325 concordia,

2165 2378 2287 2431 quae
2319 2367 2401 2415 est
2423 2360 2668 2415 omnium
2691 2359 2954 2413 virtutum
2974 2363 3168 2422 mater,
3209 2363 3410 2410 etcum
3444 2354 3782 2420 humilitate,

2167 2469 2288 2522 quae
2322 2460 2404 2506 est
2425 2460 2608 2506 custos
2669 2451 2912 2520 ipsarum
2958 2450 3239 2514 virtutum,
3295 2455 3460 2519 atque
3497 2463 3625 2502 cum
3651 2462 3786 2500 vera

2168 2539 2508 2603 obedientia,
2542 2556 2662 2610 quae
2694 2539 2840 2594 scala
2870 2548 2953 2592 est
2972 2554 3078 2608 qua
3098 2537 3166 2591 ad
3188 2537 3388 2592 caelum
3421 2535 3788 2606 pertingitnr,

2167 2638 2220 2684 et
2253 2631 2308 2683 in
2340 2629 2498 2684 vobis
2524 2629 2729 2682 salubri
2762 2627 3030 2681 electione
3070 2625 3435 2690 concordataa,
3461 2634 3514 2678 et
3544 2630 3792 2679 vosmet-

2172 2722 2316 2792 ipsas
2347 2721 2413 2774 ad
2446 2721 2754 2793 regularem
2797 2734 3048 2773 normam
3091 2717 3361 2781 reducite,
3407 2724 3462 2770 et
3503 2714 3794 2770 constrin-

2170 2816 2280 2890 gite
2302 2832 2365 2870 ac
2390 2821 2711 2870 conservate
2745 2829 2760 2881 ;
2793 2814 2924 2884 quia
2979 2813 3158 2876 aliter,
3210 2811 3350 2866 sicut
3400 2809 3599 2864 melius
3655 2809 3794 2878 ipsae

2171 2908 2344 2973 scitis,
2375 2909 2536 2962 salvae
2564 2923 2686 2962 esse
2736 2922 3084 2977 nequaquam
3126 2905 3337 2959 valetis.
3367 2903 3431 2957 Et
3482 2901 3626 2956 sicut
3665 2900 3793 2954 ani-

2172 3011 2291 3050 mos
2320 2995 2388 3049 ab
2421 2995 2685 3067 inquietis
2724 2995 2988 3062 motibus,
3043 2996 3116 3050 ita
3143 3002 3199 3049 et
3230 2994 3446 3065 linguas
3470 3006 3796 3062 aprovoea-

2175 3090 2298 3145 tivis
2321 3090 2642 3154 iracundiae,
2670 3090 2939 3160 vobisque
2973 3089 3184 3145 nocivis
3213 3088 3566 3143 sermonibus
3596 3093 3795 3140 custo-

2169 3180 2304 3246 dite,
2369 3186 2708 3235 contestante
2764 3177 3025 3248 Apostolo
3056 3197 3068 3232 :
3105 3180 3290 3234 Omnis
3316 3178 3524 3230 clamor
3553 3180 3603 3229 et
3637 3175 3797 3228 indi—

2168 3277 2352 3344 gnatio
2381 3278 2670 3342 auferatur
2699 3292 2733 3328 a
2759 3275 2906 3328 vobis
2958 3289 3079 3327 cum
3109 3277 3252 3328 omni
3277 3272 3511 3336 malitia,
3536 3277 3584 3325 et
3615 3274 3795 3324 omnis

2169 3384 2336 3422 sermo
2357 3368 2531 3422 malus
2579 3383 2647 3420 ea:
2677 3382 2764 3420 ore
2802 3369 2976 3420 vestro
3014 3381 3121 3419 non
3147 3363 3402 3433 procedat
3432 3363 3655 3431 (Ep/aes.
3692 3368 3792 3423 iv).

2173 3458 2246 3511 Ne
2273 3456 2415 3510 sicut
2469 3455 2648 3510 solent
2706 3454 2959 3510 homines
3014 3453 3168 3524 prius
3207 3453 3399 3507 dolore
3421 3451 3710 3516 commoti,
3739 3460 3796 3504 et

2175 3561 2365 3622 postea
2395 3551 2581 3622 aliquo
2629 3550 2854 3622 gaudio,
2909 3549 3066 3620 quasi
3101 3547 3406 3618 victoriosi,
3470 3545 3798 3600 obtinentes

2174 3657 2295 3712 quae
2327 3639 2667 3707 desiderant,
2697 3637 3010 3703 exhilarati,
3069 3637 3138 3690 de
3178 3651 3512 3708 quocunque
3535 3635 3787 3693 homine.

2173 3748 2294 3803 quae
2342 3747 2451 3786 non
2497 3729 2836 3785 conveniunt
2873 3730 3058 3800 aliqua
3090 3736 3331 3782 vestrum
3363 3727 3508 3782 dicat
3529 3737 3555 3798 ξε
3611 3743 3681 3781 ne
3734 3737 3789 3782 et

2174 3823 2454 3896 patientiae
2479 3822 2733 3876 meritum
2768 3821 3061 3876 inutilibus
3089 3819 3442 3875 sermonibus
3470 3834 3657 3874 coram
3677 3821 3789 3874 Deo

2174 3914 2436 3985 perdatis,
2456 3913 2577 3968 etsi
2610 3913 2813 3984 aliquis
2842 3911 3028 3977 fuerit,
3053 3911 3145 3982 qui
3169 3911 3355 3981 aliqua
3386 3909 3785 3979 provocatione

2172 4021 2562 4080 quamcunque
2601 4012 2841 4058 vestrum
2900 4003 2967 4058 ad
3020 4003 3124 4058 hoc
3152 4002 3413 4074 instigare
3443 4001 3704 4065 voluerit,
3729 4010 3784 4055 ut

2171 4113 2518 4170 quaecunque
2542 4096 2787 4150 indebita
2807 4096 2877 4150 de
2899 4110 3229 4166 quocunque
3258 4093 3516 4164 proferat,
3543 4095 3788 4164 qualiter

2171 4188 2320 4242 illam
2348 4185 2820 4256 comprehendere
2853 4184 3045 4254 possit,
3088 4191 3146 4237 ut
3182 4181 3587 4237 rationabiliter
3615 4182 3780 4235 dam-

2174 4292 2304 4330 nare
2335 4276 2648 4346 praevaleat,
2707 4275 2886 4329 locum
2946 4289 3049 4328 nec
3105 4273 3376 4338 diabolus,
3439 4288 3542 4327 nec
3569 4280 3788 4326 astutus

2098 4397 2154 4465 Β
2178 4369 2342 4424 homo
2371 4369 2574 4424 exinde
2631 4367 2817 4438 aliquo
2877 4367 3040 4422 modo
3087 4365 3287 4420 habeat
3321 4383 3333 4418 :
3367 4363 3464 4419 sed
3524 4364 3664 4418 tales
3687 4380 3790 4418 vos

2176 4458 2452 4523 exhibete,
2485 4464 2545 4512 ut
2590 4457 2824 4512 interius
2879 4455 3235 4526 exteriusque
3284 4453 3548 4508 decenter
3577 4462 3789 4507 ornatae

2176 4551 2374 4626 dignas
2392 4557 2556 4621 atque
2605 4547 2948 4604 exaudibiles
2979 4546 3281 4612 orationes,
3308 4553 3362 4598 et
3391 4558 3488 4614 pro
3519 4543 3700 4608 vobis,
3735 4551 3789 4596 et

2177 4661 2276 4715 pro
2303 4643 2522 4700 seniore
2554 4659 2617 4697 ac
2647 4641 2873 4698 domina
2889 4647 3069 4696 vestra
3103 4639 3244 4710 [ms.,
3305 4636 3534 4707 nostra],
3578 4651 3790 4707 proque

2179 4751 2290 4790 non
2315 4735 2491 4789 solum
2521 4730 2713 4786 amicis
2756 4729 2973 4796 vestris,
3020 4744 3211 4782 verum
3265 4726 3431 4782 etiam
3456 4733 3509 4780 et
3549 4741 3648 4796 pro
3680 4725 3789 4779 ini-

2179 4823 2353 4890 micis,
2389 4823 2456 4877 ad
2479 4838 2641 4876 aures
2666 4819 2759 4874 Dei
2787 4821 3004 4874 mittere
3023 4817 3268 4872 valeatis.
3301 4838 3320 4865 ι

2250 4916 2573 4988 Teuthergae
2619 4911 2914 4966 abbatissae
2945 4925 3042 4980 pro
3100 4906 3450 4962 ordinatione
3515 4906 3792 4960 Avennaci

2181 5005 2528 5072 monasterii,
2561 5020 2725 5076 quam
2755 5004 2870 5073 ipse
2898 5001 3176 5072 quondam
3206 5014 3330 5053 cum
3357 4997 3686 5052 lrmintrude
3705 5015 3795 5050 re-

2180 5099 2310 5172 gina
2338 5099 2705 5168 disposuerat,
2753 5093 2822 5148 de
2882 5106 3110 5146 numero
3142 5089 3468 5144 clericorum
3491 5099 3547 5144 et
3575 5105 3793 5144 nonna-

2183 5208 2302 5246 rum
2331 5198 2497 5268 atque
2527 5188 2598 5243 de
2625 5186 2792 5241 rebus
2821 5183 3073 5239 villarum
3133 5182 3306 5253 ipsius
3336 5181 3674 5250 monasterii,
3710 5182 3792 5235 vi-

2184 5286 2386 5341 delicet
2423 5284 2572 5338 mille
2597 5289 2817 5336 centum
2873 5279 3276 5353 quinquaginta
3299 5278 3505 5333 mansis
3534 5293 3548 5344 ;
3578 5278 3794 5351 signiﬁ-

2185 5395 2316 5434 cans
2353 5395 2410 5433 se
2436 5376 2776 5449 disposuisse
2813 5375 2884 5429 20
2910 5373 3142 5430 clericos
3172 5379 3227 5427 et
3255 5373 3325 5427 40
3345 5387 3559 5427 nonnas
3583 5373 3791 5426 ibidem

2186 5470 2494 5527 consistere
2534 5484 2718 5538 posse,
2774 5469 3086 5537 victumque
3143 5465 3224 5519 eis
3256 5465 3587 5535 providisse,
3614 5475 3670 5520 et
3712 5481 3794 5518 res
3859 5521 3866 5525 _

2188 5561 2526 5617 necessarias
2555 5576 2618 5614 ac
2637 5557 3029 5613 ministeriales
3051 5555 3374 5622 instituisse,
3399 5564 3600 5627 praeter
3630 5557 3791 5610 lumi-

2190 5654 2364 5721 naria,
2398 5662 2453 5708 et
2489 5660 2687 5708 caetera
2753 5649 3071 5706 monasterii
3115 5648 3444 5716 necessaria,
3493 5649 3793 5703 ostendens
