4008 6158
221 277 317 332 253

820 258 1200 327 HISTORIA;
1242 265 1586 323 ECCLESt/E
1624 267 1875 325 REMENS

1991 269 2169 357 LIBRI
2211 268 2541 335 QUATIIOR.
2575 301 2644 311 —
2678 271 2803 327 LIB.
2848 274 2941 329 III.

3484 273 3589 330 254

225 416 364 487 quod
399 414 655 469 Nivardus
704 414 1006 469 Remorum
1059 405 1537 478 archiepiSCOpus
1575 406 1643 463 de
1697 408 1864 463 rebus
1890 413 1942 481 Α
1972 424 2202 480 corpore
2254 407 2482 463 unitatis
2521 408 2776 464 Ecclesiae
2834 411 3121 468 catholicae
3170 425 3356 466 coram
3412 392 3590 465 oculi8

233 504 514 559 Remensis
552 503 803 558 Ecclesiae
834 499 1246 558 monasterium
1306 493 1698 553 Altvillarensc
1726 513 1862 553 cont-

226 597 501 663 struxerit,
556 606 606 651 et
635 595 802 650 frater
861 596 987 665 (jus
1014 596 1085 649 de
1132 591 1251 647 suis
1295 591 1765 661 pr0prietatibus,
1814 599 1869 646 et

227 701 342 756 qua:
378 685 472 739 alii
497 684 623 738 boni
655 683 917 737 homines
948 683 1017 738 ad
1045 679 1311 737 eumdem
1351 675 1546 734 locum
1570 680 1866 745 dederunt,

224 776 565 829 Avennacum
617 775 952 829 exstruxerit
991 767 1434 835 monasterium,
1498 771 1761 843 quodque
1798 770 1869 824 ad

231 866 523 921 Ecclesiam
574 865 908 919 Remensem
968 861 1269 926 tradiderit,
1330 860 1501 916 unde
1559 869 1614 916 et
1668 862 1869 916 chartae

231 958 575 1012 habebantur
624 956 678 1010 id
723 964 927 1026 aperte
964 956 1294 1027 pandentes;
1334 952 1456 1006 sed
1515 969 1615 1024 per
1654 952 1868 1027 regium

230 1050 459 1116 donum,
492 1047 696 1103 sicutet
721 1045 851 1100 aliae
884 1063 980 1100 res
1006 1047 1163 1115 huius
1188 1040 1494 1111 Ecclesiae,
1527 1044 1593 1098 ab
1629 1042 1870 1099 externis

230 1158 257 1195 a
283 1141 453 1216 longo
486 1148 625 1195 retro
669 1137 985 1193 tenebatur
1019 1146 1278 1208 tempore,
1328 1142 1454 1190 etc.
1516 1136 1751 1216 Richildi
1785 1152 1873 1189 re-

231 1214 407 1305 ginae,
433 1230 741 1304 signiﬁcans
773 1230 941 1301 quod
971 1229 1192 1301 quando
1222 1228 1374 1298 [ms.,
1411 1227 1694 1298 quodam].
1730 1214 1873 1282 Lau-

238 1322 508 1376 dnnensis
537 1318 797 1391 parochia
826 1318 1105 1389 episcopo
1130 1312 1400 1371 vacansiu
1434 1330 1535 1369 sua
1553 1315 1874 1386 specialiter

236 1422 352 1467 erat
387 1411 744 1483 providentia,
779 1409 1261 1479 malefactumque
1311 1404 1391 1461 sit
1420 1406 1494 1461 de
1523 1407 1875 1478 eleemosyna

236 1504 586 1559 lrmintrudis
625 1502 840 1576 reginae
876 1518 982 1572 per
1013 1500 1305 1572 quemdam
1340 1499 1701 1569 praepositum
1756 1498 1877 1554 Ori-

234 1593 381 1646 niaci
410 1590 748 1655 monasterii,
785 1598 993 1661 postea
1022 1603 1155 1643 vero
1186 1586 1316 1643 huic
1346 1585 1588 1642 Richildi
1619 1603 1718 1657 per
1748 1587 1875 1642 Uvi-

232 1683 503 1738 nifridum
537 1682 929 1753 presbyterum
981 1687 1176 1736 contra
1206 1694 1390 1734 sacras
1436 1679 1589 1750 leges
1617 1679 1760 1734 male
1802 1679 1873 1734 sit

1974 498 2186 552 Domini
2219 513 2340 551 esse
2370 496 2659 568 nequibit:
2702 515 2934 555 monens
2960 509 3019 556 ut
3048 500 3197 574 legat
3229 498 3474 570 capitula
3500 512 3591 550 rc-

1965 586 2109 659 gulae
2160 588 2332 640 sancti
2390 584 2673 639 Benedicti
2731 586 2868 656 (cap.
2924 588 3050 659 665)
3119 586 3186 640 de
3240 582 3590 640 ordinatione

1967 672 2206 735 abbatis,
2227 672 2312 727 vel
2332 671 2647 739 abbatissae,
2672 678 2726 726 et
2750 673 3015 741 inveniat,
3040 690 3203 746 quam
3221 672 3459 748 graviter
3490 684 3589 741 pro

1968 762 2070 816 hac
2098 761 2447 816 ordinatione
2480 760 2535 815 in
2567 759 2829 831 Spiritum
2876 771 3149 829 sanctum,
3184 777 3294 832 quo
3347 760 3466 830 ipsa
3497 773 3588 811 re-

1968 852 2095 927 gula
2114 862 2198 908 est
2229 852 2588 924 promulgata,
2632 852 2979 922 peccaverit:
3023 868 3089 907 ex
3127 850 3326 906 divinis
3361 848 3589 904 institu-

1972 947 2216 1003 tionibus
2233 948 2546 1019 prOpalans,
2563 956 2828 1018 quantum
2847 948 3215 1019 periculosum
3231 946 3455 1012 malum,
3478 952 3588 1000 tam

1970 1042 2090 1112 ipsa
2115 1042 2327 1115 regina,
2356 1059 2522 1113 quam
2555 1041 2790 1112 emptrix
2823 1042 2914 1096 illa
2936 1040 3240 1096 subierint:
3286 1046 3504 1109 petens,
3528 1049 3588 1093 ut

1971 1146 2093 1201 quae
2124 1129 2303 1205 ille‘ex
2334 1129 2527 1185 debito
2549 1130 2850 1184 ministerii
2874 1131 2959 1185 sui
2984 1146 3109 1186 cum
3138 1127 3346 1202 gemitu
3374 1126 3588 1193 scribit,

1973 1236 2070 1291 pro
2100 1222 2276 1276 salute
2306 1221 2505 1292 ipsius,
2548 1228 2603 1276 et
2634 1221 2885 1277 remedio
2912 1221 3111 1276 animae
3144 1218 3309 1291 regis,
3349 1217 3593 1291 benigne

1973 1312 2261 1383 suscipiat,
2292 1320 2347 1367 et
2392 1312 2521 1383 quia
2559 1328 2758 1386 magna
2796 1328 2862 1367 ex
2901 1311 3166 1367 ﬁdelitate
3198 1309 3301 1364 hac
3348 1309 3594 1365 scribere

1973 1402 2264 1470 curaverit,
2312 1411 2591 1476 agnoscat.
2633 1402 2928 1477 Leutgardi
2971 1400 3235 1456 Ludovici
3282 1402 3592 1458 Transrhe-

1975 1494 2164 1549 nensis
2192 1494 2439 1567 conjugi,
2496 1509 2596 1564 pro
2627 1493 2745 1548 suis
2792 1494 3005 1560 missis,
3046 1508 3186 1564 quos
3220 1494 3287 1548 ad
3333 1494 3595 1550 eumdem

1976 1585 2310 1641 Ludovicum
2362 1602 2549 1661 regem
2587 1584 2868 1651 mittebat,
2923 1592 2985 1639 ut
3030 1600 3129 1655 per
3159 1585 3597 1656 cjusinterven-

1974 1678 2179 1732 tionem
2200 1677 2268 1731 ad
2300 1676 2449 1730 illius
2471 1676 2820 1746 praesentiam
2858 1676 3242 1748 pervenirent,
3273 1687 3328 1735 et
3359 1679 3480 1750 ejus
3511 1680 3602 1736 in-

227 1771 543 1835 obeditum,
574 1778 633 1824 ut
664 1768 947 1843 regularis
985 1767 1268 1822 abbatissa
1298 1766 1369 1822 de
1421 1767 1544 1838 ipso
1574 1767 1942 1841 ejicereturB
1967 1766 2312 1823 tercessione
2334 1783 2399 1822 ac
2428 1767 2798 1837 dispositione
2830 1784 2937 1822 rex
2957 1766 3103 1823 idem
3125 1777 3385 1828 strenuos
3402 1772 3604 1830 missos

228 1859 589 1914 monasterio.
646 1857 904 1912 Ostendit
950 1862 1138 1911 autem
1188 1872 1254 1910 ex
1311 1855 1638 1910 auctoritate
1693 1871 1865 1922 sacra,

226 1955 501 2018 quantum
535 1947 662 2000 inde
695 1944 894 2020 regina
922 1944 1227 2015 periculum
1263 1944 1488 2011 habeat,
1522 1951 1577 1999 et
1605 1945 1736 2015 quia
1764 1944 1870 1998 mi-

227 2040 370 2094 serit
398 2039 469 2092 ad
500 2054 618 2092 eam
642 2039 737 2109 qui
767 2042 1032 2092 moneret
1056 2035 1204 2089 illam
1239 2036 1344 2090 hoc
1375 2035 1611 2090 evadere
1641 2036 1867 2102 malum;

224 2131 317 2185 illa
372 2146 507 2186 vero
554 2145 667 2184 non
713 2130 894 2184 solum
956 2143 1069 2183 non
1116 2127 1531 2195 emendaverat,
1584 2128 1681 2183 sed
1724 2129 1869 2184 malo

229 2224 397 2293 pejus
428 2222 915 2293 superaddiderat,
949 2226 1141 2276 contra
1180 2218 1431 2275 divinam
1464 2220 1868 2287 auctoritatem,

228 2316 576 2386 neophytam
605 2313 821 2369 scilicet
839 2312 897 2366 in
924 2311 1196 2386 religione
1216 2311 1490 2366 novellam
1515 2313 1871 2382 provehendo

228 2404 292 2456 ad
352 2403 605 2475 regimen
636 2408 868 2473 propter
918 2416 1010 2454 res
1040 2408 1287 2455 terrenos
1343 2407 1599 2470 acceptas
1627 2400 1696 2455 ab
1755 2401 1867 2456 illa.

225 2494 571 2556 Adnecrens,
605 2491 848 2563 qualiter
883 2489 1192 2546 Hedenulfo
1246 2490 1514 2562 episcopo
1547 2491 1601 2545 in
1653 2491 1871 2546 Laudu-

225 2585 397 2640 nensi
436 2582 680 2639 Ecclesia
706 2581 989 2649 ordinato,
1023 2581 1301 2637 monuerit
1342 2581 1517 2649 illum,
1560 2590 1620 2636 ut
1659 2598 1868 2655 sugge-

228 2684 379 2730 reret
403 2675 519 2747 regi
542 2674 737 2729 Karolo
767 2681 879 2728 tam
915 2672 1292 2744 perniciosum
1323 2671 1524 2728 factum
1547 2673 1869 2739 dissolvere,

229 2773 282 2820 et
313 2780 383 2819 se
414 2773 581 2835 atque
605 2763 854 2834 reginam
885 2779 917 2816 a
945 2768 1096 2817 tanto
1128 2760 1453 2816 discrimine
1471 2761 1730 2816 liberare.
1764 2761 1872 2815 Sed

230 2853 370 2925 quia
402 2852 555 2923 quod
594 2857 889 2906 monuerat
920 2848 1143 2920 perduci
1207 2847 1275 2901 ad
1316 2845 1571 2902 eﬂ‘ectum
1622 2862 1733 2901 non
1790 2848 1874 2901 vi-

232 2944 419 3005 derat,
457 2941 580 3012 ipse
604 2939 893 3011 praefatum
927 2953 1111 3011 regem
1146 2936 1275 2991 inde
1306 2934 1740 2991 commonuerit:
1773 2937 1871 2991 sed

233 3031 353 3097 ille,
430 3044 505 3083 ne
554 3028 799 3100 reginam
861 3026 1235 3092 contristaret,
1279 3025 1427 3097 quod
1480 3025 1622 3078 male
1666 3023 1870 3079 factum

1968 1859 2036 1913 ad
2064 1859 2397 1914 Remensem
2425 1858 2690 1932 dirigeret
2733 1858 2973 1924 urbem,
3013 1860 3103 1933 qui
3149 1878 3292 1933 eam,
3325 1870 3381 1919 et
3406 1880 3604 1923 mona-

1967 1949 2133 2005 steria
2162 1949 2271 2003 sibi
2301 1948 2550 2018 subjecta
2572 1949 2791 2003 salvare
2828 1960 3066 2020 possent
3086 1954 3155 2009 ab
3187 1956 3394 2027 impetu
3413 1975 3607 2031 super-

1973 2039 2247 2095 venientis
2280 2037 2562 2093 exercitus
2585 2038 3093 2098 Transrhenensis.
3121 2044 3444 2119 lrmingardi
3472 2064 3609 2104 con-

1964 2131 2085 2203 jugi
2113 2130 2342 2185 Bosonis
2369 2129 2557 2200 inclyti
2577 2128 2699 2194 viri,
2735 2144 2843 2200 pro
2877 2131 3049 2187 rebus
3090 2134 3452 2192 Ecclesiarum
3485 2141 3604 2209 Dei,

1971 2238 2134 2294 quam
2163 2221 2419 2276 audierat
2454 2220 2797 2276 sufﬁcienter
2844 2220 3049 2277 litteris
3096 2225 3268 2280 sacris
3328 2228 3601 2285 imbutam

1970 2313 2039 2369 ab
2070 2312 2360 2367 Anastasio
2392 2313 2631 2383 quodam
2672 2312 2976 2369 didascalo.
3024 2315 3179 2370 Undo
3221 2319 3377 2387 petit,
3410 2328 3474 2375 ut
3505 2323 3602 2393 qui

1971 2418 2091 2458 eam
2123 2400 2277 2456 dedit
2305 2400 2471 2465 scire,
2513 2400 2608 2456 det
2651 2400 2865 2455 bonum
2898 2401 3059 2463 velle,
3095 2412 3154 2456 et
3208 2420 3395 2472 posse,
3428 2415 3596 2479 atque

1972 2492 2259 2565 perficere.
2306 2491 2535 2547 Monens
2576 2500 2637 2546 ut
2690 2492 2940 2547 hortetur
2978 2491 3154 2546 virum
3188 2508 3350 2547 suum
3399 2496 3600 2553 timere

1973 2586 2163 2650 Deum,
2197 2591 2251 2638 et
2288 2583 2409 2651 ejus
2446 2583 2726 2637 custodire
2765 2582 3043 2636 mandata.
3104 2582 3177 2637 De
3210 2584 3375 2639 rebus
3427 2587 3598 2643 etiam

1972 2671 2384 2737 ecclesiasticis,
2412 2687 2550 2742 quas
2574 2671 2717 2726 sicut
2740 2669 3075 2725 audieratab
3100 2672 3353 2726 ecclesiis
3376 2674 3597 2731 abstra-

1972 2774 2088 2823 ctas
2125 2765 2243 2820 suis
2297 2764 2618 2820 hominibus
2646 2764 2930 2831 diviserat,
2972 2771 3032 2819 ut
3083 2762 3342 2819 ostendat
3389 2766 3466 2820 illi
3527 2783 3595 2823 ex

1972 2857 2281 2928 Scripturis
2324 2856 2527 2911 sanctis
2554 2872 2717 2926 quam
2749 2870 2912 2927 grave
2936 2853 3211 2923 judicium
3242 2854 3479 2924 proinde
3519 2857 3598 2912 sit

1974 2966 2005 3005 a
2036 2950 2147 3004 Deo
2180 2948 2471 3019 prolatum,
2512 2955 2567 3003 et
2604 2955 2819 3003 caetera.
2855 2949 2988 3002 Item
3028 2936 3243 3001 Ber'thze
3290 2945 3447 3001 uxori
3488 2946 3597 3002 Ge-

1973 3041 2117 3096 rardi
2148 3040 2368 3096 comitis
2420 3055 2518 3110 pro
2558 3040 2727 3095 rebus
2756 3039 3013 3095 Ecclesiae
3041 3037 3146 3092 sibi
3195 3036 3505 3093 commissas
3533 3038 3594 3093 in

232 3122 482 3186 sciebat.
517 3136 623 3175 n0n
655 3119 974 3175 οοιτθιθνίῑ·
1003 3117 1234 3173 Reduc“
1265 3117 1430 3208 (ξίίαφ
1447 3117 1515 3171 ad
1547 3117 1869 3208 memoriam
1900 3139 1950 3208 ί]
1973 3129 2262 3186 Provincia
2292 3128 2433 3195 sitis,
2468 3145 2605 3201 quas
2643 3128 2823 3184 eidem
2874 3127 3116 3182 Gerardo
3155 3127 3389 3182 tuendas
3425 3132 3596 3197 atque

233 3212 492 3284 qualiter
532 3207 789 3279 praefatus
842 3223 934 3262 rex
979 3214 1221 3278 petente,
1280 3205 1611 3260 Irmintrude
1657 3205 1871 3279 regina,

1977 3217 2307 3275 ordinandas
2330 3217 2679 3273 commiserat
2707 3235 2720 3271 :
2774 3224 2967 3288 petens
2996 3222 3056 3270 ut
3094 3214 3212 3285 ipsa
3262 3221 3493 3269 strenua
3521 3213 3599 3269 sit

234 3305 304 3358 de
334 3301 516 3356 rebus
540 3308 669 3355 tunc
693 3299 810 3354 suis
830 3314 931 3369 per
960 3297 1259 3353 concilium
1294 3295 1514 3351 Parduli
1540 3295 1875 3351 Laudunen-

235 3396 311 3449 sis
346 3392 627 3463 episcopi,
659 3390 1013 3465 privilegium
1043 3391 1112 3444 ad
1143 3390 1289 3444 idem
1324 3388 1641 3443 Oriniacum
1673 3403 1874 3443 mona-

234 3481 483 3537 sterium
512 3495 545 3533 a
582 3496 642 3533 se
674 3477 890 3544 dictari,
924 3486 978 3531 et
1026 3494 1057 3532 a
1086 3477 1304 3532 caeteris
1334 3475 1616 3547 episcopis
1667 3474 1872 3531 ﬁrmari

240 3572 549 3645 rogaverit,
578 3576 632 3625 et
660 3571 777 3641 ipse
805 3586 897 3625 rex
929 3568 1358 3625 confirmaverit.
1390 3566 1488 3622 Hic
1514 3574 1701 3622 autem
1735 3584 1875 3638 prae-

240 3664 326 3717 sul
356 3660 600 3730 iussioni
623 3659 770 3732 regis
798 3658 1090 3724 obediens,
1120 3673 1231 3714 non
1256 3658 1373 3712 suis
1401 3655 1586 3712 verbis
1608 3655 1742 3709 illud
1768 3657 1873 3727 pri-

242 3751 521 3820 vilegium
553 3748 959 3818 composuerit;
994 3746 1091 3801 sed
1142 3746 1286 3801 sicut
1325 3745 1524 3800 beatus
1581 3745 1880 3817 Gregorius

250 3855 400 3911 papa
436 3837 504 3891 de
544 3837 780 3908 quodam
808 3834 1145 3891 monasterio
1191 3851 1221 3889 a
1248 3835 1485 3906 quadam
1526 3833 1718 3908 regina
1741 3835 1882 3889 aedi-

249 3927 445 3991 ticato,
476 3924 593 3995 ipsa
627 3930 870 3994 petente,
918 3923 1240 3990 dictaverat,
1280 3931 1338 3977 et
1368 3923 1490 3993 ipse
1545 3936 1767 3992 quoque
1798 3924 1884 3977 di-

249 4017 489 4074 ctaverit
543 4016 627 4070 vel
682 4015 1044 4080 transtulerit,
1106 4023 1360 4085 repetens
1410 4012 1881 4081 maledictionem,

250 4123 426 4179 quam
456 4105 691 4160 domnus
721 4104 867 4160 idem
895 4104 1187 4179 Gregorius
1218 4106 1335 4173 (lib.
1361 4122 1420 4173 ιι,
1440 4107 1593 4175 epist.
1626 4104 1715 4177 10)
1745 4121 1884 4162 con-

254 4208 336 4253 tra
369 4206 830 4268 praesumptorem
891 4196 1041 4251 illius
1070 4195 1389 4250 monasterii
1442 4194 1718 4264 jaculatus
1775 4198 1878 4253 sit:

250 4289 664 4360 adjiciensque,
682 4288 830 4360 quod
858 4288 971 4357 illa,
988 4287 1236 4360 quandiu
1255 4286 1313 4340 in
1330 4288 1433 4343 hac
1449 4288 1882 4359 priesumptione

252 4389 312 4434 et
372 4378 665 4434 malefacto
720 4378 1106 4450 permanserit,
1182 4379 1627 4450 quotiescunque
1681 4395 1885 4451 corpus

1974 3306 2335 3362 interventrix
2367 3306 2512 3376 apud
2531 3308 2825 3377 conjugem
2855 3321 3015 3360 suum
3037 3318 3136 3375 pro
3168 3303 3334 3358 rebus
3359 3302 3589 3358 eisdem.

1977 3399 2319 3455 lrminsindze
2346 3398 2566 3453 cuidam
2606 3405 2890 3461 matronae,
2925 3412 3024 3468 pro
3062 3396 3304 3467 quodam
3334 3394 3595 3464 diacono,

1975 3505 2142 3561 quem
2163 3489 2257 3543 illa
2271 3488 2668 3558 comprehendi
2679 3488 2944 3557 jusserat,
2960 3492 3015 3540 et
3037 3484 3095 3539 in
3115 3482 3406 3539 servitium
3429 3498 3595 3538 suum

1977 3581 2177 3655 redigi,
2198 3580 2439 3637 reddens
2456 3582 2725 3638 rationem
2740 3580 2977 3652 qualiter
2997 3578 3143 3633 idem
3166 3578 3435 3633 diaconus
3452 3575 3599 3631 liber

1978 3674 2225 3749 legitime
2241 3674 2625 3741 factusfuerat,
2640 3672 2982 3746 etquomodo
2995 3671 3042 3740 ej
3052 3687 3116 3727 us
3136 3670 3416 3742 recipiens
3427 3667 3597 3722 liber-

1980 3769 2146 3819 tatem
2193 3764 2486 3818 diaconum
2545 3764 2774 3818 licenter
2827 3760 3216 3816 ordinaverat:
3266 3756 3593 3822 ostendens,

1980 3855 2127 3927 quod
2149 3854 2192 3908 si
2206 3854 2588 3925 servusipsius
2604 3853 2816 3919 fuisset,
2837 3866 3019 3922 neque
3040 3849 3352 3903 libertatem
3370 3845 3598 3900 habuis-

1981 3953 2085 4009 set,
2117 3951 2174 3998 et
2195 3948 2344 3996 tanto
2371 3949 2619 4012 tempore
2637 3947 2762 4010 post
2788 3937 3195 3996 ordinationem
3214 3952 3368 3991 suam
3391 3933 3513 3989 sine
3530 3932 3600 3987 il-

1985 4039 2092 4093 lius
2108 4035 2439 4108 repetitione
2454 4034 2771 4102 mansisset,
2795 4032 3097 4089 secundum
3121 4047 3302 4086 sacras
3319 4028 3596 4101 Iegesjam

1984 4131 2041 4185 in
2058 4128 2346 4185 servitium
2377 4129 2551 4199 repeti
2574 4144 2684 4183 non
2712 4136 2928 4198 posset;
2951 4132 3159 4197 quanto
3176 4123 3361 4178 minus
3389 4120 3480 4175 ille
3501 4122 3597 4192 qui

1984 4223 2216 4279 colonus
2239 4219 2669 4286 ecclesiasticus,
2688 4227 2743 4273 et
2768 4234 2880 4274 non
2905 4215 3140 4285 alicujus
3160 4212 3360 4277 fuerat,
3379 4217 3435 4266 et
3451 4209 3599 4283 lega-

1984 4310 2110 4365 liter
2138 4309 2280 4364 liber
2310 4308 2504 4375 factus,
2559 4308 2822 4364 canonice
2867 4306 3174 4371 ordinatus,
3225 4310 3280 4359 et
3320 4298 3596 4364 Ecclesiae,

1985 4406 2149 4470 atque
2194 4397 2497 4453 ordinatori
2554 4413 2654 4452 suo
2694 4396 2952 4468 pr0prius
3006 4401 3123 4450 erat
3178 4391 3424 4456 effectus,
3471 4403 3595 4444 mo-

252 4479 312 4523 rt
339 4467 673 4542 sanguinem
742 4468 957 4522 Domini
987 4467 1240 4538 accipere
1293 4475 1673 4538 praesumeret,
1725 4469 1875 4537 judi-

1989 4467 2194 4558 netque
2209 4493 2270 4541 ut
2297 4485 2459 4540 talem
2479 4467 2968 4557 prmsumptionem
2995 4481 3230 4537 ulterius
3252 4480 3323 4535 de
3344 4480 3469 4549 ipsa
3484 4491 3597 4532 non

253 4561 433 4625 cium,
485 4559 541 4613 id
598 4566 701 4625 est,
752 4558 1161 4614 damnationem
1212 4558 1320 4613 sibi
1379 4544 1655 4629 accipiet;
1715 4558 1881 4615 obse-

253 4658 486 4721 cratque
518 4665 752 4705 monens
778 4650 950 4712 illam,
985 4659 1044 4703 ut
1073 4665 1185 4704 non
1207 4665 1411 4705 sensus
1442 4648 1638 4720 ipsius,
1667 4658 1761 4705 aut
1784 4651 1884 4706 ali-

256 4743 422 4811 cujus
446 4743 732 4817 suggestio
770 4758 891 4796 eam
926 4741 1185 4813 decipiat,
1220 4742 1317 4798 sed
1359 4744 1428 4797 de
1458 4742 1708 4798 remedio
1740 4743 1886 4818 regis

254 4835 479 4899 animm,
504 4851 568 4890 ac
587 4834 659 4889 de
685 4833 1065 4905 redemptione
1094 4850 1194 4889 sua
1226 4835 1450 4910 cogitet,
1484 4842 1541 4890 et
1565 4836 1715 4907 quod
1743 4834 1883 4891 male

259 4938 444 4981 actum
485 4934 568 4980 est
607 4925 887 5000 corrigere
948 4924 1190 4981 festinet.
1224 4926 1364 4981 Illud
1398 4926 1565 4981 etiam
1606 4926 1754 4998 quod
1786 4943 1885 4982 au-

260 5015 440 5068 dierat
465 5014 615 5068 illam
638 5016 1024 5084 “perpetrasse,
1056 5014 1271 5070 scilicet
1301 5014 1430 5086 quia
1461 5012 1745 5084 prmfatum
1778 5013 1885 5085 pri-

261 5105 549 5179 vilegium,
581 5112 638 5160 et
684 5112 1019 5177 praeceptum
1061 5105 1244 5181 regale
1275 5106 1346 5160 de
1394 5106 1515 5177 ipso
1546 5106 1882 5162 monasterio

262 5197 583 5265 abstulerat,
627 5204 897 5269 quantum
941 5198 1144 5253 malum
1191 5198 1384 5254 fecerit
1436 5198 1647 5270 pandit,
1694 5199 1882 5255 ethoc

266 5287 416 5355 ideo,
464 5295 523 5344 ut
551 5305 613 5343 se
641 5288 899 5361 corrigat,
950 5305 1020 5343 ne
1061 5289 1472 5345 damnationem
1522 5289 1783 5347 incurrat.
1818 5291 1883 5346 Et

263 5375 398 5445 quia
446 5376 491 5430 si
518 5392 628 5443 res,
661 5385 721 5432 ut
769 5376 1039 5447 audierat,
1083 5387 1138 5433 et
1168 5378 1444 5450 mancipia
1495 5378 1564 5433 de
1599 5379 1882 5450 praemissa

266 5463 493 5519 muliere
524 5465 809 5535 neOphyta
833 5471 1142 5536 acceperat,
1176 5481 1276 5537 pro
1306 5466 1704 5524 committendo
1735 5467 1882 5542 regi-

264 5555 412 5610 mine
446 5556 798 5624 monasterii,
840 5558 1195 5613 simoniacam
1242 5559 1492 5614 haarcsim
1546 5558 1877 5616 incurrerit:

264 5651 329 5697 et
357 5646 498 5714 quod
522 5645 776 5718 quandiu
825 5646 1005 5703 eidem
1051 5646 1245 5703 haeresi
1295 5647 1529 5721 quisque
1573 5647 1788 5717 faverit,
1820 5650 1879 5706 in

1985 4579 2193 4647 audiat,
2223 4579 2354 4650 quia
2383 4579 2428 4633 si
2472 4579 2577 4634 hoc
2614 4578 2706 4632 illa
2738 4585 3115 4649 praesumeret,
3151 4576 3269 4645 ipse
3308 4574 3413 4627 hoc
3443 4572 3599 4645 lega—

1985 4672 2110 4727 liter
2138 4680 2302 4742 atque
2351 4670 2676 4744 regulariter
2702 4668 2982 4724 vindicare
3021 4667 3289 4731 studeret,
3328 4662 3599 4731 adjiciens

1986 4763 2133 4818 illam
2164 4778 2222 4817 se
2261 4761 2445 4816 taliter
2480 4776 2856 4829 commonere,
2886 4761 3017 4833 quia
3045 4760 3264 4816 charam
3305 4754 3597 4812 familiari-

1985 4859 2153 4908 tatem
2182 4852 2357 4922 ipsam
2393 4850 2650 4906 habebat.

2551 4942 2760 4998 CAPUT
2797 4941 3025 4997 XXVIII.

2161 5015 2287 5081 Quaa
2304 5016 2409 5069 sibi
2433 5015 2686 5085 subjectis
2717 5016 2924 5068 monita
2952 5014 3147 5068 salutis
3168 5011 3417 5066 ediderit.

2052 5109 2167 5163 Sibi
2199 5124 2419 5180 quoque
2450 5108 2717 5178 subjectis
2756 5107 3023 5164 nonnulla
3051 5107 3322 5170 scribens,
3351 5111 3412 5160 ut
3443 5109 3599 5176 pater

1983 5195 2147 5263 ﬁlios,
2204 5194 2273 5251 de
2330 5196 2518 5252 multis
2547 5197 2777 5253 solerter
2821 5196 3043 5251 instruit
3101 5193 3452 5259 necessariis,
3482 5200 3593 5247 tam

1982 5284 2367 5356 spiritualibus
2421 5301 2582 5357 quam
2637 5285 3057 5355 temporalibus.
3120 5283 3384 5340 Richaldo
3432 5282 3596 5338 chor-

1981 5376 2269 5448 episcopo,
2301 5383 2358 5431 et
2380 5376 2666 5433 Rodoaldo
2704 5376 3204 5448 archipresbytero,
3254 5389 3352 5446 pro
3380 5372 3592 5445 synodo

1981 5468 2437 5540 comprovinciali
2455 5468 2601 5540 apud
2626 5467 2954 5525 Carisiacum
2982 5472 3188 5541 (supra,
3222 5483 3341 5537 cap.
3369 5467 3460 5534 24)
3483 5479 3587 5535 pa-

1983 5560 2172 5615 latium
2205 5561 2417 5636 regium
2449 5561 2733 5617 habenda:
2777 5561 3046 5617 mandans
3081 5567 3141 5616 ut
3169 5566 3358 5616 notum
3392 5556 3590 5610 faciant

1980 5650 2241 5707 omnibus
2264 5666 2362 5721 per
2388 5666 2608 5706 omnem
2633 5649 2947 5721 parochiam
2970 5649 3392 5713 Remensem,ut
3407 5643 3499 5717 qui
3525 5659 3587 5699 se
