4012 6164
436 295 547 353 255

1548 291 1920 347 FLODOARDI
1959 288 2265 346 canorum
2306 264 2633 346 REMENSIS

3657 297 3761 353 256

443 441 604 495 laesos
633 438 967 504 existimant,
993 436 1061 490 ad
1094 436 1267 507 ipsam
1303 437 1575 507 synodum
1598 435 1894 491 convenire
1922 449 2053 505 pro-
2082 432 2484 505 Agnitionem.
2545 434 2699 499 Quod
2758 437 2803 489 si
2876 452 3063 491 comes
3122 436 3194 491 ita
3274 436 3452 491 facere
3509 437 3766 504 noluerit,

444 538 654 597 curent,
698 529 963 600 quosdam
996 543 1127 583 vero
1179 544 1301 581 cum
1334 527 1655 582 auctoritate
1715 526 1969 593 invitent,
2004 532 2058 579 et

445 622 632 675 venire
663 625 1068 675 commoneant.
1113 619 1221 673 Sed
1260 628 1314 673 et
1358 618 1613 674 Milonem
1645 635 1769 674 cum
1800 616 1911 671 filia
1936 633 2054 682 sua,

444 725 551 781 qua
583 709 858 764 Fulcricus
888 707 1095 763 abusus
1132 708 1330 774 fuerat,
1373 715 1427 763 et
1465 724 1658 763 omnes
1690 708 1783 779 qui
1823 724 2059 764 consen-

444 797 591 851 tanei
621 796 846 852 fuerunt
890 796 947 851 in
989 796 1080 850 illa
1114 796 1359 851 indebita
1390 796 1784 865 conjunctione
1825 796 2053 867 presby-

444 885 567 950 teri,
602 892 659 939 et
699 886 751 939 in
786 900 1018 956 quorum
1053 884 1331 955 parochiis
1360 884 1756 947 consistebant,
1791 901 1855 938 ex
1886 883 2056 938 verbo

445 973 562 1041 Dei,
596 983 651 1028 et
694 988 815 1038 suo,
858 982 1025 1044 atque
1056 989 1118 1025 ex
1160 973 1342 1028 hanno
1374 974 1521 1047 regis
1572 974 1640 1027 ad
1674 974 1924 1028 eamdem
1965 991 2057 1044 sy-

446 1061 649 1115 nodum
691 1061 990 1116 convenire
1030 1061 1284 1130 jubeant.
1318 1062 1558 1118 Ansoldo
1617 1062 1835 1129 Gerolo,
1868 1072 1922 1118 et
1953 1064 2058 1118 Ha-

445 1153 620 1215 drico,
654 1168 752 1224 pro
788 1153 1147 1224 inquisitione
1177 1153 1462 1222 cujusdam
1496 1154 1678 1210 fratris
1711 1155 2055 1229 llagamfredi

447 1240 829 1295 ministerialis
861 1242 969 1308 sui,
1003 1250 1057 1297 et
1086 1252 1164 1309 ut,
1198 1243 1243 1297 si
1272 1260 1501 1299 necesse
1533 1254 1697 1311 esset,
1732 1245 1927 1312 libera,
1957 1246 2059 1300 sal-

449 1348 624 1402 vaque
672 1333 919 1389 custodia
950 1334 1313 1398 detineretur,
1377 1352 1446 1389 ne
1478 1336 1785 1410 aufugeret,
1840 1337 2058 1409 sibique

446 1423 814 1479 adduceretur
867 1426 1131 1480 Mandans
1165 1428 1328 1481 etiam
1362 1427 1541 1483 eidem
1572 1428 1958 1500 Ragamfredo,
1992 1445 2058 1483 ex

446 1515 769 1571 auctoritate
800 1517 891 1571 Dei
925 1534 989 1571 ac
1020 1536 1120 1573 sua
1166 1520 1563 1590 praecipiendo,
1598 1531 1657 1575 ut
1686 1538 1809 1576 cum
1844 1521 1978 1591 ipsis
2006 1522 2058 1576 in

444 1603 635 1656 eadem
664 1615 984 1673 permaneat
1026 1607 1387 1678 inquisitione
1439 1607 1534 1663 Cui
1568 1609 1731 1663 etiam
1764 1616 2057 1680 postquam

446 1703 766 1764 recesserat,
811 1696 863 1751 in
908 1698 1106 1753 alienis
1160 1700 1436 1769 parochiis
1494 1701 1804 1755 immoranti
1850 1701 2059 1756 litteras

449 1783 633 1848 mittit,
683 1801 950 1841 revocans
978 1803 1103 1842 eum
1163 1790 1486 1844 auctoritate
1542 1790 1829 1858 canonica,
1876 1798 1934 1845 ut
1989 1791 2057 1844 ad

448 1877 797 1947 metropolim
856 1895 1010 1934 suam
1043 1881 1253 1949 redeat,
1293 1888 1347 1936 et
1397 1882 1517 1950 ejus
1548 1898 1607 1935 se
1640 1882 1932 1937 humilitati
1975 1899 2060 1937 rc-

450 1977 778 2037 praesentet;
812 1972 896 2026 vel
921 1973 965 2027 si
994 1974 1063 2028 de
1094 1974 1267 2045 ipsius
1289 1976 1503 2043 judicio
1535 1977 1819 2048 quaeritur,
1848 1978 2061 2049 synodo

450 2057 690 2128 regulari
721 2059 917 2115 adesse
948 2060 1184 2117 festinet.
1223 2063 1464 2120 Gisloldo
1495 2066 1885 2120 canonicorum
1921 2082 2062 2136 prae-

450 2146 652 2214 posito,
685 2163 785 2218 pro
824 2148 1175 2206 facultatibus
1215 2152 1321 2206 sibi
1355 2154 1686 2220 commissis,
1728 2164 1782 2209 et
1814 2154 2063 2211 indebite

450 2236 748 2304 usurpatis,
784 2238 877 2309 qui
909 2255 1006 2309 pro
1039 2241 1142 2296 hac
1173 2257 1230 2295 re
1270 2242 1644 2314 irregulariter
1694 2242 1761 2297 ab
1794 2244 1916 2314 ipso
1944 2244 2062 2297 dis-

449 2326 707 2393 cesserat,
755 2341 1053 2402 monetque
1102 2334 1427 2390 auctoritate
1478 2335 1763 2403 canonica,
1820 2345 1878 2389 ut
1932 2336 2064 2390 red-

450 2421 557 2480 eat,
619 2418 770 2473 etde
813 2421 916 2485 his,
951 2439 1073 2493 quze
1133 2422 1209 2477 illi
1265 2423 1712 2494 opponebantur,
1746 2424 2064 2479 satisfacere

452 2504 688 2560 studeat.
736 2507 1053 2566 Theodacro
1083 2528 1307 2583 quoque
1357 2513 1676 2583 praeposito,
1709 2528 1808 2583 pro
1868 2514 2062 2568 eodem

452 2592 727 2663 Gissaldo,
760 2613 859 2667 pro
890 2614 998 2669 quo
1027 2600 1374 2656 lrmintrudis
1406 2604 1595 2675 regina
1627 2603 1971 2674 precabatur,
2009 2612 2068 2659 ut

454 2688 660 2751 partem
719 2685 1166 2743 collaborationis
1224 2706 1359 2756 suae,
1406 2706 1529 2762 qua:
1579 2692 1979 2748 rationabiliter
2015 2695 2066 2749 ci

453 2773 823 2841 competebat,
856 2776 974 2830 dari
999 2777 1262 2845 juberet;
1303 2779 1349 2832 si
1380 2796 1486 2851 qua
1518 2795 1647 2835 vero
1677 2780 1755 2833 illi
1782 2781 2067 2836 debeban-

455 2868 543 2915 tur
572 2862 628 2915 in
661 2864 767 2919 hoc
814 2866 1120 2937 episcopio,
1162 2868 1343 2922 eidem
1388 2869 1789 2923 redderentur:
1823 2872 1970 2941 quod
2015 2882 2069 2927 et

459 2950 604 3004 idem
635 2952 933 3024 episcopus
972 2953 1093 3010 fieri
1136 2956 1314 3024 jubet,
1356 2964 1411 3011 et
1439 2958 1568 3028 quia
1610 2958 1823 3013 dixerat
1848 2975 1907 3013 se
1936 2960 2069 3014 mis-

2088 1751 2136 1818 Î’

2161 525 2476 579 renuntient
2520 526 2617 592 illi,
2653 533 2710 580 ut
2749 527 2867 598 ipse
2901 528 3002 583 hoc
3047 528 3251 583 indicet
3310 528 3443 601 regi.
3478 528 3769 600 Postquam

2162 616 2276 669 haec
2314 623 2430 670 acta
2485 616 2712 685 fuerint,
2747 618 2819 674 ita
2851 619 3120 674 rationem
3161 619 3328 688 hujus
3383 619 3774 693 aggrediantur

2153 708 2371 776 judicii,
2402 718 2459 763 ut
2492 709 2823 780 provideant
2854 727 2923 765 ne
2956 727 3053 781 per
3084 711 3452 784 ignorantiam
3496 721 3776 766 accusato-

2159 816 2245 853 res
2263 800 2436 870 ipsius
2454 801 2760 873 presbyteri
2779 820 2891 858 rem
2918 804 3085 857 talem
3118 803 3348 872 alicujus
3374 803 3615 874 impulsu
3645 819 3777 874 prm-

2155 900 2393 957 sumant,
2414 895 2563 948 unde
2583 894 2828 949 damnari
2862 896 3096 966 possint,
3125 895 3265 951 sicut
3285 895 3562 966 provideri
3585 895 3775 959 debet,

2158 998 2228 1035 ne
2269 982 2553 1053 presbyter
2588 982 2790 1051 injuste
2830 983 3140 1039 damnetur.
3192 984 3319 1038 Post
3373 985 3488 1039 haec
3516 984 3776 1053 adjurent

2157 1080 2504 1128 accusatores
2551 1074 2637 1129 vel
2690 1081 2858 1129 testes
2890 1091 3078 1129 eorum
3126 1075 3180 1130 in
3212 1074 3432 1130 illorum
3479 1076 3777 1147 baptisma,

2157 1171 2210 1217 et
2239 1164 2361 1219 aliis
2391 1165 2623 1220 diversis
2651 1165 3114 1233 adjurationibus,
3148 1182 3217 1221 ne
3261 1167 3411 1234 odio,
3445 1167 3530 1221 vel
3562 1166 3778 1221 invidia

2157 1264 2252 1310 aut
2280 1256 2474 1311 timore
2508 1256 2762 1325 alicujus,
2796 1259 2881 1312 vel
2914 1259 3262 1314 hortamento
3291 1259 3361 1314 de
3400 1259 3521 1330 ipso
3552 1258 3785 1329 presby-

2161 1350 2276 1399 tero
2348 1346 2698 1401 mendacium
2756 1346 3057 1417 proferant,
3117 1363 3221 1401 nec
3287 1363 3384 1418 pro
3442 1352 3640 1420 gratia,
3699 1348 3782 1401 vel

2159 1448 2366 1499 amore,
2396 1442 2487 1488 aut
2518 1434 2745 1505 praemio
2782 1434 2911 1489 inde
2954 1435 3236 1489 veritatem
3269 1435 3558 1489 reticeant.
3592 1432 3786 1489 Notiti-

2161 1532 2315 1579 cetur
2338 1525 2502 1579 etiam
2530 1525 2740 1579 eisdem
2771 1526 3183 1581 accusatoribus
3213 1533 3269 1580 et
3295 1525 3550 1586 testibus,
3584 1525 3787 1596 quales

2164 1628 2429 1683 personas
2483 1612 2551 1666 ad
2584 1614 2995 1669 accusationem
3028 1613 3358 1685 presbyteri,
3389 1614 3474 1668 vel
3525 1614 3595 1668 ad
3621 1614 3786 1668 testi-

2165 1702 2412 1757 monium
2446 1715 2612 1771 super
2632 1717 2757 1755 eum
2789 1702 2930 1757 sacri
2954 1718 3195 1757 canones
3222 1703 3391 1773 recipi
3416 1719 3527 1757 non
3556 1702 3788 1774 permit-

2166 1800 2303 1857 tunt,
2338 1798 2392 1845 et
2444 1792 2683 1862 qualiter
2708 1794 2906 1848 discuti
2960 1794 3204 1848 debeant
3247 1801 3303 1847 et
3351 1800 3703 1848 accusatores
3735 1800 3789 1846 et

2163 1888 2349 1935 testes.
2383 1879 2576 1933 Omnia
2627 1896 2759 1936 vero
2801 1898 2924 1953 quae
2979 1889 3331 1937 accusatores
3376 1882 3465 1936 vel
3516 1890 3690 1935 testes
3721 1880 3789 1934 de

2160 1971 2394 2044 singulis
2452 1971 2634 2026 causis
2707 1971 2978 2029 testificati
3060 1973 3282 2037 fuerint,
3375 1972 3786 2037 describantur,

2165 2069 2219 2115 et
2269 2077 2451 2117 coram
2511 2062 2774 2116 omnibus
2832 2063 3111 2134 legantur,
3173 2070 3232 2117 ut
3292 2063 3363 2117 ita
3418 2062 3586 2116 fuisse
3639 2061 3792 2115 dicta

2167 2148 2601 2220 comprobentur
2706 2150 3096 2206 Describantur
3161 2166 3382 2222 quoque
3441 2165 3635 2205 omnes
3693 2148 3788 2220 qui

2168 2242 2222 2295 in
2278 2242 2382 2296 hoc
2411 2241 2610 2311 placito
2669 2241 2893 2310 fuerint,
2949 2251 3059 2297 tam
3107 2241 3176 2297 de
3226 2241 3563 2313 presbyteris
3619 2257 3786 2312 quam

2168 2334 2237 2389 de
2320 2334 2493 2401 laicis,
2575 2343 2734 2405 prout
2813 2336 3117 2391 necessitas
3202 2351 3327 2390 esse
3396 2333 3513 2388 visa
3598 2331 3788 2387 fuerit.

2170 2425 2233 2479 Et
2290 2431 2349 2477 ut
2401 2430 2750 2479 accusatores
2793 2442 2945 2480 suam
3009 2425 3383 2497 praesentiam,
3440 2431 3609 2478 testes
3657 2438 3793 2477 vero

2160 2523 2533 2588 juramentum
2556 2518 2683 2586 jure
2709 2515 3075 2586 polliceantur
3104 2530 3163 2568 se
3193 2515 3418 2569 daturos
3448 2513 3502 2566 in
3535 2512 3792 2583 proximo

2166 2607 2391 2678 placito,
2415 2606 2565 2678 quod
2581 2619 2824 2659 canones
2848 2601 3171 2673 presbytero
3190 2601 3399 2655 donent
3415 2600 3482 2655 ad
3508 2600 3792 2654 licentiam

2165 2714 2224 2753 se
2247 2696 2585 2752 defendendi
2611 2695 2697 2750 vel
2727 2693 3121 2764 respondendi.
3148 2693 3302 2758 Quod
3326 2692 3583 2763 placitum
3606 2691 3791 2746 eidem

2172 2787 2498 2858 presbytero
2530 2784 2890 2839 denuntietur
2928 2783 2995 2836 ad
3028 2782 3252 2854 triginta
3278 2781 3419 2846 dies,
3458 2791 3515 2835 ut
3541 2780 3617 2833 ita
3648 2796 3796 2850 prae-

2175 2888 2396 2951 paratus
2418 2879 2622 2944 veniat,
2647 2893 2756 2947 quo
2779 2892 2836 2929 se
2860 2875 2944 2930 vel
2966 2876 3230 2929 canonice
3253 2872 3527 2946 puriï¬cet,
3551 2873 3636 2926 vel
3659 2888 3798 2927 con-

2175 2968 2379 3023 credat.
2431 2964 2580 3031 Quod
2623 2965 2669 3018 si
2707 2980 2818 3019 non
2860 2963 3070 3028 fecerit,
3101 2962 3422 3018 canonicam
3475 2977 3534 3016 se
3562 2976 3798 3032 suscep-

458 3037 684 3144 s|aticum
718 3040 921 3097 habere
960 3057 1024 3097 ex
1065 3052 1219 3113 parte
1240 3047 1445 3120 reginae
1468 3046 1534 3101 ad
1566 3048 1884 3113 canonicos,
1918 3065 2075 3103 man-
2107 3075 2157 3144 ÎŸ
2178 3067 2359 3113 mrum
2414 3056 2746 3112 sententiam
2800 3056 2954 3111 sciat.
2998 3055 3214 3110 Mittant
3264 3069 3487 3126 quoque
3525 3052 3799 3115 bannum.

459 3128 551 3184 dat
594 3137 654 3184 ut
679 3131 724 3184 si
756 3132 971 3187 venerit
999 3132 1066 3187 ad
1100 3150 1221 3202 eos,
1250 3136 1394 3191 sicut
1430 3136 1633 3191 missus
1663 3139 1868 3210 reginas
1901 3154 2075 3193 vene-

463 3221 713 3278 rabiliter
767 3224 1121 3296 suscipiatur.
1155 3227 1396 3283 Gerardo
1436 3229 1670 3297 decano,
1702 3246 1802 3302 pro
1834 3231 2073 3302 quodam

464 3309 696 3366 Radulfo
736 3314 1233 3383 excommunicato,
1273 3316 1366 3387 qui
1404 3316 1472 3370 ad
1502 3332 1561 3371 se
1602 3327 1837 3373 venerat
1883 3326 2077 3389 petens

465 3402 869 3471 paenitentiam.
904 3404 999 3459 Cui
1030 3406 1281 3477 praecipit
1314 3416 1373 3461 ut
1405 3407 1591 3461 Remis
1637 3410 1886 3465 eamdem
1918 3428 2071 3467 acce-

464 3499 675 3562 pturus,
699 3496 916 3551 veniret
942 3512 1064 3551 cum
1088 3497 1293 3552 femina
1323 3499 1752 3567 sanctimoniali,
1775 3518 1938 3573 quam
1970 3502 2077 3558 sibi

463 3589 842 3657 eonjunxerat.
879 3592 1046 3647 Jubet
1071 3600 1254 3647 autem
1282 3594 1413 3649 huic
1443 3595 1789 3666 presbytero,
1840 3604 1898 3652 ut
1927 3614 2078 3653 com-

463 3682 688 3736 mendet
718 3682 840 3737 aliis
868 3684 1225 3755 presbyteris,
1270 3693 1542 3757 quatenus
1580 3704 1833 3761 magnam
1865 3690 2075 3747 sollici-

464 3773 714 3829 tudinem
745 3775 811 3830 de
844 3776 951 3830 illis
986 3779 1280 3850 accipiant,
1313 3785 1587 3851 quatenus
1616 3780 1848 3847 scilicet,
1880 3782 1925 3836 si
1951 3782 2076 3855 qui-

460 3860 599 3918 libet
645 3881 834 3921 eorum
872 3866 1195 3924 infirmitate
1223 3879 1533 3941 praeventus
1563 3870 1744 3937 fuerit,
1787 3872 1857 3928 de
1879 3889 1985 3944 qua
2015 3889 2074 3928 se

464 3964 616 4027 putet
642 3960 877 4015 evadere
897 3976 1008 4016 non
1037 3979 1220 4032 posse,
1247 3963 1292 4017 si
1315 3963 1648 4034 promiserit,
1682 3965 1814 4036 quia
1844 3966 1913 4020 de
1941 3982 2073 4037 pec-

464 4056 585 4102 cato
611 4064 712 4104 suo
743 4066 809 4104 ex
843 4052 1008 4106 corde
1040 4052 1328 4122 poeniteat,
1358 4059 1412 4105 et
1436 4067 1535 4122 per
1565 4052 1762 4124 dignos
1792 4055 2076 4124 pmniten-

460 4138 549 4192 tiae
582 4138 793 4194 fructus
835 4142 970 4196 illud
1027 4159 1086 4197 se
1116 4159 1299 4198 coram
1362 4142 1600 4197 testibus
1647 4144 1965 4209 emendare,
2013 4161 2077 4200 ac

462 4230 711 4301 episcopi
734 4232 976 4300 jussioni
1003 4233 1234 4288 obedire
1266 4233 1607 4303 proï¬teatur,
1641 4233 1926 4289 absolutus
1956 4235 2074 4289 exi-

464 4327 589 4374 stat.
636 4320 924 4393 Sigloardo
953 4322 1457 4393 archipresbytero,
1488 4322 1728 4377 Ansoldo
1760 4339 2001 4394 quoque,
2025 4331 2078 4377 et

2177 3150 2273 3204 Dei
2306 3159 2360 3204 et
2398 3164 2676 3205 sacrorum
2716 3163 2991 3203 canonum
3030 3146 3377 3212 auctoritate,
3428 3144 3688 3218 regisque
3739 3161 3800 3199 ac

2176 3241 2428 3312 praisulis
2459 3240 2943 3305 interdictione,ut
2974 3254 3137 3293 nemo
3170 3237 3272 3308 ipsi
3299 3237 3625 3308 presbytero
3656 3236 3801 3291 ullas

2178 3333 2408 3387 insidias
2458 3341 2748 3403 przeparct,
2779 3338 2873 3385 aut
2925 3330 3162 3400 aliquam
3221 3328 3548 3384 violenciam
3582 3326 3801 3393 faciat;

2177 3424 2274 3479 sed
2307 3441 2409 3479 nec
2456 3424 2576 3492 ejus
2606 3422 3020 3478 accusatoribus
3066 3421 3150 3476 vel
3194 3420 3454 3486 testibus,
3487 3420 3670 3475 donec
3698 3421 3800 3475 ista

2177 3529 2344 3568 causa
2392 3513 2625 3587 legalem
2683 3510 3076 3565 dii'tinitionem
3135 3509 3406 3579 accipiat,
3464 3508 3803 3579 praecipiens

2177 3602 2341 3658 etiam
2372 3602 2521 3672 quod
2553 3600 2672 3655 fieri
2706 3601 2933 3655 deberet
2965 3600 3032 3653 de
3072 3598 3180 3653 illis
3209 3598 3549 3665 hominibus,
3582 3598 3682 3669 qui
3710 3599 3800 3652 al-

2179 3702 2292 3749 tera
2349 3694 2489 3759 vice,
2521 3693 2744 3765 quando
2794 3692 2913 3764 ipse
2962 3691 3250 3763 presbyter
3295 3690 3459 3746 fuerit
3488 3697 3801 3754 accusatus,

2170 3784 2519 3853 juraverunt,
2554 3790 2609 3837 et
2637 3798 2796 3837 suum
2836 3787 3240 3839 sacramentum
3266 3779 3480 3849 judicio
3518 3779 3800 3850 approba-

2174 3880 2397 3939 verunt,
2432 3881 2563 3927 tuuc
2592 3878 2772 3926 autem
2805 3887 2862 3925 se
2896 3870 3203 3941 perjurasse
3234 3867 3511 3924 dicebant.
3546 3868 3620 3921 De
3654 3876 3801 3922 terra

2175 3976 2399 4033 quoque
2432 3959 2688 4015 Ecclesia:
2711 3959 3037 4030 pertinenti,
3065 3958 3210 4011 unde
3241 3955 3522 4011 contentio
3552 3956 3798 4009 ventila-

2175 4052 2336 4108 batur
2366 4052 2510 4107 inter
2535 4052 2792 4107 comitem
2841 4058 2895 4105 et
2923 4050 3328 4122 presbyterum,
3368 4048 3498 4119 quia
3538 4047 3663 4101 fieri
3696 4048 3799 4101 de-

2177 4144 2355 4211 beret,
2386 4153 2441 4199 et
2463 4151 2522 4199 ut
2550 4144 2639 4198 his
2669 4159 2790 4214 qua
2817 4142 3115 4198 mandabat
3143 4155 3349 4207 comes,
3380 4139 3667 4194 obediret:
3703 4148 3800 4193 aut

2177 4232 2222 4285 si
2258 4231 2449 4298 nollet,
2482 4232 2716 4301 proinde
2752 4232 2820 4285 ad
2851 4230 3112 4302 placitum
3144 4244 3328 4284 coram
3357 4244 3488 4301 rege
3518 4237 3573 4281 et
3612 4227 3803 4282 fideli-

2178 4323 2284 4377 bus
2314 4323 2507 4393 ipsius,
2530 4331 2638 4377 tam
2664 4323 2962 4393 episcOpis,
2993 4338 3156 4393 quam
3188 4321 3343 4375 laicis
3369 4319 3603 4373 veniret.
3640 4320 3805 4383 Quod

466 4409 683 4467 caeteris
741 4412 1093 4482 quibusdam,
1144 4426 1284 4483 quos
1322 4410 1734 4482 inquisitionem
1780 4411 1958 4467 facere
2006 4412 2075 4468 de
2097 4443 2155 4512 Î’
2180 4411 2226 4467 si
2254 4412 2542 4484 presbyter
2569 4412 2693 4466 aliis
2710 4410 3104 4466 obedientibus
3131 4407 3362 4464 obedire
3381 4407 3572 4476 nollet,
3605 4408 3677 4461 ad
3707 4424 3806 4479 sy-

468 4503 708 4574 quodam
743 4504 1061 4576 presbytero
1098 4504 1333 4574 iusserat
1366 4522 1378 4559 :
1412 4504 1616 4577 quibus
1647 4506 1796 4560 hunc
1823 4504 2076 4561 ordinem

469 4596 525 4651 in
558 4599 750 4653 eadem
795 4599 1155 4671 inquisitione
1187 4607 1374 4655 tenere
1404 4600 1673 4671 praecipit,
1702 4610 1761 4655 ut
1789 4599 2074 4671 quoniam,

465 4686 711 4742 audierat
757 4686 1011 4743 eumdem
1053 4688 1433 4760 presbyterum
1464 4689 1578 4743 suis
1617 4689 1948 4761 quibusdam
1996 4688 2080 4741 fa-

466 4779 763 4835 cultatibus
792 4788 986 4835 contra
1034 4781 1183 4856 leges
1239 4780 1629 4852 exspoliatum,
1673 4780 1790 4836 suis
1818 4780 2077 4836 omnibus

468 4872 839 4939 revestiretur,
856 4880 1150 4945 antequam
1170 4873 1284 4927 suis
1306 4872 1719 4928 accusatoribus
1737 4874 2077 4943 respondere

466 4971 774 5035 cogeretur,
809 4982 878 5020 ne
909 4972 1099 5020 contra
1144 4966 1322 5041 legem
1353 4964 1531 5034 fieret,
1563 4972 1617 5020 et
1647 4965 1768 5036 ipse
1800 4965 1998 5036 praesul
2047 4981 2078 5019 a

465 5052 788 5125 presbytero
816 5053 993 5127 legem
1018 5054 1285 5122 tollendo,
1316 5056 1567 5110 eamdem
1595 5070 1817 5126 quoque
1847 5054 1955 5109 sibi
1975 5070 2076 5108 au-

467 5144 671 5213 ferret;
704 5147 1029 5219 praecipiens
1057 5147 1223 5202 etiam
1251 5188 1264 5215 ,
1306 5156 1365 5202 ut
1398 5148 1444 5203 si
1476 5164 1662 5204 comes
1695 5147 1812 5217 ipse
1850 5147 2077 5216 presby-

466 5242 704 5292 terorum
732 5237 894 5291 rebus
922 5235 1217 5308 exspoliari
1242 5236 1507 5305 jusserat,
1540 5237 1646 5290 hoc
1671 5235 1750 5288 illi
1780 5235 2077 5290 emendare

466 5343 567 5398 per
591 5326 811 5382 vadium
858 5324 1041 5392 faciat,
1074 5325 1378 5397 disponens
1430 5324 1670 5397 qualiter
1710 5324 1836 5379 inde
1867 5321 1977 5379 fiat.
2023 5324 2077 5377 Si

465 5434 596 5474 vero
627 5419 747 5489 ipse
778 5433 963 5474 comes
994 5419 1099 5473 hoc
1143 5418 1261 5473 fieri
1293 5417 1513 5490 negavit
1555 5417 1612 5488 [i,
1656 5432 1767 5472 non
1824 5415 2078 5490 rogavit],

467 5511 572 5584 ipsi
603 5503 695 5583 qui
723 5510 791 5565 ab
823 5527 890 5567 eo
937 5527 1026 5566 res
1065 5527 1193 5566 suas
1221 5510 1591 5575 abstulerunt,
1624 5508 1805 5563 eidem
1842 5508 2081 5580 presby-

469 5610 587 5658 tero
660 5599 878 5675 legibus
927 5600 1232 5656 emendent
1263 5641 1277 5667 ,
1342 5599 1412 5654 de
1479 5598 1805 5670 poenitentia
1868 5598 2082 5653 illorum

471 5692 593 5762 ipse
647 5690 846 5763 praasul
895 5688 1266 5760 dispositums
1315 5689 1621 5744 secundum
1664 5687 1880 5744 illorum
1930 5704 2085 5745 reco-

2181 4504 2389 4560 nodum
2446 4503 2968 4575 comprovincialem
3047 4500 3314 4558 canonice
3384 4501 3803 4570 provocaretur.

2181 4597 2310 4653 Item
2343 4595 2631 4671 Sigloardo
2658 4604 2714 4650 et
2752 4594 3014 4662 Ansoldo,
3057 4610 3154 4664 pro
3186 4593 3379 4648 eadem
3410 4590 3804 4663 inquisitione,

2179 4701 2511 4741 succensens
2530 4700 2647 4750 eos,
2674 4684 2823 4755 quod
2854 4681 3369 4756 negligenterillam
3395 4680 3506 4735 sint
3525 4679 3806 4747 exsecuti,

2178 4785 2233 4833 et
2262 4785 2478 4833 caetera.
2507 4778 2641 4831 ltem
2667 4792 2767 4847 pro
2789 4775 3030 4847 quodam
3065 4772 3409 4845 presbytero,
3434 4771 3527 4844 qui
3553 4788 3640 4837 ea,
3675 4789 3808 4843 qum

2179 4870 2247 4925 de
2264 4885 2364 4925 suo
2390 4869 2699 4924 ministerio
2722 4867 3001 4939 quondam
3023 4866 3317 4929 didicerat,
3346 4872 3469 4935 post
3492 4863 3808 4919 ordinatio-

2179 4976 2305 5014 nem
2331 4975 2485 5014 suam
2528 4975 2627 5029 per
2657 4958 2924 5013 incuriam
2956 4956 3136 5010 fuerat
3167 4954 3396 5017 oblitus,
3437 4953 3587 5007 unde
3611 4953 3811 5022 jusse-

2180 5056 2262 5104 rat
2281 5065 2408 5104 eum
2439 5048 2757 5120 aliquandiu
2783 5046 2887 5102 sub
2908 5044 3158 5100 custodia
3184 5043 3457 5098 reclusum
3486 5042 3722 5107 servari,
3748 5048 3815 5095 ut

2177 5138 2371 5193 saltem
2405 5153 2504 5209 per
2534 5137 2638 5191 hoc
2670 5130 2992 5191 amaritudo'
3009 5133 3194 5204 aliqua
3224 5138 3467 5186 mentem
3500 5130 3653 5185 illius
3680 5137 3815 5185 tanâ€”

2177 5237 2352 5305 geret,
2385 5236 2440 5284 et
2460 5245 2490 5283 a
2518 5237 2744 5300 peccato
2772 5232 3053 5302 purgaret,
3086 5235 3142 5280 et
3170 5233 3386 5280 cmtera.
3416 5224 3549 5277 Item
3586 5238 3686 5293 pro
3712 5222 3815 5293 je-

2173 5321 2333 5390 junio
2364 5321 2642 5387 triduano,
2674 5319 2821 5391 quod
2853 5335 2945 5373 rex
2962 5334 3087 5373 cum
3109 5314 3389 5387 episcopis
3408 5324 3464 5369 et
3486 5314 3703 5370 caeteris
3737 5312 3814 5366 fi-

2182 5410 2403 5465 delibus
2422 5411 2537 5465 suis
2563 5410 2909 5481 disposuerat
2937 5404 3055 5460 fieri
3085 5420 3182 5476 pro
3211 5420 3343 5474 pace
3362 5410 3563 5457 sancta:
3580 5402 3675 5457 Dei
3702 5401 3819 5457 Ec-

2185 5503 2386 5567 clesiae,
2423 5503 2663 5576 qualiter
2680 5500 2798 5556 fieri
2819 5500 3066 5553 dederet.
3090 5497 3223 5551 ltem
3256 5512 3354 5567 pro
3372 5493 3610 5566 quodam
3643 5511 3819 5564 pres-

2187 5596 2381 5667 bytero
2413 5592 2688 5648 Avennaci
2720 5590 3058 5656 monasterii,
3093 5587 3187 5660 qui
3242 5585 3610 5641 denotabatur
3637 5601 3825 5655 super

2191 5689 2447 5743 thesauro
2503 5686 2677 5756 ipsius
2733 5683 2979 5740 ecclesiae
3014 5681 3223 5736 dudum
3278 5677 3515 5750 perdito.
3574 5678 3714 5732 Item
3760 5676 3825 5737 Si
