4012 6164
246 212 348 268 257
847 193 851 198 ’
893 216 1219 275 HISTORUE
1258 220 1591 277 ECCLESUE
1628 223 1955 282 REMENSIS
1996 228 2170 285 LIBRI
2210 232 2540 297 QUA'I‘UOR.
2572 270 2642 279 —
2673 241 2796 296 LIB.
2842 214 2932 300 Ill.
3471 258 3581 313 258

245 346 482 418 gloardo
512 353 568 402 et
598 347 869 417 Rodoldo,
894 368 995 423 pro
1017 355 1256 425 quodam
1280 357 1869 430 presbytero,cuicon-
1894 368 1940 434 Α
1968 363 2168 422 litteris
2202 367 2307 449 sibi
2351 386 2452 440 per
2504 374 2785 433 hominem
2837 385 3133 453 quemdam
3171 388 3425 447 Harduici
3491 410 3581 449 ar-

246 447 528 506 senserat,
563 441 834 497 suadente
874 444 1182 519 Sigloardo,
1211 458 1270 503 ut
1298 450 1486 506 libello
1510 468 1622 507 sua
1652 453 1870 524 profes-
1970 448 2311 529 chiepiscopi
2346 458 2486 516 datis
2517 465 2761 522 :scilicet
2778 441 3017 540 reputari
3049 441 3579 549 eidem-Xltmann-o,

246 529 428 584 sionis
458 547 491 584 a
521 532 788 603 regimine
829 534 1008 605 plebis
1046 538 1151 592 sibi
1197 543 1508 597 commissae
1533 543 1787 600 redderet
1809 562 1869 601 se

245 622 517 688 alienum,
546 634 600 678 et
624 626 794 680 alium
844 627 896 681 in
933 645 1031 684 suo
1080 630 1202 686 lOCO
1259 642 1540 703 expeteret
1606 638 1871 693 ordinan-

245 717 379 771 dum
428 736 443 772 :
498 720 596 774 sed
642 721 945 777 colludium
1005 726 1153 795 quod
1206 727 1447 785 habebat
1503 730 1703 787 factum
1762 734 1871 789 sibi

241 808 540 875 celaverat,
595 811 857 869 videlicet
890 824 951 869 ut
998 817 1256 874 alumnus
1289 821 1410 889 ejus
1441 823 1564 879 sine
1595 840 1869 882 consensu

239 900 483 955 senioris
520 903 630 969 sui,
681 904 736 957 in
784 906 906 961 loco
964 908 1143 979 ipsius
1194 912 1567 981 ordinaretur,
1627 924 1682 971 et
1741 918 1871 989 quia

245 996 472 1044 xenium
522 993 807 1049 revadiare
860 996 1055 1053 dolose
1096 999 1308 1061 fecerit.
1335 1012 1394 1059 ut
1419 1007 1672 1062 eumdem
1709 1024 1869 1063 suum

244 1081 560 1147 alumnum,
589 1094 780 1139 contra
811 1087 1131 1159 episcOpale
1164 1090 1539 1163 interdictum,
1587 1105 1643 1152 et
1672 1106 1869 1154 caetera

244 1170 381 1240 quid
415 1171 548 1225 inde
589 1170 705 1226 fieri
740 1174 967 1229 deberet
990 1182 1368 1250 exsequentia.
1401 1184 1533 1239 Item
1560 1185 1868 1257 Sigloardo,

244 1279 348 1333 pro
382 1264 707 1335 presbytero
756 1268 1008 1323 ecclesia:
1039 1273 1214 1327 sancti
1266 1273 1492 1340 Juliani,
1532 1278 1625 1348 qui
1661 1278 1871 1336 furatus

246 1354 429 1411 fuerat
456 1357 771 1429 lampadem
800 1361 973 1416 sancti
1019 1362 1277 1440 Remigii,
1311 1368 1461 1423 unde
1489 1370 1649 1425 valde
1680 1374 1874 1429 redar-

246 1451 371 1525 guit
392 1452 586 1519 istum,
614 1454 744 1524 quia
767 1454 822 1507 id
852 1454 1054 1509 factum
1083 1468 1449 1527 compererat,
1473 1470 1527 1517 et
1556 1462 1663 1516 sibi
1686 1472 1875 1521 tacue-

245 1551 353 1609 rat,
382 1544 692 1599 cumidem
744 1546 945 1616 praesul
999 1547 1148 1602 vices
1192 1565 1319 1604 suas
1339 1551 1522 1607 eidem
1562 1553 1872 1627 Sigloardo,

247 1639 392 1688 teste
429 1634 692 1699 Domino,
717 1636 1212 1702 commendaverit,
1237 1640 1331 1710 qui
1354 1642 1612 1697 eumdem
1642 1646 1875 1718 presby-

1970 543 2212 613 aspirare
2240 547 2378 603 velle
2432 551 2500 604 ad
2558 550 2851 624 beneﬁcia,
2900 567 2954 615 et
3002 565 3223 635 negotia
3277 543 3580 637 saecularia,

1970 650 2094 705 qua:
2153 653 2261 693 non
2324 643 2684 699 convenirent
2737 648 2858 715 ejus
2907 654 3233 722 professioni
3302 668 3357 714 et
3394 661 3580 717 saluti.

1975 726 2128 782 Unde
2153 731 2425 802 praecipit,
2459 742 2517 789 ut
2543 739 2873 805 quantocius
2899 743 2966 796 ad
2999 749 3396 805 monasterium
3419 769 3579 808 suum

1972 820 2180 886 redeat,
2215 821 2310 876 ubi
2355 823 2578 882 lectioni
2602 836 2658 883 et
2677 832 2936 900 orationi,
2956 835 3214 895 deflendo
3244 841 3444 899 delicta
3467 862 3583 900 suae

1966 907 2294 977 juventutis,
2347 929 2542 970 vacare
2592 929 2873 987 procuret,
2924 932 2978 978 et
3026 933 3243 982 caetera.
3316 930 3585 990 Lantardo

1972 996 2191 1052 cuidam
2212 1002 2507 1071 sacerdoti,
2559 1006 2653 1075 qui
2711 1007 2781 1062 de
2812 1011 3071 1078 parochia
3099 1014 3357 1071 Remensi
3383 1020 3586 1077 Ebonis

1970 1089 2219 1161 episcopi
2261 1108 2426 1149 causa
2480 1096 2832 1165 discesserat,
2894 1118 3056 1173 quem
3111 1106 3267 1175 petit,
3294 1118 3351 1162 ut
3378 1110 3423 1164 si
3456 1128 3585 1182 qua,

1972 1187 2132 1249 prout
2160 1183 2429 1251 audierat,
2463 1187 2532 1242 de
2577 1189 2686 1244 vita
2741 1198 2795 1245 et
2823 1193 3142 1250 actionibus
3177 1197 3323 1253 beati
3354 1201 3588 1277 Remigii

1972 1274 2117 1344 apud
2145 1277 2402 1331 eumdem
2464 1279 2816 1337 habebantur
2868 1287 3199 1357 conscripta,
3264 1301 3462 1361 praeter
3500 1274 3591 1349 illa

1974 1380 2097 1435 quae
2126 1381 2194 1420 ex
2252 1368 2480 1440 antiquo
2538 1370 2607 1426 de
2661 1372 2903 1430 Ecclesia
2957 1376 3211 1434 Remensi
3242 1380 3587 1456 legebantur,

1974 1468 2040 1507 ea
2070 1457 2419 1524 quantocius,
2465 1465 2556 1512 aut
2605 1460 2723 1530 ipse
2766 1462 2873 1516 sibi
2923 1463 3134 1531 afferat,
3166 1471 3385 1524 autsub
3407 1472 3590 1544 sigillo

1978 1546 2330 1609 transmittat.
2383 1548 2629 1606 offerens
2682 1570 2742 1609 se
2799 1566 2989 1625 postea
3044 1560 3225 1615 eidem
3280 1563 3333 1617 in
3361 1566 3590 1636 quibus-

1975 1650 2197 1707 cunque
2228 1636 2530 1713 indiguerit
2556 1650 2892 1714 promptum,
2926 1656 2980 1700 et
3013 1651 3277 1717 prodesse
3309 1661 3581 1723 paratum.

248 1732 430 1779 ternm
472 1726 528 1779 in
559 1726 865 1781 arctissima
883 1729 1135 1784 custodia
1156 1729 1427 1787 debuerat
1455 1736 1877 1805 retrudere,non
1904 1737 1953 1804 Β
1975 1724 2029 1778 Si
2060 1741 2189 1781 νθτο
2219 1726 2287 1780 δά
2313 1728 2492 1782 locum
2524 1746 2684 1784 suum
2711 1732 2890 1787 redi“?
2922 1736 3174 1800 "Oluel‘llv
3225 1755 3349 1794 eum
3406 1741 3590 1798 liben-

248 1829 351 1883 per
378 1812 739 1882 ﬁdejussores
794 1815 1302 1890 dimittere:quod
1362 1820 1495 1891 quia
1552 1824 1704 1894 prius
1761 1841 1872 1882 non

1977 1820 2056 1869 ter
2110 1821 2276 1886 atque
2334 1815 2578 1891 benigne
2633 1820 2903 1891 recipere,
2953 1832 3008 1877 et
3055 1841 3179 1880 mox
3234 1837 3293 1882 ut
3351 1832 3589 1899 venerit,

250 1900 485 1965 fecerat,
516 1902 603 1957 vel
633 1919 783 1958 nunc
810 1903 991 1959 faciat.
1025 1904 1223 1961 Carcer
1296 1925 1521 1982 quoque
1568 1911 1800 1970 ﬁrmiter
1841 1933 1873 1971 θ
1973 1908 2294 1963 canonicam
2330 1910 2705 1980 praebendam,
2758 1922 2812 1967 et
2840 1915 3091 1971 ordinem
3127 1919 3420 1988 pristinum
3451 1923 3595 1979 inter

249 1989 608 2045 vicedomino
636 1999 993 2060 restauretur,
1030 2002 1084 2048 et
1110 1996 1389 2064 custodes,
1420 1999 1465 2053 si
1497 2016 1725 2057 necesse
1748 2002 1870 2059 fue-
1974 1995 2170 2053 fratres
2189 2001 2517 2061 concedere.
2550 2009 2604 2057 et
2651 2005 2955 2061 secundum
3005 2010 3153 2079 quod
3202 2011 3311 2065 sibi
3341 2029 3589 2070 commo-

252 2079 345 2145 rit,
395 2080 794 2135 adhibeantur.
859 2083 992 2137 ltem
1026 2083 1292 2149 Rodoldo,
1362 2104 1700 2146 succensens
1744 2111 1872 2149 eum
1974 2088 2126 2154 dum,
2172 2098 2227 2144 et
2267 2091 2343 2145 illi
2402 2103 2777 2164 Opportunum
2835 2096 3003 2153 fuerit
3055 2100 3335 2168 solatium,
3374 2114 3433 2159 ut
3462 2122 3588 2161 eum

245 2184 346 2239 pro
373 2182 448 2222 eo
476 2168 626 2240 quod
658 2169 882 2224 incaute
934 2170 1161 2227 solverit
1207 2175 1355 2244 quod
1389 2176 1507 2247 ipse
1548 2181 1746 2248 praesul
1779 2198 1873 2237 ca-
1972 2180 2117 2250 apud
2186 2198 2246 2236 se
2295 2200 2520 2239 manere
2572 2185 2831 2253 delectet,
2884 2189 3210 2260 impendere
3273 2212 3287 2248 :
3339 2198 3592 2266 pandens

245 2257 453 2312 nonice
480 2257 750 2331 alligarat,
814 2266 869 2314 et
926 2259 1048 2314 aliis
1079 2262 1420 2334 presbyteris
1461 2266 1681 2322 missam
1712 2270 1866 2324 cele-

241 2348 409 2403 brare
444 2351 757 2420 permiserit
784 2351 840 2405 in
902 2353 1136 2424 quadam
1179 2356 1391 2426 capella
1424 2357 1666 2415 basilicae
1698 2362 1868 2417 cortis

240 2438 500 2492 ecclesiae
561 2438 828 2508 subjecta,
916 2442 1280 2515 pmcipitque
1348 2446 1480 2517 quid
1548 2448 1676 2504 inde
1744 2448 1863 2506 fieri

241 2525 500 2580 debeat.
535 2527 790 2583 Anselmo
852 2528 915 2599 [ἰ
942 2571 956 2597 ,
1005 2532 1310 2604 Anselino]
1373 2534 1592 2589 cuidam
1664 2552 1862 2593 mona-

240 2619 371 2683 cho,
400 2619 737 2689 praecipiens
766 2629 826 2676 ut
873 2622 1151 2680 describat
1192 2627 1399 2695 omnia,
1445 2646 1566 2700 quae
1625 2631 1680 2686 in
1735 2648 1860 2689 rno-

243 2713 518 2777 nasterio,
552 2721 611 2767 ut
636 2714 875 2783 videtur,
907 2717 1460 2787 Altvillarensi,'ante
1516 2723 1693 2794 ipsius
1726 2743 1873 2797 pra:-

242 2806 381 2860 sulis
413 2806 826 2862 ordinationem
894 2808 1057 2877 facta,
1121 2812 1206 2866 vel
1272 2814 1470 2869 collata
1522 2814 1767 2885 fuerunt,
1817 2825 1873 2874 et

243 2910 489 2966 quaeque
542 2902 732 2965 postea
783 2913 797 2949 :
866 2913 1156 2953 numerum
1242 2916 1464 2973 quoque
1517 2902 1745 2959 fratrum
1807 2923 1871 2962 ac

244 2985 584 3041 famulorum
641 2987 723 3042 eis
767 2989 1149 3057 servientium,
1204 2998 1259 3046 et
1307 2993 1352 3047 si
1400 3011 1509 3066 qua
1540 2996 1742 3054 exinde
1771 3014 1873 3055 suo

241 3083 500 3147 tempore
532 3076 850 3147 dispensata
902 3078 1146 3147 fuerunt,
1190 3089 1245 3135 et
1301 3081 1356 3136 in
1411 3100 1551 3155 quos
1599 3102 1753 3154 usus,
1785 3088 1871 3142 vel

242 3181 342 3236 per
364 3183 513 3238 quas
558 3182 849 3237 personas,
897 3176 952 3222 et
1005 3168 1078 3223 ita
1121 3169 1389 3225 veraciter
1450 3174 1634 3228 omnia
1663 3175 1874 3230 descri-

242 3255 473 3321 bantur,
518 3263 578 3310 ut
615 3256 769 3310 missi
821 3256 1085 3313 dominici
1127 3258 1263 3312 nihil
1296 3259 1372 3313 ibi
1429 3260 1623 3317 falsum
1662 3266 1877 3334 possint

244 3350 530 3405 invenire.
566 3350 858 3405 Ratramno
891 3352 1184 3422 praeposito
1217 3355 1536 3409 monasterii
1591 3356 1873 3414 Orbacen-

245 3439 324 3493 sis
344 3440 629 3494 similiter.
664 3440 797 3494 ltem
836 3441 1129 3496 Ratramno
1159 3458 1256 3513 pro
1297 3443 1532 3514 quadam
1563 3449 1875 3519 praestaria,

247 3545 414 3601 quam
438 3528 727 3584 Amalraus
753 3530 1053 3585 canonicus
1092 3532 1307 3599 habuit,
1359 3541 1414 3588 et
1455 3534 1629 3605 ipsius
1660 3538 1875 3594 obitum

249 3619 752 3674 oollaborationem
798 3619 918 3688 ejus
964 3619 1109 3674 idem
1172 3623 1502 3693 praepositus
1562 3625 1729 3699 diripi
1755 3629 1879 3697 jus-

248 3721 415 3765 serat.
450 3713 802 3781 Quapmpter
848 3714 1285 3769 excommunicat
1333 3732 1484 3784 eum,
1548 3718 1600 3772 in
1652 3736 1797 3790 pane
1826 3729 1881 3777 et

252 3820 401 3876 aqua
484 3805 856 3875 constituens,
936 3814 1044 3861 tam
1102 3806 1278 3878 ipsum
1351 3827 1515 3882 quam
1580 3814 1880 3885 complices

252 3893 374 3960 ejus
432 3894 491 3948 in
549 3894 655 3950 hoc
707 3894 870 3960 facto,
931 3895 1111 3951 donec
1179 3898 1538 3955 restituantur
1586 3901 1703 3957 haec
1756 3920 1879 3974 quae

250 3984 459 4052 injuste
517 3985 878 4040 abstulerant.
941 3986 1183 4043 Althario
1234 3988 1375 4060 [ms.,
1444 3991 1707 4063 Alchano]
1759 3994 1881 4058 cui-

253 4078 378 4130 dam
402 4074 685 4130 sacerdoti
715 4076 801 4129 vel
834 4076 1068 4143 decano,
1098 4093 1199 4149 pro
1230 4078 1557 4151 presbytero
1587 4081 1661 4136 de
1698 4082 1882 4139 Eccle-

251 4166 335 4219 sia
387 4163 759 4229 Vindonissae,
838 4182 1003 4238 quem
1091 4166 1400 4223 Leutardus
1459 4171 1650 4226 senior
1705 4173 1882 4244 ipsius

252 4257 403 4311 villae
432 4256 616 4331 legem
664 4263 719 4312 et
765 4272 987 4312 omnem
1037 4259 1420 4315 auctoritatem
1449 4261 1518 4317 de
1551 4263 1671 4333 ipsa
1700 4280 1880 4336 expu-

255 4352 398 4407 lerat
429 4352 695 4418 Ecclesia,
728 4358 782 4407 et
810 4352 965 4407 alteri
997 4353 1322 4425 presbytero
1366 4371 1433 4409 ex
1493 4355 1603 4411 alio
1662 4357 1883 4427 episco-

258 4456 395 4517 patu
420 4445 677 4500 eamdem
706 4446 1004 4501 Ecclesiam
1054 4447 1424 4504 commiserat.
1462 4449 1631 4514 Quem
1650 4450 1883 4520 presby-

254 4544 442 4592 terum
496 4535 955 4606 superinductum
1011 4535 1472 4603 excommunicat,
1535 4552 1605 4592 ne
1655 4537 1708 4592 in
1731 4538 1884 4593 omni

260 4628 526 4685 Remensi
559 4627 821 4699 parochia
857 4627 1080 4682 missam
1120 4627 1405 4683 celebrare
1436 4636 1748 4700 praesumat,
1781 4646 1882 4685 ne-

256 4735 373 4793 que
427 4717 879 4774 communionem
946 4715 1376 4772 ecclesiasticam
1457 4717 1710 4788 accipiat,
1773 4718 1879 4775 nisi

258 4809 407 4863 forte
462 4821 664 4860 munus
713 4805 997 4873 viaticum,
1051 4806 1235 4881 gravis
1287 4805 1639 4876 aegritudinis
1692 4823 1877 4872 causa,

259 4908 319 4957 et
361 4901 471 4957 hoc
492 4900 588 4964 ita,
619 4906 680 4954 ut
703 4913 831 4954 mox
879 4898 926 4953 si
965 4897 1325 4962 convaluerit,
1384 4898 1455 4954 de
1487 4900 1750 4970 parochia
1780 4902 1883 4956 ista

263 4991 509 5047 recedat.
540 4988 895 5044 Parochianis
938 4998 1124 5042 autem
1178 4988 1433 5043 Ecclesiae
1468 4989 1743 5059 praedictae
1775 5007 1880 5046 au-

261 5079 523 5134 ctoritate
560 5077 658 5131 Dei
714 5077 939 5149 praecipi
1000 5077 1181 5146 jubet,
1240 5084 1299 5132 ut
1342 5078 1549 5135 nullius
1574 5079 1881 5151 presbyteri

264 5170 494 5225 missam
520 5170 575 5223 in
602 5167 795 5222 eadem
829 5167 1064 5223 ecclesia
1092 5167 1339 5231 audiant,
1362 5167 1465 5221 nisi
1500 5168 1649 5222 illius
1681 5168 1884 5237 injuste

261 5261 483 5332 expulsi
538 5258 870 5330 presbyteri,
901 5258 1081 5312 donec
1138 5257 1315 5328 ipsius
1360 5273 1525 5312 causa
1552 5256 1880 5326 difﬁniatur,

264 5352 377 5405 nisi
399 5350 543 5405 forte
575 5349 722 5404 idem
761 5347 1049 5420 presbyter
1073 5362 1172 5418 pro
1204 5347 1522 5403 infirmitate
1553 5347 1636 5402 eis
1663 5348 1882 5403 missam

264 5436 557 5495 celebrare
586 5454 696 5493 non
719 5436 980 5508 potuerit,
1012 5446 1066 5491 et
1096 5444 1311 5491 caetera.
1348 5436 1637 5491 Altmanno
1688 5451 1885 5491 mona-

260 5529 392 5594 cho,
427 5535 592 5599 atque
619 5527 963 5598 presbytero,
983 5540 1148 5596 quem
1171 5525 1362 5596 procul
1386 5524 1723 5581 obedientiaa
1753 5542 1886 5581 cau-

260 5633 327 5673 sa
355 5617 652 5683 direxerat,
700 5631 802 5687 pro
851 5616 959 5683 his,
999 5630 1125 5688 quae
1154 5614 1441 5671 invenerat
1462 5614 1519 5669 in
1550 5614 1881 5686 quibusdam

1973 2271 2267 2340 rationem,
2300 2275 2448 2330 unde
2502 2276 2593 2332 ille
2640 2286 2886 2335 metuere
2912 2280 3215 2351 ferebatur,
3246 2303 3420 2357 quare
3446 2290 3599 2344 scili-

1968 2371 2054 2418 cet
2084 2364 2203 2434 ipse
2231 2367 2517 2423 ordinatos
2539 2369 2608 2423 ab
2633 2369 2821 2426 Ebone
2840 2382 2961 2442 post
2979 2389 3132 2429 suam
3154 2378 3590 2448 depositionem,

1967 2471 1998 2509 a
2024 2456 2295 2530 gradibus
2323 2460 2567 2529 acceptis
2609 2463 2926 2526 removerit,
2962 2474 3016 2520 et
3046 2468 3284 2538 qualiter
3316 2479 3443 2540 post
3463 2487 3584 2527 mo-

1967 2546 2098 2602 dum
2156 2552 2490 2606 sententiam
2560 2569 2716 2608 suam
2791 2561 3197 2627 temperaverit.
3287 2562 3588 2619 Rodoardo

1965 2641 2283 2711 praeposito,
2332 2650 2389 2698 et
2440 2645 2655 2699 caeteris
2706 2645 2967 2703 fratribus
3013 2652 3298 2707 canonicis
3336 2654 3594 2712 Ecclesiae

1972 2731 2282 2797 Remensis,
2338 2748 2439 2803 pro
2508 2735 2825 2805 receptione
2882 2736 3177 2795 Odalhardi
3226 2751 3283 2796 et
3342 2743 3589 2799 Waltarii

1974 2828 2233 2891 nepotum
2269 2821 2416 2876 Isaac
2464 2823 2713 2894 cpiscOpi
2767 2824 3151 2899 Lingonensis,
3205 2831 3299 2901 qui
3348 2831 3417 2886 ab
3478 2834 3597 2904 ipsa

1975 2912 2403 2987 congregatione
2423 2912 2803 2987 irregulariter
2829 2917 3224 2987 discesserant,
3238 2924 3597 2996 praecipitque

1974 3020 2085 3076 quo
2116 3006 2282 3061 modo
2312 3006 2511 3077 recipi,
2551 3015 2605 3063 et
2635 3008 2872 3079 qualiter
2902 3010 3093 3066 haberi
3147 3013 3231 3068 vel
3277 3017 3592 3072 conservari

1976 3091 2271 3148 debeant:
2331 3095 2536 3166 quibus
2593 3096 2757 3152 etiam
2832 3115 2931 3170 pro
2985 3102 3302 3158 reversione
3350 3103 3595 3174 ipsorum

1975 3182 2432 3237 commonitorias
2498 3184 2774 3241 direxerat
2830 3187 3061 3244 litteras.
3131 3191 3233 3246 Pro
3282 3194 3603 3264 receptione

1978 3286 2201 3343 quoque
2259 3272 2562 3348 Adalgaudi
2621 3275 2765 3345 [ms.,
2816 3278 3159 3351 Addagaudi]
3208 3281 3428 3337 diaconi
3489 3290 3598 3338 tam

1977 3361 2284 3427 canonicis,
2328 3379 2492 3433 quam
2537 3365 2827 3420 monachis
2869 3367 3082 3433 scribit,
3144 3371 3447 3427 ostendens
3470 3388 3597 3427 eum

1978 3452 2156 3522 quise
2181 3461 2579 3525 recognoverat
2608 3471 2709 3525 per
2751 3472 2905 3512 suam
2967 3460 3362 3535 negligentiam
3426 3462 3602 3533 ipsius

1979 3542 2279 3599 offendisse
2309 3545 2576 3613 animum,
2598 3563 2657 3601 se
2680 3546 2735 3601 in
2774 3550 2988 3622 gremio
3014 3567 3127 3606 suae
3156 3552 3505 3620 delectionis,
3548 3562 3604 3610 et

1979 3635 2327 3706 paternitatis
2354 3637 2655 3708 recepisse,
2706 3656 2985 3712 quemque
3014 3642 3257 3717 benigne
3282 3660 3345 3698 ac
3368 3643 3605 3699 familia-

1979 3724 2113 3778 riter
2138 3724 2382 3791 fratrem,
2425 3732 2480 3780 et
2519 3725 2690 3781 filium
2745 3728 2972 3799 suscipi,
3030 3738 3085 3784 et
3129 3730 3489 3803 benignitatis
3546 3733 3599 3788 ei

1980 3811 2253 3867 beneﬁcia
2275 3813 2434 3881 jubet
2466 3814 2733 3885 impendi.
2773 3817 2876 3871 Pro
2902 3832 3014 3887 quo
3031 3834 3121 3872 rex
3167 3819 3337 3873 etiam
3364 3819 3606 3874 Ludovi-

1981 3920 2078 3961 cus
2099 3906 2437 3976 precatorias
2475 3907 2526 3961 ei
2561 3924 2662 3979 per
2695 3910 2953 3963 eumdem
3005 3908 3301 3964 direxerat.
3346 3910 3599 3968 Rotfrido

1982 4002 2300 4072 praeposito,
2334 4018 2433 4073 pro
2463 4001 2810 4057 correctione
2859 4002 2917 4073 [i,
2960 4002 3331 4073 correptione]
3353 4001 3603 4058 Odelcal-

1984 4095 2032 4151 ci
2066 4095 2346 4162 monachi,
2375 4098 2539 4167 quem
2588 4093 2841 4149 audierat
2900 4093 3318 4149 inobedientem
3346 4094 3603 4161 existere,

1984 4190 2038 4239 et
2067 4176 2223 4238 duris
2274 4183 2545 4252 moribus,
2596 4199 2821 4256 suaeque
2877 4183 3180 4238 voluntatis
3210 4199 3332 4238 esse
3362 4184 3609 4255 pertina-

1985 4289 2128 4341 cem,
2158 4272 2296 4328 dans
2315 4273 2569 4344 exempla
2598 4289 2768 4328 sacrae
2797 4272 3161 4337 auctoritatis,
3192 4288 3313 4344 quae
3337 4272 3417 4327 illi
3450 4272 3607 4347 lege-

1909 4375 2193 4448 Drentur,
2253 4375 2313 4421 ut
2379 4382 2439 4421 se
2494 4366 2817 4439 corrigeret.
2882 4365 3143 4421 Gontario
3185 4376 3239 4420 et
3288 4366 3602 4421 Odelhardo

1985 4458 2503 4530 archipresbyteris,
2518 4459 3005 4515 commonitorium
3028 4458 3339 4514 ministerio
3359 4460 3601 4530 ipsorum

1983 4554 2172 4617 aptum
2206 4544 2473 4600 describit
2522 4547 2578 4600 in
2618 4547 2876 4618 capitulis
2922 4547 3210 4603 tredecim.
3262 4547 3598 4619 Gontramno

1986 4639 2045 4711 [i,
2078 4638 2433 4710 Guntramne]
2492 4639 2809 4710 praeposito,
2864 4655 2962 4710 pro
3010 4639 3227 4694 tamulis
3279 4640 3601 4695 monasterii

1982 4728 2086 4783 sibi
2116 4728 2419 4795 commissi,
2448 4727 2545 4800 qui
2576 4744 2704 4784 suas
2754 4728 3012 4795 terrulas,
3054 4737 3111 4783 et
3137 4728 3329 4784 debita
3359 4729 3462 4783 sibi
3499 4729 3603 4783 sti-

1982 4817 2577 4892 pendiaquerebantur
2619 4816 2823 4871 auferri
2868 4817 2937 4871 ab
2988 4833 3077 4884 eo,
3130 4817 3277 4888 quod
3317 4816 3601 4872 emendari

1983 4915 2288 4971 secundum
2329 4913 2475 4985 quod
2527 4912 2738 4980 justum
2807 4910 2994 4979 fuerit,
3044 4910 3602 4980 jubet.Gothescalco

1984 5008 2277 5071 monacho,
2310 5005 2405 5077 qui
2437 5012 2555 5060 erat
2576 5003 2864 5075 prolapsus
2891 5003 2947 5057 in
2971 5004 3247 5071 haeresim,
3275 5004 3343 5058 de
3374 5003 3603 5075 quibus-

1986 5099 2110 5154 dam
2142 5097 2434 5154 sententiis
2458 5102 2764 5160 auctorum,
2798 5111 2935 5167 quas
2965 5096 3060 5150 ille
3091 5112 3201 5151 non
3235 5095 3380 5151 bene
3401 5096 3603 5151 intelli-

1984 5191 2172 5266 gebat,
2216 5190 2304 5245 vel
2356 5187 2688 5260 exponebat,
2736 5188 2975 5242 maxime
3033 5187 3309 5259 Prosperi,
3367 5204 3598 5258 quarum

1985 5298 2207 5338 sensum
2232 5297 2334 5351 per
2357 5280 2659 5335 sententias
2683 5278 2965 5350 praecipue
3004 5278 3151 5334 beati
3183 5279 3471 5354 Augustini
3503 5294 3599 5334 ex-

1984 5374 2161 5445 ponit,
2186 5380 2241 5427 et
2267 5379 2495 5427 caeteros
2525 5370 2756 5426 idoneos
2787 5370 3051 5441 proponit
3082 5377 3253 5427 testes
3283 5368 3598 5441 apostolicae

1986 5460 2116 5516 ﬁdei
2146 5460 2428 5517 doctores:
2460 5474 2696 5531 quorum
2748 5458 3090 5530 sequendam
3120 5458 3176 5513 in
3208 5458 3468 5514 omnibus
3498 5455 3600 5509 ad-

1983 5558 2175 5607 monet
2202 5564 2323 5605 esse
2344 5548 2676 5615 doctrinam,
2695 5548 3051 5619 ostenditque
3075 5546 3405 5603 testimoniis
3427 5541 3600 5597 mani.

1984 5634 2158 5704 festis,
2188 5637 2362 5693 Deum
2394 5644 2450 5691 et
2501 5635 2647 5692 bona
2694 5635 2952 5705 praescire
3006 5640 3059 5689 et
3118 5634 3282 5699 mala,
3328 5631 3423 5688 sed
3454 5628 3597 5685 mala
