4008 6158
396 259 502 385 ῗὸθ

1517 253 1883 309 FLODOARDI
1924 252 2229 309 CANONICI
2282 254 2615 311 REMENSIS

3625 266 3741 322 260

328 414 331 419 '
412 411 599 458 antum
634 398 908 471 praescire,
946 397 1093 453 bona
1113 411 1246 451 vero
1273 403 1327 451 et
1361 396 1614 468 prmscire
1655 396 2012 467 etpraedesti-
2043 400 2217 468 Anes
2238 397 2307 452 ab
2365 400 2516 454 omni
2566 401 2944 471 perversitatis
2993 400 3185 457 fraude
3217 405 3434 476 seipsos
3484 408 3540 461 in
3573 424 3742 463 exse-

395 510 547 549 nare.
586 492 737 547 Unde
762 489 1108 562 praescientia
1132 504 1254 543 esse
1280 496 1462 559 potest
1481 488 1602 543 sine
1642 488 2005 559 praedestina-

395 582 546 637 tione
593 599 609 633 :
662 577 1073 649 praedestinatio
1117 585 1298 632 autem
1354 592 1466 632 non
1509 583 1833 648 potestesse
1885 576 2005 631 sine

393 669 757 742 praiscientia,
787 678 843 723 et
864 669 995 740 quia
1044 668 1225 724 bonos
1262 668 1541 739 praescivit
1566 676 1620 722 et
1645 667 2006 739 praedestina-

392 763 471 818 vit
496 763 564 817 ad
586 777 819 837 regnum
847 779 861 826 ;
892 762 1064 816 malos
1094 769 1277 815 autem
1310 760 1587 831 praescivit
1632 766 1864 823 tantum,
1892 774 2006 814 non

392 850 825 923 prasdestinavit,
861 866 963 904 nec
989 856 1050 904 ut
1074 849 1321 919 perirent
1350 865 1453 903 sua
1476 848 1824 919 praescientia
1855 862 2009 902 com-

391 940 549 1011 pulit.
584 940 685 995 Ubi
712 937 1033 993 diffinitioni
1064 938 1417 993 subscribere
1450 937 1596 991 idem
1620 936 2008 992 Gothescalcus

390 1032 833 1104 pertinacissime
863 1029 1156 1086 recusavit.
1186 1029 1416 1101 Scripsit
1438 1044 1659 1101 quoque
1685 1028 1833 1083 idem
1856 1029 2010 1083 dom-

391 1140 495 1180 nus
523 1124 848 1178 Hincmarus
885 1123 953 1177 ad
999 1122 1299 1178 monachos
1328 1120 1722 1177 Altvillarensis
1741 1118 2005 1183 ccenobii,

392 1230 491 1285 pro
522 1214 720 1270 eodem
752 1213 1132 1279 Gothescalco,
1181 1220 1241 1267 ut
1266 1212 1313 1267 si
1340 1228 1400 1267 se
1431 1218 1875 1286 recognosceret,
1904 1224 2005 1264 an-

392 1310 614 1374 tequam
636 1303 821 1357 anima
854 1302 1004 1356 illius
1039 1301 1399 1374 egrederetur
1442 1302 1512 1355 de
1543 1314 1792 1370 corpore,
1818 1305 1873 1353 et
1892 1297 2008 1368 spi-

391 1393 607 1449 ritalem
634 1401 689 1448 et
710 1393 1054 1465 corporalem
1110 1393 1510 1448 humanitatem
1565 1390 1897 1446 exhiberent
1924 1388 2005 1442 illi

390 1487 692 1542 ostendens
748 1487 1129 1543 auctoritatem
1209 1485 1635 1547 ecclesiasticam
1694 1500 1760 1539 ex
1821 1481 2008 1538 verbis

389 1578 821 1635 orthodoxorum
879 1595 1049 1650 super
1103 1578 1420 1648 hujusmodi
1488 1573 2005 1633 excommunicatis.

387 1666 663 1740 Amalgiso
694 1674 749 1721 et
778 1666 1051 1739 Ragberto
1072 1665 1330 1721 ﬁdelibus
1357 1665 1494 1732 suis,
1520 1680 1620 1736 pro
1638 1663 1806 1718 rebus
1826 1661 2008 1717 Eccle-

390 1755 485 1809 sia:
517 1770 630 1809 suae
659 1755 715 1809 in
746 1755 1038 1827 Aquitania
1086 1755 1228 1822 sitis,
1277 1769 1376 1825 pro
1430 1753 1636 1825 quibus
1664 1749 2006 1825 Regimundo

392 1844 601 1899 litteras
648 1843 871 1898 miserat
932 1844 1239 1914 deprecans
1293 1851 1354 1897 ut
1405 1842 1613 1898 eisdem
1667 1839 1849 1894 missis
1891 1838 2008 1893 suis

393 1935 726 2007 adjutorium
750 1950 849 2006 pro
875 1935 1045 1990 rebus
1062 1935 1200 2005 ipsis
1229 1933 1612 1989 evindicandis
1635 1931 2004 2003 impenderet,

390 2027 753 2098 praecipitque
784 2026 922 2095 istis,
950 2033 1010 2081 ut
1035 2026 1255 2081 easdem
1279 2042 1372 2081 rex
1398 2041 1463 2080 ex
1480 2025 1696 2100 integro
1712 2021 2001 2093 recipiant,

390 2126 446 2173 et
470 2117 715 2173 habeant
734 2119 788 2173 in
819 2134 920 2172 sua
971 2118 1337 2189 providentia.
1387 2117 1545 2173 Petro
1576 2114 1725 2170 fideli
1752 2128 1875 2180 suo,
1904 2127 2002 2184 pro

388 2206 556 2262 rebus
600 2208 656 2262 in
715 2207 999 2279 provincia
1049 2206 1502 2273 consistentibus,
1536 2206 1758 2260 mittens
1784 2203 1849 2257 ad
1874 2218 2000 2257 eum

386 2302 653 2374 quosdam
697 2302 913 2370 fratres,
967 2303 1061 2374 qui
1110 2319 1233 2358 cum
1293 2302 1471 2374 ipsius
1500 2300 1731 2357 consilio
1759 2299 1827 2354 de
1863 2296 2003 2352 ﬁde-

372 2390 538 2445 litate
564 2407 663 2446 sua
686 2398 740 2446 et
759 2391 996 2446 utilitate
1023 2407 1205 2446 rerum
1229 2397 1548 2457 tractarent,
1570 2398 1625 2444 et
1655 2404 1741 2444 res
1772 2389 1920 2459 ipsas
1937 2402 2001 2441 ac

385 2482 654 2555 redditus,
678 2492 844 2554 atque
876 2481 1161 2538 facultates
1207 2482 1452 2553 ipsarum
1500 2481 1879 2552 disponerent.
1938 2478 2000 2532 Et

379 2573 511 2645 quia
536 2574 961 2645 audierat,quod
986 2574 1238 2645 quaedam
1256 2574 1378 2628 sine
1394 2572 1626 2629 consilio
1650 2572 1828 2642 ipsius
1850 2569 1997 2625 Petri

385 2663 586 2718 exinde
617 2661 757 2716 facta
774 2660 1030 2729 fuissent,
1058 2662 1215 2733 quasi
1241 2678 1305 2716 ex
1326 2663 1447 2731 ejus
1476 2660 1820 2723 auctoritate,
1841 2674 2000 2714 excu-

382 2763 467 2811 sat
506 2771 564 2810 se
595 2755 778 2810 nonid
800 2755 1050 2827 iussisse,
1078 2771 1184 2811 nec
1218 2756 1461 2810 voluisse
1488 2774 1505 2810 :
1530 2755 1799 2809 mandans
1820 2753 1872 2808 ei
1900 2769 1999 2824 per

380 2844 643 2915 capitula,
662 2843 900 2915 qualiter
929 2841 1150 2898 easdem
1166 2859 1256 2899 res
1269 2844 1488 2914 disponi
1510 2842 1788 2907 volebant,
1808 2850 1995 2913 etquae

381 2952 635 3008 personae
661 2936 729 2991 ab
764 2935 898 3006 ipsis
961 2936 1147 3004 rebus,
1193 2944 1249 2992 et
1286 2937 1354 2991 de
1422 2936 1625 3009 quibus
1651 2935 1798 2991 villis
1828 2935 1895 2989 ad
1935 2950 1994 2989 se

379 3025 572 3079 venire
598 3024 885 3079 deberent.
948 3023 1188 3080 Evrardo
1232 3025 1440 3081 sororis
1497 3041 1611 3080 sua:
1638 3023 1995 3099 Hildegandis

383 3117 497 3174 filio
529 3118 616 3173 vel
644 3133 872 3193 genere,
904 3118 1125 3174 instruit
1153 3118 1361 3190 scripto
1387 3118 1622 3191 qualiter
1649 3134 1780 3191 erga
1810 3117 1996 3173 Ludo-

384 3211 566 3266 vicum
622 3226 807 3282 regem
852 3210 1360 3266 Transrhenensem
1420 3227 1481 3266 se
1509 3225 1707 3285 gerere
1746 3209 1995 3277 deberet,

386 3319 457 3359 ne
486 3318 647 3357 suum
687 3302 927 3370 alodem,
961 3319 1126 3374 quem
1168 3304 1223 3358 in
1254 3304 1598 3359 Allemannia
1637 3303 1899 3370 habebat,
1928 3303 1996 3358 ab

385 3407 452 3448 eo
483 3391 746 3459 auferret,
789 3409 891 3464 pro
957 3409 1023 3449 eo
1066 3394 1213 3466 quod
1271 3394 1446 3466 ipsius
1508 3395 1814 3451 dominium
1846 3395 1994 3450 idem

387 3485 659 3540 Evrardus
687 3485 986 3541 dimiserat.
1042 3487 1145 3543 Pro
1189 3503 1298 3560 quo
1353 3488 1516 3544 etiam
1548 3489 1789 3560 praefatae
1820 3487 1995 3544 sorori

382 3594 497 3633 sua:
523 3579 737 3649 scribit,
769 3587 966 3651 petens
987 3587 1047 3637 ut
1077 3581 1223 3636 illius
1253 3580 1518 3638 domuum
1572 3582 1876 3654 prudenter
1902 3596 1993 3637 or-

383 3672 537 3728 dinet
561 3678 727 3744 atque
770 3674 1050 3746 disponat.
1110 3675 1350 3731 Plebeiis
1407 3691 1628 3748 quoque
1660 3675 1991 3749 quibusdam

378 3761 654 3832 personis,
679 3762 928 3817 villarum
986 3763 1199 3820 scilicet
1243 3763 1718 3831 ministerialibus,
1775 3780 1873 3836 pro
1902 3780 1994 3820 re—

378 3847 483 3904 bus
510 3848 946 3907 ministeriorum
992 3867 1218 3908 suorum
1276 3868 1676 3926 nonnunquam
1716 3854 1991 3924 scribens,

377 3943 683 4014 prudenter
727 3952 893 4018 atque
936 3946 1339 4003 rationabiliter
1372 3948 1727 4021 disponebat,
1757 3949 1994 4021 qualiter

376 4048 465 4089 res
491 4033 600 4088 sibi
658 4036 980 4090 commissas
1025 4042 1261 4093 tractare
1309 4037 1601 4093 deberent.
1653 4038 1993 4093 Generaliter

373 4124 540 4181 etiam
571 4140 765 4180 omnes
801 4126 909 4181 sibi
941 4127 1265 4183 commissos
1319 4134 1429 4182 tam
1462 4128 1671 4196 verbis,
1700 4144 1865 4200 quam
1894 4129 1990 4184 lit-

375 4217 509 4273 teris
528 4217 829 4284 instruens,
854 4218 1124 4274 edocebat
1151 4220 1391 4291 qualiter
1436 4221 1605 4288 juste,
1634 4221 1723 4291 pie
1755 4228 1810 4277 et
1838 4228 1988 4277 caste

374 4308 643 4374 viverent,
703 4325 865 4380 quam
931 4317 1247 4365 reverenter
1300 4317 1466 4382 atque
1523 4311 1721 4367 devote
1773 4311 1986 4381 jejunia

373 4396 675 4453 constituta
694 4405 1041 4453 tractarent:
1098 4414 1196 4470 pro
1228 4400 1315 4454 his
1370 4399 1465 4472 qui
1512 4399 1806 4470 obiissent,
1873 4410 1983 4458 tam

416 4452 425 4453 ,
524 4452 527 4453 ν
844 4452 847 4453 ν
912 4452 919 4453 ,
1376 4452 1463 4472 1“-
1521 4452 1806 4470 -..__‘___-_,
1876 4452 1983 4458 η---

374 4487 670 4560 episcopis,
702 4505 865 4562 quam
897 4488 1018 4544 aliis
1045 4488 1473 4563 quibuscunque
1500 4493 1777 4573 personis,
1809 4495 1988 4564 quali—
2009 4452 2069 4521 D

374 4585 456 4635 ter
484 4578 698 4635 Domini
769 4582 1117 4637 clementiam
1162 4591 1472 4652 exorarent,
1535 4591 1589 4640 et
1626 4591 1686 4640 ut
1741 4601 1990 4658 personae

375 4667 484 4724 Deo
515 4667 733 4740 placita:
788 4670 844 4724 in
896 4664 1223 4727 vacantibus
1277 4672 1616 4745 eligerentur
1666 4674 1987 4747 episcopiis,

369 4762 477 4812 tam
529 4757 756 4827 jejuniis
784 4774 948 4831 quam
1008 4760 1353 4816 orationibus
1400 4762 1691 4818 Dominum
1741 4766 1989 4835 postula-

371 4855 511 4901 rent.
559 4848 616 4901 ln
640 4847 871 4903 diversis
901 4863 1125 4921 quoque
1174 4850 1401 4922 synodis
1426 4852 1668 4923 capitula
1699 4856 1983 4920 nonnulla,

368 4945 425 4993 et
461 4938 623 4993 valde
663 4939 822 4994 utilia
861 4940 1057 5007 edidit,
1114 4941 1343 5014 suisque
1390 4943 1662 4998 servanda
1687 4944 1859 5002 dedit.
1896 4947 1985 5001 Di-

368 5025 547 5082 versis
589 5041 692 5083 nec
722 5043 834 5082 non
866 5028 1129 5085 Ecelesiis
1171 5044 1283 5086 sum
1313 5029 1644 5100 dimceseos,
1677 5034 1915 5091 maxime
1934 5036 1981 5091 si

368 5116 691 5191 contigisset
720 5116 1037 5188 pastoribus
1060 5116 1294 5186 viduari,
1338 5121 1708 5177 consolatorie
1738 5122 1984 5197 dirigens

364 5207 589 5279 scripta,
633 5208 874 5280 qualiter
901 5226 933 5264 a
968 5209 1078 5266 Deo
1115 5209 1349 5281 primum
1382 5212 1700 5283 hujusmodi
1733 5220 1980 5276 solamen

367 5300 735 5370 requirerent,
788 5301 1144 5357 instruebat:
1201 5304 1439 5375 qualiter
1497 5308 1660 5364 etiam
1693 5315 1981 5370 aterrenis

367 5387 710 5459 principibus
738 5389 967 5446 liberam
1010 5391 1117 5446 sibi
1162 5393 1723 5467 concediquaererent
1753 5403 1981 5459 electio-

364 5490 514 5541 nem,
546 5483 682 5532 etut
708 5478 1068 5549 impetrarent
1106 5488 1213 5537 tam
1250 5500 1349 5555 per
1379 5486 1645 5558 seipsum,
1679 5507 1841 5562 quam
1877 5509 1977 5563 per

361 5564 576 5622 litteras
602 5575 655 5623 et
698 5569 910 5645 legatos
957 5587 1086 5628 suos
1133 5574 1417 5631 elaborare
1465 5580 1745 5637 studebat.
1786 5584 1971 5656 tmpe-

360 5662 655 5715 tratavero
702 5660 940 5731 qualiter
988 5672 1327 5729 exercerent,
1378 5671 1430 5719 et
1460 5669 1741 5737 quomodo
1764 5671 1973 5731 immu-

2115 490 2343 560 quendo
2374 492 2738 561 custodirent,
2783 494 2909 549 data
2940 493 3114 550 forma
3145 495 3436 552 electionis
3467 498 3741 554 edorcere

2108 581 2353 643 curabat.
2415 582 2482 637 ad
2533 581 2740 636 nullam
2795 583 3112 655 specialiter
3161 584 3478 652 intendens,
3533 603 3742 658 perso-

2109 688 2232 727 nam
2258 691 2272 739 ;
2304 673 2403 728 sed
2425 689 2547 745 quae
2577 674 2932 730 concorditer
2959 675 3028 729 ab
3061 676 3342 742 omnibus,
3370 677 3455 731 vel
3516 678 3738 732 utiliter

2107 780 2139 819 a
2168 765 2423 836 pluribus
2445 780 2507 820 ac
2534 766 2861 821 melioribus
2892 767 3213 843 eligeretur,
3247 768 3567 827 attendens.

2698 872 2909 928 CAPUT
2946 873 3125 928 XXIX.

2107 961 2183 1014 De
2205 959 2344 1016 libro
2369 963 2509 1017 edito
2539 978 2574 1017 a
2600 978 2655 1017 se
2673 963 2910 1032 qualiter
2930 964 3146 1018 Domini
3168 962 3252 1016 vel
3279 968 3591 1019 sanctorum
3617 966 3739 1019 sint

2522 1036 2790 1101 imagines
2818 1033 3156 1099 venerandae,
3186 1042 3291 1088 etc.

2180 1118 2409 1191 Scripsit
2454 1120 2621 1176 etiam
2669 1120 2869 1175 librum
2946 1120 3324 1195 ﬂagitantibus
3372 1122 3736 1194 coepiscOpis

2109 1210 2373 1266 fratribus
2401 1211 2536 1279 suis,
2578 1212 2815 1284 qualiter
2858 1212 3131 1285 imagines
3186 1212 3484 1268 Salvatoris
3531 1214 3732 1280 nostri,

2107 1302 2194 1357 vel
2223 1311 2538 1359 sanctorum
2593 1305 2769 1377 ipsius
2820 1305 3150 1361 venerandae
3189 1305 3321 1372 sint,
3352 1322 3476 1359 cum
3500 1306 3734 1379 epilogo

2108 1396 2348 1465 quodam
2378 1397 2605 1452 metrice
2629 1397 2863 1472 digesto.
2884 1398 3205 1469 Respondet
3226 1412 3447 1468 quoque
3468 1397 3536 1451 ad
3554 1398 3733 1452 inter-

2111 1483 2425 1557 rogationes
2453 1485 2737 1554 cujusdam
2764 1504 2777 1539 :
2810 1502 2908 1541 cur
2937 1494 3198 1557 apostatae
3228 1485 3510 1556 baptizati,
3536 1492 3591 1540 et
3615 1485 3730 1539 im-

2109 1575 2389 1646 positione
2418 1592 2610 1632 manus
2648 1577 2979 1649 episcopalis
3030 1576 3358 1650 consignati,
3393 1584 3545 1631 extra
3570 1576 3731 1632 ordi-

2109 1682 2236 1721 nem
2269 1667 2530 1735 diaconii,
2562 1669 2649 1723 vel
2676 1668 3006 1741 presbyterii
3033 1669 3103 1723 ad
3129 1668 3401 1742 agendam
3433 1669 3731 1739 paeniten-

2110 1754 2241 1810 tiam
2263 1773 2459 1811 manus
2510 1757 2922 1829 impositionem
2963 1757 3261 1829 accipiunt.
3293 1756 3492 1811 Scribit
3531 1764 3585 1811 et
3607 1757 3735 1811 cui—

2108 1846 2233 1902 dam
2265 1849 2683 1921 archiepiscopo
2705 1850 2773 1904 de
2787 1850 3080 1921 praecipuis
3095 1856 3333 1904 tractans
3359 1849 3732 1903 sacramentis

2108 1941 2363 1997 humanae
2384 1943 2595 1998 salutis.
2616 1944 2748 1998 Item
2761 1942 2979 1999 cuidam
2992 1943 3279 2014 episcopo,
3303 1942 3370 1996 ad
3388 1942 3733 2016 interrogata

2105 2029 2280 2102 ipsius
2319 2033 2663 2104 respondens
2719 2033 2787 2087 de
2838 2031 3283 2088 ordinationibus
3307 2031 3729 2103 episcor-orum,

2103 2123 2190 2177 vel
2223 2124 2678 2180 translationibus
2734 2124 2802 2179 de
2856 2124 3076 2179 civitate
3116 2124 3184 2179 ad
3214 2124 3488 2179 civitatem
3527 2142 3539 2177 :
3575 2124 3731 2178 etde

2102 2214 2336 2273 Actardo
2389 2217 2743 2272 Namnetensi
2791 2216 3073 2288 episcopo,
3106 2216 3197 2288 qui
3229 2216 3488 2287 expulsus
3521 2232 3553 2270 a
3581 2232 3731 2287 quo-

2103 2309 2229 2363 dam
2260 2308 2542 2365 Britonum
2572 2309 2732 2376 duce,
2788 2309 2843 2363 in
2891 2317 3121 2364 vacante
3147 2308 3441 2364 Morinensi
3475 2308 3731 2363 Ecclesia

2100 2398 2425 2470 aliquandiu
2456 2399 3033 2469 demoratus,petente
3059 2398 3208 2454 clero
3221 2414 3283 2453 ac
3315 2397 3476 2469 plebe
3492 2398 3732 2469 provin-

2099 2487 2197 2543 ciae
2217 2488 2574 2554 Turonensis,
2594 2495 2649 2542 et
2665 2487 3133 2543 convenientibus
3145 2487 3507 2558 episcOpis,in
3522 2486 3731 2541 eadem

2099 2578 2395 2648 metropoli
2426 2576 2529 2632 fuit
2558 2576 2955 2631 incardinatus.
2993 2577 3127 2630 Item
3169 2575 3382 2630 cuidam
3440 2575 3619 2641 fratri,
3651 2576 3728 2631 de

2102 2666 2351 2733 homine,
2383 2665 2477 2737 qui
2520 2680 2642 2721 cum
2674 2665 2909 2737 quadam
2946 2664 3149 2719 femina
3183 2664 3504 2723 concubuit.
3537 2674 3595 2719 et
3624 2680 3734 2735 po-

2099 2764 2219 2813 stca
2245 2772 2489 2813 sororem
2509 2756 2753 2828 ipsuusin
2780 2755 3100 2829 conjugium
3115 2754 3288 2809 duxit.
3321 2754 3522 2808 Scribit
3548 2754 3726 2809 etiam

2100 2854 2303 2916 (supra,
2333 2862 2458 2916 cap.
2479 2845 2566 2916 21)
2597 2844 2909 2919 apologiam
2925 2859 3025 2915 pro
3038 2860 3120 2911 se,
3144 2844 3322 2898 cuncti
3337 2858 3365 2896 s
3384 2859 3506 2898 eam
3531 2844 3728 2916 legere

2096 2937 2418 2992 volentibus
2448 2944 2640 2992 contra
2661 2952 2756 2991 eos
2777 2935 2873 3008 qui
2893 2934 3213 2990 calumniati
3241 2934 3540 2989 suntillum
3570 2936 3727 3005 apud

2096 3029 2365 3084 Joannem
2399 3044 2620 3100 papam,
2648 3028 2742 3099 qui
2792 3027 3064 3099 synodum
3097 3026 3289 3081 habuit
3345 3026 3631 3097 Trecas(i,
3671 3029 3725 3081 1.

2096 3121 2321 3192 Trecis),
2354 3137 2384 3175 a
2405 3136 2513 3192 quo
2531 3127 2584 3175 et
2610 3119 3013 3192 benigueidem
3064 3118 3263 3190 praesul
3285 3118 3727 3189 suscipiebatur,

2100 3212 2306 3284 quibus
2331 3221 2386 3268 et
2424 3212 2479 3266 in
2512 3212 2724 3283 synodo
2784 3219 2912 3267 tunc
2948 3210 3235 3282 respondit
3291 3226 3391 3281 pro
3438 3219 3726 3281 tempore,

2102 3304 2453 3374 postmodum
2486 3318 2614 3357 vero
2673 3317 2935 3356 excusare
2967 3317 3025 3355 se
3058 3300 3256 3356 litteris
3302 3316 3411 3355 non
3453 3301 3727 3375 neglexit.

2100 3410 2356 3450 asserens
2386 3411 2444 3450 se
2470 3392 2778 3449 decretales
2796 3392 3064 3464 epistolas
3096 3391 3412 3462 pontificum
3442 3392 3731 3449 Romano-

2098 3506 2219 3544 rum
2251 3488 2646 3545 venerabiliter
2694 3487 2979 3558 suscipere
3011 3492 3174 3557 atque
3219 3494 3431 3552 tenere,
3461 3502 3588 3541 cum
3625 3503 3731 3541 ca-

2096 3578 2502 3634 lumniarentur
2533 3578 2763 3645 inimici,
2796 3578 2895 3632 has
2926 3593 3050 3632 eum
3075 3578 3223 3632 nolle
3244 3577 3311 3632 ad
3327 3578 3725 3633 auctoritatem

2097 3669 2367 3739 recipere.
2402 3669 2535 3723 Item
2554 3667 2623 3721 de
2673 3667 2891 3722 Nicama
2919 3665 3153 3737 synodo,
3187 3673 3243 3721 et
3273 3666 3341 3720 de
3372 3666 3725 3735 abjectione,

2094 3762 2180 3816 vel
2211 3761 2559 3818 restitutione
2617 3760 2893 3816 Hincmari
2927 3759 3310 3815 Laudunensis
3340 3760 3609 3832 episcOpi.
3646 3762 3728 3817 De

2097 3855 2199 3911 hoc
2228 3871 2449 3928 quoque
2498 3854 2646 3926 quod
2711 3853 3190 3909 ealumniabantur
3216 3869 3342 3909 eum
3382 3853 3570 3909 dicere
3604 3870 3724 3909 non

2092 3948 2322 4017 majoris
2342 3947 2630 4022 dignitatis
2660 3962 2782 4002 esse
2814 3962 3009 4018 papam
3043 3946 3370 4011 Romanum,
3391 3962 3555 4018 quam
3590 3949 3723 4002 exi-

2094 4044 2267 4093 steret
2295 4037 2433 4109 ipse.
2459 4035 2567 4091 Sed
2598 4041 2653 4091 et
2681 4034 2752 4089 de
2780 4034 3170 4101 Karlomanno,
3199 4044 3256 4089 et
3285 4033 3409 4089 aliis
3437 4034 3724 4090 conviciis

2091 4130 2201 4186 sibi
2234 4148 2335 4202 per
2362 4129 2697 4187 calumniam
2725 4128 2913 4193 illatis,
2942 4128 3013 4184 de
3033 4127 3376 4201 quibuscum
3391 4128 3598 4184 veritas
3618 4146 3723 4184 ex-

2092 4216 2392 4272 cusabilem
2425 4216 2686 4273 reddidit.
2706 4216 2937 4288 Scripsit
2962 4224 3231 4288 pmterea
3261 4218 3437 4288 plura,
3489 4216 3558 4271 ad
3586 4236 3723 4290 qua:

2092 4323 2195 4364 nos
2222 4309 2599 4365 enumeranda
2621 4307 2875 4365 sufficere
2894 4324 3005 4364 non
3037 4315 3315 4380 putamus.

2695 4434 2903 4492 CAPUT
2940 4436 3093 4492 XXX.

2090 4528 2165 4581 De
2190 4527 2544 4582 translatione
2576 4527 2816 4595 corporis
2857 4528 3034 4581 sancti
3058 4527 3291 4593 Remigii
3310 4542 3345 4580 a
3378 4530 3725 4583 monasterio

2375 4599 2570 4666 ipsius,
2599 4601 2649 4651 et
2675 4596 2825 4651 obitu
2860 4599 3148 4652 Hincmari
3165 4599 3416 4669 episcopi.

2162 4686 2616 4743 Excrescentibus
2638 4687 2859 4743 tandem
2903 4687 3145 4759 ﬂagitiis,
3178 4697 3368 4744 contra
3388 4704 3510 4759 quae
3532 4689 3720 4745 veluti

2090 4791 2276 4830 murus
2316 4775 2767 4851 inexpugnabilis
2783 4792 3006 4847 semper
3034 4777 3344 4843 obstiterat,
3375 4792 3511 4849 gens
3542 4776 3720 4833 Nort-

2087 4879 2413 4920 mannorum
2446 4880 2546 4935 per
2571 4879 2736 4920 omne
2769 4864 3098 4920 Francorum
3116 4864 3441 4921 diffunditur
3464 4881 3719 4940 regnum

2086 4956 2390 5027 (Amemus,
2423 4957 2518 5012 lib.
2550 4975 2604 5025 v,
2623 4973 2670 5012 c.
2692 4957 2802 5029 4t).
2838 4958 2898 5014 Et
2924 4959 3188 5030 quoniam
3215 4959 3408 5015 civitas
3426 4959 3547 5014 haec
3572 4966 3721 5015 tunc

2084 5048 2296 5121 absque
2333 5066 2491 5106 muro
2557 5050 2931 5117 habitabatur,
2964 5054 3245 5124 accipiens
3276 5053 3371 5109 ille
3402 5053 3552 5124 quod
3595 5053 3720 5110 sibi

2082 5138 2380 5195 chariusin
2407 5140 2683 5196 thesauris
2722 5140 2985 5208 habebat,
3017 5158 3221 5214 corpus
3251 5142 3507 5198 videlicet
3553 5142 3715 5198 beati

2083 5228 2341 5300 Remigii,
2370 5228 2641 5285 silvestria
2671 5230 2792 5286 loca
2823 5238 2974 5285 trans
3014 5230 3241 5287 fluvium
3261 5231 3564 5287 Matronam
3600 5248 3717 5286 ex-

2081 5317 2261 5388 petiit,
2293 5326 2346 5373 et
2375 5318 2521 5389 apud
2573 5319 2757 5374 villam
2789 5320 3123 5390 Sparnacum
3153 5321 3300 5375 idem
3331 5335 3547 5374 sacrum
3581 5337 3720 5376 cor-

2082 5422 2187 5478 pus
2205 5406 2526 5478 aliquandiu
2558 5407 2869 5464 custodivit.
2907 5408 3156 5480 Denique
3186 5408 3314 5464 dum
3344 5408 3552 5463 ibidem
3578 5425 3714 5465 mo-

2083 5504 2316 5563 raretur,
2339 5497 2484 5567 apud
2514 5498 2767 5553 eamdem
2802 5498 2987 5554 villam
3020 5498 3168 5555 diem
3200 5499 3395 5555 clausit
3420 5497 3713 5565 ultimum,

2076 5586 2446 5658 cujuscorpus
2463 5588 2531 5643 ad
2564 5590 2961 5646 monasterium
2991 5590 3164 5646 sancti
3184 5589 3413 5663 Remigii
3443 5590 3714 5659 relatum,

2078 5678 2471 5750 etpostipsius
2497 5680 2674 5737 sancti
2706 5682 2978 5738 tumulum
3003 5682 3060 5737 in
3092 5682 3371 5754 sepulcro,
3400 5683 3547 5752 quod
3580 5681 3713 5752 ipse
