4008 6158
198 283 285 337 261
824 274 1151 332 HISTORIIE
1192 276 1541 332 ECCLESLE
1576 275 1904 332 REMENSIS
1944 275 2123 331 LIBRI
2164 276 2492 342 QUATUOR.
2519 311 2589 321 —
2627 282 2755 338 LIB.
2780 284 2845 339 IV

195 419 293 474 sibi
322 424 735 489 praeparaverat,
786 424 868 472 est
903 414 1210 486 sepultum.
1259 415 1434 486 Cujus
1466 414 1805 487 epitaphium
1833 425 1882 494 Α

197 507 259 561 ab
289 521 353 562 eo
374 505 636 559 dictatum
665 504 894 560 habetur
920 503 1271 575 hujusmodi.

253 597 459 647 Nomine
479 611 580 646 non
608 596 789 653 merito,
812 595 990 659 praesul
1020 594 1353 653 Hincmarus,
1373 593 1442 659 ab
1466 602 1610 644 antro

310 663 396 721 Te,
436 662 604 719 lector,
628 659 772 715 tituli,
798 657 976 722 quaso,
998 665 1262 722 memento
1281 657 1404 722 mei.

252 718 405 786 Quem
431 737 573 787 grege
603 718 840 787 pastorem
869 719 1070 787 proprio
1094 718 1379 787 Dyonisius
1395 719 1517 768 olim

310 782 585 856 Remorum
604 782 821 856 "populis,
857 790 911 831 ut
926 782 1139 856 petiere,
1154 782 1329 853 dedit.

247 851 465 914 Quisque
490 843 695 914 humilis
718 859 904 914 magna:
926 843 1197 914 Bernensis
1210 843 1444 907 regmina
1470 843 1630 907 plebis

312 906 433 973 Regi
464 925 559 981 pro
583 908 792 979 modulo,
806 906 897 955 ’hic
923 906 1074 981 modo
1095 906 1285 955 verme
1309 919 1475 955 voror.

252 976 375 1039 Ergo
388 971 593 1023 animae
614 971 825 1035 requiem
842 983 990 1027 nunc,
1018 976 1070 1018 et
1100 982 1222 1018 cum
1259 980 1411 1017 carne
1434 973 1705 1030 resumpta,

3431 294 3539 350 262

2032 412 2227 487 Gaudia
2254 413 2406 487 plena
2427 415 2560 487 mihi
2573 416 2690 487 base
2700 434 2903 487 quoque
2941 437 3091 487 posce
3119 423 3288 477 simul.

1971 474 2182 533 Christe,
2202 474 2275 525 tui
2295 476 2515 527 clemens
2539 478 2713 530 famuli
2725 474 2969 535 miserere
3001 487 3165 536 ﬁdelis
3186 474 3197 536 ἐ

2036 536 2114 601 Sis
2128 537 2215 601 pia
2239 538 2419 601 cultori
2441 549 2611 589 sancta
2630 543 2786 594 Maria
2821 555 2922 597 tuo.

1974 599 2146 672 Dulcis
2165 600 2603 672 Remigiisibimet
2632 604 2829 657 devotio
2854 610 3028 672 prosit.

2036 662 2144 721 Qua
2169 670 2220 729 te
2240 662 2422 712 dilexit
2442 674 2654 729 pectore,
2687 678 2735 717 et
2763 662 2875 729 ore:
2899 686 3074 722 manu.

1975 724 2142 798 Quare
2169 724 2251 773 hic
2283 724 2528 798 suppetiit
2547 730 2757 798 supple;
2779 724 2870 781 sua
2890 735 3117 798 membra
3142 735 3308 798 locari,

2044 785 2107 835 Ut
2130 786 2256 837 bene
2275 785 2844 857 complacuitfdenique
2868 795 2937 843 sic
2957 796 3098 846 obiit.

1920 904 2078 979 Anno
2090 904 2367 979 Dominicga
2388 907 2749 979 incarnationis
2764 912 2859 962 882
2882 929 2894 973 ;
2930 914 3256 979 Episcopatus
3275 929 3442 970 autem
3468 921 3549 971 sui

1985 967 2065 1025 32,
2098 982 2285 1027 mense,
2319 970 2348 1019 7
2380 978 2430 1020 et
2457 971 2539 1021 die
2574 983 2766 1036 quarta.

1323 1203 1720 1305 LIBER
1796 1202 2436 1313 QUARTUS

1677 1359 2043 1369 —-————_—

732 1437 934 1493 CAPUT
980 1436 1281 1492 PRIMUM.

517 1534 614 1584 atu
665 1530 924 1593 Fulcom's,
966 1533 1017 1583 et
1064 1544 1190 1598 qua:
1231 1530 1447 1597 scripta
1498 1526 1822 1595 quibusdam

558 1603 811 1657 Romanis
833 1601 1189 1670 pontiﬁcibus
1235 1599 1464 1653 diremit.

264 1708 564 1763 Praemisso
594 1707 709 1762 viro
755 1705 847 1760 Dei
908 1706 977 1760 ad
1004 1713 1199 1777 patres
1220 1720 1355 1760 suos
1397 1703 1672 1775 apposito,
1702 1719 1828 1759 suc-

198 1800 359 1855 cessit
392 1800 453 1853 in
487 1799 808 1870 episc0patu
863 1797 1127 1852 Remensi
1181 1795 1350 1851 Fulco
1402 1796 1487 1850 vir
1542 1795 1701 1850 valde
1725 1810 1827 1850 no-

200 1892 338 1956 bilis,
389 1897 451 1945 et
498 1889 759 1961 palatinis
815 1884 1071 1944 assuetus
1131 1886 1338 1943 ofliciis
1369 1904 1382 1941 :
1416 1887 1511 1958 qui
1542 1885 1672 1941 fidei
1715 1903 1826 1943 sua:

200 1992 449 2039 tenorem
508 1982 717 2037 Marino
760 1998 912 2052 papae
973 1980 1275 2054 delegans,
1333 1979 1562 2051 pallium
1613 1978 1682 2033 ab
1736 1994 1825 2048 eo,

197 2082 618 2129 antecessorum
670 2087 889 2127 suorum
920 2073 990 2127 de
1024 2088 1203 2138 more,
1235 2071 1502 2141 suscepit.
1533 2069 1627 2125 Cui
1663 2071 1826 2133 etiam

199 2161 407 2216 litteras
428 2161 584 2215 misit
604 2176 701 2232 pro
722 2161 1082 2216 concedendo
1102 2159 1296 2215 debito
1324 2159 1617 2214 Remensis
1642 2159 1828 2215 Eccle-

194 2254 285 2308 siae
312 2253 638 2328 privilegio,
669 2259 830 2324 atque
859 2268 960 2324 pro
990 2250 1489 2308 commendatione
1521 2251 1667 2325 regis
1695 2252 1830 2307 Kar-

185 2361 273 2400 om
292 2345 457 2410 anni,
492 2345 551 2399 in
585 2345 911 2417 quibusdam
944 2361 1002 2400 se
1042 2344 1327 2419 significat
1357 2345 1426 2400 ab
1451 2344 1647 2400 eodem
1683 2361 1828 2416 papa

193 2433 403 2489 dudum
420 2433 878 2507 fuissecognitum
891 2433 1391 2504 temporeJoannis
1410 2449 1588 2505 papa,
1605 2434 1828 2504 quando

190 2540 314 2578 cum
346 2524 555 2580 Karolo
595 2525 925 2595 imperatore
968 2525 1121 2580 idem
1178 2524 1346 2580 Fulco
1404 2523 1586 2579 fuerat
1617 2525 1823 2580 Romae.

196 2614 327 2668 Item
360 2630 470 2685 pro
524 2615 763 2686 quodam
800 2615 1162 2683 monasterio,
1206 2613 1359 2685 quod
1404 2613 1573 2668 frater
1627 2613 1826 2684 ipsius,

195 2706 433 2759 nomine
486 2704 718 2775 Rampo,
768 2705 837 2760 ab
888 2720 955 2761 eo
1001 2703 1270 2769 construi,
1334 2708 1664 2758 testamento
1720 2703 1826 2758 de-

199 1536 268 1588 De
292 1535 515 1603 episcop

1818 1438 1894 1507 ,Β
1922 1437 2319 1509 praedecessori
2352 1442 2529 1514 ipsius
2579 1445 2836 1515 Marinus,
2874 1449 2940 1503 ad
2968 1465 3159 1505 eorum
3195 1452 3548 1522 petitionem,

1928 1528 2078 1600 pium
2115 1531 2168 1585 in
2197 1533 2303 1589 hoc
2350 1535 2651 1605 praebuerit
2679 1554 2989 1609 assensum,
3032 1541 3263 1614 insuper
3293 1551 3347 1597 et
3379 1545 3548 1614 pallio

1884 1634 2053 1673 .eum
2112 1620 2422 1690 donaverit,
2470 1632 2526 1679 et
2572 1625 2744 1696 ipsius
2810 1628 2866 1682 in
2928 1629 3251 1702 Bituricensi
3304 1631 3547 1688 Ecclesia

1928 1713 2336 1781 promotionem
2381 1717 2603 1787 scriptis
2678 1719 3039 1787 roboraverit,
3094 1734 3200 1777 etc.
3269 1723 3548 1795 Stephano

1930 1804 2133 1874 (Steph.
2171 1808 2264 1877 VI)
2291 1824 2512 1880 quoque
2551 1811 2717 1880 hujus
2743 1813 2962 1868 Adriani
2992 1817 3298 1871 successori
3331 1817 3547 1873 litteras

1927 1892 2174 1959 mittens,
2208 1897 2509 1971 gratiarum
2576 1901 2825 1956 actiones
2872 1902 3077 1957 referre
3128 1905 3358 1971 curavit,
3392 1906 3543 1977 quod

1928 1997 2076 2051 eum,
2133 1991 2189 2039 et
2237 1986 2543 2041 Ecclesiam’
2588 1988 2767 2059 ipsius
2816 1989 3011 2045 litteris
3062 1991 3402 2062 apostolatus
3454 1994 3540 2049 sui

1928 2074 2175 2143 visitare,
2220 2088 2275 2133 et
2329 2078 2474 2133 inter
2525 2080 2706 2135 varias
2761 2082 2954 2136 mundi
3013 2099 3300 2153 pressuras
3346 2099 3547 2141 conso-

1930 2164 2029 2218 lari
2056 2164 2316 2237 dignatus
2373 2166 2555 2234 fuerit,
2598 2176 2653 2224 et
2684 2170 2812 2241 quia
2854 2169 3036 2225 fratris
3100 2187 3225 2225 eum
3271 2181 3326 2226 et
3384 2175 3547 2229 amici

1928 2253 2195 2309 vocabulo
2216 2255 2457 2310 voluerit
2516 2256 2807 2323 honorare,
2860 2258 3009 2329 quod
3052 2258 3170 2329 ipse
3204 2266 3385 2314 tamen
3411 2263 3551 2317 nolit

1929 2354 2214 2416 appetere,
2246 2347 2343 2401 sed
2375 2347 2552 2422 magis
2577 2364 2766 2403 servus
2795 2356 2850 2404 et
2870 2349 3154 2417 subjectus
3172 2350 3429 2407 existere.
3461 2353 3552 2407 Si-

1927 2432 2264 2506 gnificatque
2294 2450 2352 2488 se
2372 2435 2439 2489 ad
2456 2436 2633 2507 ipsum
2650 2453 2848 2507 papam
2877 2437 3178 2505 videndum
3197 2455 3550 2509 properasse,

1930 2524 2036 2579 nisi
2070 2541 2410 2595 paganorum
2454 2527 2748 2583 vallaretur
2786 2528 3078 2584 obsidione
3115 2546 3128 2582 :
3163 2530 3374 2601 hosque
3398 2532 3549 2588 deno

1933 2619 2141 2668 tantum
2173 2615 2431 2671 milliario
2461 2632 2601 2671 asua
2617 2616 2835 2673 civitate
2866 2618 3081 2683 abesse,
3111 2617 3385 2674 civitatem
3404 2637 3551 2691 quo-

1930 2722 2039 2777 que
2065 2706 2394 2762 Parisiorum
2422 2708 2491 2762 ab
2522 2708 2661 2780 ipsis
2694 2718 2821 2765 tunc
2847 2709 3110 2765 obsideri.
3136 2709 3283 2764 Hanc
3314 2710 3555 2766 infesta-

196 2796 488 2867 legaverat
524 2812 589 2851 ex
619 2796 785 2851 rebus
836 2812 948 2851 suae
1001 2794 1383 2866 proprietatis,
1448 2810 1587 2865 quas
1634 2801 1826 2865 postea
1855 2808 1905 2878 ί)
1931 2798 2137 2853 tionem
2152 2798 2282 2853 huic
2312 2798 2698 2874 regnoabocto
2713 2801 3003 2869 annisjam
3024 2799 3548 2870 preeteritisinferri,

195 2888 577 2943 Erminfridus
600 2889 821 2960 quidam
884 2894 1225 2959 pervaserat,
1269 2885 1367 2957 qui
1398 2900 1626 2941 uxorem
1650 2885 1828 2955 ipsius

194 2979 511 3051 Bamponis
526 2980 742 3035 viduam
759 2980 865 3034 sibi
881 2978 1372 3050 copulaverat.Pro
1388 2992 1499 3049 quo
1523 2977 1669 3031 idem
1684 2992 1828 3048 papa

190 3072 376 3140 (Joan.
426 3072 567 3139 VIII)
611 3070 846 3126 Evrardo
894 3068 1203 3125 Senonensi
1256 3067 1699 3138 archiepiscOpo,
1769 3067 1827 3122 in

190 3164 358 3232 cujus
388 3162 655 3234 parochia
699 3163 846 3218 idem
906 3168 1285 3218 constructum
1343 3158 1520 3215 fuerat
1548 3167 1830 3216 monaste-

195 3252 368 3317 rium,
405 3251 616 3307 litteras
640 3250 855 3306 direxit.
905 3251 1011 3305 Sed
1069 3258 1124 3307 et
1179 3248 1383 3304 Joanni
1407 3246 1829 3318 archiepiscopo

194 3345 663 3418 Rothomagensi,
710 3345 769 3397 in
822 3343 980 3415 cujus
1023 3343 1173 3398 idem
1203 3339 1572 3396 Erminfridus
1601 3340 1827 3395 dioecesi

195 3437 477 3511 degebat,
508 3436 837 3507 praecipiens
890 3445 949 3490 ut
989 3451 1118 3490 eum
1172 3434 1499 3489 admoneret
1522 3431 1590 3486 ab
1611 3431 1713 3487 hac
1741 3448 1830 3487 sa-

195 3542 435 3581 crarum
479 3539 655 3579 rerum
695 3524 1023 3596 pervasione
1077 3537 1319 3588 cessare,
1363 3520 1513 3591 quod
1573 3520 1620 3576 si
1651 3522 1831 3580 facere

202 3620 412 3684 nollet,
447 3617 769 3671 canonicam
793 3615 1008 3671 subiret
1029 3614 1320 3670 ultionem.
1364 3612 1670 3668 Adrianum
1698 3631 1833 3686 quo«

197 3726 312 3781 que
345 3724 555 3780 papam
584 3709 841 3776 (Adrian.
875 3709 972 3762 III.
1000 3723 1090 3761 an.
1125 3707 1250 3772 884)
1280 3704 1456 3776 ipsius
1481 3705 1672 3760 Marini
1694 3722 1828 3762 suc-

199 3814 494 3855 cessorem
521 3798 717 3852 litteris
746 3796 901 3852 initio
933 3793 1288 3867 pontificatus
1320 3794 1571 3864 ejusdem
1601 3795 1831 3852 visitare

196 3890 452 3955 studuit,
496 3888 850 3963 congaudens
903 3886 1081 3958 ipsius
1130 3886 1351 3953 honori,
1405 3894 1460 3941 et
1497 3902 1557 3941 se
1606 3886 1828 3941 Romam

194 3984 348 4039 velle
404 3990 595 4052 petere
649 3978 944 4055 signiﬁcat,
1016 3979 1064 4034 si
1123 3978 1233 4034 Deo
1281 3994 1474 4049 pacem
1525 3977 1827 4047 tribuente,

199 4074 470 4131 valuerit.
523 4072 857 4143 Exemplaria
915 4086 1134 4144 quoque
1158 4070 1573 4143 privilegiorum
1596 4087 1627 4124 a
1647 4070 1832 4127 Leone

201 4124 332 4237 (5;;
345 4124 483 4233 iv},
509 4124 1297 4236 ag.a.szsaaznii,eg
1312 4124 1536 4218 asa...
1559 4124 1830 4236 (Νίοοιξὴ
1856 4124 1914 4193 D

202 4258 577 4333 pontificibus
638 4256 897 4312 Romanis
953 4255 1211 4310 Remensi
1265 4254 1383 4310 sedi
1439 4270 1831 4310 concessorum

202 4353 345 4409 huic
402 4351 540 4422 petit
582 4350 885 4416 recitanda,
940 4355 995 4403 et
1054 4348 1217 4403 abeo
1275 4346 1382 4403 sibi
1426 4348 1829 4415 conservanda,

200 4450 265 4498 et
289 4438 623 4504 roboranda,
652 4446 817 4509 atque
844 4435 1271 4511 augmentanda.
1316 4435 1391 4490 De
1427 4434 1655 4506 praefato
1687 4452 1831 4507 quo-

202 4548 322 4603 que
343 4527 707 4592 monasterio,
759 4525 916 4594 cujus
967 4541 1056 4579 res
1112 4525 1407 4595 praedictus
1463 4525 1828 4581 Erminfridus

206 4622 516 4677 invaserat.
561 4614 830 4690 suggerit,
881 4620 942 4669 ut
992 4613 1290 4685 praemissis
1336 4614 1500 4669 etiam
1550 4614 1828 4684 archiepi-

205 4708 400 4779 scopis
420 4706 661 4762 Aurardo
713 4712 769 4760 et
796 4703 996 4759 Joanni
1053 4719 1166 4758 suae
1211 4703 1552 4759 auctoritatis
1620 4718 1830 4774 prince-

203 4798 458 4868 ptionem
489 4794 710 4869 dirigat,
748 4792 953 4863 jubens
998 4792 1133 4865 quid
1170 4794 1226 4847 in
1270 4809 1395 4848 eum
1450 4792 1570 4848 fieri
1603 4793 1825 4859 debeat,

205 4896 322 4942 etc.
364 4888 497 4941 Item
549 4899 651 4956 pro
705 4883 1186 4940 commendatione
1233 4884 1636 4956 praememorati
1683 4884 1829 4960 regis

211 4977 586 5044 Karlomanni,
618 4984 782 5048 atque
833 4991 933 5047 pro
980 4976 1306 5032 defensione
1369 4976 1636 5032 Frotharii
1669 4976 1827 5032 Bitu-

212 5067 451 5123 ricensis
472 5065 894 5137 archiepiscopi,
927 5064 1022 5136 qui
1055 5065 1335 5121 ferebatur
1363 5073 1649 5121 accusatus
1680 5066 1826 5137 apud

211 5157 473 5211 eumdem
497 5171 693 5228 papam
748 5170 847 5224 per
873 5155 1171 5225 quemdam
1214 5170 1327 5210 suae
1355 5155 1659 5211 dioeceseos
1706 5170 1859 5229 mo-_

219 5247 457 5301 nachum
506 5245 654 5318 quod
705 5244 922 5300 scilicet
969 5254 1092 5316 post
1118 5261 1233 5301 sua),
1288 5245 1525 5302 civitatis
1564 5247 1830 5316 dejectio-

216 5351 354 5391 nem
404 5355 435 5394 a
478 5337 710 5413 paganis
756 5336 974 5404 factam,
1007 5336 1064 5392 in
1108 5338 1337 5393 alterius
1384 5339 1534 5394 sedis
1589 5339 1829 5396 invasio-

212 5443 350 5484 nem
378 5439 577 5486 temere
632 5429 926 5487 insiluerit.
979 5429 1342 5503 Ostenditque
1398 5432 1547 5502 quod
1604 5431 1672 5487 ab
1698 5431 1827 5502 epi-

215 5524 403 5595 scopis
431 5525 605 5596 ipsius
635 5523 963 5590 dimceseos,
1003 5525 1268 5596 omnique
1318 5525 1467 5581 clero
1519 5533 1573 5581 et
1625 5528 1829 5599 populo

218 5609 464 5676 ejusdem
493 5611 736 5667 civitatis
789 5612 861 5667 sit
915 5612 1127 5683 peritus
1180 5620 1235 5668 et
1287 5613 1515 5683 electus,
1569 5623 1624 5671 et
1681 5618 1828 5688 quod

1929 2895 1987 2944 ut
2000 2888 2211 2943 nemini
2225 2897 2378 2944 extra
2390 2892 2614 2946 castella
2631 2892 2824 2963 procul
2838 2891 3171 2946 liberaditus
3191 2897 3379 2961 patere
3396 2892 3523 2947 vide
3537 2923 3556 2933 -

1929 2986 2100 3035 retur.
2142 2982 2305 3037 Addit
2333 2982 2576 3055 denique
2600 2984 2820 3039 audisse
2853 3000 2912 3039 se
2940 2984 3009 3039 de
3035 2983 3255 3038 insidiis
3270 3000 3550 3055 quorum-

1930 3068 2057 3122 dam
2088 3070 2487 3139 pestilentium,
2543 3088 2681 3142 quas
2729 3071 2831 3142 ipsi
2882 3086 3036 3142 papae
3066 3069 3460 3138 moliebantur,
3496 3078 3551 3126 et

1929 3159 2062 3214 satis
2090 3175 2235 3232 aegre
2257 3162 2468 3230 tulisse,
2500 3178 2778 3235 opemque
2805 3161 2970 3230 ferre,
2993 3162 3038 3216 si
3069 3162 3551 3233 licuisset,0ptare,

1932 3264 2106 3303 unum
2129 3251 2278 3321 quod
2305 3250 2495 3323 quibat
2541 3268 2728 3324 agere,
2783 3251 3044 3323 precibus
3074 3250 3333 3305 videlicet
3364 3267 3461 3321 pro
3484 3267 3553 3307 co

1931 3337 2206 3393 insistere-
2238 3340 2340 3395 Pro
2367 3340 2601 3395 Widone
2634 3342 2746 3415 (19)
2776 3356 2998 3412 quoque
3026 3339 3193 3395 affine
3233 3356 3355 3409 suo,
3383 3358 3552 3412 quem

1932 3427 2080 3482 idem
2093 3443 2236 3499 papa
2252 3429 2307 3483 in
2325 3428 2499 3484 lilium
2522 3430 3171 3501 adOptaverat,memorat
3190 3435 3297 3483 tam
3311 3443 3370 3482 se
3386 3444 3551 3499 quam

1933 3526 2163 3577 caatcros
2186 3523 2635 3597 consanguineos
2663 3537 2815 3590 suos,
2839 3522 3040 3594 quibus
3062 3521 3118 3576 id
3149 3520 3550 3589 notiﬁcaverat,

1933 3610 2176 3665 debitam
2205 3611 2546 3668 exhibituros
2575 3612 2758 3667 eidem
2790 3627 2947 3683 papae
2968 3610 3356 3666 reverentiam.
3382 3610 3456 3664 De
3483 3626 3552 3665 co

1932 3702 2100 3757 etiam
2131 3706 2281 3775 quod
2330 3705 2410 3759 illi
2459 3706 2776 3776 scripserat,
2814 3705 3075 3760 roborare
3141 3720 3200 3758 se
3236 3708 3552 3774 promptum

1933 3798 2050 3855 fore
2080 3815 2428 3871 quaecunque
2462 3799 2776 3855 necessaria
2790 3799 2884 3853 Dei
2899 3797 3157 3853 Ecclesia:
3171 3796 3556 3871 significarem

1932 3895 2041 3955 tur,
2068 3888 2189 3956 ejus
2216 3888 2631 3962 suggestionem
2665 3903 2726 3942 se
2765 3886 2996 3941 multum
3055 3903 3155 3956 per
3180 3901 3403 3940 omnem
3436 3902 3558 3941 mo-

1936 3976 2066 4031 dum
2087 3975 2336 4032 eﬂ'ccissc
2366 3977 2540 4048 ipsius
2578 3975 2827 4033 fidelitati
2869 3974 3190 4043 obnoxium,
3216 3990 3389 4046 seque
3430 3989 3553 4029 cum

1934 4067 2297 4143 suifraganeis
2326 4070 2674 4142 coepiscOpis
2705 4070 2762 4125 in
2795 4070 2945 4125 cultu
2976 4068 3165 4124 debito
3185 4073 3387 4123 sanctae
3405 4067 3558 4122 sedis

1938 4160 2198 4216 Romanae
2219 4168 2723 4232 perseveraturum,
2756 4167 2811 4215 et
2830 4159 2877 4215 si
2897 4159 3030 4231 quid
3049 4157 3386 4214 contrarium
3402 4171 3553 4212 sana:

1939 4251 2068 4306 fidei
2100 4260 2291 4308 contra
2310 4253 2487 4325 ipsam
2518 4253 2830 4322 emerserit,
2859 4251 3219 4317 omnimodis,
3239 4247 3553 4316 confutare,

1938 4342 2050 4397 Deo
2081 4343 2404 4411 auxiliante,
2454 4349 2701 4414 paratum
2761 4341 3019 4397 existere.
3052 4341 3252 4395 Sedem
3281 4354 3413 4394 vero
3446 4338 3557 4393 Re-

1920 4420 2188 4493 ‘mensem
2214 4445 2406 4494 notum
2428 4438 2629 4493 habeat
2655 4437 2723 4491 ab
2768 4433 3215 4490 antecessoribus
3245 4431 3359 4487 suis
3388 4430 3556 4501 (deest

1933 4528 2068 4600 prae)
2120 4529 2303 4600 potius
2346 4528 2642 4585 Gallicanis
2699 4527 2960 4583 omnibus
3014 4524 3271 4583 Ecclesiis
3333 4539 3556 4594 semper

1933 4615 2101 4673 fuisse
2141 4619 2490 4685 honoratam,
2520 4622 2710 4688 utpote
2757 4632 2880 4671 cum
2928 4615 3140 4686 primus
3171 4613 3549 4684 apostolorum

1934 4708 2128 4765 beatus
2160 4709 2352 4764 Petrus
2397 4709 2636 4781 primum
2683 4706 3040 4763 destinaverit
3084 4705 3213 4761 huic
3271 4704 3393 4760 urbi
3424 4720 3555 4759 san-

1933 4804 2079 4854 ctum
2107 4798 2316 4854 Sixtum
2338 4798 2687 4870 episcopum,
2732 4802 2788 4852 et
2834 4796 3003 4851 totius
3047 4794 3337 4850 Gallicanae
3368 4794 3555 4865 regio-

1934 4886 2019 4940 nis
2050 4887 2270 4943 dederit
2319 4888 2369 4943 ci
2429 4887 2739 4958 primatum.
2795 4884 3083 4940 Hormisda
3131 4897 3353 4955 quoque
3411 4898 3552 4953 papa

1932 4988 2120 5036 sancto
2169 4980 2418 5053 Remigio
2465 4980 2614 5034 vices
2662 4995 2791 5033 suas
2847 4977 2903 5031 in
2953 4976 3244 5031 Galliarum
3307 4973 3554 5046 partibus

1933 5074 2290 5129 commiserit.
2326 5073 2436 5128 [Ioc
2484 5072 2612 5126 ideo
2657 5087 2716 5125 se
2767 5084 3225 5134 commemorare,
3269 5083 3339 5121 ne
3386 5065 3552 5121 sedes

1934 5163 2221 5219 Remensis
2246 5163 2362 5218 suis
2387 5162 2444 5216 in
2475 5161 2671 5216 diebus
2714 5159 2992 5214 sineretur
3010 5154 3366 5212 dehonestari
3400 5172 3413 5207 :
3447 5170 3553 5208 an-

1934 5263 2165 5312 nectens
2194 5255 2360 5310 etiam
2389 5254 2457 5309 de
2491 5251 2795 5327 privilegiis
2840 5251 2943 5306 sibi
2966 5250 3021 5305 in
3049 5249 3264 5306 cunctis
3283 5264 3406 5320 qua}
3446 5263 3548 5319 pe-

1933 5345 2020 5399 tiit
2062 5344 2131 5399 ab
2188 5344 2353 5413 hujus
2402 5338 2906 5413 praedecessoribus
2954 5337 3183 5405 Marino,
3222 5343 3276 5391 et
3307 5334 3547 5390 Adriano

1933 5434 2232 5491 concessis.
2258 5434 2502 5504 [temque
2526 5429 2594 5484 de
2617 5429 2729 5499 jam
2762 5428 2921 5484 dictis
2944 5428 3110 5483 rebus
3137 5425 3460 5496 Ramponis,
3492 5429 3549 5477 et

1933 5542 2122 5581 earum
2151 5540 2468 5597 pervasere,
2518 5539 2682 5594 quem
2738 5518 3005 5591 prmmissi
3044 5517 3338 5589 pontifices
3362 5513 3548 5582 jusse-

1933 5620 2055 5671 rant
2082 5614 2150 5669 ab
2179 5610 2616 5685 archiepiscopis
2654 5609 2944 5665 Senonicae
2993 5623 3056 5663 ac
3084 5600 3548 5677 Rothomagensis

306 5712 407 5784 (19)
442 5713 606 5769 Wido
638 5729 705 5769 ex
734 5713 874 5770 duce
905 5713 1210 5783 Spoletano
1241 5713 1416 5771 factus
1453 5715 1701 5785 imperat.
1740 5734 1830 5775 an.
1861 5717 1987 5774 892.
