4010 6162
437 214 544 269 263

1563 210 1931 268 FLODOARDI
1972 210 2277 269 CANONICI
2315 215 2648 271 REMENSIS

3659 222 3769 277 264

437 348 593 403 urbis
614 346 1077 404 excommunicari
1114 363 1127 400 :
1161 345 1366 416 quibus
1386 347 1639 402 eamdem
1675 347 2055 403 excommuni-
2083 350 2135 419 Α
2159 358 2288 419 tate,
2322 353 2379 407 id
2406 354 2567 408 etiam
2597 363 2993 421 removeretur,
3024 356 3174 425 quod
3197 356 3499 411 necessitas
3529 359 3776 430 impera-

438 444 708 498 cationem
742 441 1127 505 diferentibus,
1173 441 1320 495 idem
1359 456 1657 512 persuasor
1697 442 1879 497 adhuc
1903 448 2056 511 rapta

439 533 772 604 possidebat.
803 532 956 586 Unde
994 530 1133 602 petit
1177 538 1235 585 ut
1281 532 1584 602 apostolica
1635 532 1703 588 ab
1736 533 1855 604 ipso
1889 532 2057 587 feria-

437 632 523 678 tur
539 624 834 689 sententia,
882 623 1273 694 pracipiatque
1325 623 1415 677 hic
1435 639 1575 693 papa
1603 624 1848 694 prafatis
1873 625 2055 679 archi-

439 718 739 789 episc0pis,
764 718 1051 773 ne‘ullam
1113 720 1169 774 in
1202 720 1459 774 eumdem
1517 720 2052 776 excommunicando

438 806 669 862 aﬂerant
690 808 929 879 amplius
959 807 1302 862 dilationem.
1338 808 1412 862 De
1436 807 1764 878 quibusdam
1788 814 2053 878 praterea

438 899 604 954 rebus
643 900 937 954 Remensis
982 898 1256 966 ecclesia,
1305 915 1442 970 quas
1463 898 1685 969 quidam
1719 899 2057 955 abstulerant

439 990 743 1056 invasores,
768 991 963 1061 poscit,
990 997 1049 1045 ut
1078 991 1196 1061 ipse
1263 1007 1407 1061 papa
1449 998 1710 1064 suggerat
1734 992 2054 1062 imperatori

440 1082 635 1137 Karolo
669 1083 883 1152 (Crasso
920 1082 1184 1152 cognom.)
1241 1082 1336 1154 qui
1376 1082 1488 1150 jam
1542 1098 1798 1157 magnam
1851 1100 1915 1137 ex
1969 1084 2056 1138 his

441 1177 652 1240 partem
678 1171 1009 1237 restituerat,
1065 1178 1123 1224 ut
1176 1172 1379 1226 bonum
1408 1172 1558 1243 quod
1586 1173 1753 1243 capit
1776 1173 1896 1241 ejus
1926 1189 2057 1244 pre-

441 1268 564 1316 catu
587 1260 855 1332 perﬁciat,
880 1269 933 1315 et
953 1262 1022 1316 de
1053 1262 1138 1316 his
1167 1279 1290 1334 qua
1312 1264 1425 1336 egit
1453 1264 1571 1334 ipse
1595 1265 1798 1338 gratias
1827 1264 2054 1336 eiagere

439 1353 719 1427 dignetur,
752 1359 806 1406 et
835 1360 1048 1408 catera.
1083 1354 1160 1408 Ad
1200 1371 1322 1426 qua
1344 1355 1437 1409 ille
1479 1356 1826 1427 respondens
1855 1355 2053 1411 asserit

440 1444 645 1515 Oppido
666 1459 724 1497 se
754 1443 924 1498 fuisse
957 1445 1217 1512 latratum,
1258 1447 1408 1518 quod
1437 1463 1561 1501 cum
1593 1447 1737 1502 circa
1753 1447 1903 1501 sedis
1918 1462 2054 1517 apo-

440 1533 646 1588 stolica
686 1534 1052 1589 reverentiam
1074 1535 1399 1607 cognoverit
1425 1538 1713 1603 anhelare,
1743 1538 1969 1592 hortans
1992 1543 2053 1591 ut

440 1626 493 1679 in
526 1625 629 1679 hac
653 1625 951 1681 dilectione
984 1642 1206 1698 semper
1235 1628 1518 1682 ardentius
1548 1629 1901 1683 accendatur.
1935 1628 2052 1683 Me-

439 1717 670 1771 moriam
703 1733 923 1788 quoque
944 1717 1195 1773 Widonis
1243 1720 1400 1774 ducis
1429 1720 1736 1791 gratissime
1769 1736 1827 1774 se
1858 1736 2049 1775 susce-

441 1806 798 1877 pissc,quem
850 1806 1017 1861 unico
1066 1806 1188 1861 loco
1228 1805 1323 1861 ﬁlii
1371 1823 1431 1862 se
1480 1815 1672 1862 tenere
1726 1807 1946 1863 fatetur.
1980 1809 2052 1862 De

443 1895 902 1949 Nortmannorum
929 1893 1303 1962 infestatione,
1335 1911 1499 1966 quam
1539 1897 2052 1971 regnum'nostrum

443 1983 774 2053 patiebatur,
800 1983 987 2037 dolere
1019 1982 1098 2037 uti
1156 1983 1378 2054 propria
1412 2001 1425 2049 ;
1456 1984 1738 2055 Deumque
1767 1984 2054 2055 deprecari

444 2092 543 2147 pro
565 2076 727 2144 hujus
751 2076 939 2146 p0puli
972 2075 1298 2132 defensione
1322 2094 1422 2148 per
1450 2078 1825 2148 apostolorum
1851 2079 2079 2150 princi--

444 2186 576 2240 pum
599 2169 1091 2236 interventionem,
1124 2176 1179 2225 et
1204 2178 1263 2225 ut
1292 2170 1587 2227 incolumis
1613 2172 1700 2227 hic
1719 2173 2059 2244 prasulper—

445 2259 677 2314 ducatur
706 2260 774 2314 ad
795 2260 1166 2330 apostolorum
1198 2260 1389 2315 limina
1412 2279 1424 2315 :
1444 2269 1719 2333 quatenus
1739 2263 1903 2317 etiam
1935 2278 2059 2319 cor-

444 2348 631 2419 poreis
660 2365 786 2402 eum
813 2349 993 2403 valeat
1028 2348 1174 2403 ulnis
1204 2349 1483 2420 amplecti,
1504 2350 1828 2405 etconferre
1848 2352 1916 2405 de
1945 2352 2057 2423 pri-

440 2439 676 2513 vilegiis,
709 2440 778 2493 de
807 2440 1009 2511 quibus
1033 2439 1137 2494 sibi
1169 2441 1581 2511 scripserat.Ad
1606 2443 2059 2515 archiepiscOpos

444 2532 630 2597 etiam,
653 2546 793 2602 quos
821 2532 1056 2602 petierat
1084 2532 1293 2587 litteras
1314 2549 1373 2586 se
1405 2533 1674 2588 direxisse
1698 2551 1711 2588 :
1736 2551 1956 2590 necnon
1990 2535 2059 2589 ad

365 2646 377 2660 -
446 2620 835 2691 imperatorem
866 2637 964 2690 pro
996 2620 1286 2675 Rcmcnsis
1336 2622 1591 2678 Ecclesia
1607 2624 1819 2690 justitia
1848 2624 2058 2694 deprc-

446 2710 701 2776 catorias,
731 2716 786 2764 et
816 2725 914 2781 pro
962 2711 1159 2765 collata
1200 2710 1543 2786 benignitate
1594 2718 1777 2785 grates
1806 2712 1883 2766 illi
1916 2711 2062 2767 refe-

448 2812 579 2851 rens
609 2797 741 2865 (20).

521 2885 654 2938 Item
681 2884 889 2939 litteras
917 2885 1063 2940 idem
1091 2887 1291 2957 prasul
1313 2887 1379 2941 ad
1412 2888 1674 2942 eumdem
1696 2905 1894 2960 papam
1929 2889 2066 2943 diri-

448 2990 607 3048 gens,
640 2990 705 3028 ac
757 2974 824 3029 de
873 2975 1237 3046 prosperitate
1291 2976 1466 3047 ipsius
1509 2976 1770 3033 latiﬁcari
1828 2979 2064 3033 seinter

449 3063 647 3118 multas
673 3063 1105 3132 tribulationum,
1151 3081 1288 3136 quas
1332 3082 1364 3119 a
1420 3066 1651 3141 paganis
1713 3066 2063 3136 patiebantur

449 3153 751 3225 angustias,
782 3160 997 3223 petens,
1056 3153 1265 3225 prafati
1305 3171 1527 3227 quoque
1575 3156 1825 3212 Widonis
1867 3158 2065 3232 satagit

450 3242 840 3296 commendare
902 3243 1166 3298 favorem.
1224 3246 1297 3299 De
1366 3248 1784 3317 pranominata,
1844 3265 2064 3305 necnon

455 3330 789 3388 Erminfrido
811 3334 1216 3404 querimoniam
1245 3343 1525 3407 repetens,
1559 3338 1655 3410 qui
1688 3339 2007 3396 admonitus
2033 3357 2064 3395 a

454 3423 885 3493 pramemoratis
911 3424 1346 3496 archiepiscopis
1392 3427 1723 3484 inobediens
1760 3432 2062 3501 exstiterat,

453 3512 684 3584 ﬂagitat,
717 3520 776 3569 ut
801 3514 998 3569 iterum
1031 3525 1491 3572 commoneantur
1519 3519 1588 3572 ab
1607 3520 1930 3576 auctoritate
1958 3539 2065 3593 pa-

454 3624 538 3679 pa
566 3609 971 3681 archiepiscOpi
998 3611 1147 3667 hunc
1167 3613 1416 3684 asperius
1449 3613 1758 3685 increpare,
1782 3621 1836 3670 et
1863 3616 1908 3670 si
1936 3632 2066 3687 pcr-

452 3716 582 3755 vasa
612 3716 723 3755 non
764 3702 1092 3771 reddiderit,
1146 3704 1522 3760 ecclesiastico
1577 3705 1807 3762 feriatur
1831 3708 2065 3776 judicio.

455 3791 760 3866 lnterrogat
806 3800 1092 3865 praterea,
1140 3794 1359 3868 sibique
1411 3798 1725 3853 remandari
1765 3799 1960 3871 poscit,
2020 3801 2067 3855 si

454 3884 553 3939 rite
598 3885 777 3940 valeat
829 3886 1219 3959 episc0porum
1270 3888 1388 3944 ﬁeri
1440 3890 1715 3947 ordinatio
1773 3892 1830 3946 in
1884 3892 2068 3964 quali-

453 3977 546 4032 bet
561 3985 874 4033 sanctorum
907 3978 1224 4048 festivitate,
1258 3982 1362 4036 nisi
1392 3989 1601 4038 tantum
1636 3984 1920 4040 Dominica
1951 3986 2064 4054 die,

453 4075 558 4123 etc.
588 4069 666 4122 Ad
693 4069 810 4123 hac
839 4071 1005 4125 etiam
1028 4073 1340 4127 rescribens
1369 4075 1516 4129 idem
1541 4092 1703 4147 papa,
1730 4078 1934 4152 gratias
1955 4080 2068 4152 agit

454 4174 555 4227 pro
588 4158 765 4228 ipsius
795 4176 927 4233 erga
952 4161 1143 4215 sedem
1176 4164 1535 4232 apostolicam
1559 4166 1848 4234 charitate,
1873 4175 1928 4223 et
1956 4168 2068 4224 sol-

454 4250 766 4319 licitudine,
798 4253 1107 4309 condolens
1162 4255 1231 4309 de
1288 4256 1463 4326 ipsius
1509 4258 1832 4329 afﬂictione,
1861 4278 1925 4318 ac
1970 4278 2068 4334 pro

456 4339 633 4410 ipsius
662 4356 856 4411 preces
877 4358 936 4396 se
983 4342 1215 4399 Domino
1260 4344 1497 4402 fundere
1546 4348 1840 4419 pollicetur
1868 4351 2074 4407 alleva-

456 4431 631 4498 tione,
650 4438 706 4486 et
731 4431 1070 4501 confortans,
1102 4443 1291 4492 monet
1320 4437 1377 4491 in
1398 4438 1614 4494 Domini
1631 4439 1913 4498 conﬁdere
1935 4459 2074 4499 con-

455 4522 748 4578 solatione.
784 4525 919 4579 Item
974 4527 1165 4582 scribit
1221 4528 1405 4585 eidem
1445 4532 1668 4602 prasul,
1700 4550 1800 4605 pro
1829 4535 2071 4607 quodam

458 4614 745 4671 Dominico
775 4633 806 4671 a
835 4616 963 4672 ﬁliis
1012 4625 1068 4674 et
1115 4622 1368 4693 cognatis
1394 4623 1636 4695 pr0priis
1658 4641 1950 4699 oppresso,
1983 4629 2070 4684 vel

457 4708 707 4778 expulso,
757 4709 983 4765 hortans
1040 4718 1101 4766 ut
1148 4712 1204 4766 id
1251 4713 1548 4789 diligenter
1587 4717 1847 4788 inquirat,
1875 4720 2072 4789 etcjus

458 4794 586 4848 inde
617 4795 836 4864 adjutor
890 4798 1105 4856 existat.
1156 4801 1287 4856 Item
1334 4818 1435 4874 pro
1478 4808 1842 4875 quorumdam
1882 4824 2072 4865 susce-

459 4884 647 4953 ptione
673 4886 995 4958 Anglorum.
1028 4887 1161 4941 Item
1184 4888 1363 4944 eidem
1395 4906 1517 4947 cum
1567 4893 1822 4952 Aurelino
1850 4897 2072 4972 Lugdu-

459 4973 639 5040 nensi,
671 4974 983 5048 Adelgario,
1012 4974 1240 5032 Geilone
1265 4977 1321 5049 [i,
1351 4978 1629 5052 Gerlone],
1666 4983 2070 5055 Emmennone,

459 5067 513 5115 et
540 5063 769 5135 reliquis
796 5080 896 5135 per
951 5066 1175 5121 Galliam
1234 5073 1564 5143 constitutis,
1596 5092 1696 5146 pro
1727 5078 2076 5148 querimonia

460 5150 817 5207 Bituricensis
847 5154 1100 5212 Ecclesia
1155 5174 1323 5231 super
1364 5161 1617 5219 invasere
1645 5165 1909 5221 Fortharii
1942 5168 2075 5222 Bur-

460 5238 775 5328 degalensis
804 5243 1073 5315 epiSCOpi,
1104 5248 1199 5317 qui
1228 5251 1390 5306 etiam
1420 5252 1792 5310 Pictavensem
1824 5255 2077 5328 aliquan-

459 5327 552 5382 diu
576 5335 828 5386 tenuerat
856 5333 1066 5403 sedem,
1089 5337 1183 5408 qui
1206 5349 1399 5410 postea
1430 5341 1780 5399 Bituricensis
1806 5327 1981 5402 fuerat
2006 5348 2075 5403 ad

465 5425 681 5491 tempus
703 5437 733 5475 a
753 5422 967 5480 Joanne
997 5444 1141 5499 papa
1196 5438 1423 5502 prepter
1448 5433 1855 5493 infestationem
1876 5439 2077 5497 barba-

462 5509 628 5567 ricam
662 5514 753 5568 tali
788 5522 978 5573 tenore
1032 5536 1315 5591 concessa,
1365 5531 1425 5580 ut
1462 5526 1567 5583 hac
1596 5536 1808 5586 remota
1833 5535 2076 5589 necessi-

544 5611 657 5684 (20)
696 5614 814 5672 Non
846 5626 1064 5675 exstant
1100 5622 1185 5677 ha
1215 5622 1479 5694 Stephani
1509 5629 1672 5698 epist.

2158 453 2257 502 rat.
2315 446 2467 500 Unde
2524 446 2774 517 pracipit
2825 445 2916 502 hic
2972 463 3115 517 papa
3165 447 3479 517 Stephanus
3530 450 3772 521 prafatis

2156 538 2607 609 archiepiscOpis,
2637 544 2697 592 ut
2722 538 2790 592 ad
2817 538 3094 609 prepriam
3116 539 3304 592 sedem
3328 538 3483 594 illum
3517 556 3770 595 remeare

2155 631 2503 702 compellant.
2539 631 2693 696 Quod
2709 631 2755 686 si
2784 630 3103 702 apostolicis
3129 631 3355 686 monitis
3383 632 3609 687 obedire
3640 649 3775 688 con-

2154 720 2458 791 tempserit,
2491 720 2745 775 noverint
2773 736 2898 775 eum
2931 720 3105 775 sancti
3135 720 3370 791 Spiritus
3393 721 3606 790 judicio
3634 738 3773 793 per-

2156 809 2338 882 petuis
2394 810 2757 864 anathematis
2812 809 3047 864 vinculis
3106 809 3453 865 innodatum‘
3506 811 3639 865 item
3672 826 3776 880 pro

2155 903 2498 961 Theutboldo
2546 901 2882 975 Lingonensi
2935 900 3218 971 episcOpo,
3267 898 3589 974 signiﬁcans
3616 900 3686 954 ad
3714 916 3779 953 se

2155 996 2321 1063 hujus
2343 992 2709 1068 Lingonensis
2725 990 2980 1046 Ecclesia
2999 990 3401 1075 querimoniam
3426 989 3774 1060 pervenisse,

2155 1085 2305 1157 quod
2333 1084 2574 1139 obeunte
2617 1084 2766 1137 Isaac
2786 1082 3070 1152 episcOpo,
3094 1080 3407 1135 inconsulto
3429 1079 3579 1133 clero
3592 1086 3647 1132 et
3673 1094 3776 1148 po-

2158 1173 2309 1244 pulo.
2338 1172 2623 1245 Egilonem
2654 1171 2949 1242 quemdam
2980 1169 3313 1224 monachum
3366 1184 3545 1239 nuper
3580 1167 3651 1222 de
3668 1183 3779 1221 sa—

2156 1265 2282 1322 culo
2313 1264 2696 1319 venientemin
2735 1263 3056 1333 episcOpum
3071 1262 3401 1316 Aurelianus
3432 1261 3778 1330 Lugdunen-

2155 1358 2231 1411 sis
2261 1355 2617 1421 ordinaverit,
2636 1354 2828 1424 eisque
2857 1351 3014 1405 illata
3043 1350 3117 1416 vi,
3176 1350 3544 1421 praposuerit
3575 1350 3779 1404 nolen-

2152 1449 2316 1503 tibus.
2343 1447 2458 1511 Quo
2490 1443 2675 1499 divina
2704 1441 2990 1498 vocatione
3034 1439 3314 1495 hominem
3343 1438 3671 1505 excedente,
3701 1455 3780 1494 ne

2153 1538 2209 1592 in
2239 1536 2480 1606 idipsum
2535 1533 2904 1597 incurrerent,
2961 1528 3222 1585 concordi
3279 1534 3404 1583 voto
3458 1527 3661 1592 clerus,
3718 1536 3779 1581 et

2153 1624 2393 1697 populus
2417 1622 2783 1678 Teutboldum
2840 1621 3015 1692 ipsius
3063 1619 3317 1675 Ecclesia
3348 1618 3640 1673 diaconem
3664 1617 3778 1670 eli-

2155 1725 2368 1790 gentes,
2400 1716 2603 1787 abipso
2624 1731 2765 1786 papa
2782 1713 3069 1767 sibimetin
3100 1712 3423 1783 episcopum
3454 1708 3776 1763 consecrari

2157 1808 2416 1880 petierint
2470 1807 2576 1861 Sed
2628 1805 2723 1859 ille
2774 1801 3208 1873 uniuscujusque
3257 1799 3513 1855 Ecclesia
3543 1798 3782 1869 privile-

2155 1900 2305 1973 gium
2334 1898 2723 1951 inconcussum
2741 1908 2961 1948 servare
2982 1891 3197 1958 volens,
3223 1890 3277 1944 id
3300 1905 3463 1962 agere
3476 1887 3779 1954 distulerit,

2157 2002 2396 2057 eumque
2454 1983 2680 2056 prafato
2726 1982 3020 2037 Aureliano
3064 1979 3348 2045 direxerit,
3402 1977 3655 2032 scribens
3704 1977 3781 2030 ad

2156 2096 2305 2141 eum,
2333 2086 2393 2133 ut
2418 2078 2464 2133 si
2497 2076 2629 2132 cleri
2651 2075 2954 2147 populique
2967 2078 3095 2130 vota
3122 2072 3177 2126 in
3195 2088 3321 2126 eum
3347 2070 3779 2134 concordarent,

2156 2180 2212 2228 et
2237 2170 2375 2226 sacri
2396 2167 2868 2225 canonesillinon
2889 2164 3196 2229 obviarent,
3243 2178 3437 2216 manus
3486 2159 3614 2215 huic
3668 2160 3779 2213 im-

2160 2276 2368 2333 ponere
2400 2274 2746 2330 nequaquam
2788 2254 3050 2311 differret.
3075 2253 3230 2318 Quod
3253 2252 3371 2308 ﬁeri
3404 2252 3452 2306 si
3477 2250 3616 2306 ratio
3649 2266 3787 2322 pro-

2159 2351 2395 2418 hiberet,
2425 2355 2479 2404 et
2506 2348 2748 2418 idipsum
2777 2344 2882 2400 sibi
2927 2343 3253 2399 rescriberet
3286 2360 3300 2397 :
3332 2341 3551 2396 interim
3593 2348 3785 2396 tamen

2158 2442 2391 2496 alterum
2422 2437 2558 2492 inibi
2612 2436 2868 2491 ordinare
2927 2433 3079 2489 nullo
3130 2433 3317 2499 modo,
3350 2447 3409 2486 se
3440 2430 3782 2495 inconsulto,

2160 2535 2518 2602 prasumeret
2561 2526 2835 2595 simulque
2885 2530 2940 2578 et
2965 2522 3261 2577 Olrannum
3293 2518 3782 2591 Senogalliensem

2163 2625 2486 2695 episcopum
2515 2639 2546 2676 a
2571 2637 2670 2677 suo
2718 2621 2890 2675 latere
2940 2617 3139 2672 direxit
3176 2621 3575 2670 exsecutorem.
3604 2612 3782 2699 Quem

2164 2716 2438 2771 deludens
2495 2713 2824 2770 Aurelianus
2877 2711 2945 2764 ad
2999 2710 3404 2783 Lingonensem
3452 2706 3787 2777 praemiserit

2164 2811 2379 2876 urbem,
2434 2802 2710 2880 pollicitus
2758 2822 2818 2860 se
2868 2804 3130 2860 citissime
3181 2803 3622 2857 subsecuturum.
3664 2802 3783 2865 Quo

2165 2915 2288 2954 cum
2321 2898 2413 2953 diu
2445 2899 2879 2967 exspectaretur,
2902 2908 3005 2946 nec
3023 2892 3141 2962 ipse
3166 2887 3596 2955 advenerit,nec
3612 2899 3785 2939 mora

2164 3006 2280 3046 sua
2305 3006 2525 3045 causam
2542 2989 2915 3052 innotescere,
2949 2983 3033 3039 vel
3093 2998 3250 3054 papa
3277 2970 3601 3036 remandarc
3638 2992 3787 3047 pra-

2162 3082 2362 3138 viderit
2394 3082 2511 3152 [pro
2553 3077 2901 3151 providerit].
2951 3075 3218 3141 Quocirca
3265 3073 3461 3127 iterato
3516 3070 3703 3126 clerus
3732 3075 3787 3123 et

2164 3174 2403 3246 populus
2445 3188 2566 3228 cum
2622 3171 2843 3226 decreto
2896 3167 3142 3223 omnium
3174 3165 3453 3231 roborato,
3493 3161 3785 3234 praefatum

2164 3267 2399 3321 electum
2433 3265 2658 3318 Romam
2719 3261 3078 3325 remiserunt,
3146 3257 3348 3312 obnixe
3374 3255 3596 3309 sibimet
3630 3253 3786 3306 illum

2163 3356 2475 3414 consecrari
2505 3360 2782 3426 petentes.
2804 3351 2911 3407 Sed
2929 3365 3033 3405 nec
3062 3356 3195 3405 tunc
3222 3349 3277 3403 id
3307 3363 3471 3422 agere
3493 3345 3789 3416 acquieve-

2164 3450 2255 3517 rit,
2289 3448 2482 3504 volens
2513 3444 2863 3520 Lugdunensi
2886 3442 3139 3498 Ecclesia
3156 3439 3414 3495 collatum
3431 3437 3784 3510 privilegium

2166 3538 2555 3595 immutilatum
2604 3536 2955 3601 consistere;
3004 3533 3244 3603 ideoque
3285 3531 3396 3601 jam
3435 3530 3582 3584 dicto
3612 3531 3786 3584 Aure-

2167 3631 2313 3685 liano
2369 3629 2563 3683 iterato
2619 3626 2928 3682 rescribens
2971 3622 3335 3687 mandaverit,
3388 3626 3447 3675 ut
3484 3618 3618 3691 quia
3649 3633 3786 3672 con-

2167 3720 2321 3776 cordi
2340 3727 2468 3775 voto
2501 3719 2681 3773 clerus
2711 3724 2765 3772 et
2812 3715 3049 3787 populus
3092 3714 3204 3781 jam
3250 3713 3457 3768 dictum
3489 3711 3781 3765 diaconem

2169 3813 2482 3884 expetebat,
2515 3816 2608 3865 aut
2638 3809 2817 3880 ipsum
2872 3812 3242 3870 consecraret,
3272 3810 3365 3859 aut
3418 3801 3551 3873 quid
3603 3801 3660 3855 in
3717 3816 3784 3855 eo

2168 3899 2606 3973 reprehensibile
2640 3897 2934 3967 judicaret,
2967 3895 3269 3950 rescribere
3326 3897 3645 3947 maturaret.
3679 3888 3783 3944 Sed

2169 3994 2214 4048 is
2241 3993 2411 4065 priori
2464 3989 2856 4046 inobedientia
2899 3986 3298 4043 contumaciam
3348 3983 3644 4052 adjiciens,
3672 3997 3780 4036 non

2166 4084 2343 4139 solum
2373 4083 2619 4138 oblatum
2645 4094 2991 4145 consecrare,
3032 4094 3133 4132 seu
3153 4076 3288 4149 quid
3315 4075 3371 4129 in
3394 4089 3460 4129 eo
3482 4073 3784 4144 reprehen-

2166 4174 2327 4229 sibile
2350 4173 2624 4242 judicaret
2643 4170 2749 4226 sibi
2780 4170 3087 4226 rescribere
3133 4165 3549 4237 contempserit,
3589 4180 3782 4219 verum

2169 4262 2334 4317 etiam
2360 4267 2551 4317 contra
2609 4259 2925 4327 interdicta,
2966 4264 3021 4312 et
3061 4272 3345 4312 sacrorum
3366 4269 3643 4310 canonum
3677 4260 3785 4307 sta-

2173 4360 2287 4410 tuta
2313 4352 2615 4425 quemdam
2641 4361 2985 4419 extraneum,
3034 4357 3089 4405 ct
3118 4349 3301 4404 eidem
3341 4346 3601 4402 Ecclesia:
3624 4346 3783 4420 igno-

2172 4450 2309 4511 tum,
2334 4443 2390 4497 in
2440 4442 2644 4519 angulo
2693 4443 3030 4509 ordinatum,
3091 4440 3201 4495 illis
3230 4440 3486 4514 ingerere
3519 4438 3618 4493 niti
3649 4453 3782 4508 pra-

2171 4533 2485 4605 sumpserit.
2520 4534 2583 4587 At
2627 4532 2683 4587 hi
2736 4532 2921 4604 potius
2949 4531 3193 4586 laborem
3225 4529 3431 4595 subire,
3456 4543 3622 4599 quam
3656 4527 3786 4581 sub-

2165 4624 2262 4694 jici
2291 4625 2481 4699 ignoto
2510 4623 2801 4698 eligentes,
2833 4624 2900 4678 ad
2926 4639 2985 4678 se
3016 4621 3302 4689 redierint,
3333 4620 3697 4690 implorantes
3718 4634 3786 4672 ne

2171 4724 2452 4787 pateretur
2493 4715 2863 4771 ecclesiastica
2903 4715 3028 4784 jura
3072 4712 3285 4769 violari.
3334 4731 3358 4762 η
3416 4710 3526 4766 Nos
3582 4716 3786 4775 autem,

2172 4807 2371 4880 inquit,
2393 4806 2488 4878 qui
2517 4806 2766 4862 omnium
2797 4805 3161 4861 Ecclesiarum
3188 4804 3245 4858 in
3274 4804 3437 4858 beato
3468 4802 3629 4856 Petro
3662 4816 3791 4871 apo-

2172 4900 2436 4955 stolorum
2481 4898 2735 4969 principe
2763 4913 2948 4953 curam
2976 4895 3342 4966 suscepimus,
3370 4893 3615 4948 scientes
3651 4892 3794 4946 inter

2174 4991 2467 5062 episcopos
2482 5005 2591 5045 non
2618 4988 2813 5044 haberi
2834 5004 2988 5056 eum,
3007 4986 3100 5059 qui
3123 5002 3304 5059 neque
3327 5002 3357 5039 a
3387 4984 3536 5041 clero
3558 4983 3788 5047 electus,

2175 5098 2356 5155 neque
2386 5098 2418 5137 a
2448 5081 2752 5153 populoest
2769 5079 3044 5151 expetitus
3060 5120 3074 5146 ,
3097 5094 3245 5151 sape
3269 5076 3475 5132 dictum
3498 5073 3793 5130 Teuthbol-

2177 5173 2306 5228 dum
2337 5170 2709 5227 venerabilem
2742 5170 3058 5235 diaconum,
3080 5167 3323 5238 ipsorum
3340 5163 3793 5220 lamentabilibus

2176 5263 2438 5335 precibus
2465 5262 2742 5329 inclinati,
2804 5258 3138 5336 Lingoneusi
3178 5256 3436 5314 Ecclesia
3466 5257 3790 5328 episcopum

2178 5358 2645 5426 consecravimus,
2678 5356 2953 5430 condigna
2972 5354 3253 5411 sententia
3275 5350 3793 5425 pravaricatoribus

2178 5449 2351 5517 illata,
2389 5448 2587 5504 licetet
2611 5449 2734 5504 aliis
2773 5446 3316 5520 pravaricationibus
3359 5442 3565 5499 fuerint
3618 5443 3792 5513 impe—

2176 5537 2294 5593 diti.
2328 5537 2672 5610 QuaprOpter
2698 5544 2805 5593 tua
2859 5536 3201 5611 iniungimus
3224 5532 3605 5591 sanctimonia
3636 5538 3696 5587 ut
3711 5529 3792 5585 his
