4012 6164
220 305 326 360 269

844 253 1194 352 ~IIISTORIAZ
1235 291 1570 349 ECCLESIAS
1611 289 1937 346 BEMENSIS
1979 289 2155 343 LIBRI
2195 287 2614 354 QUATUOR.—
2654 287 2780 340 LIB.
2824 285 2908 340 IV.

3454 287 3562 342 270

220 451 409 510 regem
452 432 693 488 Odonem
725 429 934 483 “ueras
973 426 1269 482 δυδείάθῖη
1311 440 1452 496 Papa
1478 423 1833 497 delegaverit:
1861 425 1910 492 Α
1937 445 2088 500 rolus
2115 459 2237 497 cum
2266 440 2448 496 valido
2501 439 2771 494 exercitus
2803 443 3067 508 apparatu
3101 435 3406 490 adveniens
3428 451 3554 490 eum

219 538 278 586 ut
305 531 376 583 ab
405 526 610 582 illicitis
639 523 947 589 recederet,
1007 538 1109 577 nec
1136 521 1392 578 eumdem
1443 536 1629 595 regem
1662 519 1833 574 Karo-

219 626 357 690 lum,
387 623 476 678 vel
497 636 733 694 queque
773 618 947 690 ipsius
975 624 1180 684 essent,
1226 617 1529 684 infestaret,
1555 616 1836 671 inducias-

219 731 326 785 que
347 714 482 768 belli
510 710 817 766 differendo
851 709 1026 776 daret,
1059 709 1239 763 donec
1268 709 1414 763 idem
1444 708 1642 779 prmsul
1671 708 1834 764 Fulco

218 806 455 874 scilicet,
481 805 840 877 apostolicam
867 803 1057 858 sedem
1074 804 1225 858 adire
1247 803 1514 859 studeret.

359 973 494 1039 Qua
529 971 770 1025 hancine
799 898 1461 1096 ᾳυῗὲἓὲἔηξὲέωεηιὶὺιιε
1491 974 1697 1042 scripta

947 1057 1128 1096 caveri
1159 1084 1168 1096 .

947 1057 1168 1109 gavem.

287 1137 428 1190 Item
461 1133 529 1188 ad
556 1132 1027 1204 archiepiscopos,
1057 1144 1112 1188 et
1137 1141 1366 1191 caeteros
1393 1136 1688 1208 episc0pos
1712 1137 1839 1192 Gal-

217 1228 443 1292 liarum,
486 1240 722 1280 monens
776 1231 837 1279 ut
883 1225 1218 1281 conveniant
1249 1237 1414 1299 atque
1446 1236 1836 1284 commoneant

218 1322 483 1377 eumdem
503 1336 689 1394 regem
723 1319 990 1389 Odonem,
1020 1338 1088 1378 ne
1115 1323 1307 1379 illicite
1331 1332 1741 1395 perpetrentur,
1781 1331 1836 1378 et

217 1430 288 1468 ne
320 1413 504 1468 aliena
529 1419 884 1483 usurpentur,
914 1414 1013 1468 sed
1064 1413 1269 1469 bellum
1296 1414 1543 1482 sedetur,
1573 1422 1627 1469 et
1656 1415 1838 1469 omnis

218 1507 441 1563 hostilis
465 1505 760 1560 commotio
787 1505 1054 1575 sopiatur,
1103 1506 1189 1561 vel
1221 1506 1457 1561 induciae
1487 1506 1639 1574 belli,
1660 1507 1838 1561 donec

214 1603 388 1658 Fulco
419 1601 670 1666 Romam,
713 1617 816 1656 ceu
865 1602 1074 1657 dictum
1118 1613 1225 1670 est,
1287 1603 1469 1671 adeat,
1492 1603 1833 1670 ,edicantur;

213 1698 441 1768 ipsique
471 1697 730 1752 studeant
797 1697 1014 1752 interim
1042 1705 1260 1760 ,cuncta
1287 1697 1529 1767 differre,
1564 1706 1618 1754 et
1645 1715 1836 1769 pacem

1937 537 2005 591 ab
2061 537 2289 591 obsessa
2341 532 2557 587 civitate
2625 530 2950 602 depelleret.
3009 529 3337 602 Signiﬁcans
3391 528 3554 583 etiam

1937 631 2086 701 quod
2119 631 2389 685 Robertus
2419 627 2582 682 homo
2625 623 2832 678 Arnulﬁ
2858 640 2920 678 ex
2945 623 3203 692 parochia
3243 621 3556 676 IIerimanni

1937 716 2283 773 Coloniensis
2335 713 2604 786 episcopi,
2661 727 2752 766 res
2799 711 2965 779 hujus
2995 711 3258 765 Ecclesiae
3297 709 3558 764 invaserit

1938 825 2001 864 ac
2023 808 2520 880 diripuerit,donec
2573 820 2698 858 eum
2741 802 2793 855 vi
2842 817 2906 855 ac
2958 801 3003 854 si
3057 817 3248 856 canem
3303 801 3554 855 rabidum

1941 901 2009 955 ab
2064 916 2252 955 earum
2335 895 2707 952 devastatione
2783 891 3064 962 repulerit.
3145 892 3218 946 De
3276 907 3385 962 quo
3445 908 3552 962 pe-

1941 996 2022 1063 tit,
2054 1001 2113 1049 ut
2142 992 2246 1047 nisi
2277 989 2593 1045 admonitus
2619 985 2932 1056 resipuerit,
2964 983 3302 1038 auctoritatis
3332 991 3556 1053 aposto-

1940 1085 2058 1139 licae
2088 1081 2362 1138 sententia
2392 1079 2637 1138 feriatur.
2664 1076 2825 1130 Ilisse
2857 1073 3368 1144 perturbationibus
3401 1073 3555 1146 regni

1938 1174 2246 1238 obsessum,
2271 1167 2614 1240 impossibile
2641 1165 2757 1221 fore
2787 1162 3110 1237 significans
3141 1162 3209 1214 ad
3242 1162 3366 1232 ejus
3424 1176 3559 1230 apo-

1937 1267 2185 1323 stolicam
2213 1282 2271 1320 se
2300 1278 2600 1335 preperare
2656 1259 3026 1330 praesentiam,
3059 1257 3186 1310 dum
3211 1271 3438 1326 semper
3464 1271 3558 1308 ex-

1937 1366 2216 1431 spectetur
2237 1357 2465 1423 bellum,
2489 1371 2593 1410 nec
2616 1354 2773 1408 aliter
2803 1367 2966 1424 posse
2994 1366 3082 1405 res
3111 1348 3266 1422 regni
3297 1346 3556 1417 componi

1938 1455 2234 1510 credantur
2290 1453 2354 1523 [j,
2409 1449 2728 1519 credatur]:
2770 1447 2870 1502 sed
2929 1447 3048 1516 ipse
3097 1459 3320 1513 semper
3351 1441 3557 1495 bellum

1939 1543 2236 1609 distulerit,
2265 1557 2375 1596 non
2415 1540 2565 1612 quod
2613 1537 2924 1603 inferiores,
2955 1535 3039 1590 vel
3062 1535 3302 1604 impares
3333 1531 3554 1596 fuerint,

1939 1649 2031 1696 aut
2053 1641 2121 1695 de
2153 1639 2354 1707 injusta
2384 1652 2548 1691 causa
2582 1632 2972 1698 dubitaverint,
2994 1630 3092 1685 sed
3124 1646 3194 1683 ne
3223 1627 3369 1681 vires
3401 1623 3557 1699 regni

1937 1732 2098 1787 bellis
2125 1729 2338 1795 attritze,
2372 1741 2710 1799 paganorum
2768 1723 3136 1793 proderentur
3156 1717 3555 1772 invasionibus.

212 1809 278 1849 ac
338 1793 720 1848 unanimitatis
773 1793 1126 1848 concordiam
1167 1809 1438 1848 recreare.
1506 1795 1639 1848 Item
1704 1795 1833 1850 huic

1944 1824 2094 1879 Unde
2125 1824 2250 1877 dato
2281 1793 2482 1891 placito
2541 1818 2683 1871 inter
2732 1831 2790 1870 se
2821 1815 3039 1868 dextras
3067 1809 3379 1865 securitatis
3411 1807 3558 1861 invi—

211 1902 446 1958 quoque
492 1886 608 1960 regi
639 1885 857 1951 Karolo,
889 1900 1190 1960 congruam
1227 1885 1474 1957 dirigens
1499 1885 1836 1940 admonitio-

215 2000 374 2050 nem,
425 1984 658 2053 ejusque
699 1982 1089 2056 congratulans
1133 1980 1448 2036 eminentia
1479 1987 1644 2050 atque
1669 1980 1840 2036 devo-

213 2077 381 2143 tioni,
427 2092 593 2147 quam
625 2090 717 2128 rex
762 2073 910 2128 idem
941 2089 1001 2127 se
1055 2071 1462 2148 significaverat
1490 2085 1621 2143 erga
1647 2071 1837 2126 sedem

210 2167 583 2240 apostolicam
610 2182 824 2241 gerere,
873 2165 1112 2237 qualiter
1151 2165 1202 2220 ei
1241 2165 1312 2219 sit
1357 2165 1413 2218 in
1442 2179 1614 2238 regno
1664 2180 1841 2236 agen-

211 2265 349 2318 dum
437 2260 756 2325 succincte,
846 2257 1143 2328 lucideque
1244 2256 1616 2318 demonstrat;
1670 2269 1836 2323 quem

209 2355 478 2428 petierat,
511 2352 564 2406 ei
590 2366 789 2422 panem
821 2348 1174 2403 benedictum
1209 2361 1306 2416 pro
1327 2345 1558 2417 pignore
1591 2343 1834 2408 mittens,

210 2455 268 2502 et
298 2446 371 2500 de
403 2444 606 2498 itinere
637 2439 848 2512 praefati
880 2438 1133 2510 prmsulis
1165 2437 1338 2492 nostri
1369 2435 1436 2489 ad
1475 2435 1666 2490 sedem
1698 2449 1837 2504 apo-

207 2541 472 2597 stolicam
511 2552 767 2593 monens.

283 2631 480 2686 Eidem
510 2642 734 2699 quoque
791 2625 997 2680 domno
1047 2621 1273 2677 Fulconi
1315 2620 1528 2676 litteras
1551 2633 1679 2673 suas
1705 2617 1840 2671 diri-

208 2742 373 2799 gens,
445 2724 565 2776 haec
605 2719 919 2790 supradicta
982 2716 1053 2771 ad
1110 2715 1422 2787 praemissas
1463 2727 1727 2784 personas
1777 2726 1837 2765 se

209 2817 528 2872 destinasse
584 2811 786 2880 scripta
857 2811 1273 2871 commemorat,
1357 2804 1533 2873 ipsius
1580 2800 1842 2856 videlicet

210 2905 600 2979 suggestione,
626 2902 694 2955 de
721 2914 854 2970 pace
879 2898 965 2954 vel
998 2896 1238 2951 induciis
1261 2893 1390 2949 belli
1421 2894 1566 2948 inter
1591 2891 1838 2946 Odonem

212 3013 270 3057 et
300 2999 571 3055 Karolum
619 2993 932 3049 differendi.
969 2993 1104 3046 Item
1145 2989 1339 3046 scribit
1367 2988 1472 3059 ipsi
1496 3001 1594 3058 pro
1625 2985 1842 3040 discor-

211 3093 304 3147 dia
334 3087 612 3155 sedanda,
637 3101 802 3157 quam
825 3083 1074 3139 audierat
1120 3079 1484 3135 insurrexisse
1539 3092 1636 3148 pro
1668 3075 1840 3130 Mani-

210 3185 370 3261 guldi
395 3183 470 3238 ab
524 3180 778 3235 Alberico
825 3183 1140 3249 perpetrata
1171 3173 1649 3244 interremptione.
1707 3162 1910 3231 ItemC

212 3259 417 3348 petens
439 3272 700 3328 eumdem
745 3284 845 3339 pro
893 3268 1180 3336 cujusdam
1208 3263 1480 3320 Grimlaici
1513 3261 1700 3316 dilecti
1727 3259 1834 3315 sibi

211 3367 533 3426 sacerdotis
560 3365 630 3420 ad
673 3364 1073 3434 episcOpatum,
1103 3361 1198 3418 ubi
1248 3376 1306 3415 se
1339 3359 1492 3414 locus
1522 3356 1835 3422 obtulisset,

215 3463 597 3536 promotione.
658 3459 809 3514 Idem
866 3473 1088 3530 quoque
1148 3456 1344 3527 praesul
1373 3453 1539 3509 Fulco
1570 3450 1840 3506 nonnulla

216 3555 455 3628 praefato
508 3566 664 3622 papa;
693 3557 892 3619 praeter
940 3548 1226 3618 praemissa
1272 3543 1549 3615 reperitur
1573 3541 1842 3596 direxisse

213 3649 452 3717 scripta,
485 3651 598 3698 tam
629 3655 728 3711 pro
785 3656 887 3695 sua
939 3639 1252 3705 vocatione,
1306 3652 1416 3708 qua
1443 3633 1742 3690 vocabatur
1771 3630 1840 3685 ab

216 3742 338 3811 ipso
359 3740 438 3794 ad
457 3737 650 3793 sedem
675 3736 1056 3806 apostolicam,
1087 3750 1252 3806 quam
1313 3747 1412 3803 pro
1481 3728 1840 3786 contentione

218 3849 342 3902 quae
375 3829 704 3886 versabatur
753 3828 899 3881 inter
937 3841 1095 3901 reges
1130 3825 1377 3881 Odonem
1442 3829 1498 3876 et
1558 3819 1840 3884 Karolum,

220 3943 447 3984 necnon
471 3941 572 3996 pro
601 3923 988 3994 Oppressione,
1027 3939 1191 3994 quam
1221 3918 1510 3976 Remensis
1531 3915 1846 3988 patiebatur

220 4021 498 4085 Ecclesia,
530 4025 724 4088 petens
743 4024 804 4072 ut
843 4033 1005 4088 papa,
1035 4017 1258 4091 regibus
1293 4013 1614 4079 scribendo,
1651 4026 1843 4080 pacem

222 4117 548 4188 imperaret.
567 4112 794 4168 Arnulfo
825 4127 1047 4183 quoque
1067 4109 1500 4166 Transrhenensi
1523 4106 1847 4162 auctoritate

221 4210 535 4281 apostolica
563 4208 911 4280 praeciperet,
944 4223 1014 4262 ne
1041 4208 1221 4262 Karoli
1235 4222 1466 4282 regnum
1491 4204 1844 4275 inquietaret,

224 4305 360 4374 quin
380 4303 574 4373 potius
602 4301 654 4355 ei
684 4299 885 4355 auxilio
912 4307 1077 4366 esset,
1122 4305 1182 4352 ut
1207 4297 1580 4369 prepinquum
1614 4295 1848 4367 propin-

224 4413 337 4467 quo
353 4398 604 4452 deceret.
646 4393 820 4448 Odoni
868 4410 1000 4449 vero
1033 4394 1319 4448 mandaret
1348 4408 1418 4446 ne
1445 4407 1675 4464 regnum
1700 4391 1848 4445 istud

227 4492 495 4545 invadere
529 4497 622 4543 aut
647 4489 956 4558 depraedari
985 4496 1343 4559 praesumeret
1375 4503 1388 4540 :
1421 4486 1571 4557 quod
1601 4485 1646 4539 si
1677 4485 1850 4540 aude-

1943 1933 2061 1972 cem
2092 1929 2270 1985 usque
2301 1911 2369 1967 ad
2427 1917 2646 1980 tempus
2689 1905 3018 1978 praefinitum
3051 1902 3323 1967 dederint,
3357 1908 3412 1955 et
3442 1915 3557 1954 cae-

1940 2015 2074 2062 tera.
2107 2008 2238 2060 Item
2271 2020 2369 2074 pro
2423 2002 2618 2058 eodem
2669 2014 2799 2076 rege
2849 1996 3044 2051 Karolo
3107 2001 3159 2048 et
3223 1994 3557 2063 imperatore

1941 2097 2230 2151 Lantberto
2259 2095 2385 2164 (23),
2441 2092 2737 2168 gratiarum
2783 2087 3032 2143 referens
3087 2084 3358 2149 actiones,
3408 2081 3556 2154 quod

1941 2185 2301 2243 notificaverit
2328 2183 2430 2238 sibi
2487 2183 2556 2236 de
2587 2182 2706 2251 ipso
2737 2179 3050 2242 Lantberto,
3083 2175 3253 2246 patris
3278 2189 3338 2227 se
3369 2189 3556 2227 curam

1941 2279 2166 2343 habere,
2197 2274 2404 2345 ﬁliique
2436 2268 2741 2326 charissimi
2775 2267 2898 2322 loco
2955 2281 3082 2319 eum
3112 2264 3367 2338 diligere,
3393 2269 3556 2332 atque

1938 2367 2312 2422 inviolabilem
2344 2380 2468 2419 cum
2524 2377 2590 2416 eo
2646 2359 2996 2415 concordiam
3054 2372 3113 2412 se
3140 2357 3282 2410 velle
3311 2371 3554 2419 servare,

1938 2475 2210 2526 asserens,
2233 2456 2381 2528 quod
2415 2471 2526 2510 non
2573 2453 2727 2508 illum
2758 2458 2970 2506 tantum
3000 2450 3254 2520 diligeret
3285 2465 3380 2519 pro
3419 2463 3556 2501 con-

1938 2548 2325 2627 sanguinitatis
2347 2542 2778 2610 necessitudine,
2809 2556 2918 2613 qua
2955 2539 3035 2593 illi
3065 2537 3354 2592 devinctus
3383 2536 3555 2589 habe-

1938 2649 2097 2702 batur
2129 2664 2144 2712 ;
2175 2659 2364 2700 verum
2395 2640 2567 2694 multo
2597 2637 2790 2711 magis,
2823 2636 2954 2708 quia
2993 2634 3157 2702 hujus
3190 2649 3344 2703 papae
3375 2648 3551 2687 vene-

1940 2750 2087 2797 rator
2115 2747 2168 2795 et
2220 2744 2431 2793 amator
2486 2735 2764 2790 existeret.
2797 2733 3056 2786 Precatur
3082 2736 3288 2795 autem,
3321 2736 3379 2781 ut
3407 2727 3551 2780 idem

1942 2834 2170 2889 Karolus
2223 2846 2320 2885 rex
2369 2843 2492 2882 cum
2553 2825 2816 2896 praedicto
2865 2822 3160 2876 Lantberto
3209 2820 3265 2873 in
3306 2818 3550 2872 amicitia

1936 2924 2282 2996 jungeretur,
2329 2925 2386 2972 et
2437 2914 2634 2980 Odoni,
2703 2911 2792 2967 vel
2872 2908 3195 2980 proceribus
3239 2907 3394 2980 regni
3455 2920 3554 2976 pro

1942 3033 2105 3072 causa
2159 3014 2310 3086 pacis
2355 3027 2496 3082 papa
2549 3007 2836 3071 rescribat,
2887 3019 2996 3076 quo
3053 3002 3282 3056 Karolus
3331 2999 3398 3054 ad
3460 3014 3552 3052 re—

1940 3124 2109 3183 gnum
2191 3101 2538 3159 haareditario
2616 3098 2721 3153 sibi
2793 3097 2919 3167 jure
2982 3093 3224 3148 debitum
3283 3088 3552 3161 proficiat.

1937 3207 2000 3261 Et
2080 3201 2334 3274 quamvis
2412 3211 2562 3251 nunc
2632 3194 2750 3266 [ms.
2821 3192 2874 3262 j,
2952 3189 3101 3260 tunc]
3190 3194 3364 3243 totum
3440 3199 3552 3240 non

1939 3306 2126 3371 posset
2181 3295 2461 3364 suscipere
2513 3305 2766 3365 regnum,
2825 3287 3017 3341 saltem
3073 3290 3280 3355 partem
3313 3282 3555 3352 aliquam

1939 3388 2135 3444 honori
2190 3401 2290 3440 suo
2346 3381 2701 3455 condignam,
2761 3375 3109 3432 concorditer
3172 3379 3227 3428 et
3273 3372 3421 3440 juste
3472 3385 3559 3425 re-

1941 3496 2109 3556 gnum
2142 3474 2464 3538 dividendo,
2523 3471 2601 3525 illi
2629 3475 2976 3525 conservent.
3008 3466 3363 3538 Subjungens
3393 3471 3556 3518 actu-

1941 3594 2065 3632 rum
2093 3575 2315 3646 sequod
2383 3572 2486 3628 sibi
2547 3567 2884 3640 apostolicus
2938 3565 3085 3620 idem
3142 3561 3387 3634 pontifex
3418 3578 3558 3633 prae-

1943 3675 2163 3739 ceperat
2215 3681 2384 3736 super
2443 3659 2942 3736 trausgressoribus
2995 3662 3050 3710 et
3111 3670 3390 3709 sacrorum
3436 3654 3562 3708 vio-

1942 3757 2206 3812 latoribus
2276 3752 2544 3808 Richardo
2579 3791 2592 3816 ,
2651 3749 2900 3802 Manasse
2933 3788 2947 3812 ,
3005 3753 3168 3816 atque
3252 3744 3557 3812 Rampone,

1943 3861 2069 3900 mox
2095 3851 2155 3899 ut
2204 3842 2566 3912 coepisc0pos
2621 3851 2753 3891 suos
2798 3836 2855 3889 in
2906 3851 3075 3890 unum
3133 3832 3371 3903 potuerit
3427 3846 3562 3885 con-

1944 3955 2194 4016 gregare.
2270 3936 2329 3991 Id
2403 3941 2612 3988 tantum
2695 3947 2836 4002 papa
2913 3929 3220 3996 remandet,
3295 3927 3559 4000 quoniam

1946 4038 2152 4086 aeterno
2179 4029 2303 4084 illos
2350 4024 2713 4082 anathematis
2753 4022 2971 4077 vinculo
3019 4021 3398 4086 innodaverat,
3424 4019 3563 4074 sili-

1948 4131 2070 4180 ceat
2101 4125 2184 4179 eis
2213 4123 2281 4178 ad
2334 4118 2712 4192 paenitentiam
2756 4117 3042 4172 conversis
3076 4115 3284 4187 aliquid
3314 4113 3561 4184 impendi

1946 4215 2360 4280 misericordiae,
2416 4212 2503 4266 vel
2552 4227 2648 4266 eos
2677 4209 2744 4263 ad
2791 4208 3172 4279 pmnitentiam
3206 4207 3432 4276 suscipi,
3464 4221 3562 4259 seu

1949 4308 2074 4379 quis
2098 4305 2298 4360 modus
2326 4302 2501 4374 ipsius
2531 4317 2651 4356 esse
2672 4300 2870 4355 debeat
2901 4298 3256 4370 poenitentiae.
3293 4297 3366 4351 De
3401 4297 3567 4351 Ram-

1950 4419 2094 4472 pone
2116 4416 2244 4456 vero
2275 4404 2568 4464 asseverat,
2598 4397 2727 4468 quia
2759 4396 2813 4449 in
2844 4395 3025 4450 solum
3059 4393 3428 4448 'I‘eutboldum
3454 4391 3568 4462 epi-

1947 4510 2177 4564 scopum
2209 4507 2335 4546 reus
2365 4489 2643 4553 existeret,
2675 4487 2810 4540 nihil
2844 4486 3021 4555 culpae
3055 4484 3110 4538 in
3144 4483 3440 4538 Walterum
3469 4483 3569 4536 Se-

227 4593 334 4651 ret,
363 4580 686 4656 apostolicae
731 4578 881 4633 sedis
900 4579 1232 4633 sententiam
1275 4576 1677 4632 reformidaret.
1712 4577 1846 4630 Item
1873 4581 1928 4649 ι)
1955 4599 2261 4640 nonensem
2317 4580 2630 4644 admiserat,
2664 4578 2733 4631 ad
2786 4593 2950 4648 quem
2984 4573 3568 4645 comprehendendum

228 4680 360 4748 quia
389 4685 519 4748 post
545 4673 981 4730 admonitionem
1020 4673 1196 4743 ipsius
1238 4687 1393 4742 papae
1448 4687 1552 4725 nec
1596 4669 1854 4725 Arnulqu

227 4771 452 4826 orbitati
485 4767 668 4822 Karoli
717 4765 1018 4821 subvenire
1057 4766 1252 4832 voluit,
1311 4781 1413 4820 nec
1443 4763 1556 4820 Odo
1597 4781 1627 4818 a
1657 4779 1854 4835 perva-

228 4863 385 4920 sioue
412 4860 598 4936 regni,
631 4857 858 4928 rapinis,
886 4873 951 4912 ac
997 4859 1427 4929 dep0pulatione
1453 4857 1703 4913 cessavit.
1745 4858 1852 4912 Sed

231 4949 578 5006 etArqufus
635 4963 723 5002 res
760 4945 1020 5002 Ecclesiae
1070 4948 1358 5003 Remensis
1406 4953 1512 5002 tam
1572 4964 1688 5015 eas,
1716 4964 1854 5020 quas

234 5041 557 5113 aliquandiu
604 5037 808 5105 injuste
854 5037 1100 5092 sublatas
1154 5038 1258 5109 ipsi
1313 5038 1645 5106 restituerat,
1686 5055 1849 5110 quam

237 5153 334 5191 eas
357 5138 554 5202 etiam,"
603 5148 728 5204 quaa
787 5148 1068 5204 nunquam
1118 5132 1273 5203 prius
1298 5133 1585 5187 subtractae
1616 5131 1853 5200 fuerant,

236 5232 480 5297 abstulit,
507 5230 581 5286 ob
612 5228 668 5281 id
716 5227 1118 5292 tantummodo,
1168 5226 1299 5298 quia
1355 5226 1703 5281 temerariam
1737 5227 1858 5296 ejus

239 5324 581 5380 invasionem
615 5321 848 5393 [Papir.,
893 5319 1222 5391 jussionem]
1257 5321 1344 5375 hic
1372 5320 1573 5390 praesul
1605 5321 1857 5392 recipere

241 5417 497 5474 noluerit.
531 5417 604 5472 Et
620 5415 770 5487 quod
803 5414 918 5468 Odo
951 5415 1223 5470 civitatem
1255 5415 1582 5470 Remensem
1617 5415 1857 5471 obsede-

235 5513 333 5580 rit,
359 5515 682 5569 iunumeras
707 5509 870 5565 etiam
918 5511 1100 5565 caedes
1131 5516 1184 5564 et
1234 5509 1677 5580 depraedationes
1707 5525 1866 5565 exer-

239 5608 435 5675 cuerit,
463 5615 516 5663 et
584 5621 673 5661 res
726 5604 982 5660 Ecclesia:
1036 5604 1326 5660 Remensis
1376 5605 1490 5660 suis
1543 5604 1868 5660 satellitibus

245 5700 481 5770 dederit,
512 5701 680 5770 hujus
710 5699 968 5755 Ecclesiae
998 5698 1258 5754 insistens
1289 5699 1518 5770 rapinis,
1551 5698 1732 5754 donec
1774 5698 1870 5753 Ka-

328 5803 434 5874 (23)
477 5804 648 5859 Fulco
684 5799 1134 5874 consanguineus
1158 5797 1430 5856 Lamberti
1458 5800 1656 5868 imper.

1953 4693 2056 4732 nec
2083 4690 2326 4746 prmsens
2338 4669 3023 4740 fuerat,necadjutorium,
3041 4667 3126 4722 vel
3147 4682 3479 4722 consensum
3501 4665 3566 4718 ad

1952 4767 2006 4821 id
2039 4763 2314 4839 agendum
2373 4760 2697 4831 prmbuerat.
2734 4759 2868 4812 Item
2908 4771 3005 4828 pro
3039 4755 3330 4809 Herilando
3354 4755 3569 4810 Tarwa-

1951 4854 2110 4910 nensi
2139 4852 2425 4923 episcOpo,
2450 4850 2608 4918 cujus
2637 4846 2922 4918 episcopio
2951 4861 2982 4899 a
3010 4845 3361 4900 Nortmannis
3394 4844 3573 4914 depo-

1953 4948 2164 5018 pulato,
2211 4961 2336 5001 eum
2393 4942 2724 4998 necessitate
2753 4945 2986 5015 cogente
3037 4938 3106 4992 ad
3137 4954 3196 4992 se
3227 4937 3568 5003 venientem,

1958 5039 2101 5094 sicut
2145 5037 2450 5108 oportebat,
2506 5040 2848 5105 susceperat,
2903 5048 3181 5104 quemque
3234 5031 3570 5087 visitatorem

1959 5134 2176 5189 cuidam
2203 5133 2439 5187 viduatae
2493 5131 2748 5186 Ecclesia:
2803 5129 3180 5195 constituerat,
3211 5135 3270 5182 ut
3299 5126 3572 5182 visitando

1957 5221 2414 5278 sustentationem
2464 5221 2704 5286 interim,
2737 5220 2867 5274 dum
2919 5218 3215 5289 episcopus
3242 5218 3316 5271 ibi
3346 5217 3574 5271 ordina-

1958 5319 2127 5377 retur,
2160 5326 2224 5364 ex
2254 5310 2348 5364 illa
2379 5311 2699 5380 caperet.At
2727 5310 2856 5380 quia
2883 5309 3140 5364 homines
3170 5308 3406 5379 praefatm
3447 5308 3578 5362 Tar-

1961 5401 2237 5456 wanensis
2281 5401 2552 5470 parochias
2606 5399 2902 5454 barbarica:
2932 5399 3261 5454 videbantur
3297 5414 3418 5453 esse
3451 5397 3579 5451 feri-

1965 5495 2090 5549 tatis
2117 5500 2171 5548 et
2193 5493 2418 5568 lingua-'2,
2446 5492 2718 5563 supplicat
2744 5499 2803 5547 ut
2824 5506 3091 5562 responso
3123 5507 3278 5562 papae
3308 5497 3582 5544 mereatur

1969 5584 2278 5653 eertiﬁcari,
2311 5585 2355 5640 si
2384 5585 2531 5640 hunc
2557 5584 2791 5639 viduatae
2823 5584 3022 5638 debeat
3063 5597 3382 5652 praeponere
3414 5579 3581 5649 plebi,

1970 5685 2025 5733 et
2053 5678 2283 5734 alterum
2307 5678 2357 5733 ei
2390 5677 2581 5733 liceret
2626 5676 2680 5730 in
2735 5682 3147 5746 praememorata
3185 5672 3359 5743 ipsius
3390 5668 3584 5725 Eccle-
