4010 6162
491 247 593 303 271

1601 242 1982 300 FLODOARDI.
2010 241 2313 298 CANONlCl
2355 241 2688 297 REMENSIS

3712 244 3816 301 272

493 374 573 427 sia
604 373 921 447 subrogare,
953 371 1045 442 qui
1075 370 1352 439 acceptior
1405 376 1628 440 propter
1680 369 2022 440 parentelam
2050 374 2105 422 et
2135 374 2185 440 Α
2212 366 2522 428 termiserit,
2555 363 2874 420 canonicam
2919 364 2975 418 in
3008 379 3140 418 eum
3189 363 3330 419 ferre
3357 365 3690 420 sententiam
3716 367 3818 420 mi-

496 463 757 536 linguam,
788 461 844 514 in
875 459 1070 514 eodem
1103 459 1224 513 loco
1281 466 1467 529 posset
1507 459 1756 514 existere.
1793 459 1947 513 Idem
1974 472 2103 513 vero

498 569 637 623 papa
690 551 998 606 rescribens
1034 549 1106 618 ei,
1138 549 1394 603 laudibus
1446 547 1648 603 attullit
1679 548 1933 602 eumdem
1963 563 2104 602 con-

495 644 773 719 gratulans
828 643 947 712 ejus
995 641 1280 697 dilectioni
1325 649 1489 713 atque
1511 640 1889 707 sollicitudini,
1939 655 2107 710 quam

493 739 718 812 gerebat
769 754 896 810 erga
951 737 1298 790 Lantbertum
1362 736 1770 806 imperatorem,
1820 735 1888 788 de
1948 734 2107 802 cujus

491 827 753 884 fidelitate
785 835 840 882 et
864 827 1158 882 stabilitate
1188 836 1378 881 monet
1407 843 1535 882 cum
1557 841 1778 896 semper
1807 824 1924 878 fieri
1951 823 2108 877 solli-

491 926 682 990 citum,
711 922 879 978 veluti
910 922 1402 996 consanguinitatis
1432 924 1821 995 prepinquum,
1855 931 2108 972 asserens

491 1035 550 1074 se
579 1034 702 1073 cum
736 1017 856 1087 ipso
880 1022 1082 1069 tantam
1133 1015 1284 1085 pacis
1311 1021 1364 1068 et
1393 1013 1704 1069 dilectionis
1731 1011 1933 1066 habere
1965 1023 2106 1062 con-

494 1111 760 1176 cordiam,
790 1115 849 1163 ut
875 1115 1156 1178 nequeant
1209 1107 1391 1178 aliqua
1429 1106 1542 1174 jam
1572 1107 1640 1160 ab
1668 1107 1901 1162 invicem
1930 1101 2110 1177 pravi-

493 1210 600 1256 tate
629 1201 866 1275 sejungi.
898 1200 1148 1256 Notiﬁcat
1174 1216 1396 1272 quoque
1425 1201 1774 1262 Richardum,
1799 1201 2100 1256 Manassem

493 1299 658 1363 atque
689 1292 1027 1361 Ramponem
1056 1291 1560 1346 cxcommunicatos
1589 1307 1618 1345 a
1643 1307 1724 1357 se,
1776 1299 1937 1362 atque
1978 1307 2104 1361 per-

493 1387 658 1450 petuo
689 1379 884 1454 ligatos
923 1381 1288 1445 anathemate,
1346 1397 1443 1450 pro
1492 1397 1558 1436 eo
1589 1382 1738 1452 quod
1767 1388 1874 1435 tam
1909 1379 2103 1436 nefan-

490 1473 715 1528 dissima
773 1473 1224 1544 perpetraverint,
1268 1481 1325 1528 ut
1363 1474 1707 1529 Teutbboldo
1743 1474 1886 1545 [ms.,
1919 1474 2101 1528 'Iheo-

490 1564 696 1634 baldo],
733 1563 1065 1637 Lingonensi
1095 1579 1377 1634 episcopo,
1409 1563 1601 1618 oculos
1627 1563 2102 1630 eruerint,Walta—

489 1657 628 1712 rium
661 1657 1064 1720 Senonensem,
1097 1656 1316 1725 propria
1344 1654 1635 1724 depulsum
1655 1654 1808 1725 sede,
1839 1655 2100 1710 custodite

490 1748 943 1819 mancipaverint,
970 1749 1240 1802 mandans
1288 1754 1346 1802 ut
1373 1764 1560 1803 secum
1587 1748 1655 1801 dc
1687 1748 1773 1801 his
1801 1749 2020 1814 sentiat,
2049 1755 2102 1802 et

493 1845 808 1900 convocatis
832 1845 1090 1899 omnibus
1110 1844 1470 1918 suffraganeis
1486 1845 1600 1902 suis
1623 1844 1919 1915 cpiscOpis,
1944 1858 2106 1898 cano-

491 1936 675 1990 nicum
705 1935 963 2005 supereis
993 1935 1143 2006 quod
1174 1937 1772 2005 exercueratjudicium
1793 1939 1907 2006 pari
1938 1939 2102 1994 modo

491 2025 838 2079 determinet.
890 2024 1023 2077 Item
1057 2023 1247 2078 scribit
1300 2026 1481 2079 eidem
1537 2026 1954 2097 archiepiscOpo
2004 2045 2100 2097 pro

492 2115 768 2171 Bertliario
792 2114 1028 2185 quodam
1088 2114 1428 2184 presbytero,
1456 2131 1627 2185 quem
1656 2116 1836 2170 clerus
1866 2124 1917 2170 et
1946 2117 2102 2187 plebs

491 2211 748 2265 Ecclesiae
796 2208 1211 2264 Catalaunensis
1258 2224 1534 2264 consensu
1598 2209 1743 2284 regis
1797 2209 2001 2266 Odonis
2031 2214 2100 2267 ad

487 2305 865 2374 episc0patum
897 2302 1182 2357 dicebatur
1237 2303 1494 2378 elegisse,
1555 2319 1892 2359 succensens
1948 2306 2099 2378 quod

487 2397 632 2452 hunc
658 2403 911 2453 vocatum
939 2394 1207 2450 canonice
1267 2395 1505 2451 noluerit
1537 2410 1885 2462 consecrare,
1914 2399 2012 2452 sed
2042 2398 2096 2451 in

483 2485 711 2540 transitu
742 2483 985 2539 defuncti
1008 2484 1253 2554 episcOpi
1279 2484 1575 2538 Ecclesiam
1609 2485 1781 2555 ipsam
1807 2486 2098 2542 Herilando

481 2579 828 2634 Tarwanensi
857 2579 1118 2648 episcOpo
1151 2577 1462 2633 beneﬁciali
1491 2594 1642 2634 more
1658 2579 1933 2635 ferebatur
1963 2597 2101 2637 con-

483 2671 690 2725 tulisse.
726 2670 918 2724 Postea
939 2669 1231 2739 quemdam
1279 2669 1620 2724 Mancionem
1680 2672 1962 2726 nonnullis
1993 2673 2101 2727 cri-

482 2767 724 2821 minibus
769 2766 1036 2820 irretitum
1069 2765 1124 2818 in
1179 2766 1372 2821 eadem
1405 2765 1664 2834 Ecclesia,
1693 2768 1849 2838 quasi
1880 2769 2098 2839 cpisco-

483 2876 612 2929 pum
643 2859 998 2924 ordinaverit,
1030 2874 1267 2930 cumque
1317 2859 1747 2930 prienominatus
1780 2860 2094 2915 Bertharius

479 2956 838 3027 apostolicam
870 2957 1216 3028 praesentiam
1247 2959 1410 3014 vellet
1452 2959 1624 3025 adire,
1656 2957 2093 3028 comprehensus

477 3048 546 3102 sit
575 3065 606 3102 a
626 3049 867 3120 quodam
899 3049 1148 3104 Conrado
1167 3050 1529 3119 hujusdomni
1553 3049 1809 3105 Fulconis
1830 3048 2087 3117 vassallo,
2112 3084 2161 3152 Ο
2193 3078 2328 3146 ﬁlio,

477 3144 547 3198 de
579 3145 818 3199 Ecclesia
850 3152 1069 3211 tractus,
1109 3152 1162 3200 et
1208 3146 1262 3200 in
1318 3145 1572 3201 exsilium
1606 3161 1703 3214 per
1732 3161 1903 3198 unum
1933 3161 2091 3200 men-

474 3250 589 3290 sem
621 3236 928 3311 delegatus.
967 3238 1118 3292 Unde
1139 3246 1194 3292 et
1220 3253 1458 3292 evocans
1489 3238 1638 3292 hunc
1665 3242 1910 3291 nostrum
1958 3254 2092 3306 prae-

472 3326 671 3391 sulem,
705 3327 927 3380 mandat
953 3343 1231 3397 expresse,
1290 3327 1388 3382 sed
1428 3325 1686 3394 fraterne,
1718 3336 1778 3384 ut
1805 3344 1959 3384 suam
1989 3328 2092 3382 de-

471 3416 753 3472 nominato
783 3424 1031 3488 tempore
1079 3432 1190 3472 non
1238 3416 1452 3472 differat
1482 3418 1533 3472 ei
1563 3417 1819 3476 exhibere
1847 3434 2091 3488 prazsen-

470 3509 623 3576 tiam,
655 3511 865 3566 habens
917 3528 1104 3566 secum
1165 3512 1447 3582 praefatum
1503 3512 1870 3581 Mancionem,
1904 3521 1958 3569 ct
1973 3515 2086 3583 jam

471 3601 676 3656 dictum
731 3602 1063 3670 Conradum,
1151 3619 1276 3659 cum
1331 3604 1663 3675 quibusdam
1716 3605 2089 3662 denominatis

469 3693 815 3764 coepiscopis
841 3696 977 3763 suis,
1002 3703 1055 3751 et
1085 3704 1301 3752 caetera.

1112 3786 1323 3842 CAPUT
1352 3787 1437 3843 1V.

535 3855 661 3923 Quae
689 3857 993 3928 Stephanus
1004 3861 1423 3928 papa‘Fulconi,
1452 3864 1506 3915 et
1526 3876 1644 3931 qum
1663 3862 1818 3917 [v'ulco
1840 3863 2011 3919 eidem

995 3946 1157 4000 papas
1181 3934 1538 4001 rescripserit.

533 4017 810 4087 Stephano
842 4019 1132 4086 (Stephano
1182 4021 1300 4089 VII)
1358 4037 1582 4093 quoque
1635 4023 1798 4093 hujus
1825 4021 2079 4081 Formosi

461 4109 764 4162 successori
796 4109 1042 4164 scribens
1072 4110 1219 4165 idem
1251 4111 1689 4180 domnusFuleo,
1723 4116 2075 4171 devotionem

461 4212 625 4267 quam
653 4212 782 4273 erga
812 4197 1112 4253 Romanam
1171 4200 1360 4255 sedem
1408 4203 1633 4276 gerebat
1662 4206 1963 4260 conabatur
1987 4222 2078 4262 os-

461 4292 709 4359 tendere,
743 4301 796 4348 et
824 4295 974 4366 quod
1026 4295 1217 4349 limina
1275 4296 1608 4353 creberrime
1640 4300 1908 4370 cupiverit
1937 4317 2077 4372 apo-

457 4386 722 4440 stolorum
763 4387 938 4455 adire,
993 4389 1091 4443 sed
1149 4388 1380 4446 diversis
1423 4392 1769 4449 obstantibus
1800 4396 2076 4452 discrimi-

2210 457 2357 512 nime
2389 455 2720 511 retractabit.
2757 455 3086 510 Rcscribens
3153 463 3333 510 autem
3367 457 3454 509 hic
3490 458 3820 512 venerabilis

2210 553 2405 623 praesul
2433 552 2636 617 eidem,
2693 566 2858 621 quam
2905 565 3126 620 semper
3185 550 3438 604 habuerit
3467 551 3817 606 devotionem

2207 648 2351 703 circa
2371 647 2665 722 gloriosam
2699 645 2966 716 principis
3023 645 3396 717 apostolorum
3437 646 3646 700 sedem.
3673 647 3821 715 ejus-

2206 759 2313 814 que
2359 749 2579 797 sanctos
2629 740 2914 812 praesules,
2948 741 3189 810 pandere
3221 741 3432 808 nititur,
3485 756 3739 796 asserens
3764 759 3822 797 se

2208 821 2338 892 tunc
2367 836 2533 890 variis
2579 834 3047 912 oppressionibus_
3093 843 3467 912 aggravatum,
3498 852 3560 891 ac
3589 836 3824 891 diversis

2209 929 2486 986 astrictum
2559 909 3068 1000 perturbationibus
3092 971 3104 995 ,
3138 909 3150 910 ί
3172 909 3486 999 praesentia
3547 931 3822 1001 corporali

2208 1024 2458 1080 eamdem
2487 1023 2640 1076 adire
2670 1021 2859 1076 sedem
2900 1037 3010 1076 non
3041 1022 3280 1078 valuisse
3313 1040 3328 1090 ;
3359 1024 3592 1079 dilectos
3632 1032 3824 1080 autem

2209 1117 2353 1172 ﬁlios
2379 1118 2544 1186 hujus
2594 1117 2852 1171 Ecclesiie
2908 1117 3044 1171 illud
3096 1117 3424 1184 destinasse,
3485 1119 3553 1172 ad
3609 1119 3826 1174 itineris

2205 1214 2288 1270 sui
2311 1215 2645 1270 enarrandas
2671 1215 3152 1271 incommoditates
3190 1214 3312 1269 viva
3339 1229 3492 1269 voce.
3518 1214 3824 1278 Quemdam

2205 1327 2426 1384 quoque
2454 1311 2905 1367 consacerdotem
2957 1327 3114 1365 suum
3169 1310 3236 1364 ad
3291 1310 3348 1363 id
3400 1311 3823 1382 exsequendum

2203 1424 2261 1462 se
2305 1407 2590 1462 direxisse.
2647 1407 2804 1462 Plura
2848 1423 2909 1460 se
2959 1406 3202 1461 scribere
3240 1421 3351 1460 non
3385 1407 3824 1477 praesumpsisse,

2204 1504 2331 1575 quia
2361 1505 2595 1558 senserit
2624 1503 2678 1557 in
2704 1503 2932 1573 epistola
2963 1502 3068 1556 sibi
3099 1502 3166 1556 ab
3210 1501 3330 1572 ipso
3364 1501 3568 1556 directa
3598 1502 3736 1556 dura
3768 1518 3824 1556 se

2202 1599 2334 1654 satis
2360 1599 2672 1654 invectione
2693 1598 2983 1653 multatum
3019 1615 3032 1651 :
3067 1605 3122 1652 et
3150 1597 3254 1652 hoc
3280 1597 3382 1652 sibi
3403 1612 3514 1651 non
3541 1597 3824 1652 modicum

2134 1695 2501 1780 Bincussissc
2527 1695 2876 1760 miraculum,
2936 1693 3085 1764 quod
3133 1692 3211 1748 ita
3262 1700 3396 1747 tunc
3425 1691 3617 1762 primae
3650 1692 3827 1763 ipsius

2202 1787 2394 1842 litterze
2434 1785 2672 1860 graviter
2720 1801 2846 1840 eum
2893 1783 3245 1855 perculerint,
3303 1799 3425 1838 cum
3463 1788 3698 1838 eatenus
3759 1784 3825 1837 ab

2205 1879 2321 1950 ipsa
2343 1877 2478 1934 sede
2506 1878 2641 1932 nihil
2673 1877 2820 1931 aliud
2845 1877 2950 1930 nisi
2984 1875 3253 1930 mellitum
3302 1889 3364 1928 ac
3393 1873 3577 1941 dulce,
3605 1873 3826 1943 praede-

2203 1973 2519 2028 cessoribus
2549 1972 2663 2027 suis
2692 1971 2796 2027 sibi
2817 1968 3414 2036 scribentibus,venire
3444 1969 3819 2024 consueverit.

2203 2063 2355 2130 Quod
2389 2064 2627 2133 peccatis
2658 2071 2842 2118 tamen
2871 2062 2986 2117 suis
3035 2062 3333 2132 imputans,
3363 2065 3424 2115 ut
3449 2059 3518 2113 de
3549 2060 3698 2114 malo
3726 2074 3825 2114 suo

2200 2176 2259 2214 se
2288 2160 2482 2214 merito
2531 2159 2858 2223 contristari,
2911 2157 2991 2212 sic
3043 2157 3111 2212 de
3175 2154 3524 2226 correptione
3553 2154 3739 2225 ipsius
3766 2171 3823 2209 se

2203 2248 2401 2303 fatetur
2429 2248 2692 2304 faetiﬁcari
2722 2267 2735 2302 :
2771 2248 3061 2304 revolvens
3101 2246 3217 2302 ﬁeri
3253 2247 3521 2318 potuisse,
3551 2261 3657 2300 ceu
3689 2261 3825 2316 quo-

2201 2340 2324 2394 dam
2357 2339 2609 2413 designat
2635 2339 2704 2394 ad
2751 2356 2810 2395 se
2842 2340 3114 2410 perlatum
3159 2353 3398 2405 rumore,
3432 2344 3494 2392 ut
3523 2353 3553 2390 a
3584 2335 3824 2408 quibus-

2201 2430 2324 2484 dam
2359 2430 2540 2483 minus
2571 2429 2830 2484 charitate
2886 2429 3112 2500 repletis
3167 2429 3326 2484 aliter
3354 2427 3429 2483 de
3456 2444 3516 2483 se
3547 2428 3820 2491 audisset,

2201 2537 2364 2592 quam
2413 2521 2614 2576 veritas
2667 2536 2726 2574 se
2805 2520 3050 2574 haberet.
3100 2520 3257 2575 Unde
3308 2519 3465 2589 petit,
3527 2533 3600 2572 ne
3658 2518 3824 2572 facile

2200 2614 2580 2682 hujuscemodi
2614 2615 2866 2686 personis
2880 2631 3072 2669 aurem
3096 2613 3496 2679 accommodet,
3525 2612 3712 2667 donec
3745 2614 3759 2682 (
3771 2621 3823 2666 ut

2199 2704 2460 2774 scriptum
2491 2707 2587 2774 est)
2609 2721 2723 2760 rem
2756 2720 2920 2776 quam
2975 2704 3154 2759 nescit
3199 2701 3632 2775 diligentissime
3660 2703 3822 2758 inve-
3876 2714 3888 2724 ‘

2198 2798 2363 2871 stiget
2394 2798 2510 2861 (Job
2541 2797 2707 2866 xxxx).
2742 2795 3055 2849 Adnectens
3083 2793 3435 2864 simpliciter,
3482 2793 3561 2847 uti
3591 2793 3665 2847 ab
3687 2793 3822 2865 ipsis

2195 2909 2338 2964 pene
2359 2890 2652 2947 cunabulis
2679 2889 2946 2945 educatus
2963 2888 3249 2945 canonicis
3278 2887 3446 2942 fuerit
3477 2887 3818 2959 disciplinis,

2193 2985 2370 3040 donec
2427 2999 2457 3036 a
2496 2981 2739 3055 glorioso
2770 2995 2899 3054 rege
2930 2980 3123 3036 Karolo
3151 2979 3502 3051 imperatoris
3549 2979 3818 3034 Ludovici

2359 3078 2415 3132 in
2453 3077 2709 3148 palatinis
2739 3093 2803 3132 ac
2833 3076 3150 3132 domesticis
3207 3076 3327 3144 ejus
3384 3075 3453 3129 sit
3497 3083 3819 3146 assumptus

2193 3169 2494 3241 obsequiis.
2523 3168 2737 3240 Sicque.
2764 3167 2819 3222 in
2845 3167 2968 3222 aula
2999 3166 3186 3238 palatii
3240 3181 3604 3237 perseverans
3635 3181 3815 3238 usque

2192 3260 2260 3314 ad
2319 3266 2568 3331 tempora
2650 3257 2964 3314 Karlomani
3041 3258 3186 3332 regis
3242 3257 3502 3312 Ludovici
3565 3258 3812 3326 junioris

2191 3355 2288 3409 filii
2319 3355 2540 3426 nepotis
2589 3353 2836 3424 ejusdem
2896 3352 3095 3420 Karoli,
3127 3352 3350 3424 quando
3377 3369 3408 3406 a
3434 3353 3646 3407 sanctis
3689 3369 3816 3424 pro-

2187 3447 2383 3504 vincim
2415 3448 2701 3503 Remensis
2727 3447 3023 3517 epis00pis,
3067 3461 3285 3503 necnon
3313 3463 3343 3501 a
3377 3447 3525 3502 clero
3560 3455 3620 3502 et
3646 3449 3810 3520 plebe

2189 3539 2354 3608 hujus
2384 3537 2537 3592 urbis
2565 3537 2773 3592 electus
2793 3535 2884 3602 sit,
2939 3545 2999 3591 et
3045 3536 3342 3607 episcOpus
3368 3537 3680 3594 ordinatus.
3710 3539 3806 3594 Ubi

2188 3629 2423 3702 qualiter
2453 3629 2595 3683 hanc
2642 3627 2938 3684 Ecclesiam
2973 3643 3312 3701 paganorum
3342 3628 3703 3685 infestatione
3731 3630 3809 3684 la-

2186 3727 2470 3782 borantem
2496 3724 2785 3795 repererit,
2827 3731 2882 3780 et
2921 3730 2983 3779 ut
3030 3739 3129 3794 pro
3160 3740 3295 3795 pace
3326 3725 3504 3796 ipsius
3535 3725 3607 3778 ad
3636 3740 3802 3795 posse

2186 3817 2558 3885 desudaverit,
2591 3815 2753 3890 legati
2789 3816 2896 3882 sui,
2964 3814 3054 3870 vel
3076 3815 3308 3870 aliorum
3359 3815 3476 3870 hac
3505 3816 3801 3871 scientiam

2183 3912 2319 3983 petit
2350 3911 2620 3984 explorari
2644 3911 2979 3966 narratione.
3013 3911 3347 3967 Asseverans
3404 3912 3692 3982 praemissa
3742 3928 3800 3966 se

2182 4021 2292 4062 non
2313 4005 2624 4081 arrogantia
2672 4003 2969 4076 explicare,
3023 4005 3121 4061 sed
3155 4012 3214 4061 ut
3236 4005 3468 4073 noverit,
3492 4006 3799 4075 conjiciens

2182 4100 2311 4170 quia
2337 4100 2433 4172 qui
2455 4101 2537 4155 sic
2565 4100 2859 4167 enutritus,
2914 4106 2970 4155 et
3017 4099 3199 4156 taliter
3246 4099 3551 4156 fueritante
3579 4101 3796 4172 episco-

2181 4203 2364 4265 patum
2383 4202 2758 4263 conversatus,
2791 4195 2899 4251 hoc
2919 4195 3026 4250 sibi
3050 4195 3234 4266 potius
3249 4210 3390 4252 onus
3419 4213 3588 4268 quam
3626 4198 3795 4252 hono-

2178 4302 2314 4352 rem,
2341 4303 2450 4342 non
2509 4287 2764 4343 elationis
2814 4287 3263 4356 instrumentum,
3317 4287 3415 4342 sed
3465 4287 3792 4343 humilitatis

2178 4393 2299 4434 esse
2330 4379 2634 4434 servitium.
2713 4377 3002 4435 Subnectit
3040 4387 3254 4445 autem,
3310 4379 3460 4450 quod
3513 4379 3558 4433 si
3609 4380 3790 4451 aliqua

458 4496 593 4534 num
627 4482 824 4544 causis,
878 4484 994 4539 hmo
1038 4488 1162 4541 vota
1219 4487 1532 4560 nequiverit
1579 4489 1888 4562 adimplere
1924 4511 1936 4547 :
1980 4493 2073 4548 ubi
2099 4457 2156 4525 D
2175 4489 2344 4548 regno
2368 4475 2527 4546 (Ιυίθε
2557 4489 2821 4530 concessa
2841 4473 3035 4541 fuerit:
3060 4481 3116 4530 ει
3145 4472 3214 4528 ab
3237 4473 3427 4529 Odone
3458 4490 3592 4550 rege
3620 4475 3793 4531 δαῖθ’

456 4574 730 4649 significat
759 4577 1002 4635 Odonem
1031 4587 1084 4635 et
1117 4581 1367 4638 Karolum
1397 4601 1560 4659 reges
1589 4585 1645 4640 in
1677 4587 1830 4658 pacis
1851 4589 2072 4644 tandem

455 4670 771 4739 concordia,
796 4687 855 4726 se
884 4674 1162 4742 studente,
1195 4691 1496 4732 connexos.
1529 4677 1622 4733 Cui
1663 4680 1951 4736 remittens
1984 4683 2074 4737 hic

453 4778 596 4834 papa
627 4764 834 4822 litteras
862 4785 1012 4837 suas,
1044 4786 1074 4824 a
1105 4785 1163 4825 se
1193 4774 1505 4844 suscepisse
1527 4774 1941 4850 fatetur,ipsius
1959 4797 2070 4836 non

453 4854 771 4924 admittens,
806 4858 917 4914 imo
947 4861 1362 4931 reprehendens
1381 4867 1814 4935 excusationem,
1837 4884 1902 4924 eo
1921 4871 2070 4942 quod

449 4949 540 5004 alii
575 4951 830 5007 homines
859 4955 1110 5010 eamdem
1160 4958 1350 5014 sedem
1405 4960 1653 5028 adirent,
1701 4969 1755 5019 et
1785 4963 1901 5036 ipse
1930 4964 2071 5022 fate-

449 5048 597 5096 retur
621 5042 701 5097 fas
730 5044 832 5098 sibi
900 5046 1140 5102 adeundi
1196 5064 1308 5104 non
1356 5051 1526 5108 fuisse
1583 5069 1928 5112 concessum.
1963 5058 2068 5113 De-

448 5133 663 5188 nuntiat
718 5149 848 5210 ergo
919 5139 1192 5208 synodum
1243 5156 1304 5195 se
1358 5159 1459 5214 per
1511 5161 1760 5202 mensem
1814 5149 2066 5220 Septem-

447 5228 598 5283 brem
653 5229 993 5288 imminentis
1053 5234 1370 5296 indictionis
1425 5240 1633 5312 quintm
1685 5242 1913 5300 decimas
1942 5262 2062 5302 cer-

445 5318 652 5374 tissime
680 5321 962 5380 celebrare
1019 5327 1278 5384 statuisse
1314 5348 1327 5385 :
1362 5332 1430 5386 ad
1458 5350 1622 5405 quam
1656 5338 1935 5394 censendo
1964 5355 2059 5396 vo-

440 5423 573 5464 cans
601 5411 749 5467 hunc
779 5415 1279 5488 archiepiscOpum,
1333 5429 1520 5478 monet
1548 5439 1828 5496 expresse,
1863 5438 2058 5501 quate-

441 5522 545 5560 nus
575 5508 724 5561 omni
750 5525 902 5565 mora
928 5513 1168 5582 repulsa,
1187 5515 1820 5590 omniqueexcusatione
1848 5533 2049 5593 amota,

438 5601 635 5655 eodem
662 5611 907 5674 tempore
934 5621 1088 5662 suam
1121 5611 1419 5680 specialem
1453 5616 1801 5685 praesentiam
1839 5618 2044 5687 eidem,

435 5694 760 5767 synodoque
785 5697 1015 5756 omnino
1045 5703 1306 5760 exhibere
1337 5712 1591 5776 maturet,
1628 5710 1777 5782 quod
1807 5710 1850 5764 si
1903 5727 2046 5781 prae-

2177 4566 2307 4621 tiam
2349 4567 2644 4638 impetrare
2688 4568 2942 4634 valuerit,
2991 4569 3059 4622 ad
3112 4567 3288 4640 ipsius
3315 4569 3684 4628 beatitudinis
3702 4585 3792 4625 ve-

2174 4658 2335 4733 stigia
2369 4659 2590 4714 tandem
2648 4659 2948 4732 aliquando
2990 4674 3286 4731 preperare
3340 4659 3610 4728 studebit,
3663 4661 3788 4716 dum

2173 4752 2278 4808 sibi
2299 4753 2400 4808 viae
2433 4755 2730 4826 patuerint,
2755 4769 2878 4826 quae
2906 4761 3037 4810 tunc
3073 4755 3141 4810 ab
3181 4755 3538 4810 Zendeboldo
3585 4752 3787 4810 Arnulti

2174 4849 2319 4925 regis
2367 4848 2482 4907 ﬁlio
2512 4858 2667 4906 erant
2715 4850 3054 4907 obstructae:
3103 4851 3198 4923 qui
3242 4850 3545 4907 Ecclesiam
3567 4864 3788 4924 quoque

2173 4940 2500 4998 Remensem
2547 4943 2737 5000 multis
2787 4943 3072 5020 afﬂigebat
3134 4943 3372 5013 injuriis,
3416 4961 3505 5001 res
3544 4946 3788 5016 ejusdem

2169 5031 2632 5103 suisimpertiens
2661 5033 2916 5090 subditis.
2968 5033 3136 5103 Cujus
3195 5035 3547 5106 tyrannidem
3577 5043 3788 5108 aposto—

2167 5123 2273 5178 lica
2300 5124 2437 5194 petit
2467 5125 2792 5181 auctoritate
2850 5126 3099 5196 reprimi,
3153 5127 3366 5194 dicens,
3419 5128 3551 5200 quia
3581 5129 3637 5184 in
3679 5137 3778 5182 tam

2166 5218 2476 5288 periculoso
2526 5226 2578 5273 et
2626 5220 3134 5276 necessitudinibus
3194 5222 3360 5292 pleno
3412 5229 3666 5294 tempora
3719 5236 3776 5275 se

2163 5325 2317 5364 suam
2350 5309 2648 5367 Ecclesiam
2681 5311 2907 5368 noxium
2933 5319 3082 5368 esset
3111 5313 3391 5369 deserere.

2817 5424 3026 5480 CAPUT
3056 5425 3116 5480 V.

2817 5425 3026 5480 CAPUT
3056 5425 3116 5480 V.

2229 5514 2354 5580 Qum
2376 5517 2591 5582 regibus
2621 5517 2952 5587 quibusdam
2980 5519 3142 5573 Fulco
3173 5519 3378 5588 scripta
3410 5515 3693 5572 direxerit.

2225 5625 2619 5700 Totiusitaque
2651 5629 2808 5705 regni
2861 5645 3044 5686 curam
3102 5648 3274 5707 agens
3328 5633 3476 5686 idem
3533 5633 3760 5687 domnus

2147 5717 2598 5792 archiepiscoqus
2664 5723 2854 5794 Fulco,
2922 5724 3131 5782 litteras
3199 5727 3390 5804 dirigit
3447 5722 3751 5798 imperatori
