4012 6164
271 324 375 379 273

911 319 1237 378 HISTORIA?
1274 321 1617 379 ECCLESLE
1654 320 1987 379 REIENSIS
2024 325 2203 385 LIBRI
2244 330 2570 396 QUATUOR.
2596 365 2668 375 ——
2706 336 2831 391 LIB.
2874 338 2958 393 IV.

3493 349 3601 407 274

271 451 463 508 Karolo
489 450 810 553 (24-),Aregis
841 449 1099 553 Ludovici
1122 452 1587 553 [musrhenensis
1616 450 1753 553 ﬁlio.
1909 460 1961 527 Α
1988 461 2185 517 asserit
2210 468 2433 520 secutos
2471 480 2533 521 se
2560 464 2733 523 fuisse
2762 486 2776 536 ;
2805 472 3069 542 quoniam
3090 491 3218 541 mos
3246 482 3599 553 semperfue-

269 547 435 602 tutela
456 553 512 601 et
559 544 886 601 defensione
936 546 1091 619 regni
1131 547 1485 615 Francorum,
1537 547 1771 619 quodin
1797 547 1885 602 his

269 641 514 711 partibus
544 656 575 695 a
601 639 951 695 Nortmannis
980 640 1367 712 multipliciter
1427 641 1841 713 Opprimebatur
1867 660 1880 697 :

265 746 524 786 asserens
552 730 711 795 illud,
752 730 1049 787 auxiliante
1098 733 1232 798 Deo,
1260 733 1529 789 hactenus
1554 732 1726 789 fuisse
1756 749 1885 804 pro-

262 822 487 890 fectum,
519 823 765 896 quandiu
792 824 969 895 patrui
1000 830 1057 879 et
1080 825 1347 896 aequivoci
1379 825 1521 895 ejus,
1554 842 1620 882 ac
1643 824 1878 883 ﬁliorum

262 918 438 988 ipsius
477 919 772 995 regebatur
822 919 1221 975 dominatione.
1264 920 1416 975 Tunc
1461 934 1590 975 vero
1622 919 1732 974 illis
1757 918 1882 974 feli-

257 1014 682 1079 citer,humana
729 1015 1149 1082 excedentibus,
1203 1020 1494 1085 postquam
1524 1031 1587 1069 se
1617 1027 1878 1084 proceres

256 1106 412 1178 regni
433 1107 558 1175 ejus
579 1106 850 1177 imperiali
876 1107 1271 1163 commiserant
1293 1105 1533 1172 tuitioni,
1570 1120 1669 1161 eos
1711 1103 1876 1159 undi-

255 1211 364 1268 que
390 1211 557 1251 secus
586 1196 743 1251 multi
774 1203 1244 1273 superaggravent
1272 1210 1455 1250 casus.
1499 1196 1875 1267 Memoratque

254 1292 532 1347 civitatem
558 1292 913 1359 Parisiorum,
969 1308 1132 1365 quam
1173 1298 1338 1362 caput
1364 1291 1563 1347 asserit
1592 1298 1648 1347 et
1678 1290 1875 1346 introi-

248 1392 367 1439 tum
394 1400 690 1461 regnorum
719 1386 985 1441 Neustriae
1013 1393 1180 1458 atque
1208 1386 1557 1461 Burgundiaa,
1590 1384 1873 1440 barbarica

249 1477 401 1552 cingi
429 1478 980 1550 obsidione.citoque
1008 1477 1354 1549 capiendam,
1375 1476 1483 1532 nisi
1508 1477 1603 1532 Dei
1633 1476 1870 1532 subven-

247 1580 366 1628 tum
406 1573 572 1629 fuerit
617 1575 934 1630 clementia.
967 1576 1096 1641 Quae
1148 1573 1195 1628 si
1254 1580 1414 1644 capta
1467 1572 1649 1639 fuerit,
1699 1572 1866 1629 totius

244 1665 603 1736 dispendium
632 1667 789 1741 regni
818 1682 879 1722 se
896 1681 1280 1739 perpessuros,
1303 1672 1523 1738 tamque
1555 1663 1865 1737 periculose

1985 553 2074 620 rit,
2106 559 2165 607 ut
2191 568 2321 629 rege
2373 553 2678 611 decedente
2737 560 2904 618 alium
2960 565 3028 621 de
3079 568 3231 641 regia
3285 571 3477 642 stirpe,
3510 573 3597 628 vel

1986 643 2367 712 successione,
2399 643 2520 699 sine
2546 655 2800 717 respectu
2832 652 2919 707 vel
2950 653 3380 733 interrogatione
3408 662 3598 731 cujus-

1983 751 2148 806 quam
2178 734 2427 805 majoris,
2456 741 2549 790 aut
2602 739 2929 806 potentioris
2981 745 3129 818 regis
3158 747 3447 824 eligerent.
3481 752 3596 809 Hoc

1982 842 2137 883 more
2168 827 2316 882 hunc
2344 842 2531 902 regem
2558 828 2760 885 factum
2787 832 2963 903 ipsius
2992 834 3241 893 ﬁdelitati
3272 846 3327 895 et
3357 843 3592 902 consilio

1981 918 2324 975 committere
2351 919 2646 988 voluerint,
2678 928 2736 977 ut
2764 922 2942 995 ipsius
2961 926 3234 996 adjutorio
3271 937 3327 986 et
3356 934 3590 992 consilio

1979 1018 2223 1068 uteretur
2273 1011 2330 1064 in
2380 1012 2660 1079 omnibus,
2690 1020 2746 1069 et
2799 1014 2921 1085 ejus
2976 1017 3306 1075 subderetur
3335 1029 3442 1079 tam
3473 1040 3590 1093 rex,

1976 1127 2141 1183 quam
2170 1107 2491 1165 universum
2531 1125 2764 1183 regnum
2812 1113 3102 1184 praeceptis
3141 1121 3197 1171 et
3225 1118 3591 1177 ordinationi-

1976 1210 2098 1264 bus.
2131 1207 2399 1261 Praeterea
2427 1207 2577 1278 quod
2603 1208 2854 1263 audierat
2883 1208 3013 1264 huic
3067 1211 3184 1284 regi
3241 1223 3589 1289 suggestum,

1974 1303 2103 1375 quia
2133 1307 2322 1358 contra
2342 1299 2662 1358 ﬁdelitatem
2718 1304 2917 1376 ipsius,
2948 1310 3004 1361 et
3056 1315 3281 1379 propter
3317 1312 3589 1381 privatum

1973 1404 2081 1459 hoc
2110 1401 2284 1476 egerit
2303 1401 2676 1468 commodum,
2705 1402 2869 1459 infert
2893 1404 3043 1474 quod
3070 1404 3412 1465 Aschericus
3444 1411 3583 1483 ipse,

1968 1497 2062 1569 qui
2102 1497 2221 1552 haec
2265 1499 2550 1567 jactitasse
2609 1503 2916 1572 videbatur,
2946 1511 3240 1577 antequam
3297 1511 3367 1566 de
3393 1529 3451 1569 re
3484 1515 3587 1570 hu-

1961 1590 2275 1659 juscemodi
2307 1592 2516 1665 aliquid
2552 1595 2701 1652 idem
2738 1598 3194 1671 archiepiscopus
3222 1619 3387 1679 agere
3413 1623 3583 1664 cona-

1966 1689 2133 1749 retur,
2160 1683 2374 1739 venerit
2402 1685 2471 1739 ad
2520 1702 2602 1754 se,
2661 1689 3027 1759 praesentibus
3083 1692 3366 1755 Heriberto
3396 1707 3451 1756 et
3480 1701 3583 1756 Ec-

244 1761 368 1814 haec
388 1760 677 1862 iam_m_§1a
705 1764 966 1837 grassari,
1019 1769 1136 1817 uta
1185 1761 1451 1862 praedicta
1499 1761 1635 1862 urbe
1666 1760 2105 1861 Remosgfrido
2134 1780 2277 1849 (ms,
2311 1779 2550 1848 Exﬁido,
2580 1781 2811 1855 Ertrido]
2843 1785 3157 1851 comitibus,
3177 1796 3232 1843 et
3260 1793 3578 1862 consilium,

240 1871 425 1926 usque
475 1857 612 1912 nihil
662 1864 836 1913 tutum
895 1858 1267 1915 remanserit:
1300 1857 1451 1912 nulla
1492 1856 1600 1911 nisi
1641 1870 1862 1927 perver-

237 1964 433 2004 sorum
490 1950 921 2007 Christianorum
985 1950 1343 2022 barbarisque
1395 1948 1859 2005 consentientium

235 2055 439 2096 secura
469 2040 540 2095 sit
566 2041 851 2110 habitatio,
902 2058 1140 2115 quorum
1186 2042 1367 2108 multi,
1396 2041 1734 2097 Chistianam
1763 2040 1862 2094 de-

234 2139 497 2187 serentes
538 2133 888 2209 religionem,
942 2148 1281 2209 paganorum
1324 2149 1384 2188 se
1438 2131 1688 2189 societati
1718 2146 1855 2187 con-

224 2222 554 2293 junxerant,
608 2241 672 2279 ac
727 2225 945 2280 tuitioni
995 2225 1375 2281 subdiderant.
1432 2225 1663 2296 Scripsit
1706 2231 1760 2279 et
1788 2224 1856 2278 ad

231 2314 502 2369 eumdem
534 2315 921 2385 imperatorem
971 2332 1069 2387 pro
1127 2316 1487 2387 percipiendo
1516 2333 1547 2371 a
1574 2316 1707 2372 sede
1739 2316 1854 2372 llo-

230 2421 401 2459 mana
446 2406 633 2477 pallio,
683 2406 1141 2478 roborandisque
1176 2406 1318 2461 datis
1371 2406 1505 2462 olim
1533 2422 1563 2461 a
1597 2406 1856 2462 Romanis

228 2494 600 2565 pontiﬁcibus
626 2497 888 2553 Ecclesia:
917 2497 1177 2553 Remensi
1207 2498 1531 2572 privilegiis.

295 2592 537 2649 Amulfo
566 2593 683 2667 regi
732 2594 1168 2650 Transrhenensi
1223 2595 1431 2650 litteras
1480 2596 1723 2663 mittens,
1755 2611 1853 2667 pro

222 2699 403 2738 causa
434 2685 583 2759 regis
611 2686 812 2753 Karoli,
863 2702 1027 2758 quem
1080 2687 1367 2757 parvulum
1415 2689 1598 2745 adhuc
1624 2694 1855 2743 unxerat

223 2782 277 2835 in
309 2798 536 2854 regem,
564 2783 745 2838 reddit
787 2799 983 2839 causas
1011 2784 1132 2853 ejus
1187 2785 1578 2854 provectionis,
1606 2800 1671 2840 eo
1702 2782 1851 2857 quod

222 2878 486 2932 audierat
514 2884 725 2933 motum
752 2878 927 2933 fuisse
948 2878 1192 2934 animum
1224 2878 1401 2950 ipsius
1426 2878 1633 2935 Arnulﬁ
1662 2886 1853 2935 contra

220 2983 279 3022 se
311 2983 422 3039 pro
466 2969 572 3023 hac
622 2970 1031 3040 perpetratione
1064 2989 1078 3025 :
1111 2986 1552 3027 commemorans
1574 2971 1723 3044 quod
1750 2971 1851 3026 de-

217 3058 469 3114 cedente
516 3059 713 3115 Karolo
752 3061 1101 3132 imperatore,
1139 3062 1302 3131 hujus
1325 3062 1530 3117 Arnulﬁ
1553 3063 1847 3131 avunculo,

216 3150 273 3205 in
304 3150 501 3221 ipsius
543 3149 745 3205 Arnulﬁ
777 3151 1059 3206 servitium
1091 3151 1255 3208 fuerit
1282 3154 1582 3224 profectus,
1616 3154 1848 3225 cupiens

214 3242 343 3310 ejus
373 3241 667 3311 suscipere
693 3242 998 3298 dominium
1028 3250 1083 3299 et
1111 3244 1570 3319 gubernationem
1599 3265 1613 3314 ;
1642 3248 1742 3303 sed
1764 3247 1850 3318 ip.

216 3352 279 3390 se
306 3352 417 3391 rex
449 3352 577 3391 eum
603 3336 725 3392 sine
752 3338 864 3393 ullo
896 3338 1131 3395 consilio
1162 3339 1249 3395 vel
1270 3340 1653 3398 consolatione
1684 3344 1849 3398 dimi-

212 3431 377 3489 serit.
394 3431 557 3486 Unde
573 3447 697 3486 cum
727 3448 831 3487 nec
860 3432 916 3487 in
938 3448 1007 3487 eo
1038 3433 1143 3488 sibi
1173 3450 1303 3505 spes
1324 3435 1434 3491 ulla
1464 3439 1844 3511 remansisset,

212 3534 453 3582 coactus
478 3526 552 3580 sit
580 3527 701 3599 ejus
753 3527 1017 3596 hominis,
1044 3528 1300 3585 videlicet
1329 3531 1558 3601 Odonis,
1592 3535 1846 3591 domina-

210 3625 329 3673 tum
360 3618 679 3687 suscipere,
710 3618 804 3689 qui
841 3618 910 3672 ab
940 3618 1110 3690 stirpe
1139 3621 1291 3697 regia
1333 3623 1578 3680 existens
1605 3626 1842 3694 alienus,

210 3708 395 3783 regali
453 3707 741 3778 tyrannice
793 3708 1002 3764 abusus
1056 3709 1222 3766 fuerit
1261 3720 1554 3783 potestate,
1605 3717 1763 3787 cujus
1791 3725 1845 3774 et

210 3805 431 3860 invitus
458 3804 729 3858 hactenus
759 3804 1064 3860 dominium
1117 3808 1457 3864 sustinuerit.
1492 3812 1553 3867 Et
1580 3814 1843 3885 quoniam

208 3896 386 3966 hujus
432 3894 641 3951 Arnulﬁ
688 3897 1027 3952 dominatum
1081 3899 1497 3971 desideraverit,
1547 3905 1753 3963 idcirco
1786 3908 1842 3962 in

211 3989 399 4060 ipsius
432 3991 717 4046 servitium
748 3991 1028 4063 profectus
1080 3992 1262 4050 fuerit.
1294 3996 1360 4051 At
1400 4007 1689 4073 posmuam
1718 4002 1843 4057 nul-

216 4080 330 4136 lum
358 4080 733 4137 consiliumin
761 4083 885 4153 ipso
912 4085 1353 4158 reperirevaluit,
1374 4091 1478 4147 hoc
1491 4092 1670 4148 solum
1692 4094 1841 4166 quod

212 4172 468 4228 restabat
496 4173 694 4248 egerit,
724 4174 941 4250 eligens
985 4193 1111 4232 eum
1162 4196 1347 4255 regem
1401 4184 1623 4253 habere,
1676 4202 1840 4258 quem

213 4265 405 4319 solum
426 4271 556 4334 post
583 4265 763 4335 ipsum
795 4269 862 4324 de
877 4269 1028 4344 regia
1048 4270 1227 4341 ipsius
1244 4273 1523 4331 habebant
1550 4280 1838 4354 progenie,

210 4366 270 4414 et
295 4360 466 4428 cujus
500 4362 941 4430 praedecessores
969 4384 1033 4423 ac
1061 4367 1258 4426 fratres
1309 4372 1630 4430 exstiterant
1656 4392 1836 4453 reges.

1963 1875 2241 1947 simulque
2268 1876 2530 1932 auxilium
2562 1879 2862 1949 quaesierit,
2887 1881 3021 1952 quid
3048 1898 3213 1957 agere
3252 1887 3481 1945 deberet
3509 1892 3581 1946 de

1956 1967 2308 2037 jussionibus
2337 1968 2565 2035 Odonis,
2600 1973 2693 2041 qui
2746 1987 2837 2025 res
2896 1971 3277 2042 importabiles
3305 1978 3355 2033 ei
3388 1982 3581 2050 praeci-

1961 2060 2165 2131 piebat.
2199 2060 2271 2115 Ex
2292 2069 2447 2132 parte
2476 2077 2699 2133 quoque
2726 2061 2965 2118 ﬁliorum
2996 2063 3243 2122 Godfridi
3284 2072 3580 2129 consilium

1961 2153 2180 2223 petierit
2208 2153 2278 2207 de
2305 2152 2472 2219 male,
2523 2153 2673 2224 quod
2728 2153 2813 2209 eis
2867 2153 2981 2210 Odo
3045 2154 3226 2214 facere
3253 2163 3577 2232 conabatur,

1958 2254 2399 2323 rogaveruntque
2426 2254 2485 2302 ut
2536 2247 2642 2303 tale
2664 2257 2828 2320 caput
2882 2254 3161 2308 communi
3200 2258 3435 2314 consilio
3462 2266 3576 2314 sta-

1957 2349 2221 2409 tueretur,
2254 2358 2353 2413 per
2378 2342 2527 2414 quod
2585 2345 2765 2399 securi
2815 2353 3047 2416 possent
3072 2364 3199 2403 esse
3230 2351 3459 2419 subditi,
3490 2353 3576 2407 in-

1957 2437 2250 2493 tendentes
2264 2436 2349 2491 vel
2383 2437 2438 2490 in
2467 2437 2776 2508 Widonem,
2807 2440 2893 2494 vel
2924 2440 2979 2493 in
3013 2441 3160 2497 hunc
3189 2445 3355 2519 regia}
3386 2462 3574 2516 prosa-

1955 2527 2061 2598 piae
2093 2526 2369 2592 Karolum,
2397 2532 2453 2581 et
2481 2527 2647 2581 simul
2677 2529 3095 2587 considerantes
3135 2534 3230 2604 qui
3261 2535 3569 2604 adfuerant,

1955 2623 2025 2678 ad
2051 2638 2215 2694 quem
2247 2622 2448 2677 melius
2478 2623 2763 2678 attendere
2794 2624 3085 2697 deberent,
3116 2628 3293 2684 visum
3324 2631 3434 2686 illis
3463 2639 3569 2695 est,

1956 2721 2246 2785 pr0pterea
2302 2712 2696 2785 acquirendam
2753 2716 2907 2791 regni
2964 2717 3277 2786 utilitatem,
3309 2730 3365 2775 et
3395 2722 3572 2794 ipsius

1954 2807 2158 2862 Arnulﬁ
2204 2809 2505 2864 cavendam
2555 2805 3024 2878 contrarietatem,
3085 2820 3417 2886 prepterque
3475 2833 3566 2872 re-

1952 2910 2120 2970 ctum,
2153 2918 2569 2976 congruumque
2626 2904 2763 2975 regii
2816 2905 3009 2980 generi
3068 2906 3460 2978 principatum,
3511 2919 3570 2968 ut

1951 2996 2019 3049 ad
2049 2995 2196 3049 hunc
2224 2994 2479 3049 Karolum
2536 3010 2595 3049 se
2650 3002 3055 3062 converterent,
3088 2998 3381 3055 credentes
3419 3004 3568 3074 quod

1878 3118 1928 3187 C
1950 3088 2208 3145 Arnulfus
2236 3090 2342 3144 hoc
2372 3089 2440 3143 de
2471 3089 2785 3161 prepinquo
2832 3105 2934 3145 suo
2955 3096 3168 3163 gratum
3202 3094 3450 3163 haberet,
3485 3098 3569 3170 ip-

1950 3183 2109 3255 sique
2139 3188 2193 3237 et
2222 3197 2394 3256 regno
2438 3183 2754 3253 praesidium
2802 3183 2985 3239 ferret.
3018 3185 3171 3249 Quod
3195 3194 3376 3245 autem
3400 3193 3567 3261 jacti-

1948 3283 2118 3332 tatum
2141 3276 2408 3344 audierat,
2465 3293 2630 3332 causa
2687 3277 2940 3334 Widonis
2967 3279 3075 3335 hoc
3100 3296 3227 3336 eum
3252 3283 3477 3355 fecisse,
3512 3296 3570 3344 ut

1948 3374 2051 3427 hac
2071 3378 2186 3427 arte
2243 3371 2392 3426 illum
2452 3373 2932 3429 subintroduceret
2983 3375 3038 3428 in
3093 3392 3344 3452 regnum,
3399 3390 3454 3438 et
3482 3385 3568 3439 di-

1946 3463 2120 3519 misso
2152 3478 2323 3533 puero
2356 3462 2577 3529 Karolo,
2608 3480 2669 3520 se
2699 3472 2936 3521 verteret
2950 3466 3017 3521 ad
3046 3467 3331 3526 Widonem
3363 3491 3376 3528 :
3409 3492 3565 3531 asse-

1944 3559 2013 3614 rit
2038 3559 2208 3614 livore
2236 3557 2479 3625 invidias,
2510 3567 2701 3615 contra
2732 3576 2793 3616 se
2827 3560 3068 3616 scienter
3114 3564 3229 3620 haec
3256 3566 3396 3624 falso
3427 3570 3565 3625 fuis-

1945 3669 2005 3708 se
2024 3653 2247 3721 jactata,
2279 3659 2372 3707 aut
2398 3652 2563 3708 etiam
2594 3655 2745 3725 quod
2799 3657 2980 3727 qualis
3010 3666 3125 3714 erat
3154 3661 3276 3732 ipse
3307 3665 3399 3735 qui
3434 3667 3563 3722 talia

1943 3741 2276 3809 diffamabat,
2326 3742 2491 3797 talem
2548 3744 2805 3800 eumdem
2858 3764 3025 3817 posse
3080 3750 3198 3805 ﬁeri
3246 3756 3559 3822 sentiebat;

1944 3836 2065 3906 ipse
2094 3850 2223 3890 vero
2254 3851 2359 3890 nec
2385 3850 2445 3890 se
2473 3836 2637 3889 talem
2693 3836 2831 3904 fore,
2865 3854 2970 3894 nec
3008 3841 3210 3897 talibus
3238 3851 3417 3900 ortum
3452 3865 3557 3903 na-

1942 3928 2144 3982 talibus
2173 3928 2625 4001 recognoscebat,
2658 3928 3105 3987 Przedecessores
3132 3949 3352 4006 quoquc
3381 3937 3558 4008 ipsius

1940 4025 2089 4100 regis
2141 4040 2491 4096 nequaquam
2549 4024 2678 4078 talia
2733 4024 2956 4097 ingenia
3012 4028 3068 4082 in
3109 4031 3557 4106 progenitoribus

1944 4120 2060 4173 suis
2111 4118 2321 4188 experti
2372 4116 2607 4181 fuerant,
2657 4132 2799 4187 quos
2852 4117 2908 4171 in
2964 4120 3114 4174 omni
3174 4119 3437 4178 ﬁdelitate
3492 4142 3557 4181 ac

1941 4211 2098 4287 regni
2151 4210 2384 4265 utilitate
2436 4209 2698 4279 probatos
2752 4208 3088 4266 habuerint:
3141 4212 3381 4286 ideoque
3429 4216 3557 4272 illos

1942 4301 2248 4359 honoriﬁce
2270 4300 2708 4357 sublimaverint.
2739 4300 3082 4373 Quapropter
3111 4305 3554 4364 erubescendum

1940 4394 2122 4449 eidem
2148 4394 2265 4469 regi
2296 4393 2513 4459 fuisset,
2544 4398 2604 4446 ut
2633 4392 2737 4448 hoc
2753 4393 2823 4448 de
2839 4409 2899 4448 se
2927 4395 3186 4461 crederit,
3213 4396 3298 4452 vel
3329 4398 3557 4456 infamia

214 4453 291 4509 De
321 4454 435 4509 hoc
462 4454 652 4519 etiam,
684 4459 832 4528 quod
846 4459 993 4515 idem
1010 4479 1101 4517 rex
1114 4464 1171 4518 in
1202 4466 1365 4537 culpa
1395 4469 1839 4542 trahebat,quare

1953 4503 1999 4543 se
2029 4488 2120 4542 tali
2144 4453 2379 4544 no‘taret.
2415 4486 2666 4557 Denique
2731 4488 2881 4558 quod
2922 4490 3170 4546 audierat
3199 4491 3296 4562 qui
3322 4494 3554 4551 Arnulfo

208 4561 329 4600 non
360 4546 419 4601 id
440 4553 571 4602 ante
600 4546 880 4616 fecissent,
914 4555 1094 4610 reddit
1120 4558 1414 4628 rationem,
1459 4563 1609 4633 quod
1652 4579 1838 4634 quan-

209 4638 285 4693 do
318 4638 559 4695 Karolus
590 4642 889 4713 imperator
914 4647 1176 4718 decessit,
1207 4659 1261 4707 et
1290 4652 1439 4709 idem
1464 4655 1723 4711 Arnulfus
1750 4673 1841 4712 re-

205 4731 405 4801 gimen
436 4732 605 4801 hujus
632 4736 789 4810 regni
819 4739 1102 4811 suscipere
1131 4744 1327 4811 noluit,
1362 4746 1452 4801 hic
1482 4747 1710 4803 Karolus
1729 4749 1837 4803 ad-

210 4821 325 4878 huc
354 4824 660 4879 admodum
714 4842 946 4898 corpore
990 4832 1154 4887 simul
1208 4842 1263 4889 et
1318 4837 1549 4893 scientia
1580 4841 1838 4909 parvulus

207 5190 479 5284 viderunt
531 5196 858 5267 perductum
911 5211 1150 5274 atatem,
1205 5209 1262 5264 in
1322 5228 1433 5284 qua
1481 5215 1702 5271 salubre
1728 5217 1833 5272 sibi

207 5282 519 5340 consilium
550 5286 810 5347 dantibus
838 5309 1130 5353 assensum
1163 5282 1409 5371 praebere
1439 5316 1685 5375 noverat,
1709 5325 1837 5364 sus-

208 5383 490 5478 eepeniut
513 5393 643 5435 eum
694 5387 1002 5445 secundum
1054 5391 1152 5447 Dei
1206 5395 1495 5465 honorem,
1551 5408 1609 5455 ut
1660 5419 1833 5478 regno

207 5466 561 5567 consuleret,
604 5473 858 5534 volentes
899 5496 1025 5538 eum
1082 5484 1155 5540 ita
1198 5485 1506 5560 instituere,
1566 5466 1838 5567 quatenus

206 5559 353 5654 huic
380 5579 579 5640 regno,
608 5577 665 5625 et
715 5574 823 5645 ipsi
851 5577 1076 5636 Arnulfo
1106 5583 1385 5654 proﬁcuus
1410 5559 1617 5650 valeret
1641 5595 1836 5651 existe~

203 5667 298 5707 re.
333 5653 408 5709 De
437 5672 508 5714 eo
531 5677 758 5736 quoque
786 5672 937 5740 quod
991 5674 1113 5730 sine
1168 5678 1346 5749 ipsius
1366 5685 1570 5740 Arnulﬁ
1603 5690 1836 5747 consilio

204 5758 679 5861 praisumpserint
708 5762 814 5819 hoc
840 5781 1026 5841 agere,
1056 5787 1264 5830 morem
1295 5778 1625 5839 Francorum
1655 5788 1837 5861 gentis

289 5849 408 5919 (24)
446 5853 677 5918 Carolus
715 5863 938 5926 Crassus
964 5873 1034 5929 de
1062 5891 1173 5946 quo
1197 5894 1380 5950 supra.

1941 4579 2148 4635 dictum
2217 4580 2428 4645 fuisse,
2491 4579 2640 4649 quod
2723 4579 2811 4632 hic
2876 4579 3106 4637 Karolus
3160 4582 3307 4637 ﬁlius
3375 4586 3556 4642 Ludo-

1938 4677 2044 4732 vici
2077 4691 2188 4730 non
2217 4674 2398 4739 fuerit,
2436 4680 2716 4727 asseverat
2746 4675 3029 4731 neminem
3062 4693 3122 4732 se
3152 4694 3319 4748 posse
3350 4682 3550 4736 crede-

1939 4791 1999 4828 re
2030 4772 2167 4838 fore,
2195 4770 2285 4842 qui
2315 4785 2439 4825 eum
2472 4770 2516 4823 si
2545 4769 2763 4836 viderit,
2824 4779 2878 4825 et
2905 4780 3191 4842 parentum
3226 4775 3401 4845 ipsius
3431 4776 3553 4832 efﬁ-

1937 4870 2084 4944 giem
2126 4867 2464 4939 cognoverit,
2507 4881 2619 4921 non
2669 4876 3031 4940 recognoscat
3077 4869 3229 4924 illum
3280 4872 3348 4926 de
3403 4874 3554 4946 regia

1939 4961 2280 5035 processisse
2331 4961 2641 5036 progenie:
2673 4962 2924 5033 quzedam
2978 4980 3199 5036 quoque
3261 4968 3428 5037 patris
3468 4970 3553 5024 sui

1940 5053 2198 5109 Ludovici
2255 5051 2413 5127 signa
2468 5058 2707 5126 gestare,
2761 5053 2964 5123 quibus
3018 5064 3350 5129 agnoscatur
3406 5057 3553 5115 ﬁlius

1936 5147 2113 5218 ipsius
2140 5145 2335 5200 fuisse.
2371 5144 2550 5200 Poscit
2578 5161 2709 5221 ergo
2739 5146 2943 5201 Amulﬁ
2960 5150 3162 5223 regiam
3182 5151 3550 5221 majestatem.

1935 5248 1993 5297 ut
2016 5243 2131 5296 haec
2155 5255 2284 5295 vera
2318 5239 2381 5312 [j,
2435 5240 2617 5311 verba]
2650 5241 2943 5316 dignanter
2971 5244 3222 5315 accipiat,
3254 5247 3551 5320 nullusque

1936 5331 2179 5386 animum
2209 5330 2384 5400 ipsius
2407 5337 2595 5385 contra
2626 5331 2774 5386 hunc
2802 5348 2988 5405 regem
3012 5334 3389 5406 innocentem,
3423 5356 3550 5411 pro-

1940 5422 2209 5492 pinquum
2242 5436 2401 5474 suum
2460 5436 2810 5477 commovere
2839 5417 3037 5479 valeat.
3071 5425 3178 5481 Sed
3224 5435 3401 5483 utrum
3433 5430 3551 5484 haec

1939 5529 2062 5584 quae
2084 5514 2281 5569 asserit
2308 5515 2379 5569 ita
2412 5532 2472 5571 se
2498 5517 2764 5594 liabeant,
2815 5520 2869 5574 in
2919 5538 3019 5575 sua
3068 5524 3379 5592 praesentia,
3408 5524 3549 5578 fide-

1938 5604 2185 5674 liumque
2247 5620 2472 5661 suorum
2519 5609 2823 5664 examinari
2880 5610 3061 5677 faciat,
3094 5620 3147 5667 et
3199 5615 3266 5667 ad
3305 5613 3548 5668 debitum

1939 5697 2107 5753 ﬁnem
2138 5698 2421 5769 perducat,
2482 5702 2733 5777 cogitans
2779 5705 3016 5774 qualiter
3051 5712 3435 5761 antecessores
3464 5708 3547 5762 sui

1938 5794 2093 5869 regni
2149 5803 2349 5852 statum
2401 5797 2852 5871 gubernaverint,
2910 5807 2963 5853 et
3009 5800 3289 5869 quomodo
3347 5802 3550 5873 regalis
