4012 6164
446 328 555 383 275

1581 324 1947 380 FLODOARDI
1989 321 2292 379 CANONICI
2335 319 2661 376 REMENSIS

3675 316 3776 369 276

456 468 713 526 culminis
754 463 1034 520 successio
1062 479 1282 535 semper
1310 464 1419 518 huc
1439 479 1614 533 usque
1630 463 1881 536 viguerit.
1915 467 2064 519 Tunc
2090 469 2139 534 Α
2168 461 2423 520 Widonis
2463 475 2591 515 eum
2623 457 2924 529 conjungat
2969 453 3244 510 amicitiae.
3304 451 3485 508 Poscit
3505 451 3694 518 etiam,
3722 459 3778 506 ut

454 581 583 620 vero
615 564 705 617 ille
737 567 943 616 tantum
972 561 1254 632 princeps,
1285 565 1340 614 et
1378 559 1466 612 hic
1495 575 1693 629 parvus
1724 561 2065 631 propinquus

457 657 577 724 ejus
625 654 874 719 Karolus,
928 654 997 707 de
1054 660 1165 706 tota
1215 651 1385 725 regali
1429 651 1600 720 stirpe
1656 652 2064 717 remanserint;

456 747 874 819 perpendatque
920 743 1054 815 quid
1100 743 1423 814 contingere
1453 743 1649 811 possit,
1682 743 1727 796 si
1759 759 1885 797 eum
1908 743 2068 797 dehi-

457 848 544 895 tus
563 839 776 893 cunctis
804 853 966 891 casus
996 835 1394 906 repoposcerit,
1417 850 1540 888 cum
1562 842 1639 890 tot
1660 835 1773 904 jam
1791 836 1860 888 de
1891 835 2069 889 aliena

458 932 628 1002 stirpe
656 946 815 1004 reges
854 929 1109 988 existant,
1144 933 1198 980 et
1251 926 1432 979 adhuc
1463 925 1573 978 sint
1602 925 1809 995 plures,
1841 925 1933 996 qui
1964 923 2068 977 sibi

459 1024 671 1097 regium
702 1036 905 1076 nomen
938 1016 1211 1081 affectent,
1245 1015 1369 1085 quis
1419 1021 1544 1084 post
1571 1014 1749 1085 ipsius
1777 1015 2069 1069 decessum

459 1113 739 1182 adjuvabit
770 1111 891 1179 ejus
923 1107 1116 1173 tilium,
1149 1113 1208 1160 ut
1236 1106 1304 1159 ad
1335 1105 1579 1160 debitam
1608 1106 1712 1160 sibi
1745 1106 1898 1178 regni
1928 1121 2065 1160 con-

459 1205 1110 1268 scendatha-reditatem,
1171 1201 1216 1254 si
1268 1200 1564 1274 contigerit
1589 1201 1736 1254 hunc
1783 1199 1888 1254 sibi
1938 1215 2064 1270 pro-

460 1305 728 1375 pinquum
757 1301 954 1357 cadere
1017 1297 1291 1353 Karolum.
1340 1297 1593 1351 Adncctit
1622 1298 1806 1364 etiam,
1835 1299 1982 1369 quod
2012 1298 2066 1352 in

458 1396 716 1451 omnibus
743 1409 886 1464 pene
913 1391 1170 1465 gentibus
1220 1395 1410 1443 notum
1441 1387 1620 1456 fuerit,
1652 1395 1872 1463 gentem
1904 1389 2071 1444 Fran-

461 1504 649 1542 corum
703 1501 863 1558 reges
917 1499 980 1537 ex
1036 1478 1392 1534 successione
1425 1477 1628 1531 habere
1686 1479 2067 1544 consuevisse,

461 1581 748 1652 proferens
779 1594 944 1648 super
972 1578 1077 1631 hoc
1121 1572 1497 1629 testimonium
1528 1573 1670 1628 beati
1705 1573 1949 1648 Gregorii
1975 1591 2070 1644 pa-

462 1695 544 1748 pae
574 1677 740 1746 (hom.
773 1677 876 1739 10).
927 1671 1158 1740 Subjicit
1187 1670 1352 1725 etiam
1383 1686 1448 1723 ex
1475 1669 1628 1723 libris
1657 1670 1972 1725 Teutonicis
2001 1670 2070 1723 de

2167 558 2347 614 eidem
2381 554 2496 626 regi
2527 553 2598 607 de
2629 550 2869 606 amicitia
2921 566 3019 605 sua
3075 565 3174 621 per
3219 563 3378 602 suum
3410 547 3658 612 missum,
3689 555 3779 600 aut

2169 666 2268 721 per
2297 664 2397 702 sua
2447 645 2652 715 scripta
2707 642 2868 697 Wido
2926 641 3232 696 remandet.
3273 639 3380 693 Sed
3439 645 3493 692 et
3522 638 3660 700 suis,
3696 638 3778 690 vel

2171 744 2424 801 Ecclesiae
2455 742 2560 797 sibi
2591 739 2897 796 commissae
2957 736 3326 807 compatiatur
3371 733 3612 803 injuriis,
3647 749 3782 804 quas

2171 834 2450 890 ﬁdelitatis
2498 832 2670 903 ipsius
2723 844 2888 885 causa
2956 827 3246 883 tolerabat.
3317 823 3566 880 Notiticat
3616 824 3782 879 etiam

2172 925 2451 981 abbatiam
2477 923 2650 979 sancti
2679 919 2893 975 Martini
2923 934 2955 972 a
2995 934 3124 991 rege
3148 917 3254 973 sibi
3286 932 3603 972 concessam
3640 915 3783 986 [ms.,

2172 1019 2568 1090 commissam],
2603 1032 2802 1090 rogans
2829 1021 2994 1070 utres
3021 1014 3162 1082 ejus,
3182 1028 3305 1084 quae
3337 1012 3390 1065 in
3419 1027 3592 1084 regno
3613 1011 3787 1082 ipsius

2169 1119 2345 1178 erant,
2379 1111 2437 1166 in
2469 1125 2568 1166 sua
2599 1107 2772 1163 tutela
2792 1107 2953 1161 Wido
2978 1104 3228 1176 recipiat.

2241 1203 2417 1259 Odoni
2448 1202 2563 1276 regi
2593 1201 2804 1255 litteras
2834 1199 3102 1273 dirigens,
3125 1204 3398 1269 rogatpro
3420 1196 3782 1252 concedenda

2172 1298 2424 1355 Ecclesiae
2477 1295 2826 1352 Laudunensi
2876 1300 3000 1365 post
3052 1294 3342 1348 decessum
3405 1292 3634 1347 Didonis
3665 1291 3791 1362 epi-

2167 1395 2344 1466 scopi,
2373 1395 2644 1450 electione
2671 1392 2870 1458 libera,
2903 1391 3208 1446 ostendens
3235 1405 3346 1444 non
3376 1395 3635 1459 Oportere
3664 1388 3788 1442 vio-

2168 1493 2345 1546 lenter
2360 1505 2456 1544 eos
2494 1489 2563 1542 ad
2602 1504 2750 1554 eum,
2785 1503 2945 1558 quem
2979 1485 3616 1556 nolint,suscipiendum
3639 1500 3792 1540 com-

2173 1582 2326 1654 pelli.
2361 1581 2620 1635 Precatur
2656 1579 2844 1642 etiam,
2875 1587 2935 1632 ut
2963 1577 3215 1632 eamdem
3247 1577 3544 1632 Ecclesiam
3580 1575 3793 1647 absque

2172 1671 2559 1745 inquietudine
2586 1670 2790 1742 degere
2817 1669 3033 1738 jubeat,
3066 1685 3250 1740 neque
3283 1685 3369 1723 res
3409 1668 3586 1740 ipsius
3608 1683 3638 1721 a
3661 1682 3795 1737 per-

461 1786 589 1844 rege
619 1769 857 1838 quodam
884 1765 1239 1821 Hermenrico
1285 1763 1532 1831 nomine,
1562 1765 1656 1834 qui
1688 1781 1908 1820 omnem
1940 1781 2070 1836 pro-
2100 1787 2146 1854 Β
2170 1766 2458 1824 vasoribus
2477 1764 2783 1836 depraedari
2826 1765 2992 1832 sinat,
3025 1779 3097 1817 ne
3113 1763 3388 1834 particeps
3406 1760 3792 1832 diripientium

461 1865 681 1940 geniem
710 1879 863 1918 suam
893 1861 1054 1916 morti
1087 1859 1448 1914 destinaverit
1477 1859 1663 1930 impiis
1699 1861 1950 1915 consiliis
1977 1877 2073 1915 cu-

457 1956 676 2026 jusdam
710 1952 1010 2008 consiliarii
1039 1952 1145 2017 sui,
1171 1949 1556 2022 supplicatque
1597 1969 1664 2007 ne
1688 1952 1970 2007 sceleratis
1984 1953 2073 2006 hic

463 2045 899 2115 rcxfacquiescat
929 2042 1176 2098 consiliis
1201 2040 1412 2110 (Gneo,
1440 2044 1500 2096 in
1513 2045 1770 2113 Evang.),
1792 2043 1888 2097 sed
1912 2043 2075 2097 mise-

464 2147 646 2194 reatur
665 2138 846 2212 gentis
877 2138 1062 2205 hujus,
1109 2142 1160 2190 et
1201 2135 1353 2209 regio
1376 2137 1564 2209 generi
1596 2138 1885 2192 subveniat
1915 2137 2071 2192 deci-

464 2233 635 2300 denti,
670 2240 924 2306 satagens
954 2239 1013 2286 ut
1043 2231 1098 2285 in
1127 2230 1324 2284 diebus
1354 2230 1469 2284 suis
1497 2231 1738 2305 dignitas
1769 2234 2075 2288 successio-

465 2324 551 2377 nis
582 2338 693 2389 sum
721 2322 1028 2391 roboretur,
1051 2328 1104 2376 et
1160 2320 1213 2373 hi
1245 2320 1339 2390 qui
1371 2336 1435 2374 ex
1471 2321 1651 2377 alieno
1681 2339 1883 2396 genere
1913 2341 2074 2399 reges

464 2418 770 2486 exstabant,
800 2417 885 2472 vel
925 2417 1158 2470 existere
1212 2417 1525 2487 cupiebant,
1579 2433 1688 2472 non
1717 2421 2076 2489 praevalerent

464 2516 652 2564 contra
683 2524 802 2575 eos,
822 2507 1024 2577 quibus
1056 2523 1121 2561 ex
1168 2522 1373 2578 genere
1420 2508 1598 2563 honor
1624 2509 1810 2582 regius
1840 2511 2076 2566 debeba-

465 2613 569 2660 tur.
605 2605 922 2674 Asseritque
950 2620 1008 2658 se
1059 2603 1279 2658 misisse
1311 2604 1682 2659 Aledrannum
1717 2606 1832 2676 [ms.
1860 2609 2071 2676 Papin,

465 2699 824 2767 Alerannum]
851 2698 920 2751 ad
991 2698 1249 2752 eumdem
1302 2697 1609 2762 Arnulfum,
1651 2699 2076 2774 suggerendout

466 2805 830 2860 quoscunque
861 2788 966 2842 sibi
1016 2788 1278 2858 placeret,
1335 2804 1399 2843 ex
1453 2789 1537 2844 his
1576 2790 1669 2860 qui
1704 2791 1956 2846 Karolum
1987 2808 2076 2846 re-

465 2901 591 2959 gem
637 2884 1058 2950 constituerant,
1113 2883 1168 2936 in
1229 2901 1389 2939 suum
1473 2902 1702 2961 pergere
1789 2887 2073 2942 servitium

466 2979 808 3050 praeciperet,
845 2979 939 3049 qui
996 2994 1180 3033 coram
1237 2979 1574 3036 sublimitate
1620 2981 1796 3052 ipsius
1837 2982 1953 3037 haec
2003 2981 2076 3035 ita

465 3091 592 3129 esse
623 3073 1021 3129 rationabiliter
1045 3075 1420 3130 ostenderent.
1447 3076 1720 3150 Flagitans
1739 3078 1904 3132 etiam
1935 3084 2072 3142 orat,

2174 1863 2286 1930 fiat,
2317 1863 2362 1917 si
2400 1861 2530 1915 talia
2583 1858 2700 1914 ﬁeri
2762 1860 3059 1929 permittat.
3111 1859 3308 1914 Karolo
3363 1858 3480 1933 regi
3509 1873 3611 1912 suo
3643 1855 3791 1910 scri-

2173 1958 2332 2021 bens,
2391 1954 2877 2030 indignaturvalde
2931 1954 3038 2009 sibi
3097 1953 3367 2025 perlatum
3427 1953 3573 2024 quod
3607 1949 3795 2023 pravis

2173 2047 2538 2120 quorumdam
2577 2045 2826 2101 consiliis
2882 2045 3050 2100 vellet
3110 2044 3254 2100 idem
3309 2060 3402 2098 rex
3460 2060 3521 2097 se
3580 2042 3798 2098 sociare

2173 2139 2542 2205 Nortmannis,
2577 2145 2634 2192 ut
2672 2136 2890 2191 illorum
2923 2135 3128 2190 auxilio
3160 2135 3228 2188 ad
3261 2135 3414 2208 regni
3447 2133 3620 2188 decus
3640 2131 3796 2188 obti-

2174 2228 2611 2297 nendumjuvari
2645 2233 2848 2298 posset.
2878 2246 2902 2277 α
2929 2225 3060 2290 Quis
3089 2224 3259 2290 enim,
3279 2224 3484 2296 inquit,
3515 2224 3610 2295 qui
3637 2222 3801 2278 vobis

2175 2324 2315 2378 sicut
2344 2318 2760 2393 oportetﬁdelis
2799 2324 2900 2383 est,
2933 2333 3045 2374 non
3084 2325 3433 2388 expavescat,
3479 2332 3577 2371 vos
3609 2315 3800 2369 inimi-

2176 2435 2364 2474 corum
2395 2417 2489 2470 Dei
2514 2414 2811 2470 amicitiam
2843 2413 3008 2480 velle,
3053 2420 3108 2467 et
3165 2412 3220 2466 in
3245 2412 3456 2467 cladem
3484 2427 3548 2464 ac
3580 2409 3796 2464 ruinam

2177 2511 2417 2567 nominis
2447 2509 2734 2565 Christiani
2803 2525 3018 2582 pagana
3079 2524 3249 2572 arma,
3309 2514 3363 2560 et
3404 2506 3611 2560 hedera
3635 2507 3801 2559 dcte-

2174 2606 2367 2662 standa
2396 2604 2682 2675 suscipere
2715 2603 2743 2656 ?
2772 2604 2917 2658 Nihil
2945 2603 3093 2658 enim
3139 2602 3324 2667 distat,
3354 2611 3430 2656 uti
3446 2617 3537 2655 um
3569 2600 3697 2672 quis
3733 2617 3800 2655 se

2175 2698 2405 2770 paganis
2435 2698 2628 2764 societ,
2661 2715 2730 2753 an
2772 2698 3046 2772 abnegato
3087 2698 3199 2752 Deo
3234 2696 3382 2750 idola
3409 2696 3620 2751 adoret.
3658 2695 3795 2749 Nam

2173 2795 2218 2848 si
2259 2796 2343 2862 (ut
2372 2794 2449 2849 ait
2493 2794 2799 2865 Apostolus)
2851 2784 3044 2846 'mores
3102 2791 3279 2848 bonos
3317 2791 3593 2862 colloquia
3626 2807 3802 2861 prava

2175 2896 2544 2958 corrumpunt
2567 2889 2611 2956 (Ι
2647 2887 2747 2943 Co-r
2797 2889 2904 2952 xv),
2938 2895 3144 2958 quanto
3203 2886 3378 2959 magis
3416 2886 3803 2956 corrumpitur

2175 2980 2398 3034 castitas
2451 2978 2648 3033 animae
2697 2979 3018 3035 Christiana
3064 2979 3407 3035 ethnicorum
3462 2979 3713 3034 consiliis
3744 2989 3804 3035 et

2175 3073 2440 3130 societate
2471 3073 2498 3125 ‘?
2530 3074 2717 3144 Neque
2748 3074 2895 3128 enim
2928 3073 3131 3143 poterit
3161 3089 3271 3128 non
3304 3073 3500 3128 imitari
3520 3074 3672 3144 quod
3703 3091 3804 3128 as-

465 3167 657 3220 utlnec
676 3165 958 3236 praemissa
986 3165 1226 3238 benigno
1259 3183 1349 3221 rex
1378 3173 1571 3222 tractet
1601 3169 1808 3231 animo,
1841 3176 1894 3224 et
1934 3169 2076 3222 hanc
2099 3155 2146 3224 C
2171 3164 2328 3219 siduc
2386 3164 2604 3231 viderit,
2656 3164 2789 3235 quin
2850 3164 3034 3234 potius
3089 3174 3375 3219 assuescet
3416 3164 3702 3235 paulatim,
3746 3172 3808 3219 et

465 3265 603 3320 sciat
633 3262 809 3333 ipsius
850 3277 976 3316 esse
1025 3261 1399 3329 devotionem,
1425 3263 1510 3317 vel
1552 3263 1915 3320 intentionem
1947 3281 2076 3338 erga

466 3358 643 3429 ipsius
672 3355 1012 3421 fidelitatem,
1045 3361 1103 3409 ut
1124 3355 1212 3410 hic
1240 3356 1464 3412 Karolus
1481 3358 1551 3412 ad
1573 3359 1750 3428 ipsius
1781 3359 2074 3415 consilium

464 3449 520 3501 in
560 3447 840 3511 omnibus,
871 3460 993 3516 quae
1052 3453 1274 3501 acturus
1321 3455 1426 3514 est,
1482 3448 1766 3518 respiciat,
1795 3457 1848 3504 et
1898 3451 2076 3520 ipsius

465 3541 666 3610 pietate
693 3545 844 3592 tutus
871 3536 1159 3604 consistat,
1188 3543 1242 3591 et
1283 3546 1343 3593 ut
1398 3557 1561 3596 nemo
1592 3541 1758 3610 hujus
1779 3541 1926 3615 regis
1956 3545 2078 3598 ani-

465 3650 613 3687 mum
643 3633 710 3686 ab
743 3630 946 3686 auxilio
976 3630 1135 3686 istius
1164 3635 1339 3708 regni,
1371 3637 1456 3691 vel
1488 3636 1738 3706 ejusdem
1773 3639 2071 3698 Karolide-

465 3723 685 3779 ﬂectere
706 3723 904 3778 valeat.
937 3722 1070 3776 Item
1103 3724 1169 3778 ad
1199 3727 1457 3784 eumdem
1509 3745 1718 3803 regem,
1751 3731 2073 3806 signiﬁcans

464 3814 515 3869 ci
543 3816 611 3870 de
643 3813 902 3870 fidelitate
933 3819 987 3869 et
1040 3816 1352 3884 devotione,
1405 3837 1567 3892 quam
1611 3838 1739 3894 erga
1771 3823 1950 3896 ipsum
1977 3825 2072 3881 ha-

462 3908 645 3970 bebat,
678 3913 732 3961 et
759 3907 889 3977 quia
916 3907 971 3961 in
1004 3907 1123 3976 ejus
1151 3911 1437 3968 servitium
1453 3913 1520 3967 ad
1554 3914 1730 3984 ipsius
1756 3917 2071 3985 jussionem

461 4017 754 4073 pr0perare
784 4000 1156 4056 desiderabat.
1177 4003 1606 4062 Promissionem
1628 4025 1870 4081 quoque,
1908 4028 2071 4082 quam

462 4111 555 4150 rex
594 4109 726 4147 suus
757 4091 981 4147 Karolus
1035 4094 1216 4148 eidem
1273 4098 1519 4163 Arnulfo,
1563 4101 1656 4171 qui
1707 4117 1936 4175 regnum
1965 4103 2071 4157 sibi

2177 3260 2333 3331 quasi
2352 3260 2570 3314 vinculo
2630 3260 2786 3313 malae
2842 3260 3263 3315 consuetudinis
3291 3261 3626 3314 traheturad
3663 3260 3807 3316 faci—

2177 3370 2296 3408 nus.
2332 3351 2486 3409 Certe
2519 3354 2902 3426 progenitores
2956 3354 3120 3410 vestri
3154 3371 3332 3429 reges,
3365 3354 3618 3425 deposito
3655 3370 3806 3429 gen—

2178 3444 2336 3500 tilitio
2359 3460 2564 3508 errore,
2593 3445 2782 3500 divino
2803 3445 2973 3501 cultui
2989 3462 3051 3500 se
3069 3445 3383 3501 sublimiter
3399 3445 3804 3512 subdiderunt,

2176 3548 2231 3594 et
2259 3541 2418 3596 aDeo
2447 3556 2669 3611 semper
2693 3541 2954 3596 auxilium
2985 3541 3371 3612 expetiverunt
3402 3548 3631 3611 pr0pter
3672 3559 3806 3612 quae

2173 3643 2227 3688 et
2248 3635 2483 3690 feliciter
2509 3642 2901 3707 regnaverunt,
2968 3644 3023 3691 et
3091 3636 3249 3710 regni
3309 3635 3694 3691 haereditatem
3733 3637 3809 3691 ad

2172 3745 2303 3785 suos
2359 3735 2613 3800 posteros
2669 3730 3111 3786 transmiserunt.
3192 3731 3297 3786 Vos
3351 3739 3578 3787 econtra
3651 3748 3811 3788 nunc

2174 3826 2343 3881 Deum
2377 3826 2704 3898 relinquitis.
2757 3827 2941 3882 Dicam
2997 3834 3167 3892 certe,
3218 3828 3348 3882 licet
3406 3829 3622 3891 nolens,
3666 3829 3809 3899 quia

2174 3918 2343 3974 Deum
2393 3917 2724 3988 relinquitis,
2767 3934 2891 3973 cum
2945 3935 3044 3975 vos
3083 3918 3204 3986 ejus
3258 3918 3510 3974 hostibus
3552 3919 3804 3974 sociatis.

2175 4009 2328 4064 Unde
2356 4017 2410 4064 et
2438 4008 2634 4063 merito
2665 4009 2991 4079 pr0phetica
3046 4010 3137 4064 illa
3169 4025 3273 4064 vox
3302 4009 3370 4062 ad
3391 4023 3489 4063 vos
3516 4009 3805 4084 dirigitur,

2173 4117 2296 4173 qua;
2319 4101 2595 4173 quondam
2617 4100 2688 4155 ad
2718 4116 2904 4174 regem
2930 4101 3036 4172 (25)
3071 4101 3236 4157 Israel
3270 4101 3473 4156 similia
3505 4101 3808 4157 facientem

459 4185 884 4250 contradiderat,
937 4186 1298 4255 promisisset,
1382 4207 1606 4245 manere
1667 4193 2069 4262 inconvulsam,

463 4287 568 4334 tam
615 4278 669 4332 in
720 4279 838 4346 ipso
909 4292 1060 4348 rege,
1107 4294 1272 4348 quam
1331 4280 1385 4334 in
1446 4282 1681 4338 subditis
1707 4283 1840 4337 sibi.
1873 4286 2073 4358 thuia

2174 4197 2384 4252 directa
2412 4203 2495 4251 est
2519 4216 2534 4251 :
2563 4199 2733 4265 Impia
2762 4198 2968 4266 praebes
2999 4199 3295 4262 aumilium,
3321 4203 3372 4252 et
3401 4199 3486 4253 his
3543 4202 3646 4268 qui
3677 4201 3817 4254 ode-

2173 4293 2300 4342 rant
2325 4291 2489 4343 Deum
2529 4291 2770 4342 amicitia
2817 4289 3072 4357 jungeris
3121 4291 3192 4357 (ΙΙ
3221 4291 3344 4344 Par.
3383 4290 3516 4359 XIX).
3555 4290 3617 4344 Et
3649 4300 3814 4347 certe

461 4374 799 4440 proponeret
855 4366 1002 4421 idem
1062 4368 1290 4425 Karolus
1355 4371 1599 4428 Odonem
1641 4374 1925 4431 inimicum
1966 4379 2070 4432 sibi
2173 4396 2299 4434 cum
2329 4379 2612 4434 deberetis
2662 4381 2850 4436 multis
2908 4380 3198 4450 praeteritis
3230 4381 3527 4438 terminum
3563 4400 3816 4455 ponere,

460 4481 668 4538 regem,
701 4472 756 4518 et
783 4462 1010 4518 insidias
1034 4463 1138 4519 sibi
1209 4484 1545 4543 magnopere
1586 4477 1875 4542 parantem
1907 4473 2072 4528 armis
2173 4477 2226 4524 et
2252 4469 2461 4540 rapinis
2488 4476 2542 4524 et
2572 4469 3081 4540 depraedationibus
3107 4486 3412 4541 pauperum
3445 4471 3810 4538 renuntiare,

457 4554 995 4630 aggredi.WmanM
1057 4558 1444 4628 imperatorem
1502 4561 1780 4636 legatione
1845 4580 2067 4618 suarum
2103 4577 2238 4644 Dac
2269 4581 2368 4636 pro
2401 4565 2484 4619 his
2522 4564 2786 4620 omnibus
2841 4564 3227 4636 paenitentiam
3275 4582 3462 4640 agere,
3525 4583 3678 4622 nunc
3733 4569 3815 4623 ad

457 4648 684 4702 visitans
704 4647 1032 4713 litterarum,
1088 4649 1384 4706 admodum
1443 4653 1575 4708 sede
1625 4653 1798 4724 ipsius
1827 4653 2068 4733 gaudere
2168 4661 2432 4730 majorem
2485 4661 2621 4715 iram
2674 4661 2769 4715 Dei
2838 4660 3264 4732 provocandam,
3326 4661 3412 4716 bis
3464 4663 3558 4733 qui
3621 4664 3811 4720 Deum

457 4739 654 4795 fatetur
689 4739 864 4812 gloria
895 4740 1340 4810 etexaltatione;
1375 4743 1557 4799 mirari
1602 4760 1729 4800 vero
1754 4753 1919 4818 atque
1954 4755 2068 4801 tur-
2167 4757 2446 4831 ignaram,
2471 4761 2527 4810 et
2580 4756 2636 4809 in
2686 4772 2784 4810 sua
2821 4755 3035 4812 feritate
3084 4755 3391 4821 conﬁdunt,
3425 4773 3523 4812 vos
3553 4759 3820 4827 conjun-

457 4831 596 4897 bari,
627 4830 758 4903 quia
779 4831 968 4886 multis
1011 4832 1216 4887 nuntiis
1252 4834 1366 4903 jam
1409 4835 1574 4910 longo
1615 4843 1860 4908 tempore
1893 4845 2067 4892 trans-

2175 4851 2316 4926 gitis.
2351 4850 2568 4906 Credite
2627 4851 2785 4918 mihi,
2833 4850 2964 4923 quia
3017 4867 3298 4923 nunquam
3342 4852 3423 4908 sic
3471 4853 3696 4927 agendo
3728 4857 3815 4912 ad

454 4936 576 4982 acto
607 4927 713 4981 sibi
742 4927 953 4998 aliquid
976 4929 1044 4983 de
1105 4936 1247 4984 statu
1288 4937 1342 4984 et
1391 4931 1756 5002 prosperitate
1787 4948 1885 4986 sua
1917 4932 2063 4988 noti-

2175 4963 2399 5022 regnum
2457 4947 2814 5017 pervenietis,
2875 4947 2983 5002 imo
3042 4947 3306 5003 velociter
3351 4948 3640 5020 disperdet
3698 4967 3816 5008 vos

455 5016 720 5111 ίίβδνθτίίο
780 5020 973 5111 Ε’ξοττίῑ
1023 5029 1227 5111 θυῖε-την
1275 5021 1477 5096 utregi
1508 5037 1608 5077 SUO
1642 5022 1837 5078 Κδτοιο
1868 5021 2066 5077 ευίῖνει-
2167 5016 2331 5105 Deus,
2390 5016 2553 5110 quem
2617 5038 2862 5094 irritatis.
2912 5039 3187 5094 Hactenus
3237 5016 3460 5111 quidem
3518 5041 3590 5097 de
3630 5041 3817 5098 vobis

451 5110 600 5182 είιιπι
632 5110 937 5180 impendat:
981 5119 1038 5164 οδ
1067 5109 1192 5164 talis
1221 5125 1350 5185 erga
1380 5112 1560 5183 ipsum
1591 5113 1811 5178 οκίειδῐι
1841 5115 2061 5185 qualem
2166 5109 2421 5185 meliora,
2442 5129 2734 5201 sperabam
2761 5147 2774 5184 :
2837 5146 2984 5185 nunc
3014 5131 3177 5188 video
3215 5109 3312 5189 vos
3371 5150 3495 5190 cum
3527 5135 3818 5190 omnibus

454 5223 576 5261 cum
604 5222 734 5280 erga
765 5206 1136 5278 ΡΓοΡίηίΙυυηι
1168 5206 1404 5262 οΧίδῑθΓθ
1435 5209 1615 5275 ἀθεεὶ,
1646 5218 1701 5264 ει
1740 5216 1800 5264 ιιι
1829 5209 2066 5264 celerius
2165 5219 2593 5292 consanguineis
2641 5221 2759 5292 [ms.
2777 5221 2830 5290 j,
2883 5223 3101 5292 Papir.,
3156 5224 3562 5296 consentaneis]
3592 5229 3819 5286 vestris

453 5301 603 5356 illum
633 5299 776 5355 scire
834 5299 1015 5365 faciat,
1076 5301 1296 5371 qualem
1337 5301 1680 5359 voluntatem
1712 5303 2061 5374 circaipsum

2175 5311 2493 5381 periturum,
2523 5311 2568 5365 si
2600 5318 2784 5366 tamen
2815 5312 2918 5367 hoc
2932 5328 3062 5367 vere
3089 5313 3258 5368 vultis
3289 5330 3475 5388 agere,
3502 5321 3558 5369 et
3585 5317 3821 5375 talibus

450 5391 670 5448 habeat.
701 5392 771 5446 De
805 5392 1028 5446 Arnulfo
1086 5409 1310 5464 quoque
1379 5407 1508 5467 rege
1558 5392 1856 5468 signiﬁcat,
1912 5394 2062 5465 quod
2162 5402 2410 5458 consiliis
2436 5402 2810 5474 acquiescere.
2871 5404 3081 5459 Revera
3139 5404 3232 5475 qui
3284 5405 3392 5460 tale
3441 5405 3605 5462 vobis
3657 5409 3818 5466 dant

452 5503 560 5543 non
591 5487 724 5542 velit
765 5487 946 5542 eidem
1004 5488 1224 5544 Widoni
1284 5507 1474 5562 pacem
1522 5506 1761 5545 servare.
1804 5490 2056 5546 Karolum
2159 5495 2472 5562 consilium,
2507 5511 2616 5551 non
2651 5495 2864 5564 fideles,
2898 5497 2996 5552 sed
3028 5514 3128 5569 per
3156 5499 3341 5554 omnia
3374 5500 3632 5557 infideles
3663 5519 3816 5560 esse

447 5579 689 5652 denique
719 5580 837 5634 sedi
889 5581 1202 5652 apostolicae
1259 5599 1412 5637 suam
1481 5582 1769 5653 epistolam
1795 5581 2054 5655 dirigere,
2157 5588 2610 5658 comprobantur,
2644 5606 2785 5663 quos
2823 5592 2870 5646 si
2929 5591 3123 5647 audire
3163 5593 3468 5660 volueritis,
3502 5603 3812 5655 terrenum

444 5670 788 5725 orationibus
825 5687 884 5726 se
947 5673 1386 5728 commendando
1433 5690 1612 5745 papze,
1659 5683 1824 5746 atque
1884 5675 2057 5746 ipsius
2156 5678 2318 5733 simul
2349 5685 2405 5734 et
2430 5680 2650 5736 caeleste
2683 5698 2911 5756 regnum
2967 5683 3251 5739 amittetis.
3287 5685 3566 5756 Deprecor
3597 5688 3812 5760 itaque

445 5765 638 5826 petens
670 5760 916 5817 roborari
943 5761 1354 5829 benedictione,
1384 5770 1438 5818 et
1461 5771 1520 5818 ut
1557 5763 1701 5818 idem
1724 5780 1868 5836 papa
1892 5765 2055 5836 hujus
2156 5785 2253 5826 vos
2272 5786 2372 5841 per
2427 5771 2620 5840 Deum,
2655 5779 2712 5828 ut
2761 5775 2868 5830 tale
2927 5776 3199 5832 deseratis
3250 5777 3568 5848 consilium,
3599 5797 3808 5852 neque

516 5856 626 5924 (25)
667 5858 802 5914 Sunt
829 5859 995 5914 verba
1022 5859 1160 5914 Jehu
1185 5860 1256 5914 ad
1285 5860 1548 5932 Josaphat
1579 5877 1765 5935 regem
1794 5863 1958 5919 Juda.
