4012 6164
271 278 379 333 2'77

923 275 1250 332 HISTORIA)
1289 279 1622 336 ECCLESIIE
1661 283 1992 339 REMENSIS
2033 287 2210 343 LlDlll
2252 290 2583 354 QUATUOR.
2611 327 2680 336 -—
2721 297 2844 351 LIB.
2888 299 2972 353 ιν.

3512 306 3616 362 278

269 432 456 486 velitis
484 446 582 486 vos
647 431 702 483 in
752 436 1022 484 aeternum
1085 431 1433 501 praecipitare
1489 431 1794 503 interitum,
1849 443 1903 490 et
1933 438 2261 514 Adeneget,
2294 457 2399 497 nec
2428 460 2554 498 eum
2584 455 2850 517 perpetuo
2901 453 3250 508 anathemate
3290 454 3616 510 innodatum

270 522 404 577 mihi
438 520 784 591 caeterisque,
835 519 927 590 qni
959 521 1264 575 secundum
1323 523 1492 576 Deum
1522 523 1680 578 vobis
1706 523 1900 580 fideles

267 621 418 679 sunt,
445 613 636 668 aeterni
669 611 879 666 doloris
900 609 1098 665 afferre
1130 611 1504 682 dispendium.
1531 614 1724 670 Melius
1748 617 1894 671 enim

264 706 445 760 fuerat
470 721 569 760 vos
598 721 709 759 non
757 704 930 770 nasci,
963 719 1126 774 quam
1157 703 1361 759 diaboli
1412 707 1718 775 patrocinio
1750 709 1893 764 velle

262 817 524 874 regnare,
573 806 626 855 et
675 800 800 856 illos
822 801 1041 868 juvare,
1083 817 1224 872 quos
1253 802 1534 857 deberetis
1577 817 1677 872 per
1705 804 1892 858 omnia

260 894 615 967 impugnare.
669 893 866 948 Sciatis
919 895 1092 961 enim,
1124 895 1255 967 quia
1285 895 1331 949 si
1383 897 1490 951 hoc
1520 895 1787 963 feceritis,
1840 905 1894 952 et

259 987 466 1042 talibus
503 986 750 1041 consiliis
781 987 1192 1058 acquieveritis,
1225 1004 1505 1059 nunquam
1548 1005 1638 1044 me
1668 987 1888 1044 fidelem

257 1076 558 1143 habebitis,
588 1076 686 1130 sed
720 1084 776 1130 et
804 1091 1166 1156 quoscunque
1207 1084 1438 1146 potuero
1469 1093 1500 1132 a
1528 1084 1711 1131 vestra
1752 1076 1890 1133 fide-

256 1165 412 1219 litate
449 1165 742 1230 revocabo,
791 1172 997 1219 etcum
1055 1165 1314 1219 omnibus
1347 1165 1697 1236 coepisc0pis
1752 1166 1891 1221 meis

254 1270 354 1308 vos
400 1260 456 1308 et
486 1269 682 1308 omnes
718 1260 932 1309 vestros
963 1254 1471 1321 excommunicans,
1515 1261 1722 1309 aeterno
1754 1270 1885 1309 ana-

256 1347 506 1400 themate
559 1347 966 1402 condemnabo.
1038 1347 1140 1402 Pro
1199 1345 1464 1402 fidelitate
1516 1363 1678 1418 quam
1725 1349 1884 1402 vobis

251 1451 440 1501 servo,
470 1436 588 1490 haec
619 1435 1006 1509 gemebundus
1034 1436 1238 1503 scribo,
1279 1435 1540 1506 quoniam
1571 1437 1735 1507 cupio
1783 1454 1881 1493 vos

247 1528 559 1582 secundum
610 1527 779 1580 Deum
811 1533 866 1580 et
921 1527 1184 1581 saeculum
1215 1542 1436 1598 semper
1486 1543 1607 1582 esse
1638 1529 1877 1584 honora-

251 1628 388 1684 tum,
423 1627 478 1674 et
508 1635 620 1674 non
650 1619 886 1684 Satanae,
923 1620 1022 1674 sed
1053 1619 1248 1674 Christi
1278 1620 1573 1688 adjutorio,
1606 1621 1674 1674 ad
1719 1621 1873 1675 debi-

250 1718 364 1765 tum
420 1711 578 1766 vobis
628 1711 1004 1765 conscendere
1063 1712 1219 1787 regni
1268 1710 1566 1782 fastigium.
1625 1712 1874 1786 Regnum

251 1805 404 1858 enim
440 1804 589 1875 quod
632 1804 776 1858 Deus
806 1805 917 1869 dat,
949 1803 1166 1859 firmum
1213 1806 1375 1860 habet
1407 1807 1827 1862 fundamentum
1863 1826 1878 1874 ;

241 1893 393 1964 quod
450 1909 579 1948 vero
641 1909 741 1963 per
798 1893 1123 1962 injustitiam
1180 1902 1235 1949 et
1295 1896 1517 1966 rapinas
1575 1897 1882 1968 acquiritur

240 1983 514 2034 caducum
543 1989 646 2046 est,
677 1987 733 2035 et
762 1981 870 2037 cito
901 1982 1238 2050 decidivum,
1271 2000 1374 2038 nec
1407 1985 1608 2055 poterit
1636 1987 1730 2040 diu
1760 2001 1881 2056 per-

239 2090 494 2129 manere.
542 2094 567 2124 ))

311 2169 603 2225 Lamberto
649 2170 970 2241 imperatori
1003 2171 1493 2245 congratulationis
1521 2171 1869 2242 apices'diri-

235 2274 400 2332 gens,
434 2257 677 2313 notificat
709 2260 841 2331 quid
889 2261 993 2315 sibi
1026 2260 1096 2315 de
1125 2261 1245 2330 ipso
1304 2262 1542 2314 domnus
1572 2278 1713 2331 papa
1745 2261 1871 2317 For-

236 2362 431 2400 mosus
458 2347 574 2401 suis
629 2347 826 2402 litteris
864 2349 1198 2403 intimaverit
1229 2367 1243 2402 :
1284 2350 1433 2420 quod
1472 2349 1684 2403 scilicet
1713 2366 1868 2404 eum-

236 2439 365 2492 dem
399 2439 794 2509 imperatorem
826 2441 1057 2496 multum
1106 2441 1388 2515 dirigeret,
1419 2448 1473 2495 et
1512 2442 1568 2496 in
1609 2443 1868 2498 omnibus

233 2533 286 2587 ei
319 2535 636 2600 consulere,
664 2535 788 2590 loco
828 2534 1134 2590 charissimi
1167 2533 1287 2600 filii,
1334 2540 1499 2606 atque
1545 2535 1866 2590 indissocia—

232 2623 406 2678 bilem
437 2623 601 2679 vellet
640 2626 709 2679 ad
761 2641 888 2680 eum
928 2641 1148 2680 servare
1202 2625 1576 2680 concordiam.
1613 2626 1867 2680 Hortatur

232 2717 394 2784 ergo'
433 2715 579 2769 hunc
623 2717 955 2788 principem,
1013 2724 1068 2772 et
1122 2717 1474 2772 admonendo
1534 2717 1764 2792 flagitat,
1806 2726 1864 2772 ut

231 2813 402 2860 tanta:
425 2806 748 2879 benignitati
777 2807 1027 2875 ejusdem
1059 2824 1215 2879 papae
1244 2815 1431 2882 gratus
1456 2809 1672 2874 existat,
1707 2808 1860 2863 illum

232 2908 292 2954 ut
321 2907 536 2971 patrem
584 2902 892 2972 piissimum
949 2903 1162 2977 diligat,
1203 2918 1539 2974 omnemque
1587 2903 1666 2958 illi
1721 2903 1856 2958 fide-

225 2995 466 3062 litatem,
523 3004 577 3052 et
633 2998 1007 3053 obedientiam
1062 3006 1263 3067 servet,
1323 2998 1554 3069 ejusque
1611 2999 1856 3064 monitis,

1999 533 2503 606 irrecuperabiliter
2535 541 2711 609 perire
2742 545 2923 610 sinat;
2953 548 3052 602 sed
3105 566 3268 618 quam
3298 553 3373 608 illi
3413 557 3612 627 placet,

2000 628 2380 696 pcenitentiam
2405 638 2457 685 et
2479 633 2866 692 satisfactionis
2886 656 3198 698 mensuram
3231 646 3308 700 illi
3340 648 3609 726 injungat.

1996 715 2164 770 Nobis
2191 717 2355 772 etiam
2388 726 2442 774 et
2469 721 2741 777 universis
2773 727 2956 788 Italiae,
2992 731 3076 784 vel
3107 731 3290 788 Galliae
3313 715 3610 810 episcopis,

1993 804 2195 875 quibus
2225 807 2295 862 de
2320 810 2441 877 ejus
2465 811 2820 868 damnatione
2861 816 3097 887 scripsit,
3130 804 3368 878 vicissim
3398 828 3467 882 de
3507 804 3613 883 sua

1992 894 2373 951 misericordia
2401 900 2535 969 quid
2566 902 2720 956 illum
2751 919 2936 976 agere,
2971 913 3025 961 et
3061 911 3296 980 qualiter
3324 930 3447 971 esse
3477 932 3610 973 con-

1990 985 2195 1050 veniat,
2218 989 2446 1044 rescribi
2472 991 2683 1059 jubeat.
2731 1018 2756 1041 ιο

2060 1122 2296 1178 Albrado
2327 1125 2442 1197 regi
2483 1126 2871 1187 Transmarino
2902 1133 3224 1192 amicabiles
3250 1136 3458 1194 litteras
3488 1141 3609 1196 mit-

1989 1216 2132 1278 tens,
2164 1219 2346 1284 grates
2375 1214 2560 1283 refert,
2591 1219 2720 1288 quia
2752 1227 2859 1275 tam
2901 1223 3107 1278 bonum
3139 1226 3314 1281 virum
3348 1236 3402 1282 et
3437 1230 3607 1286 devo-

1986 1305 2103 1354 tum
2130 1303 2631 1377 ecclesiasticisque
2662 1309 2867 1381 regulis
2915 1323 3312 1386 congruentem
3367 1319 3608 1373 destina-

1983 1389 2119 1443 verit
2172 1391 2496 1462 episc0pum
2575 1396 2630 1450 in
2688 1398 2908 1455 civitate
2985 1402 3296 1478 Cantaburg
3352 1408 3598 1463 nomine.

1979 1479 2237 1534 Audierat
2285 1482 2455 1550 enim,
2488 1487 2637 1556 quod
2688 1490 3161 1557 perversissimam
3209 1497 3348 1567 [ms.,
3386 1513 3604 1567 perver-

1979 1571 2264 1644 tissimam]
2294 1584 2499 1630 sectam
2529 1579 2811 1651 paganicis
2839 1586 3121 1641 erroribus
3149 1596 3414 1656 exortam,
3447 1597 3500 1644 et
3544 1592 3598 1645 in

1979 1662 2071 1717 illa
2100 1672 2264 1736 gente
2293 1673 2423 1722 tunc
2452 1686 2626 1741 usque
2657 1672 2924 1739 relictam,
2977 1679 3128 1733 verbi
3161 1696 3427 1736 mucrone
3455 1691 3598 1738 sata-

1908 1760 2133 1835 Bgeret
2179 1766 2486 1828 amputare.
2544 1763 2674 1828 Quae
2717 1773 2866 1820 secta
2913 1785 3213 1842 suggerere
3269 1774 3601 1831 videbatur:

1981 1851 2260 1921 episc0pis
2306 1859 2359 1905 et
2388 1854 2726 1926 presbyteris
2765 1859 3210 1919 subintroductas
3251 1866 3451 1922 habere
3489 1884 3606 1922 mu-

1981 1939 2148 1994 lieres
2179 1957 2193 2004 ;
2253 1941 2322 1994 ad
2353 1942 2694 2014 prOpinquas
2723 1963 2944 2019 quoque
2974 1951 3196 2021 generis
3225 1953 3330 2015 sui,
3363 1955 3602 2029 quisque

1979 2029 2165 2092 vellet,
2199 2031 2464 2086 accedere
2495 2032 2725 2104 insuper
2754 2042 2807 2090 et
2833 2046 3074 2094 sacratas
3114 2042 3225 2096 Deo
3259 2043 3492 2101 feminas
3521 2047 3600 2101 in-

1975 2124 2212 2184 cestare,
2251 2125 2304 2172 et
2345 2135 2568 2175 uxorem
2624 2123 2834 2178 habens
2889 2130 3254 2186 concubinam
3285 2134 3447 2188 simul
3500 2137 3594 2190 ha-

1973 2209 2104 2264 bere
2171 2211 2298 2275 Qua:
2355 2213 2561 2276 omnia,
2622 2231 2784 2284 quam
2829 2234 2978 2272 sanae
3030 2220 3160 2276 ﬁdei
3210 2225 3319 2278 sint
3365 2228 3592 2283 adversa

1971 2299 2322 2353 documentis
2346 2301 2660 2357 manifestat
2698 2305 3148 2377 evidentissimis,
3183 2328 3247 2365 ex
3276 2321 3589 2370 sanctorum

1971 2387 2190 2442 Patrum
2245 2389 2488 2458 probatis
2545 2392 2660 2461 [ms.
2713 2394 2764 2462 j,
2848 2395 3090 2467 prolatis]
3152 2402 3590 2458 auctoritatibus.

1970 2475 2260 2530 Richildim
2292 2478 2560 2551 reginam,
2578 2479 2662 2534 vel
2683 2481 3089 2552 imperatricem
3115 2486 3314 2542 litteris
3343 2505 3589 2546 commo-

1969 2583 2107 2622 nens
2136 2575 2297 2639 atque
2329 2571 2688 2643 redarguens,
2721 2573 2912 2628 dolore
2944 2577 3116 2632 multo
3147 2595 3206 2632 se
3235 2579 3433 2634 fatetur
3462 2598 3588 2637 esse

1966 2668 2303 2730 correptum,
2358 2679 2456 2732 pro
2483 2661 2626 2717 fama
2657 2681 2765 2719 non
2807 2667 2973 2732 bona,
3023 2685 3146 2738 quae
3177 2671 3245 2724 ad
3279 2672 3457 2742 ipsum
3517 2675 3587 2730 de

1965 2748 2092 2810 vita,
2124 2749 2208 2803 vel
2255 2751 2468 2805 actibus
2497 2752 2747 2820 ejusdem
2785 2755 2991 2827 regina:
3037 2768 3362 2827 pervenerat
3391 2779 3405 2816 :
3437 2765 3584 2834 quod

1935 2837 2179 2894 scilicet
2204 2847 2351 2894 esset
2391 2839 2668 2909 diabolus,
2715 2843 2808 2896 ubi
2847 2843 3042 2900 fuisset
3088 2847 3180 2900 illa
3211 2851 3389 2922 magis
3427 2869 3588 2923 quam

1959 2930 2126 2996 Deus,
2177 2946 2302 2985 cum
2348 2931 2528 2986 forent
2574 2934 2718 2988 circa
2747 2935 2897 2989 illam
2941 2954 3064 3008 qua:
3119 2948 3308 2994 contra
3352 2944 3584 2999 salutem

1959 3018 2201 3074 militant
2245 3021 2461 3084 animae,
2518 3022 2572 3075 id
2640 3031 2744 3090 est,
2803 3026 2916 3092 irze,
2974 3027 3124 3092 rixae,
3179 3030 3581 3097 dissensiones,

228 3096 288 3143 ut
315 3107 487 3146 verus
501 3091 664 3158 filius,
682 3093 1047 3164 obtemperet,
1071 3101 1125 3149 et
1150 3095 1340 3149 sedem
1365 3095 1664 3150 Romanam
1688 3096 1857 3170 digna
1889 3083 1937 3152 C
1959 3107 2236 3174 incendia,
2269 3109 2585 3176 homicidia,
2612 3111 2862 3180 luxuriae,
2887 3116 3092 3185 rapina;
3114 3134 3339 3190 quoque
3372 3138 3476 3191 pan
3488 3139 3584 3193 ρο-

225 3180 590 3235 veneratione
640 3182 895 3237 honoret.
929 3183 1071 3236 «1ῐᾶ
1125 3183 1275 3236 enim
1329 3190 1594 3250 vestrum,
1653 3184 1852 3256 inquit,

228 3272 465 3342 perenni
516 3271 792 3328 soliditate
822 3275 1131 3329 stabilietur
1186 3275 1500 3346 imperium,
1561 3282 1616 3330 et
1664 3284 1856 3332 contra

225 3379 427 3417 omnes
477 3363 750 3430 inimicos,
803 3372 859 3420 et
913 3367 1098 3422 hostes
1135 3373 1347 3422 vestros
1404 3367 1652 3422 divinum
1695 3369 1854 3424 vobis

222 3455 495 3509 auxilium
523 3455 932 3531 suffragabitur,
983 3457 1189 3530 fietque
1219 3465 1276 3514 ut
1313 3459 1575 3514 omnibus
1603 3460 1858 3515 adversa-

223 3543 342 3609 riis,
420 3543 610 3599 divino
641 3545 936 3613 adjutorio,
994 3563 1218 3617 semper
1252 3547 1506 3619 superior
1554 3555 1609 3602 et
1665 3547 1858 3603 fortior

218 3633 361 3685 sitis.
387 3631 797 3701 Recordamini,
816 3650 1024 3705 qumso,
1054 3637 1308 3691 avunculi
1323 3637 1486 3691 vestri
1505 3644 1558 3692 et
1585 3639 1853 3709 aequivoci

220 3723 502 3777 Lamberti
554 3724 928 3792 illustrissimi,
959 3728 1138 3798 qualis
1191 3744 1320 3800 erga
1351 3737 1595 3784 sanctam
1654 3730 1850 3785 Roma-

218 3829 347 3867 nam
380 3813 575 3868 sedem
632 3814 818 3882 fuerit,
873 3817 1206 3889 qualemque
1257 3821 1462 3875 exitum
1519 3828 1852 3876 consecutus

215 3905 306 3971 sit,
334 3911 392 3958 et
450 3911 610 3959 caute
642 3922 712 3960 ne
767 3906 822 3960 in
870 3907 1016 3962 idem
1048 3911 1364 3981 exemplum
1419 3912 1748 3979 deveniatis,
1801 3912 1847 3966 si

219 3996 436 4067 aliquid
469 3996 651 4050 simile
682 4013 844 4072 agere
874 3999 1179 4056 volueritis.
1215 4003 1484 4058 Domnum
1517 4003 1680 4057 etiam
1712 4020 1846 4073 apo-

220 4087 486 4142 stolicum
508 4086 908 4156 deprecamini,
936 4098 994 4144 ut
1023 4107 1148 4146 eum
1181 4093 1437 4166 dignetur
1460 4094 1768 4158 absolvere,
1794 4103 1848 4149 et

223 4192 322 4246 pro
373 4177 474 4231 illo
515 4177 661 4247 apud
711 4178 882 4234 Deum
923 4179 1283 4236 intervenire.
1347 4182 1447 4237 Pro
1505 4199 1590 4237 me
1623 4200 1844 4255 quoque

221 4266 492 4321 attentius
520 4268 760 4337 postulo,
793 4277 851 4323 ut
880 4271 1000 4339 ejus
1023 4271 1157 4324 mihi
1188 4272 1632 4328 benevolentiam
1660 4275 1843 4328 conci-

223 4356 391 4425 lietis,
442 4366 722 4428 quatenus
750 4366 858 4412 tam
889 4360 958 4413 de
1005 4376 1115 4425 me,
1155 4378 1320 4432 quam
1379 4363 1543 4417 etiam
1594 4365 1663 4418 de
1713 4365 1846 4419 sede

1956 3215 2098 3266 rum,
2148 3201 2506 3269 pervasiones
2545 3203 2927 3260 ecclesiarum.
2963 3208 3036 3262 De
3083 3210 3288 3279 quibns
3327 3214 3586 3269 omnibus

1955 3290 2142 3345 debita
2169 3292 2547 3348 sollicitudine
2594 3301 2650 3348 et
2705 3297 2963 3364 pastorali
3017 3300 3304 3372 diligentia
3335 3319 3580 3360 commo-

1957 3390 2086 3436 neat
2116 3399 2259 3447 eam,
2293 3393 2351 3438 ut
2381 3386 2643 3441 tranferat
2669 3404 2728 3442 se
2761 3389 2830 3444 de
2862 3392 3028 3447 tantis
3054 3394 3213 3449 malis
3243 3397 3310 3450 ad
3344 3397 3578 3453 fructum

1955 3481 2176 3528 aeternae
2208 3475 2436 3531 salutis:
2472 3494 2790 3548 proponens
2827 3482 2877 3536 ei
2923 3485 3291 3554 quadrivium,
3327 3489 3412 3543 vel
3441 3507 3577 3560 qua-

1957 3562 2169 3635 drigam
2217 3565 2502 3634 virtutum,
2533 3584 2696 3638 quam
2756 3586 3046 3627 assumens
3077 3582 3130 3628 et
3157 3578 3460 3632 ascendere
3493 3579 3576 3633 ni-

1955 3662 2098 3720 tens,
2157 3659 2539 3727 apprehendat
2593 3676 2658 3715 ea
2714 3679 2837 3733 quze
2891 3672 3020 3719 sunt
3072 3667 3380 3737 sapientiae,
3418 3678 3579 3742 atque

1953 3747 2354 3812 sanctimoniae,
2397 3764 2460 3801 ac
2490 3748 2768 3805 felicitatis
2797 3759 3034 3808 aeternae.
3067 3756 3324 3811 Velamen
3353 3776 3575 3830 quoque

1953 3833 2170 3902 Christi,
2211 3836 2360 3907 quod
2408 3848 2780 3908 assumpserat
2827 3840 3127 3907 viduitatis,
3190 3845 3571 3916 incorruptum

1947 3943 2164 3983 servare
2194 3930 2463 3997 studeret,
2492 3937 2550 3984 ut
2590 3931 2724 3986 illud
2756 3934 3077 3990 inviolatum
3126 3939 3236 3992 Deo
3266 3956 3572 4010 repraesen-

1948 4026 2062 4074 tare
2094 4028 2299 4090 posset,
2334 4038 2437 4077 nec
2468 4039 2767 4094 prOperare
2793 4026 2924 4080 velit
2975 4028 3044 4081 ad
3072 4029 3297 4095 inferos,
3332 4039 3390 4085 ut
3417 4032 3573 4088 inve-

1948 4108 2062 4162 niat
2091 4109 2481 4166 inazstimabile
2515 4113 2717 4166 malum
2776 4115 3090 4184 multarnm,
3124 4135 3260 4189 quas
3291 4121 3339 4174 ei
3373 4137 3573 4191 propa-

1949 4197 2061 4253 lare
2121 4199 2334 4265 nititur,
2385 4202 2750 4259 miseriarum.
2798 4204 3128 4276 Perpendat,
3179 4208 3222 4262 si
3278 4217 3360 4264 est
3399 4213 3574 4266 amica

1949 4290 2064 4354 Dei,
2096 4292 2181 4346 vel
2235 4308 2414 4347 soror.
2449 4294 2602 4359 Quod
2660 4296 2704 4349 si
2738 4313 2846 4351 non
2879 4306 2961 4353 est
3009 4301 3131 4356 sine
3159 4301 3572 4359 intermissione

1947 4379 2038 4433 det
2063 4395 2292 4450 Operam
2315 4383 2448 4451 (Tit.
2475 4385 2552 4452 ιι),
2580 4391 2637 4439 ut
2668 4402 2790 4441 esse
2817 4388 3010 4456 possit,
3037 4396 3090 4443 et
3119 4391 3164 4445 si
3192 4407 3304 4445 non
3331 4393 3570 4448 candore

224 4444 488 4501 Remensi
517 4447 837 4501 mercedem
864 4448 1123 4522 dignetur
1151 4450 1374 4515 habere.
1408 4458 1462 4505 et
1492 4468 1593 4507 sua
1622 4452 1700 4506 illi
1734 4454 1846 4523 Pri-
1875 4453 1928 4520 D
1952 4468 2302 4539 virginitatis,
2357 4472 2538 4527 studio
2612 4480 2794 4529 tamen
2865 4477 3220 4533 continentia:
3294 4481 3567 4546 salutaris,

222 4540 424 4615 vilegia
472 4541 866 4597 inviolabiliter
912 4544 1212 4608 custodire,
1269 4545 1410 4601 sicut
1447 4561 1642 4601 omnes
1673 4547 1847 4602 sancti

220 4634 670 4700 predecessores
698 4634 873 4703 ipsius
901 4650 1123 4716 semper
1169 4635 1367 4690 fecisse
1401 4645 1740 4691 noscuntur:
1793 4644 1848 4692 et

220 4719 262 4771 si
293 4720 505 4792 aliquis
551 4737 792 4791 unquam
825 4722 889 4793 [j,
923 4725 1291 4795 nequaquam]
1333 4741 1496 4778 aures
1535 4726 1844 4782 clementia)

221 4810 395 4879 ipsius
422 4811 758 4882 inquietare,
793 4821 847 4867 et
877 4813 945 4867 de
991 4815 1151 4869 nobis
1179 4815 1618 4888 sinistrﬁaliquid
1659 4818 1844 4873 dicere

223 4904 660 4973 praesumpserit,
694 4919 805 4959 non
837 4905 992 4975 prius
1013 4907 1443 4978 obloquentibus
1465 4909 1713 4974 credere,
1744 4910 1844 4965 do-

222 5014 324 5052 nec
352 5014 460 5068 per
487 5014 596 5064 me,
627 5005 719 5052 aut
744 5007 891 5073 certe
923 5017 1022 5070 per
1049 5017 1232 5069 suum,
1262 5003 1349 5057 vel
1377 5019 1561 5058 meum
1590 5004 1840 5069 missurn,

218 5093 366 5163 quod
422 5108 615 5147 verum
657 5093 748 5160 sit,
798 5095 970 5164 possit
1015 5111 1336 5169 agnoscere.
1393 5099 1466 5153 De
1499 5107 1699 5155 caetero
1755 5117 1844 5156 co-

216 5189 450 5254 gnoscat
503 5181 808 5251 imperialis
837 5183 1076 5257 dignitas
1107 5191 1305 5252 vestra,
1340 5186 1681 5258 Ramponem
1714 5205 1840 5259 pro-

218 5273 490 5344 pinquum
523 5280 784 5337 vestrum,
814 5282 868 5329 et
893 5291 1102 5344 meum,
1133 5277 1202 5330 ab
1233 5277 1430 5332 eodem
1462 5280 1666 5335 domno
1705 5295 1841 5350 apo-

215 5367 414 5423 stolico
446 5369 1009 5438 excommunicatum,
1041 5371 1268 5426 sicutex
1297 5375 1418 5442 ejus
1446 5374 1640 5429 litteris
1669 5392 1840 5450 agno-

215 5458 416 5515 vimus.
469 5459 576 5514 Pro
603 5477 714 5532 quo
743 5462 974 5517 obsecro
1029 5466 1510 5522 mansuetudinem
1551 5468 1692 5538 [ms.,
1726 5485 1838 5523 ma-

214 5553 590 5624 gnitudinem]
625 5562 881 5624 vestram,
910 5562 970 5610 ut
991 5573 1116 5611 eum
1136 5557 1536 5628 depreccmini,
1569 5568 1843 5631 quatenus

216 5641 295 5696 illi
314 5644 501 5699 locum
528 5646 855 5716 paenitendi,
873 5653 931 5701 et
953 5649 1101 5719 quod
1129 5649 1350 5704 admisit
1375 5652 1710 5707 emendandi
1730 5669 1839 5709 non

1951 4567 2099 4614 recte
2126 4563 2429 4626 credendo,
2463 4565 2633 4619 Deum
2663 4582 2726 4621 ac
2774 4569 3084 4638 proximum
3117 4572 3421 4646 diligendo,
3454 4573 3569 4643 pie-

1948 4653 2072 4707 tatis
2115 4668 2284 4723 Opera
2314 4653 2590 4726 faciendo,
2620 4658 2804 4713 sobrie
2835 4666 2888 4714 et
2935 4661 3083 4729 juste
3111 4668 3163 4715 et
3210 4663 3298 4732 pie
3329 4665 3566 4720 vivendo

1951 4745 2128 4806 (Hebr.
2164 4746 2240 4812 in)
2269 4765 2282 4810 ;
2336 4749 2580 4802 attendat
2611 4757 2669 4802 ut
2697 4751 2861 4804 vitam
2918 4753 3154 4827 corrigat
3185 4755 3367 4809 donec
3398 4757 3562 4811 hodie

1947 4839 2387 4909 cognominatur,
2448 4857 2518 4895 ne
2563 4841 2768 4897 incidat
2821 4845 2876 4897 in
2919 4845 3174 4915 laqueum
3223 4846 3569 4902 confusionis

1944 4933 2184 4993 aeternae,
2220 4929 2348 4982 dum
2384 4945 2493 4984 non
2535 4933 2797 5005 recogitat
2823 4949 2988 5004 quam
3031 4934 3294 4990 velociter
3323 4953 3568 5005 praesens

1945 5016 2109 5071 hodie
2137 5025 2394 5074 transeat.
2457 5020 2873 5077 Parcatanimze
2929 5039 3060 5090 suae,
3119 5031 3174 5078 et
3231 5026 3477 5080 attendat
3507 5034 3567 5081 ut

1945 5109 2055 5164 Deo
2087 5112 2334 5180 proxima
2365 5111 2476 5175 fiat,
2508 5120 2561 5167 et
2593 5115 2861 5169 habeatur
2891 5116 3143 5171 columba
3176 5133 3275 5187 per
3301 5118 3566 5188 simplici-

1942 5205 2110 5253 tatem
2144 5200 2288 5270 [ms.,
2314 5201 2529 5276 habeat
2559 5204 2826 5258 columbae
2848 5204 3279 5276 simplicitatem]
3313 5214 3369 5260 et
3399 5206 3556 5261 inno-

1943 5295 2202 5363 centiam,
2234 5301 2292 5348 ut
2344 5295 2536 5350 audire
2567 5305 2841 5352 mereatur
2876 5315 2907 5352 a
2950 5295 3164 5356 Christo
3211 5316 3335 5354 cum
3369 5300 3564 5355 exierit

1943 5400 1973 5438 e
2001 5400 2252 5455 corpore.
2286 5386 2470 5441 Hiems
2504 5389 2739 5453 transiit,
2791 5397 2845 5444 et
2874 5392 3124 5456 recessit,
3159 5391 3414 5447 columba
3441 5407 3562 5446 mea

1941 5473 2092 5540 veni,
2121 5491 2448 5546 mecumque
2478 5476 2768 5548 requiesce
2796 5478 2974 5547 (Cant.
3007 5482 3090 5545 ιι),
3121 5481 3323 5534 sedens
3349 5480 3404 5532 in
3433 5479 3561 5532 dex-

1944 5573 2057 5620 tera
2111 5567 2284 5623 Patris
2320 5571 2448 5625 mei.
2484 5571 2842 5643 Multumque.
2895 5590 2956 5629 se
2987 5575 3113 5628 ideo
3140 5574 3289 5644 loqui
3338 5571 3556 5632 asserit,

1941 5657 2087 5726 quod
2115 5657 2185 5713 de
2205 5657 2381 5728 ipsius
2411 5660 2584 5715 salute
2611 5661 2909 5732 plurimum
2939 5661 3208 5719 sollicitus
3239 5660 3328 5725 sit,
3357 5666 3554 5730 optans
