4010 6162
420 322 528 376 279

1541 301 1909 359 FLODOARDI
1952 296 2255 355 CANONICI
2296 296 2624 352 REMENSIS

3643 298 3743 355 280

424 465 485 514 ιιι
530 471 657 511 vere
686 453 778 507 ﬁat
808 450 1019 525 regina,
1075 447 1325 504 ornando
1370 444 1659 499 Virtutibus
1713 441 2033 496 νίάυίῑδῑθηι
2064 443 2112 509 Α
2140 454 2194 509 id
2226 462 2409 510 tamen
2447 451 2865 528 insurgentibus
2906 451 3311 509 Nortmannicae
3348 455 3749 524 persecutionis

425 565 602 613 suam,
664 560 772 616 prie
802 541 979 598 oculis
1008 540 1221 594 habens
1249 538 1394 592 diem
1427 534 1643 600 mortis,
1684 532 1771 588 vel
1803 546 2039 586 resurre-

426 638 622 696 ctionis
668 651 801 698 suae,
839 632 1140 704 audiatque
1190 628 1506 702 Apostolum
1559 627 1871 681 dicentem:
1916 623 2038 677 Evi-

426 729 590 800 gilate
642 723 797 794 justi,
826 729 881 778 et
925 721 1098 777 nolite
1130 734 1360 791 peccare
1392 720 1439 789 (Ι
1488 719 1586 774 Cor
1634 716 1736 780 xv).
1768 715 1866 768 Det
1918 719 2041 767 tan-

428 821 554 875 dem
605 818 716 872 Deo
766 831 867 870 suo
920 813 1176 886 gloriam,
1216 820 1271 866 et
1322 815 1583 882 operetur
1633 807 1862 862 salutem
1914 820 2040 876 pro-

429 910 626 982 priam,
650 909 882 963 divertat
902 921 934 960 a
953 904 1116 968 malo,
1133 909 1187 957 et
1215 901 1378 957 faciat
1406 901 1612 956 bonum
1644 899 1809 968 (Psal.
1836 900 2038 964 xxxvr).

431 1004 669 1072 Oratque
708 1004 976 1069 ex0ptans
1002 1002 1061 1051 ut
1091 993 1362 1065 correptio
1388 1008 1486 1047 sua
1516 998 1570 1046 et
1598 991 1911 1046 emendatio
1943 1005 2043 1044 ne-

433 1097 669 1155 cessaria
717 1093 1063 1164 salubrisque
1120 1090 1470 1161 compunctio
1526 1093 1710 1159 tangat
1753 1101 1847 1142 cor
1902 1085 2045 1154 ejus,

436 1195 496 1243 ut
524 1187 748 1241 tandem
778 1181 1078 1255 aliquando
1111 1180 1399 1251 resipiscat
1427 1178 1631 1234 diaboli
1664 1178 1902 1250 laqueis:
1935 1193 2054 1251 gra-

436 1284 513 1337 tia
543 1296 765 1354 quoque
795 1279 891 1334 Dei
923 1277 1217 1333 resuscitet
1246 1292 1367 1331 eam
1399 1276 1467 1330 de
1498 1274 1771 1347 sepulcris
1798 1273 2053 1330 vitiorum

439 1380 516 1444 (II
569 1378 703 1431 Tim.
763 1373 841 1444 ιι),
872 1380 928 1428 et
976 1379 1191 1427 caetera.
1249 1370 1671 1427 Febricitantem
1729 1385 1952 1444 quoque
1997 1371 2052 1425 in

441 1468 618 1534 malis,
659 1465 823 1521 faciat
870 1480 991 1519 eam
1026 1462 1238 1516 firmam
1282 1469 1335 1516 et
1365 1462 1617 1517 stabilem
1666 1462 1830 1529 Deus,
1862 1461 2053 1517 fixam-

440 1574 548 1630 que
576 1558 630 1611 in
661 1557 842 1624 bonis,
871 1563 930 1610 ut
958 1555 1050 1610 hic
1076 1561 1130 1609 et
1153 1554 1207 1608 in
1237 1560 1443 1608 aeterna
1473 1554 1584 1609 vita
1613 1554 1785 1624 possit
1812 1554 2055 1629 gaudere

442 1662 567 1702 cum
606 1646 832 1702 sanctis.
887 1644 1040 1711 Quod
1092 1646 1143 1698 si
1197 1644 1478 1699 consilium
1532 1648 1797 1712 nostrum,
1857 1644 2055 1715 inquit,

2140 545 2458 600 turbinibus
2482 544 2761 616 impediri.
2802 545 2867 599 Ut
2893 551 3079 600 autem
3099 547 3501 617 Opportunitas
3527 562 3587 602 se
3615 553 3747 603 tem-

2142 638 2292 709 poris
2328 637 2623 708 aperuerit,
2648 643 2919 692 maturata
2946 635 3211 693 facilitate
3240 638 3547 709 adimplere
3584 655 3750 695 cona-

2142 730 2209 786 ri.
2251 729 2468 785 lntimat
2489 735 2754 799 praeterea
2784 743 2872 783 res
2905 729 3170 800 quasdam
3199 729 3459 785 Remensi
3500 731 3751 787 Ecclesia:

2144 823 2199 877 in
2221 820 2396 893 ipsius
2422 821 2682 892 parochia
2714 836 2971 892 perverso
2996 821 3116 891 jure
3145 836 3178 877 a
3204 822 3533 893 quibusdam
3564 838 3753 893 perva-

2143 911 2362 967 soribus
2386 909 2676 982 possideri.
2709 908 2823 975 Qua
2856 909 2925 964 dc
2955 925 3122 965 causa
3145 910 3446 981 expetierat
3477 909 3754 966 Arnulfum

2146 1020 2331 1078 regem
2358 989 2505 1074 apud
2529 1001 2912 1071 Warmaciam,
2953 1009 3012 1057 ut
3047 1001 3169 1074 ipse
3195 1003 3520 1059 Willeberto
3543 1002 3758 1074 praesuli

2154 1095 2319 1165 hujus
2349 1092 2741 1165 praedecessori
2786 1093 3130 1165 praeciperet,
3161 1102 3432 1167 quatenus
3457 1094 3576 1166 ipse
3596 1109 3761 1165 super

2153 1185 2260 1240 hoc
2306 1181 2552 1257 negotio,
2596 1181 2901 1237 secundum
2950 1181 3131 1238 edicta
3169 1198 3440 1238 canonum
3482 1187 3692 1257 ageret.
3724 1182 3760 1235 Α

2156 1294 2266 1351 quo
2288 1277 2500 1334 scilicet
2523 1293 2674 1353 rege,
2706 1277 2851 1333 idem
2888 1278 3052 1334 etiam
3083 1277 3447 1333 Herimannus
3467 1293 3637 1348 super
3666 1277 3765 1333 hoc

2157 1370 2277 1441 ipso
2309 1368 2540 1445 legatus,
2565 1369 2631 1423 ad
2666 1369 3010 1440 praemissum
3033 1369 3354 1441 episcOpum
3386 1368 3565 1424 fuerat
3594 1368 3766 1424 desti-

2155 1466 2333 1514 natus.
2366 1459 2473 1547 Sed
2522 1458 2652 1530 quia
2681 1458 2826 1513 idem
2879 1458 3223 1514 Willebertus
3254 1466 3592 1530 praeceptum
3626 1459 3770 1534 regis

2157 1549 2212 1602 in
2245 1548 2347 1603 hoc
2377 1547 2680 1618 adimplere
2702 1563 2812 1603 non
2840 1548 3037 1619 potuit,
3068 1548 3216 1602 hunc
3241 1564 3475 1603 monens
3505 1556 3685 1624 rogat,
3719 1556 3771 1604 ut

2159 1642 2387 1698 eosdem
2419 1655 2766 1712 pervasores,
2795 1640 2883 1695 vel
2912 1641 3004 1712 qui
3036 1655 3123 1695 res
3152 1640 3303 1711 ipsas
3333 1641 3647 1712 inquietare
3681 1655 3773 1696 co-

443 1739 752 1803 audieritis,
776 1737 908 1791 tales
936 1737 1084 1792 vobis
1100 1738 1321 1797 erimus,
1355 1737 1541 1805 quales
1566 1750 1675 1791 esse
1704 1735 1972 1803 debemus,
1994 1738 2054 1791 in
2081 1762 2133 1831 Β
2160 1740 2377 1800 nantur,
2436 1733 2917 1789 animadversione
2993 1733 3259 1789 canonica
3341 1733 3522 1801 feriat,
3585 1732 3692 1788 nisi
3744 1750 3773 1787 a

445 1834 592 1888 omni
617 1832 874 1901 ﬁdelitate
911 1835 962 1886 et
988 1833 1287 1886 reverentia
1322 1835 1484 1900 atqne
1511 1831 1690 1886 debito
1726 1833 1967 1897 servitio,
2006 1835 2055 1886 et

447 1922 589 1991 quod
609 1921 692 1975 his
715 1920 960 1974 omnibus
988 1919 1170 1989 majus
1198 1924 1296 1986 est,
1314 1922 1417 1974 erit
1434 1920 1582 1975 vobis
1597 1923 1738 1975 Deus
1765 1922 2057 1990 propitius,

447 2013 591 2066 sicut
611 2014 878 2079 optamus,
910 2014 960 2064 et
983 2024 1222 2065 oramus.
1252 2009 1518 2080 Alioquin
1543 2011 1808 2078 volumus,
1834 2015 1896 2066 ut
1918 2013 2061 2066 scia-

450 2104 521 2157 tis
550 2116 736 2155 revera
773 2102 918 2170 quod
938 2117 1045 2171 pro
1064 2102 1212 2156 vobis
1233 2102 1484 2158 nolumus
1512 2104 1790 2158 incurrere
1826 2104 2064 2173 offensio-

450 2213 569 2251 nem
616 2197 730 2259 Dei,
762 2197 856 2250 sed
883 2197 1175 2251 secundum
1202 2198 1566 2252 ministerium
1599 2201 1864 2268 nostrum,
1893 2200 2066 2266 facie-

453 2301 570 2340 mus
593 2285 659 2338 de
698 2285 868 2349 vobis,
901 2285 1044 2355 quod
1085 2286 1345 2339 carwnica
1376 2286 1528 2340 nobis
1562 2285 1720 2355 jubet
1747 2289 2061 2341 auctoritas.

455 2374 607 2442 Quod
620 2390 783 2444 quam
812 2376 1015 2428 invitus
1032 2376 1316 2442 faciemus,
1346 2377 1483 2430 Deus
1510 2378 1660 2431 testis
1683 2381 1780 2443 est,
1809 2392 1917 2431 non
1929 2378 2069 2431 enim

450 2484 733 2540 possumus
762 2470 1029 2524 discedere
1066 2471 1135 2525 ab
1164 2471 1441 2541 Apostolo,
1483 2474 1580 2542 qui
1606 2473 1778 2527 dicit:
1812 2472 2071 2539 Quandiu

457 2560 749 2628 Apostolus
777 2574 897 2614 sum
921 2561 1182 2627 gentium,
1212 2562 1573 2616 ministerium
1602 2576 1783 2617 meum
1811 2564 2072 2631 honoriﬁ-

457 2655 588 2709 cabo
614 2655 786 2721 (Rom.
815 2656 923 2721 x1);
954 2661 1047 2707 et:
1076 2657 1185 2708 Dci'
1201 2655 1477 2724 adjutores
1503 2671 1691 2711 sumus
1725 2658 1769 2728 (1
1799 2659 1921 2714 Cor.
1956 2656 2069 2727 ιιι);

462 2752 543 2801 et:
598 2749 733 2801 Deus
785 2749 883 2809 est,
929 2746 1027 2815 qui
1075 2749 1329 2814 operatur
1377 2749 1442 2802 in
1492 2749 1644 2803 nobis
1694 2749 1919 2820 (Philip.
1964 2750 2069 2820 u);

461 2842 518 2890 et
546 2852 559 2888 :
593 2837 684 2889 An
711 2837 1133 2904 experimentum
1162 2838 1406 2905 quaeritis
1433 2836 1570 2906 ejus,
1602 2841 1700 2908 qui
1723 2842 1782 2894 in
1800 2857 1883 2896 me
1901 2843 2071 2912 loqui-

2161 1830 2341 1894 cmpta
2372 1822 2805 1894 praesumptione
2831 1821 3187 1892 resipiscant.
3220 1823 3508 1879 Decretum
3551 1837 3776 1893 quoque

2161 1915 2468 1987 Symmachi
2496 1930 2655 1986 papa:
2697 1914 2879 1969 eidem
2911 1913 3241 1969 Herimanno
3273 1913 3483 1990 dirigit,
3523 1914 3619 1968 ubi
3646 1913 3777 1986 quid

2163 2007 2232 2062 de
2263 2006 2462 2062 talibus
2487 2006 2559 2060 sit
2596 2006 2870 2078 agendum
2900 2004 3352 2060 manifestissima
3382 2005 3561 2075 possit
3597 2021 3777 2060 asser-

2164 2099 2315 2155 tione
2344 2113 2700 2174 cognoscere.
2731 2098 2862 2152 ltem
2894 2097 3100 2163 eidem,
3127 2112 3227 2168 pro
3258 2095 3590 2168 quibusdam
3618 2097 3782 2153 rebus

2164 2192 2331 2263 hujus
2352 2190 2611 2247 Ecclesiae
2643 2205 2811 2260 super
2839 2188 3091 2244 Rhenum
3116 2189 3257 2255 sitis,
3280 2188 3337 2243 in
3365 2189 3486 2244 loco
3519 2188 3615 2260 qui
3647 2187 3781 2245 dici-

2167 2287 2254 2337 tur
2308 2279 2536 2336 Bothert
2588 2278 2657 2349 ]j,
2711 2278 2953 2349 Bobert],
3002 2293 3140 2349 quas
3199 2277 3546 2349 Maingaudio
3588 2277 3785 2349 [j,Ma-

2167 2366 2463 2443 gnigaudo]
2517 2366 3000 2421 commendaverat
3033 2382 3046 2420 :
3090 2380 3200 2437 quo
3238 2364 3520 2432 defuncto,
3554 2367 3695 2437 petit
3731 2373 3784 2420 ut

2170 2459 2317 2513 idem
2369 2457 2572 2527 praesul
2627 2456 2993 2511 Herimannus
3033 2471 3128 2511 eas
3179 2456 3438 2511 tutandas
3494 2456 3782 2528 suscipiat.

2171 2552 2468 2619 Quemdam
2524 2549 2686 2606 etiam
2714 2549 3042 2616 Wibertum,
3071 2548 3164 2620 qui
3208 2564 3297 2603 res
3322 2549 3459 2604 alias
3495 2549 3786 2605 Remeusis

2173 2644 2433 2700 Ecclesiae
2481 2649 2674 2698 tenere
2720 2640 3031 2707 videbatur,
3082 2639 3398 2707 admoneat,
3431 2647 3491 2696 ut
3539 2657 3637 2697 eas
3667 2657 3784 2697 cum

2174 2735 2412 2791 amicitia
2441 2734 2546 2789 sibi
2584 2732 2853 2789 restituat.
2884 2731 2961 2786 De
2993 2728 3165 2786 'rebus
3220 2745 3444 2802 quoque
3498 2730 3784 2802 cujusdam

2170 2825 2403 2889 abbatiae
2434 2822 2540 2877 sibi
2564 2838 2596 2876 a
2622 2836 2755 2895 rege
2777 2834 3080 2882 concessae,
3107 2834 3230 2890 quae
3261 2818 3316 2873 in
3346 2818 3595 2889 partibus
3619 2819 3788 2890 ipsius

463 2928 558 2978 tur
601 2925 892 2980 Christus?
934 2924 989 2978 II
1037 2925 1156 2981 Cor.
1206 2926 1345 2996 xui.)
1407 2927 1557 2981 Unde
1573 2942 1759 2997 precor
1793 2908 1981 2985 Deum_
2012 2932 2073 2985 in
2174 2914 2489 2976 Herimanni
2538 2909 2918 2979 conjacebant,
2978 2914 3132 2981 rogat
3177 2915 3236 2962 ut
3279 2923 3371 2962 eas
3400 2908 3468 2962 ab
3498 2916 3787 2965 extraneo-

464 3020 792 3074 conscientia
818 3034 956 3086 mea,
1011 3023 1073 3073 ut
1122 3019 1436 3075 adhaereant
1484 3024 1637 3079 cordi
1684 3030 1859 3080 vestro
1912 3027 2072 3081 verba

2174 3029 2294 3068 rum
2326 3006 2652 3081 pervasione
2683 3002 2967 3071 defendat,
3001 3007 3057 3055 et
3093 3009 3315 3055 caetera.
3347 2998 3590 3056 Waltero
3619 3001 3788 3057 Seno-

465 3127 601 3175 mea,
658 3116 711 3167 et
757 3114 873 3182 ipse
915 3112 1014 3181 qui
1039 3127 1137 3181 per
1191 3127 1274 3166 me
1313 3115 1573 3183 loquitur,
1611 3117 1721 3172 hmc
1756 3121 1814 3172 in
1852 3121 2074 3174 auribus
2098 3133 2147 3183 η
2176 3099 2363 3157 nensis
2391 3095 2652 3152 Ecclesia:
2682 3090 3123 3183 archiepiscopo,
3176 3103 3280 3183 pro
3310 3105 3475 3144 causa
3514 3089 3791 3183 llildegar-

466 3203 659 3255 vestris
695 3178 797 3270 per
832 3178 1064 3269 seipsum
1105 3178 1459 3270 loquatur-in
1493 3178 1650 3259 corde
1698 3211 1893 3261 vestro.
1935 3211 2074 3263 Deus
2098 3178 2148 3203 υ
2175 3190 2263 3245 dis
2302 3185 2615 3250 abimus”:
2657 3183 2725 3237 de
2756 3178 3092 3270 (ἶυίξΡῙίδθίιδ
3121 3178 3376 3270 quad?“
3406 3179 3787 3246 θοηείίιιιθηῐ»

466 3268 796 3360 omnipoth
850 3268 925 3345 ad
961 3295 1086 3345 υοια
1129 3268 1319 3348 absim
1360 3310 1582 3350 manum
1633 3312 1788 3352 suam
1841 3300 1905 3353 de
1943 3301 2072 3367 alto,
2175 3277 2273 3334 sed
2304 3276 2374 3332 ad
2412 3273 2625 3367 nullum
2662 3271 2811 3326 idem
2839 3268 3133 3363 Walterus,
3162 3268 3790 3367 partim-occupatione,

469 3388 520 3437 et
572 3383 761 3437 liberet
835 3397 927 3437 vos
981 3382 1047 3437 de
1117 3383 1413 3440 ccenulento
1465 3385 1629 3455 hujus
1692 3390 1877 3444 seculi
1942 3360 2077 3461 pro;
2180 3364 2715 3461 Ρδτίίῖῖξίηίίηηίίθίθ
2745 3360 2993 3461 Nessus;
3021 3360 3795 3461 alte9defit~unde,ipim?9ﬁ'

467 3475 661 3542 Ῑυηάοο
1533 3449 1552 3455 ⁷
1942 3449 1965 3461 ’
2181 3461 2261 3515 bit
2286 3459 2491 3524 eidem,
2520 3469 2645 3528 quae
2679 3468 2767 3508 res
2804 3452 2927 3523 ipsa
2950 3450 3117 3506 finem
3150 3451 3453 3525 legitimum
3485 3450 3561 3508 sit
3588 3449 3798 3508 habitu-

1115 3544 1325 3602 CAPUT
1350 3546 1435 3601 Vl.

779 3618 905 3685 Quae
933 3617 1162 3672 diversis
1189 3620 1464 3688 scripserit
1494 3621 1776 3691 episcopis.

546 3708 782 3764 Diversis
809 3708 973 3763 etiam
1018 3708 1348 3780 praesulibus
1379 3710 1598 3767 diversa
1624 3714 1897 3785 reperitur
1916 3715 2083 3790 ldire-

472 3802 616 3857 xisse
646 3802 869 3873 scripta,
900 3801 992 3873 pio
1020 3802 1135 3857 sale
1166 3818 1438 3873 respersa,
1471 3810 1525 3859 et
1560 3805 1761 3861 divinis
1789 3812 2088 3868 auctorita-

475 3898 622 3953 tibus
654 3896 876 3963 referta,
919 3897 1176 3953 Flothero
1212 3898 1633 3972 archiepiscopo
1659 3919 1759 3974 pro
1792 3905 1956 3963 rebus
1981 3909 2090 3965 Re-

472 3990 681 4045 mensis
721 3989 979 4045 Ecclesiae
1009 3989 1065 4043 in
1101 4005 1201 4044 sua
1223 3991 1642 4059 conjacentibus
1682 3994 1928 4064 dioecesi,
1963 4017 2086 4071 quae

474 4086 542 4140 ab
593 4085 943 4139 invasoribus
982 4099 1092 4139 non
1136 4084 1413 4140 modicum
1462 4087 1817 4156 patiebantur
1854 4093 2087 4165 dispen-

475 4179 629 4233 dium
656 4194 668 4229 :
701 4191 934 4231 monens
955 4182 1009 4229 et
1037 4191 1257 4251 rogans,
1285 4186 1346 4233 ut
1374 4194 1586 4235 memor
1606 4181 1899 4240 ministerii
1929 4188 2035 4242 sibi
2057 4206 2089 4243 a

476 4268 585 4322 Deo
616 4265 823 4331 collati,
851 4271 906 4319 et
935 4264 1361 4334 apostolicorum
1400 4275 1821 4339 praceptorum,
1853 4291 2089 4346 quorum

477 4356 636 4427 plura
664 4352 950 4425 subjungit
976 4352 1248 4423 exempla,
1291 4354 1377 4409 his
1407 4360 1832 4427 persuasoribus
1851 4365 2092 4421 auctori-

479 4459 585 4507 tate
611 4448 879 4505 canonica
907 4447 1221 4517 interdicat,
1247 4466 1316 4505 ne
1343 4450 1411 4507 de
1440 4454 1605 4509 rebus
1637 4454 1802 4525 hujus
1835 4457 2090 4516 Ecclesiae

2183 3570 2243 3610 ra
2274 3572 2289 3620 ;
2346 3562 2692 3623 precansque
2721 3552 2910 3602 monet
2946 3554 3004 3600 ut
3052 3545 3371 3600 nullatenus
3399 3542 3633 3611 omittat,
3666 3546 3797 3616 quin

2183 3648 2251 3703 ad
2298 3646 2354 3701 id
2384 3645 2643 3718 placitum
2693 3641 2897 3698 veniat.
2952 3639 3007 3694 Si
3063 3653 3197 3695 vero
3244 3653 3355 3693 non
3386 3636 3626 3704 venerit,
3681 3639 3802 3709 ipsa

2183 3746 2390 3804 tamen,
2419 3733 2889 3800 salva'charitate,
2919 3731 3069 3804 quod
3121 3731 3398 3807 agendum
3432 3739 3536 3799 est,
3576 3738 3803 3787 auctore

2188 3830 2320 3896 Deo,
2348 3827 2477 3883 inde
2508 3824 2774 3898 perficere
2805 3822 3097 3878 conabitur
3123 3838 3137 3875 :
3170 3827 3226 3875 et
3255 3821 3403 3893 quod
3452 3821 3721 3876 hactenus
3748 3820 3803 3874 id

2190 3917 2499 3982 distulerat,
2548 3930 2660 3971 non
2685 3912 2844 3985 quasi
2894 3910 3293 3974 auctoritatem,
3325 3917 3421 3967 aut
3451 3908 3804 3984 privilegium

2188 4011 2293 4067 hoc
2323 4008 2524 4084 agendi
2555 4022 2666 4063 non
2696 4005 2942 4071 haberet,
2975 4009 3162 4079 egerat
3193 4019 3208 4069 ;
3267 4002 3366 4058 sed
3396 4002 3585 4073 potius
3639 4017 3805 4057 causa

2188 4097 2504 4153 dilectionis
2540 4096 2738 4167 ipsius,
2766 4110 2931 4166 quam
2958 4110 3058 4166 per
3083 4093 3271 4149 omnia
3295 4091 3616 4148 inviolatam
3632 4106 3809 4146 serva-

2189 4207 2246 4246 re
2285 4190 2561 4261 cupiebat.
2618 4188 2757 4244 Petit
2801 4187 2967 4242 etiam
3024 4194 3083 4243 ut
3136 4184 3420 4258 praefatam
3469 4183 3802 4238 abbatissam

2190 4282 2337 4337 idem
2380 4281 2672 4347 Walterus,
2702 4286 2893 4350 utpote
2940 4279 3342 4333 dimcesaneam
3373 4291 3553 4342 suam,
3578 4289 3805 4346 praemo-

2193 4370 2312 4425 neri
2393 4368 2573 4437 faciat,
2626 4383 2736 4441 quo
2802 4384 2874 4422 ne
2917 4367 3066 4423 velut
3122 4367 3394 4440 ignaram,
3469 4378 3532 4418 se
3589 4379 3620 4417 a
3673 4378 3807 4418 con-

2190 4469 2360 4517 ventu
2410 4461 2587 4531 ipsius
2617 4460 2961 4526 subtrahere,
3020 4459 3119 4514 sed
3160 4459 3346 4530 potius
3388 4457 3482 4511 die
3511 4455 3803 4526 praenomi-

478 4539 717 4610 amplius
747 4552 1082 4609 praesumere
1112 4545 1369 4607 audeant,
1401 4540 1543 4597 sicut
1575 4542 1788 4614 [rectius
1817 4547 1883 4619 si]
1916 4547 2090 4605 offen-
2108 4556 2163 4624 ι)
2194 4561 2322 4609 nata
2381 4560 2709 4625 praesentem
2766 4553 2987 4609 studeat
3057 4553 3342 4609 exhibere.
3400 4556 3534 4611 Item
3609 4567 3803 4610 consoo

476 4634 844 4697 samdomini
895 4641 1322 4707 sanctorumque
1362 4635 1537 4707 ipsius
1586 4639 1869 4699 incurrere
1898 4645 2091 4703 nolint.

478 4728 755 4800 Rostagno
817 4724 1217 4780 Arelatensium
1268 4726 1509 4796 praesuli,
1583 4737 1767 4804 grates
1823 4733 2093 4805 referens,

479 4822 629 4895 quod
675 4838 803 4876 eum
861 4821 929 4875 de
959 4819 1128 4875 rebus
1162 4820 1417 4876 Ecclesiae
1471 4822 1756 4881 Remensis
1796 4828 2093 4886 sollicitum

481 4933 604 4974 esse
630 4921 994 4986 compererat,
1025 4931 1161 4986 quas
1190 4915 1295 4970 sub
1325 4915 1501 4986 ipsius
1531 4920 1901 4991 providentia,
1930 4932 1986 4980 et
2006 4932 2090 4982 tu-

478 5007 587 5064 tela
639 5004 1039 5069 constituerat;
1098 5003 1196 5058 sed
1235 5004 1500 5061 audiebat
1552 5024 1647 5063 eas
1684 5027 1716 5065 a
1759 5012 2091 5083 quibusdam

480 5103 664 5176 pravis
719 5100 1071 5156 invasoribus
1142 5100 1412 5170 infestari,
1466 5104 1550 5158 vel
1605 5109 1878 5179 usurpari.
1942 5111 2093 5167 Unde

482 5199 749 5265 hortatur,
803 5204 864 5253 ut
906 5198 1134 5254 eosdem
1191 5214 1535 5269 pervasores,
1587 5200 1693 5256 nisi
1742 5200 2091 5273 resipiscant,

479 5288 726 5345 districta
755 5290 1016 5360 percellat
1050 5291 1641 5357 excommunicatione,
1673 5292 1716 5347 si
1750 5307 1860 5349 non
1880 5294 2094 5363 judicet

482 5397 595 5435 rem
620 5380 935 5450 hujusmodi
963 5380 1030 5435 ad
1058 5381 1414 5452 apostolicam
1447 5383 1635 5438 sedem
1667 5382 1891 5439 deferri.
1935 5385 2091 5440 Heri-

478 5490 683 5531 manno
715 5474 1246 5549 Aggrippinensium
1298 5477 1722 5549 archiepiscOpo
1765 5478 2089 5554 significans

478 5581 536 5622 se
565 5563 882 5621 desiderare
911 5582 1036 5621 cum
1074 5565 1197 5637 ipso
1217 5566 1545 5639 caeterisque
1576 5566 1886 5625 dioeceseos
1922 5569 2100 5641 ipsius

477 5657 756 5728 episcopis
784 5657 958 5729 loqui,
986 5664 1041 5713 et
1088 5658 1158 5714 de
1189 5660 1520 5715 necessariis
1563 5659 1928 5717 Ecclesiarum
1961 5678 2098 5719 cau-

481 5747 576 5815 sis,
608 5756 667 5804 ut
694 5751 762 5805 ab
792 5749 990 5806 eodem
1016 5749 1121 5807 sibi
1151 5757 1469 5823 suggestum
1486 5750 1681 5821 fuerat,
1716 5759 2054 5825 pertractare
2081 5771 2095 5810 :

2196 4643 2420 4698 latorias
2448 4642 2627 4697 eidem
2685 4642 2963 4718 dirigens,
2991 4658 3162 4713 super
3217 4642 3393 4715 ipsius
3451 4636 3829 4719 aegrotatione

2198 4731 2426 4799 litteras,
2472 4731 2624 4787 etde
2648 4731 3003 4788 absolutione
3030 4747 3194 4804 quam
3250 4732 3357 4788 sibi
3404 4734 3640 4805 petierat
3662 4733 3807 4788 idem

2195 4823 2487 4893 Walterus,
2526 4832 2634 4878 tam
2685 4824 2754 4879 ab
2788 4839 2878 4892 eo,
2923 4840 3084 4896 quam
3115 4841 3147 4879 a
3194 4823 3455 4881 fratribus
3489 4826 3666 4899 ipsius
3692 4823 3809 4879 ﬁeri

2193 4915 2468 4987 simulque
2514 4915 2585 4970 de
2613 4915 2856 4986 ipsorum
2896 4915 3240 4987 providendo
3269 4917 3338 4972 ab
3367 4918 3568 4974 eodem
3605 4916 3808 4973 domno

2193 5003 2456 5073 Fulcone,
2486 5004 2707 5076 quando
2753 5003 2871 5059 ﬁeri
2928 5015 3140 5075 posset.
3193 5005 3495 5079 colloquio.
3552 5004 3809 5061 Pleonico

2193 5092 2617 5164 archiepiscopo
2637 5092 3050 5160 Transmarino,
3075 5094 3467 5169 congratulans
3493 5094 3658 5150 bonis
3688 5092 3810 5161 ejus

2193 5185 2412 5252 studiis,
2439 5185 2780 5258 quibuscum
2807 5186 3060 5242 laborare
3086 5193 3453 5257 compererat,
3473 5202 3575 5258 pro
3595 5184 3809 5241 abscin-

2192 5279 2391 5334 deudis
2414 5285 2470 5334 et
2496 5278 2866 5350 exstirpandis
2903 5278 3241 5335 incestuosis
3264 5278 3495 5334 luxuria:
3527 5276 3805 5339 fomentis,

2192 5386 2361 5442 supra
2414 5371 2471 5425 in
2503 5370 2591 5425 his
2622 5370 2839 5439 litteris,
2883 5386 3008 5442 quae
3054 5370 3292 5427 Albrado
3342 5370 3457 5444 regi
3490 5370 3808 5441 scripserat,

2197 5462 2646 5519 commemOratis
2698 5462 2838 5535 (cap.
2881 5460 2957 5534 5),
2986 5477 3111 5534 qua:
3144 5462 3201 5517 in
3246 5477 3315 5518 ea
3342 5469 3511 5537 gente
3541 5461 3808 5518 videban-

2200 5557 2290 5606 tur
2336 5552 2637 5621 inoluisse;
2674 5552 2846 5608 sacris
2874 5567 3000 5609 eum
3044 5552 3327 5609 instruens
3360 5561 3417 5609 et
3459 5567 3682 5607 armans
3707 5564 3809 5604 au-

2200 5642 2547 5699 ctoritatibus
2591 5660 2841 5700 censum
2919 5645 3199 5702 canonica:
3261 5646 3411 5717 [for.,
3467 5639 3804 5715 Scriptum],

2201 5732 2479 5805 particeps
2525 5732 2786 5790 nimirum
2852 5731 2960 5805 piis
3006 5733 3184 5807 ipsius
3250 5734 3533 5791 laboribus
3576 5731 3807 5804 cupiens
