4008 6158
207 275 306 333 281

845 267 1170 324 HISTORUE
1209 267 1567 325 ECCLESUE
1606 268 1935 326 REMENSIS
1976 270 2153 325 LIBRI
2195 270 2523 335 QUATUOR.
2549 305 2622 315 —
2660 275 2766 330 LIB
2831 275 2914 330 IV.

3457 275 3567 331 282

215 401 471 456 existere.
505 397 700 454 Joanni
739 395 949 451 cuidam
1008 395 1269 452 Romano
1313 397 1560 467 praesuli,
1593 411 1839 452 comme-
1864 400 1914 468 Α
1939 396 2154 452 Dodillo
2198 395 2262 467 [j,
2296 395 2598 468 Doddoni],
2629 398 2930 454 admonere
2962 399 3146 465 illum,
3182 405 3242 454 ut
3271 400 3566 471 resipisce-

215 505 436 545 morans
464 487 800 542 affectionem
860 484 1195 547 dilectionis,
1240 501 1416 556 quam
1451 485 1838 558 habebatcrga

213 596 358 645 eum,
402 580 479 634 ita
509 586 570 632 ut
599 577 816 642 diceret,
862 574 1070 629 nullum
1121 590 1187 630 se
1221 575 1509 629 invenisse
1539 573 1833 642 recordari,

213 689 336 727 cum
364 687 482 744 quo
510 671 591 725 sic
610 668 944 725 concorditer
981 675 1184 722 mutuo
1243 669 1685 743 conjungeretur
1711 671 1837 725 cha-

217 762 389 816 ritatis
435 759 673 816 affectu:
732 773 1109 815 rememorans
1179 775 1390 831 magna
1441 776 1500 814 se
1557 759 1837 832 quondam

213 851 610 907 benevolentia
647 858 950 922 susceptum
985 851 1056 904 ab
1084 864 1156 904 eo
1187 847 1389 917 fuisse,
1424 849 1839 904 liberalissima-

215 958 321 1013 que
344 943 695 996 humanitate
725 947 1028 1008 tractatum,
1065 941 1410 1012 magnisque
1440 940 1837 996 beneficiorum

215 1034 522 1104 impendiis
563 1033 976 1088 accumulatum.
1035 1032 1370 1104 Asseritque
1400 1046 1460 1086 se
1492 1031 1842 1103 quantocius,

215 1139 348 1193 pace
377 1123 621 1188 reddita,
655 1122 829 1197 dignis
856 1121 1104 1177 servitiis
1133 1128 1520 1185 ostensurum,
1571 1126 1681 1174 tam
1713 1134 1846 1193 erga

217 1230 366 1279 eum,
399 1229 572 1284 quam
611 1226 738 1285 erga
784 1211 1044 1266 domnum
1109 1225 1318 1281 papam
1349 1209 1689 1279 Stephanum
1719 1223 1848 1281 gra-

218 1313 326 1360 tam
367 1304 546 1359 animi
613 1303 974 1367 devotionem,
1037 1309 1422 1374 precaturque
1465 1307 1528 1355 ut
1582 1315 1709 1354 eum
1748 1315 1848 1356 suo

216 1394 396 1449 favore
429 1401 656 1448 tueatur
677 1394 819 1464 apud
870 1392 1046 1463 ipsius
1077 1391 1474 1446 excellentiam
1512 1405 1690 1460 papae,
1715 1397 1770 1443 et
1791 1389 1847 1442 in

217 1484 650 1554 quibuscunque
701 1481 1067 1536 necessarium
1111 1479 1338 1544 viderit,
1391 1478 1442 1533 ei
1470 1477 1612 1534 sicut
1638 1477 1848 1548 optime

218 1573 270 1626 in
299 1573 424 1642 ipso
458 1570 710 1636 confidit,
752 1570 984 1625 assistat.
1038 1568 1309 1625 Dodiloni
1372 1568 1848 1623 Cameracensium

219 1661 474 1732 praesuli,
499 1677 600 1731 pro
629 1660 837 1732 placitis
855 1659 961 1714 sibi
991 1659 1063 1713 ab
1095 1673 1165 1712 eo
1189 1657 1354 1720 datis,
1380 1657 1449 1711 ad
1475 1672 1597 1728 quae
1617 1657 1849 1712 minime

1941 496 2023 544 ret
2063 505 2094 543 a
2136 502 2307 558 pravo
2363 488 2693 544 temeritatis
2749 507 2861 546 suae
2912 491 3081 546 fastu.
3136 489 3244 545 Sed
3301 491 3564 563 quoniam

1941 578 2090 632 idem
2131 577 2332 647 praesul
2369 580 2746 652 rescripserat,
2771 581 3290 636 occurrereeisdem
3323 579 3570 651 praesuli-

1939 668 2046 723 bus
2073 683 2135 722 se
2167 667 2511 740 nequivisse,
2571 671 2700 743 quia
2745 687 2905 728 suum
2965 672 3069 726 iter
3107 671 3568 728 Nortmannorum

1939 760 2480 833 praeripuitgladius,
2510 779 2610 818 ceu
2625 763 2693 818 de
2715 764 2997 820 communi
3017 767 3348 834 compatitnr
3374 766 3566 822 exitio.

1941 850 2208 904 Caeterum
2226 850 2380 920 quod
2397 851 2631 920 petierat
2648 851 2715 905 de
2746 851 3038 919 Balduino,
3069 852 3126 906 in
3142 854 3246 909 hoc
3261 853 3571 927 acquiescit

1942 940 2016 1006 ei,
2041 947 2103 996 ut
2132 941 2888 1010 admonendo,exhortando,
2915 944 3340 1014 etincrepando,
3369 945 3569 1001 sedulo

1943 1048 2072 1087 eum
2105 1031 2393 1102 corripiat,
2425 1041 2528 1088 uta
2549 1049 2648 1088 sua
2701 1033 3002 1108 corrigatur
3032 1036 3316 1105 pravitate,
3351 1035 3570 1090 divinas

1946 1125 1998 1179 ei
2020 1137 2345 1194 proponens
2374 1131 2690 1178 sanctorum
2729 1124 3033 1179 sententias
3061 1125 3275 1179 Patrum
3306 1143 3322 1179 :
3357 1125 3569 1178 litteras

1947 1213 2113 1268 etiam
2157 1211 2344 1267 eidem
2413 1213 2677 1268 Balduino
2735 1214 2802 1267 ad
2872 1214 3114 1284 ipsorum
3176 1214 3570 1286 episcoporum

1950 1310 2107 1373 parte
2157 1301 2325 1375 dirigi
2376 1301 2673 1375 significat.
2711 1302 2786 1356 De
2837 1300 3040 1373 quibus
3101 1301 3368 1366 hortatur,
3401 1313 3464 1359 ut
3523 1306 3569 1360 si

1948 1396 2115 1452 fuerit
2144 1411 2413 1466 praesens,
2462 1395 2513 1451 ei
2563 1394 2896 1460 recitentur;
2933 1395 2978 1448 si
3001 1395 3202 1449 absens
3242 1395 3429 1462 fuerit,
3473 1414 3573 1468 per

1950 1503 2112 1542 suum
2144 1485 2595 1540 archidiaconum
2654 1484 2762 1554 ipsi
2837 1482 3186 1550 transmittat,
3252 1484 3346 1555 qui
3402 1485 3569 1539 etiam

1952 1579 2074 1633 illas
2104 1593 2229 1632 eum
2279 1575 2596 1647 intelligere
2653 1573 2834 1628 faciat.
2905 1574 3058 1638 Quod
3100 1574 3145 1628 si
3194 1580 3248 1627 et
3295 1589 3422 1628 eum
3476 1573 3570 1630 ille

1953 1666 2262 1738 nequiverit
2312 1665 2485 1730 adire,
2546 1664 2755 1717 litteras
2793 1662 2943 1728 ipsas
3008 1660 3230 1731 publice
3281 1676 3466 1716 coram
3507 1676 3569 1716 se

221 1717 542 1807 attenderat
577 1769 590 1806 :
620 1717 848 1806 monens
873 1759 927 1805 et
957 1765 1191 1824 rogans,
1225 1755 1288 1802 ut
1335 1717 1546 1823 satagat
1565 1748 1754 1803 venire
1783 1749 1852 1802 ad
1879 1717 1930 1785 Β
1954 1717 2062 1830 legi
2085 1753 2250 1809 faciat
2279 1717 2484 1808 inloco,
2499 1751 2594 1806 ubi
2621 1717 2920 1806 Balduinus
2961 1717 3286 1822 religionem
3307 1751 3567 1820 pervasit,

221 1844 542 1912 proximum
578 1844 834 1914 placitum
871 1842 1206 1912 ubicunque
1241 1855 1336 1894 rex
1375 1839 1489 1894 0do
1530 1838 1698 1894 fuerit
1728 1855 1853 1894 cum

221 1932 532 2002 episeOpis,
567 1932 822 2002 quoniam
856 1948 968 1987 rem
1011 1931 1085 1986 de
1117 1945 1234 2002 qua
1265 1936 1399 1984 tunc
1455 1927 1724 1998 agebatur
1785 1929 1854 1983 de

223 2021 560 2095 Hildegarde
586 2030 641 2075 et
665 2020 1042 2095 Hirmingarde
1090 2018 1399 2074 terminare
1431 2015 1714 2072 deberent.
1751 2017 1856 2072 Ac-

217 2120 511 2165 cusatores
548 2125 768 2182 quoque
827 2109 1001 2181 ipsius
1060 2105 1493 2181 Hirmingardis,
1521 2121 1728 2177 eosque
1759 2106 1853 2178 qui

218 2204 615 2274 presbyterum
647 2203 945 2258 luminibus
1001 2200 1231 2273 privari,
1264 2216 1330 2254 ac
1385 2199 1654 2270 suspendi
1674 2199 1854 2267 jusse-

218 2306 368 2361 runt,
402 2312 534 2351 cum
562 2295 818 2350 omnibus
847 2294 940 2366 qui
980 2290 1460 2348 eidem'nefandm
1484 2290 1722 2360 jussioni
1755 2307 1856 2361 pa-

221 2391 482 2450 ruerunt,
538 2384 624 2438 vel
681 2383 923 2438 fautores
977 2381 1145 2450 hujus
1217 2378 1448 2435 sceleris
1503 2379 1849 2447 exstiterunt,

215 2477 567 2532 commoneri
614 2475 794 2542 faciat,
849 2483 904 2531 et
955 2473 1230 2530 canonice
1285 2471 1684 2539 convocari,ut
1723 2472 1853 2528 huic

216 2565 525 2620 conventui
553 2581 613 2620 se
652 2564 911 2620 studeant
965 2571 1328 2635 praesentare.
1363 2561 1498 2615 Item
1532 2575 1632 2630 pro
1653 2560 1849 2615 eadem

218 2670 419 2719 causa,
475 2653 678 2726 gratias
735 2652 982 2708 referens
1045 2651 1179 2724 quia
1236 2649 1441 2704 devote
1493 2648 1668 2718 ipsius
1695 2664 1851 2704 com-

221 2748 598 2803 monitionem
626 2747 952 2817 susceperit,
984 2754 1038 2801 et
1068 2746 1137 2800 ad
1171 2743 1531 2799 constitutam
1583 2741 1730 2796 diem
1755 2759 1854 2813 pa-

218 2839 545 2894 ratissimus
595 2839 914 2894 occurrerit.
981 2838 1121 2892 Illud
1187 2850 1320 2890 vero
1379 2848 1709 2888 succensere
1770 2834 1854 2889 vi-

223 2932 418 2993 detur.
454 2947 550 2985 cur
575 2947 698 2986 cum
756 2931 824 2986 de
882 2930 1120 3004 negotiis
1149 2926 1548 2984 ecclesiasticis
1575 2936 1852 3000 ageretur,

223 3040 430 3089 causa,
465 3039 572 3078 non
603 3040 702 3094 per
720 3023 1001 3089 clericum,
1025 3023 1126 3077 sed
1154 3037 1256 3092 per
1280 3019 1490 3075 laicalis
1520 3019 1735 3074 ordinis
1760 3021 1852 3076 ho-

223 3113 446 3166 minem
473 3112 854 3166 sibimandare
867 3111 1150 3167 voluisset.
1171 3112 1294 3181 Ipse
1327 3124 1455 3164 vero
1474 3108 1854 3164 domnusFul-

221 3216 313 3265 co,
331 3201 536 3270 partim
553 3201 787 3256 senioris
808 3201 1030 3256 servitio
1049 3201 1332 3265 detentus,
1355 3198 1551 3269 partim
1571 3213 1853 3269 corporeae

224 3293 708 3349 incommoditatis
761 3291 1018 3348 molestia
1063 3291 1423 3364 prmpeditus,
1469 3290 1627 3358 juxta
1653 3294 1853 3348 condi-

227 3395 395 3438 ctum
429 3383 612 3437 venire
633 3381 975 3454 nequiverat.
1000 3380 1476 3447 Admonetetiam,
1507 3395 1633 3434 eum
1658 3382 1857 3437 memi-

230 3477 396 3530 nisse
433 3474 653 3540 debere,
683 3475 862 3547 qualis
885 3475 1002 3544 ipse
1032 3490 1165 3549 erga
1181 3489 1309 3528 eum
1323 3472 1602 3544 quondam
1630 3475 1858 3531 exstite-

231 3566 325 3632 rit,
359 3563 602 3634 qualiter
629 3565 748 3618 sine
781 3580 932 3639 rege,
962 3563 1084 3618 sine
1106 3562 1220 3618 ullo
1251 3562 1429 3633 ipsius
1459 3562 1601 3632 parti
1647 3578 1858 3618 consu-

235 3656 392 3708 lente
427 3652 601 3707 modis
630 3652 886 3708 omnibus
943 3650 1226 3717 institerit,
1268 3657 1328 3704 ut
1365 3650 1434 3704 ad
1468 3649 1614 3706 hunc
1644 3651 1864 3722 episco-

234 3742 430 3813 palem
449 3741 758 3810 perveniret
790 3741 1077 3807 honorem,
1127 3756 1254 3795 cum
1282 3739 1463 3794 adhuc
1490 3738 1598 3792 sibi
1618 3740 1860 3810 perfecte

237 3844 414 3890 notus
444 3849 552 3889 non
609 3839 772 3888 esset.
825 3831 905 3884 Ita
945 3837 1129 3884 tamen
1187 3844 1287 3900 pro
1344 3843 1411 3884 co
1460 3828 1658 3904 egerit,
1692 3830 1859 3887 veluti

237 3940 342 3996 pro
375 3924 542 3978 fratre
586 3921 927 3987 charissimo,
983 3919 1112 3992 quia
1143 3917 1460 3974 crediderat
1487 3927 1542 3973 et
1599 3919 1863 3974 credebat

235 4015 292 4066 in
326 4028 398 4067 eo
429 4011 730 4082 simplicem
780 4010 1158 4082 prudentiam,
1198 4008 1366 4064 fidem
1426 4023 1537 4063 non
1569 4008 1774 4077 fictam,
1807 4018 1864 4066 et

238 4100 455 4155 firmam
488 4113 541 4155 et
579 4100 708 4154 inde
758 4099 1085 4154 mutabilem
1153 4099 1515 4154 stabilitatem
1551 4117 1564 4153 :
1598 4114 1863 4170 sperave-

245 4204 326 4248 rat
381 4193 545 4248 etiam
603 4193 653 4246 in
697 4192 957 4248 omnibus
1003 4192 1112 4246 sibi
1168 4198 1587 4263 cooperatorem
1619 4198 1674 4247 et
1703 4191 1863 4262 adju-

250 4293 428 4342 torem
458 4286 594 4342 fore.
627 4287 729 4341 Per
759 4286 910 4341 illam
970 4301 1104 4358 ergo
1172 4287 1444 4340 sinceram
1483 4285 1864 4352 dilectionem,

1954 1855 2009 1903 et
2030 1847 2322 1916 deinceps,
2350 1844 2454 1898 nisi
2486 1843 2783 1914 re'sipuerit
2805 1858 2914 1900 non
2946 1843 2994 1896 ei
3025 1840 3108 1896 vel
3132 1841 3456 1907 monachus,
3479 1841 3568 1896 vel

1955 1941 2192 2014 quilibet
2220 1939 2328 1995 rite
2356 1936 2698 1991 Christianus
2750 1935 3102 2007 adjungatur,
3122 1933 3166 1987 si
3196 1949 3306 1987 non
3337 1934 3572 1988 anathe-

1955 2034 2118 2090 matis
2170 2029 2391 2088 vinculo
2431 2027 2703 2100 implicari
2757 2028 3011 2082 voluerit.
3055 2027 3107 2080 Si
3141 2026 3315 2081 Hctilo
3346 2041 3569 2099 quoque

1953 2123 2022 2178 ad
2079 2119 2358 2176 civitatem
2405 2113 2856 2172 Atrabantensem
2940 2113 3176 2180 venerit,
3233 2113 3428 2168 Dodilo
3488 2112 3569 2168 illi

1954 2217 2226 2276 occurrat,
2260 2216 2320 2264 ut
2347 2208 2416 2261 de
2448 2208 2552 2261 hac
2583 2221 2640 2259 re
2662 2203 2812 2276 quod
2859 2203 3135 2275 agendum
3168 2210 3271 2267 est,
3303 2200 3574 2256 canonice

1959 2318 2222 2377 peragere
2253 2299 2489 2371 possint,
2522 2305 2577 2352 et
2603 2295 2876 2368 quidquid
2906 2294 3036 2349 inde
3068 2294 3318 2358 fecerint,
3373 2292 3574 2347 litteris

1953 2390 2377 2468 sibisignificet.
2434 2388 2668 2444 Hetiloni
2722 2386 2941 2459 praesuli
2992 2385 3191 2440 litteris
3242 2383 3484 2448 mandat,
3513 2390 3575 2438 ut

1957 2483 2335 2558 proficiscatur
2355 2496 2480 2535 cum
2511 2477 2772 2532 fidelibus
2793 2477 2939 2550 regis
2953 2475 3021 2530 ad
3036 2473 3576 2547 Attrabatem,agens

1956 2589 2057 2646 pro
2089 2587 2250 2644 posse
2284 2569 2432 2641 quod
2465 2568 2522 2621 in
2549 2566 2656 2621 alio
2675 2565 2881 2636 scripto
2909 2563 3182 2639 agendum
3209 2562 3317 2618 sibi
3342 2577 3573 2634 repere-

1956 2668 2026 2722 rit
2045 2661 2436 2739 signiﬁcatum.
2482 2659 2612 2714 ltem
2637 2672 2736 2728 pro
2764 2657 2850 2712 his
2877 2672 2998 2727 qua:
3022 2671 3052 2711 a
3075 2654 3341 2710 Dodilone
3382 2653 3576 2709 Came-

1954 2755 2170 2813 racensi
2205 2752 2525 2826 patiebatur
2554 2749 2845 2820 episcopo,
2875 2763 3129 2803 asserens
3157 2747 3440 2817 quomodo
3472 2763 3574 2818 pro

1954 2845 2279 2910 benefactis,
2323 2842 2391 2897 ab
2451 2855 2516 2896 eo
2569 2839 2675 2894 sibi
2723 2837 3122 2895 contumeliosa
3151 2835 3572 2892 retribuantur:

1955 2935 2380 3003 adsciscensque
2412 2932 2559 2984 hunc
2614 2927 2720 2983 sibi
2776 2933 2993 2991 testem,
3028 2925 3265 2997 qualiter
3312 2925 3574 2981 eumdem

1887 3026 2280 3107 CDodilonem
2323 3031 2576 3095 paterno,
2608 3019 2955 3091 simplicique
2998 3016 3357 3107 benignitatis
3376 3015 3576 3107 affectu

1955 3121 2023 3176 ad
2047 3117 2259 3189 potiora
2289 3111 2618 3187 provexerit.
2662 3111 2767 3166 Sed
2800 3116 2856 3165 et
2883 3107 3159 3180 quomodo
3194 3105 3465 3162 Rodulfus
3491 3107 3576 3163 vir

1956 3213 2190 3266 devotus
2216 3206 2494 3263 abbatiam
2522 3203 2817 3277 quamdam
2840 3199 2899 3256 in
2925 3201 3091 3269 hujus
3122 3199 3390 3255 Hetilonis
3421 3215 3579 3269 paro-

1950 3285 2082 3359 chia
2109 3303 2271 3357 sitam
2298 3297 2556 3356 Remensi
2577 3295 2921 3372 delegaverit
2952 3293 3209 3349 Ecclesia:
3226 3293 3579 3348 committens

1957 3394 2123 3452 simul
2149 3393 2328 3448 eidem
2348 3405 2548 3460 corpus
2597 3389 2747 3444 beati
2801 3386 2990 3441 Calixti
3038 3400 3194 3457 papa:
3225 3393 3280 3440 et
3300 3385 3577 3456 martyris,

1960 3484 2110 3556 quod
2137 3484 2489 3554 impetratum
2529 3494 2561 3532 a
2589 3478 2836 3533 Romana
2865 3474 3137 3530 detulerat
3166 3474 3321 3529 urbe.
3357 3473 3583 3531 lntimat

1963 3588 2095 3648 ergo
2155 3571 2390 3644 qualiter
2445 3574 2702 3638 precatus
2749 3565 2820 3620 sit
2868 3563 3230 3618 amicabiliter
3291 3561 3579 3634 praefatum

1966 3662 2320 3728 Dodiloncm,
2338 3658 2406 3712 ad
2425 3657 2784 3712 Atrabatense
2839 3653 3124 3708 castellum
3141 3652 3353 3720 venire,
3378 3653 3578 3710 etinde

1965 3751 2201 3822 pignora
2244 3745 2452 3819 praefati
2505 3743 2756 3814 martyris
2795 3740 3099 3797 honorifice
3168 3743 3371 3806 levare,
3411 3751 3581 3814 atque

1963 3855 2140 3910 usque
2167 3839 2235 3892 ad
2266 3834 2581 3891 coenobium
2611 3831 2786 3887 sancti
2819 3831 3066 3895 Quintini
3096 3832 3394 3887 deducere.
3428 3833 3583 3889 Hunc

1965 3932 2130 3988 etiam
2165 3928 2470 3984 Hetilonem
2500 3924 2823 3995 expetierat,
2859 3923 3008 3977 utad
3043 3923 3220 3993 ipsum
3261 3924 3578 3979 coenobium

1962 4027 2296 4085 occurreret,
2321 4024 2376 4073 et
2396 4015 2587 4073 tandiu
2603 4030 2725 4069 cum
2754 4027 2911 4067 sacro
2941 4013 3297 4068 comitaretur
3325 4029 3579 4085 corpore,

1963 4115 2143 4169 donec
2175 4112 2293 4184 ipse
2343 4112 2542 4167 domus
2592 4109 2758 4164 Fulco
2813 4106 3046 4171 veniret,
3080 4114 3134 4160 et
3161 4106 3294 4160 illud
3319 4105 3584 4164 decenter

1970 4208 2248 4278 excipere,
2273 4212 2328 4261 et
2358 4220 2536 4276 usque
2553 4204 2619 4258 ad
2644 4204 2790 4258 hanc
2823 4202 3147 4255 Remensem
3166 4200 3580 4256 valereturbem

1969 4300 2248 4355 deducere
2281 4297 2414 4353 :ubi
2455 4297 2644 4352 tandiu
2704 4301 3030 4355 servaretur,
3084 4308 3395 4365 quousque,
3451 4310 3583 4364 pace

254 4393 420 4450 quam
481 4378 536 4432 in
586 4379 705 4450 ipso
767 4377 1050 4444 credebat,
1101 4394 1226 4432 eum
1282 4393 1340 4432 se
1394 4377 1529 4433 dicit
1579 4391 1804 4433 monere
1848 4393 2200 4477 =Dreddita,
2234 4391 2355 4446 loco
2409 4389 2632 4460 proprio
2662 4388 2838 4458 ipsius
2867 4387 3133 4442 Hetilonis
3183 4386 3443 4458 parochia
3477 4387 3583 4442 sito

255 4469 521 4524 mandans
548 4477 606 4524 ut
633 4469 948 4540 posthabita
998 4470 1148 4524 omni
1193 4468 1482 4536 dilatione,
1513 4469 1598 4524 vel
1625 4485 1866 4540 occupa-

254 4560 424 4624 tione,
455 4560 522 4613 ad
560 4559 873 4615 condictum
930 4569 1258 4613 conventum
1305 4557 1690 4630 episcoporum
1727 4575 1868 4630 prae-

255 4668 384 4706 sens
411 4651 604 4706 adesse
641 4652 882 4718 studeat,
937 4651 1086 4706 nulla
1134 4667 1301 4707 causa
1323 4659 1574 4723 excepta,
1605 4651 1710 4706 nisi
1741 4658 1866 4706 tan-

259 4751 365 4796 tum
424 4741 740 4798 infirmitate
795 4758 1080 4814 corporea.
1171 4743 1443 4798 Personas
1501 4743 1666 4798 etiam
1723 4759 1869 4815 prae-

259 4849 466 4898 missas,
503 4850 639 4906 quas
679 4850 777 4906 per
825 4835 1051 4889 alteram
1097 4833 1503 4910 significaverat
1551 4835 1865 4906 epistolam,

262 4923 588 4978 commoneri
604 4923 872 4978 canonice
912 4923 1094 4990 faciat,
1142 4933 1202 4978 ut
1229 4931 1550 4996 praeparata:
1581 4923 1869 4978 adsolem—

272 5028 389 5066 nem
419 5023 615 5068 coetum
665 5013 1050 5084 episcoporum
1111 5013 1202 5084 pie
1256 5011 1476 5084 praefixa
1530 5029 1588 5068 se
1618 5019 1868 5086 satagant

279 5115 616 5174 praesentare.
646 5108 781 5162 Item
811 5123 934 5163 cum
995 5110 1209 5164 caeteris
1257 5108 1630 5180 coepiscopis,
1662 5111 1870 5166 Didone

280 5197 472 5253 scilicet
492 5199 863 5265 Laudunensi,
925 5199 1175 5256 Hetilone
1223 5200 1601 5270 boviomensi,
1659 5201 1870 5258 Riculfo

280 5284 604 5355 Suessorum,
656 5287 968 5344 llerinando
1001 5293 1208 5359 (supra,
1265 5305 1384 5359 cap.
1436 5291 1490 5358 3)
1536 5289 1870 5362 (Herilando)

279 5375 552 5436 Marinensi
617 5380 913 5435 scribens:
949 5381 1077 5436 huic
1129 5380 1350 5453 praesuli
1404 5381 1658 5437 Dodiloni
1689 5381 1868 5454 signi-

271 5467 404 5537 licet,
437 5472 537 5528 hos
566 5473 952 5543 praemissosin
975 5473 1169 5527 urbem
1200 5473 1526 5528 Remensem
1549 5472 1872 5528 convenisse

271 5567 544 5634 praesules,
602 5567 671 5622 ad
723 5568 1060 5624 tractandum
1111 5568 1180 5622 de
1229 5567 1557 5638 pervasione
1617 5566 1871 5623 Balduini

272 5655 399 5712 Βαιά
428 5660 647 5716 Calvus.
676 5659 871 5717 Fland.
899 5660 1114 5731 comes),
1141 5659 1211 5716 de
1241 5674 1352 5731 quo
1373 5658 1869 5730 scripserateidem

1969 4482 2182 4537 restitui
2217 4486 2418 4552 posset.
2453 4479 2515 4532 At
2541 4477 2737 4533 Dodilo
2771 4493 2896 4532 cum
2937 4475 3222 4530 debuisset
3245 4491 3408 4546 agere
3436 4475 3583 4546 quod

1968 4575 2278 4647 petebatur,
2304 4589 2334 4627 e
2364 4579 2574 4637 contra,
2630 4568 2912 4624 ﬁlia‘tionis
2949 4584 3013 4623 ac
3042 4567 3399 4624 fraternitatis
3431 4575 3586 4639 post-

1970 4668 2155 4724 habita
2207 4664 2534 4729 reverentia,
2589 4662 2646 4716 in
2675 4661 2858 4716 medio
2903 4676 3200 4716 occurrens
3254 4661 3377 4726 viae,
3432 4661 3583 4716 etde

1971 4759 2230 4816 manibus
2259 4755 2592 4832 gestantium
2615 4764 2863 4811 sanctum
2889 4755 3089 4826 pignus
3109 4751 3411 4823 abripiens,
3435 4753 3582 4824 apud

1970 4865 2032 4904 se
2063 4847 2330 4920 reposuit,
2363 4846 2556 4901 dicens
2589 4865 2604 4900 :
2636 4845 2753 4901 Non
2786 4844 2922 4899 illud
2955 4843 3211 4913 cuiquam
3240 4857 3299 4896 se
3331 4841 3585 4896 redditu-

1969 4955 2113 5005 rum,
2149 4937 2256 4991 nisi
2302 4935 2485 4991 eidem
2553 4931 2815 4999 Hetiloni,
2875 4933 2931 4986 in
2961 4931 3119 5000 cujus
3157 4929 3586 5005 dignoscebatur

1970 5026 2140 5082 fuisse
2164 5025 2424 5096 parochia
2451 5025 2766 5096 depositum
2797 5041 2810 5080 :
2835 5032 2890 5080 et
2920 5025 3026 5079 hoc
3054 5023 3236 5093 ipsum
3261 5037 3415 5077 nova;
3438 5021 3584 5076 frau-

1971 5116 2058 5170 dis
2089 5120 2416 5189 argumento
2446 5113 2704 5186 gessisse,
2737 5129 2846 5185 quo
2861 5110 3365 5182 valeretpraefatum
3383 5125 3586 5182 corpus

1971 5221 2185 5261 sacrum
2217 5203 2438 5260 cuidam
2467 5201 2750 5258 Ilucboldo
2775 5203 2916 5274 [ms.,
2948 5199 3244 5272 Bucholdo]
3271 5198 3459 5254 comiti
3482 5205 3580 5254 trao

1971 5297 2122 5352 dere.
2176 5295 2441 5360 Quocirca
2482 5294 2619 5366 petit
2681 5294 2828 5350 hunc
2876 5293 3210 5359 Hetilonem,
3243 5298 3304 5346 ut
3355 5291 3584 5347 missum

1973 5405 2133 5444 suum
2164 5389 2233 5443 ad
2264 5403 2392 5444 eum
2424 5387 2642 5463 dirigat,
2685 5394 2740 5441 et
2763 5392 2993 5458 paterno
3031 5402 3094 5441 ac
3123 5384 3366 5442 fraterno
3397 5399 3582 5440 amore

1975 5480 2159 5552 ipsum
2187 5479 2547 5554 redarguens,
2587 5479 2846 5551 corrigat,
2885 5486 2940 5534 et
2969 5479 3022 5532 in
3053 5477 3375 5535 memoriam
3401 5475 3453 5532 ei
3483 5491 3578 5529 re-

1971 5576 2148 5637 vocet,
2175 5569 2456 5641 quomodo
2480 5567 2764 5642 religionis
2794 5567 2964 5622 solius
2986 5576 3041 5624 et
3067 5566 3222 5634 fidei,
3249 5582 3409 5638 quam
3434 5564 3491 5618 in
3512 5577 3579 5618 eo

1972 5657 2114 5716 forte
2134 5658 2416 5726 credebat,
2447 5656 2672 5724 intuitu,
2701 5656 2855 5711 illum
2883 5657 3094 5728 absque
3124 5656 3272 5728 regis
3300 5661 3394 5711 aut
3424 5653 3579 5725 prin-
