4008 6158
458 255 568 314 283

1588 247 1956 303 FLODOABDI
1995 245 2302 303 CANONICI
2340 244 2664 300 REMENSIS

3686 245 3796 300 284

460 385 601 456 cipis
626 382 859 451 alicujus
872 379 1283 450 exspectatione
1305 377 1361 432 in
1378 377 1514 432 sede
1537 375 1837 448 pontificali
1856 375 2068 432 locave-
2096 382 2142 448 Α
2171 375 2417 431 cordiam
2447 390 2634 431 secum
2663 375 2958 430 tenendam
3006 374 3216 431 redeat.
3250 375 3438 430 Monet
3468 373 3641 447 igitur
3667 390 3791 428 eum

459 477 547 543 rit,
580 480 910 545 moneatque
941 482 1055 528 ute
1083 479 1259 543 czepta
1304 470 1611 526 temeritate
1681 469 1876 539 pedem
1912 485 2070 524 revo-

458 573 564 631 cet,
587 580 654 618 ne
683 562 891 634 aliquid
911 563 1060 617 hunc
1089 560 1345 616 eumdem
1377 559 1863 628 archiepiscopum
1880 567 2070 613 contra

458 672 536 722 se,
567 655 713 725 quod
745 654 892 708 idem
925 653 1080 718 nolit,
1110 667 1274 727 agere
1315 650 1629 720 compellat.
1665 649 1818 704 Hune
1848 665 2069 721 quoque

459 755 713 819 precatur
743 747 1049 803 Hetilonem
1109 745 1334 811 obnixe,
1380 762 1452 799 ne
1497 744 1575 798 illi
1614 759 1904 798 assensum
1933 743 1986 796 in
2011 759 2069 798 re

457 835 549 891 tali
582 836 849 907 praebeat,
879 834 978 892 sed
1031 835 1194 903 justze
1222 832 1362 904 parti
1413 833 1466 886 in
1500 833 1756 887 omnibus
1786 831 1986 895 faveat,
2016 837 2071 885 et

457 929 774 983 thesaurum
807 928 1108 992 cmlestem,
1144 926 1396 980 Remensi
1423 924 1672 980 ecclesiae
1696 936 2071 994 aprmmemo-

456 1027 572 1075 rato
603 1019 720 1074 viro
765 1019 1047 1082 traditum,
1103 1017 1226 1072 urbi
1268 1033 1330 1072 ac
1362 1016 1602 1071 basilicae
1651 1014 1828 1086 ipsius
1859 1013 2068 1068 restitui

457 1126 569 1166 non
597 1110 774 1166 solum
808 1109 1138 1175 consentiat,
1194 1108 1290 1163 sed
1324 1108 1486 1162 etiam
1519 1106 1646 1162 totis
1675 1105 1882 1160 viribus
1909 1104 2068 1173 adju-

454 1211 564 1258 vet.
600 1203 798 1257 Didoni
849 1201 1199 1257 Laudunensi
1257 1200 1544 1271 episcOpo,
1595 1215 1693 1270 pro
1741 1198 2069 1253 reconcilia-

456 1290 607 1344 tione
639 1290 838 1343 animze
869 1288 1156 1358 cujusdam
1174 1288 1444 1349 Valcheri,
1480 1288 1574 1359 qui
1605 1302 1732 1342 reus
1768 1286 2072 1355 majestatis

459 1384 735 1449 inventus,
790 1381 1121 1453 supplicium
1170 1382 1361 1436 mortis
1412 1381 1662 1436 incurrit.
1716 1381 1790 1435 De
1816 1396 1925 1452 quo
1963 1396 2068 1435 au~

456 1471 651 1535 dierat,
671 1469 816 1540 quod
853 1469 907 1523 in
931 1468 1158 1524 articulo
1182 1469 1369 1524 mortis
1397 1468 1776 1539 paenitentiam
1819 1484 2067 1538 percon-

456 1559 750 1614 fessionem
781 1565 1021 1612 etsacraa
1075 1558 1485 1612 communionis
1536 1558 1794 1613 viaticum
1829 1558 1897 1612 ab
1952 1559 2071 1628 ipso

454 1651 774 1721 expetierat,
832 1665 934 1705 nec
982 1649 1276 1719 impetrare
1335 1649 1601 1704 valuerat.
1633 1652 1862 1721 Insuper
1891 1658 1946 1705 et
1970 1667 2066 1705 se-
2096 1691 2143 1757 Β

457 1741 692 1810 pultume
723 1737 1059 1792 beneficium
1083 1737 1321 1793 fueratei
1347 1739 1701 1812 denegatum,
1721 1745 1776 1793 et
1807 1739 1950 1793 orari
1972 1755 2068 1809 pro
2099 1737 2120 1757 "

454 1845 522 1883 eo
552 1827 906 1898 prohibitum.
940 1827 1238 1882 Succenset
1295 1842 1426 1898 ergo
1459 1827 1717 1881 eumdem
1750 1829 2066 1899 praesulem,

457 1921 686 1974 horrens
717 1937 812 1975 cur
840 1920 919 1975 sic
965 1920 1199 1975 voluerit
1256 1933 1444 1991 agere,
1503 1934 1626 1972 cum
1656 1918 1823 1973 sciret
1861 1919 2068 1989 Optime

455 2009 605 2079 quod
652 2010 950 2064 auctoritas
997 2025 1152 2063 sacra
1202 2008 1272 2061 de
1329 2023 1439 2063 non
1482 2007 1735 2080 neganda
1778 2007 1834 2061 in
1864 2007 2068 2062 ultimis

453 2103 704 2158 statuerit
731 2103 1086 2173 pmnitentia;
1115 2101 1453 2173 adhibetque
1473 2101 2068 2158 nonnullasanctorum

452 2195 670 2249 Patrum
713 2211 882 2266 super
913 2195 1017 2249 hac
1073 2210 1131 2249 re
1180 2193 1512 2258 testimonia,
1545 2209 1778 2248 monens
1801 2203 1859 2248 ut
1885 2192 2072 2248 consi-

453 2286 647 2342 derato
676 2285 956 2342 communi
1010 2284 1278 2356 periculo,
1324 2283 1573 2338 imitetur
1629 2284 1937 2340 communis
1967 2285 2072 2340 Do-

452 2377 589 2432 mini
624 2378 904 2448 pietatem,
935 2387 990 2431 et
1014 2377 1141 2431 huic
1160 2377 1436 2447 peccatori
1468 2377 1773 2431 remedium
1799 2379 2073 2448 paeniten-

452 2473 541 2530 tiae
593 2474 646 2527 in
689 2473 899 2528 ultimis
931 2473 1226 2543 deprecato
1274 2473 1558 2543 impendat
1609 2472 2069 2540 misericordiam,

453 2571 588 2618 utet
617 2564 760 2618 orari
794 2579 893 2634 pro
926 2579 994 2618 eo
1026 2561 1206 2622 faciat,
1240 2570 1293 2616 et
1326 2578 1425 2633 per
1462 2561 1712 2632 seipsum
1743 2563 2070 2618 reconcilia-

456 2653 688 2722 tionem,
719 2655 1030 2726 animaeque
1047 2654 1582 2709 commendationem
1598 2669 1748 2708 more
1762 2653 2070 2712 Christiano

452 2745 768 2818 persolvat;
797 2759 1039 2814 eumque
1094 2742 1162 2797 de
1213 2741 1334 2798 loco
1400 2742 1588 2812 pervio
1623 2742 1676 2796 in
1709 2759 1819 2814 quo
1849 2758 1960 2798 non
1982 2760 2070 2799 se-

454 2833 644 2905 pullus
668 2833 766 2887 sed
796 2833 1074 2902 projectus
1103 2839 1241 2894 erat,
1295 2831 1367 2885 ad
1406 2831 1786 2886 cremeterium
1820 2830 2067 2886 fidelium

455 2923 765 2980 transferat.
808 2924 935 2977 Item
971 2938 1069 2993 pro
1111 2922 1213 2977 hac
1240 2921 1434 2977 eadem
1490 2936 1675 2988 causa,
1707 2923 1991 2992 postulans
2016 2931 2072 2977 et

457 3012 737 3069 adhibens
766 3012 1080 3082 exemplum
1094 3011 1240 3066 beati
1271 3011 1520 3086 Gregorii
1553 3012 1612 3082 (Ι.
1638 3027 1689 3066 ιν
1711 3015 1882 3079 Dial.,
1908 3029 1956 3067 ρ.
1979 3013 2070 3080 55)

455 3106 527 3161 de
562 3104 804 3176 quodam
836 3103 1128 3170 monacho,
1157 3119 1322 3174 quem
1358 3104 1596 3172 jusserat
1637 3118 1740 3158 nec
1771 3104 2071 3173 sepulturae

457 3197 736 3254 communi
770 3195 932 3262 tradi,
965 3212 1071 3250 nec
1097 3194 1446 3250 orationibus
1463 3195 1736 3264 adjuvari,
1782 3203 1902 3265 post
1934 3195 2072 3269 legi-

458 3290 649 3345 timum
686 3289 798 3360 [ms
835 3305 905 3352 c.,
939 3287 1184 3362 longum]
1211 3287 1447 3358 spatium
1473 3287 1978 3343 reconciliationem
2000 3288 2076 3342 ei-

457 3379 584 3433 dem
642 3378 904 3450 przecepit
946 3377 1192 3448 impendi
1249 3395 1263 3442 ;
1324 3377 1642 3454 adsciscans
1706 3377 1870 3432 etiam
1940 3377 2073 3431 illud

455 3465 838 3542 evangelicum
870 3485 886 3522 :
918 3467 1049 3538 quia
1075 3467 1244 3522 Filius
1276 3467 1515 3522 hominis
1541 3467 1691 3522 venit
1721 3483 1990 3537 quaerere,
2021 3473 2076 3521 et

452 3557 663 3611 salvum
694 3555 878 3611 facere
903 3555 1051 3627 quod
1103 3555 1344 3626 perierat
1393 3557 1539 3623 (Luc.
1593 3555 1724 3624 χιχ).
1758 3554 1865 3608 Sed
1897 3561 1951 3608 et
1979 3554 2075 3607 Ni-

453 3643 592 3700 caeni
620 3645 842 3700 concilii
909 3645 1053 3716 (cap,
1116 3645 1201 3711 l3,
1257 3645 1332 3698 al.
1392 3645 1476 3712 12)
1523 3643 1920 3706 testimonium,
1963 3659 2073 3714 quo

453 3733 790 3806 generaliter
803 3732 1034 3789 cuilibet
1064 3734 1120 3787 in
1157 3734 1309 3788 exitu
1349 3734 1551 3805 posito,
1578 3743 1634 3788 et
1664 3733 1915 3804 poscenti
1947 3750 2070 3808 gra-

457 3827 585 3882 tiam
606 3828 1014 3884 communionis
1043 3827 1212 3882 tribui
1253 3827 1590 3899 praecipitur.

533 3919 689 3976 Petro
716 3921 935 3976 cuidam
975 3921 1221 3976 Romano
1247 3919 1438 3975 scribit
1469 3917 1963 3990 cpiscopo,prohis
2002 3917 2072 3972 de

459 4014 664 4085 quibus
691 4011 1010 4069 Formosum
1070 4028 1268 4082 papam
1330 4011 1684 4065 consuluerat
1709 4025 1878 4080 super
1917 4009 2072 4064 fleri-

429 4115 431 4117 ’
460 4107 644 4161 nando
675 4106 970 4162 Morinensi
1001 4105 1281 4175 episcopo.
1307 4120 1474 4174 quem
1497 4103 1863 4158 Catalaunica:
1894 4103 2074 4172 praefi-

458 4213 584 4252 cere
621 4197 959 4251 decernebat
999 4194 1553 4263 V'iduataalEcclesiae,
1584 4194 1832 4265 petitque
1853 4204 1914 4249 ut
1941 4211 2074 4270 sug-

457 4295 612 4362 gerat
638 4303 793 4358 papaa
813 4304 914 4359 pro
944 4288 1047 4342 hoc
1074 4303 1174 4342 suo
1199 4287 1472 4353 consultu,
1507 4293 1782 4360 quatenus
1822 4294 2068 4356 Optatum

456 4391 624 4446 super
648 4391 714 4431 eo
743 4376 904 4431 citius
925 4374 1161 4446 adipisci
1194 4383 1468 4430 mereatur
1499 4390 1826 4446 responsum
1863 4392 1875 4428 :
1913 4391 2068 4430 com-

459 4479 774 4518 memorans
803 4465 951 4535 quod
980 4473 1197 4538 gestum
1239 4463 1621 4518 reminiscatur
1649 4479 1814 4534 super
1838 4464 2072 4521 Actardo

462 4556 793 4612 Namnetica:
833 4557 988 4612 urbis
1014 4557 1298 4629 episcopo,
1330 4559 1480 4629 quod
1512 4573 1640 4612 eum
1665 4557 1919 4613 Nicolaus
1932 4574 2074 4629 papa

441 4651 758 4706 ‘Morinensi
781 4651 1034 4708 Ecclesiae
1075 4662 1266 4722 postea
1318 4652 1602 4708 censuerit
1631 4651 2071 4722 praeficiendum,

459 4759 524 4798 ac
540 4744 762 4799 demum
805 4745 859 4799 in
901 4744 1378 4816 archiepiscOpatu
1417 4745 1862 4800 sedis'l‘uronicte
1882 4745 2069 4800 decre-

458 4836 596 4890 verit
625 4835 1101 4891 incardinandum.
1137 4836 1398 4891 Precatur
1425 4837 1592 4891 etiam
1615 4843 1672 4890 ut
1701 4837 1958 4893 idoneam
1971 4853 2066 4892 su-

457 4947 558 5002 per
583 4932 688 4987 hoc
715 4931 969 5001 exquirat
986 4932 1392 4999 auctoritatem,
1422 4939 1808 5004 repertamque
1832 4932 1939 4988 sibi
1963 4932 2066 4988 de-

457 5024 1068 5095 stinetexsequendam.
1109 5025 1384 5080 Honorato
1407 5025 1820 5081 Belvacensium
1849 5029 2067 5097 praesuli

453 5117 670 5183 scribit,
696 5115 892 5171 asserit
918 5133 978 5171 se
1011 5117 1194 5171 mirari
1235 5117 1744 5184 vehementissime,
1788 5120 2068 5190 quomodo

462 5207 515 5262 id
548 5207 790 5278 potuerit
817 5207 1239 5280 contingere,ut
1262 5206 1481 5262 animus
1512 5207 1683 5278 ipsius
1710 5216 1814 5264 tam
1848 5216 2070 5265 contra-

457 5309 578 5356 ctus
605 5301 944 5357 etadversus
1002 5301 1109 5355 sibi
1167 5302 1445 5369 existeret,
1505 5319 1629 5358 cum
1683 5305 1849 5360 sciret
1889 5304 2069 5375 qualis

459 5409 591 5464 erga
617 5408 742 5448 eum
777 5391 964 5459 fuerit,
997 5401 1053 5448 et
1080 5393 1313 5464 qualiter
1355 5410 1481 5449 eum
1513 5394 1634 5450 loco
1673 5394 1854 5450 fratris
1876 5411 1940 5450 ac
1969 5395 2068 5449 filii

460 5498 684 5554 semper
714 5481 990 5551 habuerit,
1057 5481 1319 5554 qualique
1373 5481 1591 5550 affectu,
1624 5493 1683 5538 ut
1713 5485 1779 5539 ad
1811 5485 2069 5540 eumdem

463 5580 730 5635 honorem
769 5577 1104 5649 perveniret,
1155 5577 1541 5633 decertavcrit.
1587 5578 1696 5633 Nec
1729 5588 1912 5633 tamen
1944 5579 2069 5634 ideo

465 5672 764 5743 desperare
795 5671 1020 5739 debeat,
1039 5672 1136 5728 sed
1160 5671 1488 5744 quantocius
1515 5673 1583 5727 ad
1607 5689 1796 5744 pacem
1829 5680 1885 5727 et
1933 5689 2069 5728 con-

2171 477 2429 540 tanquam
2461 468 2639 523 filium
2667 469 3071 536 charissimum,
3103 470 3282 524 redire
3313 469 3378 523 ad
3403 469 3792 538 semetipsum,

2171 569 2226 616 et
2263 561 2508 634 cogitare
2529 561 2688 629 cujus
2717 560 2786 614 sit
2832 559 3064 618 ordinis,
3095 558 3365 628 cujusque
3398 556 3794 628 professionis,

2171 655 2591 727 perpendatque
2621 655 2770 726 quod
2802 655 2856 708 in
2890 654 3042 708 nullo
3072 652 3140 707 ab
3175 652 3296 723 ipso
3327 651 3490 707 lassus
3508 651 3798 714 cxistat,et

2169 749 2214 804 si
2247 747 2511 818 possibile
2541 747 2634 813 sit,
2655 745 2724 802 ad
2747 762 2807 800 se
2836 746 3041 812 veniat,
3074 752 3350 816 quatenus
3381 744 3450 798 de
3490 743 3797 799 hiscollato

2170 849 2428 891 sermone
2457 835 2658 891 melius
2684 833 2972 890 conferant
3045 834 3100 888 Si
3131 849 3264 888 vero
3322 832 3374 887 id
3407 831 3530 887 ﬁeri
3571 832 3796 902 nequit,

2170 927 2465 999 quemdam
2499 925 2823 980 familiarem
2882 924 2987 980 sibi
3047 925 3268 998 dirigat,
3303 940 3399 994 per
3463 939 3639 994 quem
3672 939 3797 994 quae

2170 1018 2277 1074 fert
2303 1018 2712 1073 animuseidem
2741 1009 3065 1073 remanda're
3095 1018 3294 1071 valeat.
3333 1014 3596 1071 Notificat
3624 1014 3796 1069 etiam

2169 1124 2230 1164 se
2257 1109 2477 1163 audisse
2499 1107 2753 1179 quaedam
2785 1107 2855 1160 de
2877 1107 3018 1176 ipso,
3050 1121 3174 1176 quae
3216 1119 3326 1159 non
3357 1103 3524 1159 facile
3560 1103 3798 1158 credere

2173 1197 2433 1268 potuerit,
2464 1198 2674 1252 scilicet
2733 1197 2881 1268 quod
2947 1196 3154 1266 rapinis
3221 1195 3524 1260 insisteret,
3582 1195 3799 1249 alienas

2172 1289 2560 1360 possessiones
2588 1289 2892 1354 invaderet,
2944 1297 2998 1342 ct
3047 1286 3312 1358 pecunias
3340 1285 3614 1356 diriperet
3642 1302 3661 1342 :
3693 1301 3796 1341 no-

2173 1381 2539 1453 minatimque
2561 1381 2819 1455 designat
2859 1381 3179 1436 Rotbertum
3231 1379 3530 1451 quemdam
3561 1378 3717 1448 apud
3735 1394 3796 1432 se

2174 1471 2341 1526 fuisse
2374 1480 2764 1542 conquestum,
2825 1470 2976 1541 quod
3033 1469 3290 1524 universa
3325 1468 3560 1523 mobilia
3584 1484 3690 1523 sua
3731 1483 3798 1522 ea

2174 1563 2486 1618 abstulerit.
2531 1586 2555 1609 ε
2585 1562 2697 1636 Ego
2741 1569 2948 1626 autem,
3002 1559 3204 1632 inquit,
3261 1575 3369 1616 non
3399 1561 3504 1615 hoc
3533 1560 3606 1614 de
3632 1559 3798 1615 vobis

2173 1653 2401 1707 credere
2424 1667 2673 1724 possum,
2713 1653 2811 1708 sed
2843 1659 2974 1722 puto
3027 1666 3150 1705 esse
3204 1650 3466 1722 aliquem,
3499 1649 3799 1720 quivestra

2173 1744 2350 1816 gratia
2373 1751 2427 1797 et
2455 1744 2778 1800 auctoritate
2807 1743 2993 1809 fretus,
3028 1743 3145 1796 haec
3165 1757 3327 1813 agerc
3349 1740 3795 1813 praesumpserit,

2169 1842 2226 1890 et
2291 1834 2497 1890 idcirco
2552 1835 2712 1890 vobis
2767 1834 3057 1889 ascribitur
3087 1833 3234 1904 quod
3300 1831 3373 1888 ab
3401 1831 3512 1886 alio
3571 1839 3795 1904 gestum

2171 1934 2272 1982 est.
2325 1927 2378 1980 Si
2427 1942 2558 2001 ergo
2607 1943 2636 1980 a
2687 1942 3017 1998 quocunque
3073 1933 3259 1980 vestro
3310 1925 3366 1977 id
3414 1922 3621 1979 factum
3684 1932 3794 1988 est,

2171 2017 2405 2072 obsecro
2471 2023 2532 2070 ut
2574 2024 2853 2071 auctorem
2917 2016 3080 2084 hujus
3124 2015 3253 2070 mali
3305 2014 3472 2089 digne
3518 2027 3793 2070 coercea-

2171 2109 2264 2174 tis,
2290 2116 2344 2164 et
2373 2109 2633 2163 damnum
2703 2123 2868 2164 omne
2925 2109 3220 2162 emendare
3271 2106 3532 2175 jubeatia.
3590 2106 3646 2160 Si
3682 2121 3794 2160 au-

2175 2202 2284 2252 tem
2312 2213 2501 2252 verum
2543 2204 2646 2263 est,
2679 2197 2825 2268 quod
2854 2211 2950 2252 vos
2999 2197 3104 2266 ipsi
3159 2197 3266 2252 hoc
3302 2193 3551 2271 egeritis,
3594 2209 3798 2265 precor

2174 2291 2294 2340 uta
2336 2285 2430 2340 tali
2482 2286 2787 2341 intentione
2833 2285 3098 2340 desinatis
3159 2292 3212 2339 et
3267 2284 3317 2339 ei
3371 2282 3465 2356 qui
3521 2282 3797 2338 damnum

2176 2395 2370 2450 passus
2393 2386 2494 2442 est,
2554 2394 2652 2433 sua
2701 2395 2766 2433 ex
2814 2379 3028 2452 integro
3089 2377 3299 2432 restitui
3330 2376 3560 2432 faciatis.
3599 2395 3624 2424 υ
3665 2376 3799 2429 item

2177 2470 2514 2543 redarguens
2531 2486 2656 2524 eum
2682 2471 2750 2524 de
2781 2468 3084 2534 nonnullis,
3116 2467 3318 2539 quaead
3339 2483 3401 2522 se
3418 2481 3531 2521 non
3554 2465 3801 2536 simplici

2176 2560 2520 2630 professione
2550 2561 2837 2630 scripsisse
2867 2557 3338 2630 videbatur,quasi
3355 2557 3599 2612 domnus
3629 2555 3804 2610 Fulco

2174 2667 2362 2721 pacem
2419 2658 2473 2706 et
2510 2652 2860 2706 concordiam
2925 2649 3318 2721 perturbasset.
3374 2645 3803 2721 Significaverat

2173 2742 2336 2798 etiam
2359 2760 2390 2798 a
2412 2743 2593 2814 pravis
2621 2742 2953 2813 quibusdam
2987 2757 3142 2796 suam
3178 2738 3360 2794 vexari
3389 2736 3720 2801 Ecclesiam,
3745 2742 3802 2791 et

2171 2852 2336 2907 super
2357 2837 2462 2891 hac
2491 2853 2550 2891 re
2580 2836 2789 2890 nullum
2823 2835 2890 2889 ad
2922 2835 3028 2888 hoc
3055 2832 3474 2902 archiepiscopo
3505 2836 3798 2901 petentem

2173 2945 2233 2984 se
2255 2930 2564 3001 suscepisse
2580 2943 2907 2999 responsum
2963 2926 3117 2980 Unde
3131 2923 3424 2979 revocatad
3439 2923 3798 2986 memoriam,

2175 3022 2308 3093 quia
2330 3029 2575 3093 precatu,
2609 3037 2770 3092 quam
2805 3017 3104 3090 praeceptio
3129 3016 3274 3097 apud
3324 3015 3505 3084 ipsum
3539 3015 3805 3068 maluerit

2131 3096 2153 3119 λ
2176 3115 2429 3169 obtinere
2463 3113 2569 3168 illis
2590 3111 2910 3168 hominibus
2928 3096 3423 3165 induciasinterim
3438 3107 3805 3178 dari,quous-

2175 3221 2284 3276 que
2316 3203 2480 3258 simul
2512 3202 2815 3274 quivissent
2847 3200 2950 3271 ipsi
2984 3199 3245 3270 praesules
3263 3196 3428 3268 loqui.
3455 3197 3530 3250 De
3553 3195 3801 3268 quodam

2176 3310 2399 3368 quoque
2432 3293 2788 3359 Alcdramno,
2819 3305 2984 3361 quem
3017 3298 3150 3342 tunc
3177 3285 3662 3341 excommunicare
3694 3285 3801 3338 mi-

2178 3384 2430 3446 nabatur,
2471 3391 2527 3436 et
2571 3380 2991 3451 archiepiscopo
3045 3394 3199 3433 suam
3230 3376 3458 3447 exsequi
3498 3390 3798 3431 censuram

2179 3473 2484 3544 praecipere
2511 3470 2804 3525 videbatur
2837 3487 2850 3526 :
2890 3469 3194 3540 asseritque
3214 3484 3274 3522 se
3302 3482 3588 3539 nunquam
3622 3467 3800 3520 desti-

2176 3577 2341 3616 nasse
2366 3561 2757 3616 communibus
2797 3566 2854 3614 ct
2899 3558 3114 3614 collatis
3143 3557 3619 3627 ,cocpiscoporum
3654 3572 3801 3626 prae-

2176 3655 2525 3728 ceptionibus
2553 3669 2617 3708 ac
2673 3649 3129 3726 suggestionibus
3161 3664 3268 3703 non
3321 3663 3515 3719 parere
3549 3665 3565 3711 ς
3596 3648 3796 3703 Belva-

2175 3746 2326 3801 censi
2350 3752 2534 3798 tamen
2564 3741 2822 3797 Ecclesiae
2851 3738 3204 3813 singulariter
3233 3737 3472 3792 Ecclesia
3505 3737 3800 3792 Remensis

2177 3853 2370 3909 parere
2393 3835 2650 3891 nesciret.
2687 3833 2748 3888 Et
2799 3832 2928 3904 quia
2959 3832 3013 3885 in
3065 3831 3167 3885 hac
3219 3830 3800 3887 excommunicatione

2175 3946 2286 3986 non
2309 3925 2679 3984 ecclesiastica
2734 3925 2922 3998 vigere
2971 3938 3226 3988 censura,
3253 3923 3347 3977 sed
3376 3937 3624 3996 praeceps
3652 3937 3798 3992 pra:—

2173 4022 2356 4077 valere
2386 4018 2715 4076 cernebatur
2732 4015 3071 4072 animositas.
3107 4015 3273 4083 Cujus
3325 4016 3400 4068 rei
3423 4021 3542 4069 erat
3571 4013 3797 4069 initium

2175 4115 2418 4171 descrtio
2449 4113 2598 4186 regis
2629 4111 2852 4174 Odonis,
2887 4117 2943 4164 et
2973 4109 3244 4163 institutio
3275 4108 3473 4162 Caroli.
3507 4109 3798 4162 Annectit-

2173 4223 2280 4279 que
2307 4215 2434 4279 post
2464 4205 2766 4275 aliquanta,
2797 4203 2866 4257 de
2897 4201 3215 4255 viduatione
3247 4199 3637 4254 Ecclesiarum.
3686 4200 3798 4254 Sil-

2170 4299 2518 4356 vanectensis
2546 4297 2806 4352 videlicet
2859 4303 3023 4368 atque
3075 4295 3506 4360 Catalaunensis,
3550 4311 3794 4365 quarum

2093 4421 2151 4489 D
2175 4393 2599 4451 Silvanectensis
2627 4400 2760 4446 tunc
2804 4390 3046 4462 elegerat
3071 4387 3376 4486 Otfredum,
3406 4403 3692 4486 quemque
3724 4389 3794 4442 ad

2178 4486 2503 4540 Remensem
2528 4481 2815 4552 praesulem
2870 4477 3486 4550 perduxerant,sibique
3511 4477 3798 4547 petierant

2174 4576 2541 4634 ordinandum
2575 4571 2914 4646 pontificem.
2942 4570 3016 4623 Ad
3049 4586 3210 4640 quam
3237 4570 3372 4638 petit
3393 4569 3536 4623 hanc
3563 4570 3798 4624 ordina-

2173 4675 2381 4729 tionem
2411 4671 2619 4734 venire,
2655 4676 2886 4729 remota,
2911 4675 2979 4719 ut
3007 4662 3448 4730 canonicajubet
3469 4664 3799 4728 auctoritas,

2173 4763 2323 4818 omni
2355 4759 2727 4817 excusatione.
2779 4753 3076 4827 Subjungit
3125 4768 3346 4824 quoque
3415 4766 3654 4805 monens
3730 4767 3798 4806 ne

2168 4855 2420 4912 intendat
2446 4854 2567 4920 ejus
2589 4853 2806 4906 animus
2832 4851 3035 4906 haecita
3053 4849 3222 4914 dicta,
3246 4854 3503 4919 tanquam
3529 4846 3797 4900 eumdem

2167 4962 2278 5001 non
2319 4945 2480 5000 liceat
2509 4944 2829 5014 episcopum
2862 4942 3003 4995 ultra
3032 4941 3086 4994 in
3138 4939 3313 5009 ipsius
3341 4951 3566 5008 sperare
3596 4935 3796 4991 amici-

2169 5036 2323 5097 tiam,
2355 5049 2518 5105 quam
2549 5033 2654 5087 sibi
2696 5038 2886 5085 mutuo
2935 5029 3354 5096 conjunxerant,
3389 5042 3678 5098 quamque
3711 5027 3798 5080 in-

2171 5125 2488 5182 convulsam
2513 5123 2664 5177 omni
2703 5129 2950 5191 tempore
2990 5119 3440 5189 archiepiscOpus
3472 5125 3674 5170 tenere
3697 5134 3784 5172 cu-

2174 5217 2380 5288 piebat,
2412 5221 2467 5270 et
2489 5215 2554 5268 ad
2592 5214 2860 5269 honorem
2900 5226 3012 5266 suae
3063 5209 3233 5273 sedis,
3264 5209 3456 5264 sedem
3481 5207 3664 5277 ipsius
3693 5210 3797 5262 ho-

2172 5327 2369 5368 norare
2399 5325 2464 5364 ac
2489 5307 2789 5364 sublimare
2849 5303 3221 5360 desiderabat.
3257 5303 3362 5357 Sed
3395 5301 3527 5374 quia
3555 5318 3619 5356 se
3652 5318 3796 5359 mor-

2171 5405 2292 5460 daci
2315 5401 2750 5474 reprehensione
2799 5400 3008 5454 viderat
3041 5397 3160 5466 ejus
3193 5397 3430 5451 latenter
3457 5394 3683 5449 corrodi
3709 5395 3796 5449 lit-

2171 5493 2325 5556 teris,
2357 5498 2558 5546 atanta
2601 5488 2958 5559 subreptione
3015 5501 3073 5540 se
3121 5483 3360 5540 voluerit
3415 5483 3794 5538 excusabilem

2175 5580 2427 5646 reddere,
2461 5597 2531 5635 ne
2561 5579 2843 5633 videretur
2859 5578 2912 5631 in
2929 5577 3029 5631 hoc
3051 5574 3331 5630 eisilendo
3354 5572 3792 5626 assentire.ltem

2171 5686 2270 5743 pro
2299 5669 2652 5726 ordinatione
2705 5667 3006 5724 Mancionis
3060 5661 3473 5720 Catalaunensis
3511 5660 3789 5731 episcOpi,
