4010 6162
247 307 328 360 235
839 301 1164 357 HISTORIA-3
1203 303 1536 358 ECCLESIIE
1576 303 1908 359 REMENSIS
1950 301 2128 356 LIBRI
2167 297 2497 363 QUATUOR.
2529 327 2598 336 —
2639 295 2764 348 LIB.
2797 293 2881 347 IV.

3427 287 3530 342 286

244 440 296 493 ad
329 449 466 506 quam
498 432 754 487 eumdem
807 433 1140 490 Honoratum
1193 435 1381 490 venire
1414 436 1767 492 mandaverat
1801 453 1815 499 ;
1843 440 1896 508 Α
1920 435 2160 503 rejectus
2187 432 2273 487 vel
2306 431 2650 502 reprobatus,
2675 424 3071 483 consolatorias
3093 422 3279 495 dirigit
3305 421 3530 486 litteras,

247 529 322 584 sed
346 526 423 579 ille
453 539 560 576 non
595 524 846 592 veniens,
882 526 1046 579 etiam
1083 527 1256 596 ipsam
1280 526 1684 582 ordinationem
1724 542 1816 581 re-

247 614 588 689 prehensionis
608 615 790 686 elogio
812 622 1062 669 notarat:
1097 631 1259 686 quam
1295 625 1474 670 tamen
1507 616 1817 686 reprehen-

245 712 416 765 sionem
470 707 923 778 archiepiscopus
981 709 1262 763 charitatis
1321 709 1502 764 studio
1552 709 1824 781 patienter

245 799 436 863 ferebat,
493 798 764 852 mandans
811 805 864 852 et
895 814 1151 868 poscens,
1194 806 1251 853 ut
1302 799 1372 853 ad
1417 800 1820 854 ordinationem

247 886 474 960 pnemissi
509 886 705 940 Otfridi
741 901 1001 941 occurere
1033 887 1270 953 studeat,
1305 894 1408 941 etc.
1440 889 1573 942 Item
1602 904 1702 959 pro
1731 888 1820 944 lit—

243 977 350 1033 teris
370 975 430 1030 ab
463 990 528 1029 eo
570 974 678 1029 sibi
705 975 949 1041 directis,
1002 975 1056 1029 in
1086 975 1288 1047 quibus
1318 976 1566 1032 hortatus
1623 976 1820 1043 fuerat,

243 1074 286 1120 ut
310 1063 477 1129 statui,
513 1073 566 1118 et
616 1063 869 1136 religioni
902 1073 1104 1118 sancta
1147 1063 1404 1119 Ecclesia
1435 1065 1670 1120 labentis
1698 1082 1820 1120 suc-

239 1169 422 1209 currere
463 1152 710 1206 deberet.
759 1151 914 1206 Unde
944 1151 1241 1224 gratiarum
1281 1160 1406 1208 vota
1436 1153 1546 1208 Deo
1583 1169 1644 1208 se
1693 1169 1825 1224 per-

241 1246 419 1300 solvere
457 1243 815 1314 archiprasul
856 1242 1071 1309 asserit,
1100 1244 1194 1315 qui
1226 1244 1294 1298 ad
1348 1245 1451 1299 hoc
1479 1245 1823 1300 suadendum

240 1337 338 1405 ejus
362 1333 675 1387 excitaverit
694 1333 962 1396 animum,
987 1349 1109 1387 cum
1135 1332 1348 1403 priores
1380 1333 1554 1404 ipsius
1575 1335 1824 1406 episc0pi

241 1425 452 1496 epistola
497 1423 768 1478 tumidum
840 1423 1161 1478 viderentur
1212 1423 1445 1494 pra-fere
1487 1440 1822 1481 rancorem:

242 1517 337 1568 haec
383 1528 504 1566 vero
561 1520 674 1567 tota
734 1512 1034 1566 fraternum
1103 1520 1394 1568 testaretur
1445 1530 1706 1570 amorem.
1769 1515 1824 1569 Si

242 1622 346 1661 vero
383 1607 525 1678 quod
569 1606 739 1660 verba
770 1605 1127 1673 resonabant,
1185 1607 1494 1662 I‘lonoratus
1523 1607 1688 1664 corde
1743 1618 1824 1664 te-

242 1707 388 1763 neret,
417 1707 667 1768 paratum
725 1714 785 1752 se
819 1697 954 1752 dicit
1007 1698 1127 1766 ejus
1158 1699 1406 1753 charitati
1460 1699 1820 1770 respondere,

240 1805 440 1860 eamque
494 1787 892 1842 inviolabiliter
945 1805 1298 1844 conservare.
1359 1790 1466 1844 Sed
1515 1791 1643 1862 quia
1697 1797 1828 1844 tunc

237 1889 579 1952 Oppertunum
623 1888 864 1952 tempus,
895 1897 1007 1953 quo
1035 1881 1196 1936 simul
1229 1880 1526 1936 convenire
1556 1880 1825 1946 valerent,

239 1990 329 2029 non
356 1973 662 2039 videbatur,
713 1989 838 2028 cum
879 1973 1115 2028 Domino
1145 1973 1394 2041 juvante,
1429 1980 1648 2044 tempus
1687 1972 1828 2026 arri-

236 2067 391 2132 sisset,
463 2066 516 2120 id
568 2073 952 2136 competenter
1026 2073 1134 2119 tam
1195 2065 1324 2136 ipsi,
1401 2081 1563 2136 quam
1613 2063 1826 2119 cateris

233 2159 568 2234 suffraganeis
602 2160 975 2231 pranuntiare
1007 2168 1240 2214 curaret.
1285 2161 1416 2214 Item
1445 2175 1544 2231 pro
1571 2159 1824 2228 jussione

233 2253 462 2322 Stephani
498 2269 683 2323 papa,
739 2252 870 2324 quia
919 2252 1271 2305 mandaverat
1329 2251 1532 2306 domno
1574 2249 1824 2313 Fulconi,

231 2346 334 2398 data
361 2344 542 2398 eidem
576 2344 800 2399 licentia
851 2344 1094 2408 interim,
1127 2353 1185 2398 ut
1225 2343 1476 2413 petierat,
1512 2342 1824 2396 remorandi

231 2444 474 2506 quatenus
506 2437 662 2491 hunc
689 2436 1025 2491 Honoratum
1056 2435 1401 2506 episcopum,
1435 2442 1601 2506 atque
1632 2434 1829 2489 Rodul-

230 2524 323 2578 fum
365 2526 786 2579 Laudunensem
823 2525 1138 2579 Ravennam
1174 2525 1417 2578 mitteret
1455 2523 1523 2577 ad
1553 2524 1824 2594 synodum

228 2615 408 2670 ibidem
446 2615 842 2670 celebrandam
927 2615 1080 2669 Unde
1121 2621 1328 2681 monet,
1382 2621 1440 2668 ut
1488 2613 1630 2668 sicut
1688 2630 1828 2684 papa

224 2705 380 2771 jubet,
430 2705 559 2772 ejus
627 2703 987 2776 praceptioni
1055 2704 1423 2773 obtemperet.
1484 2702 1827 2757 Teuthbaldo

233 2791 541 2864 Lingonensi
591 2793 856 2863 episc0po
909 2791 1230 2847 amicabiles
1255 2800 1309 2870 et
1339 2791 1621 2846 charitatis
1652 2791 1830 2846 utrin-

229 2905 320 2959 que
348 2889 757 2956 conjunctrices
791 2887 932 2958 [ms.,
967 2886 1379 2957 continetrices]
1410 2885 1596 2960 dirigit
1621 2886 1829 2940 litteras

232 2979 527 3054 signiﬁcans
561 2981 629 3034 de
661 2979 889 3051 privatis
919 2979 1062 3032 inter
1087 2994 1147 3032 se
1171 2977 1356 3045 rebus,
1388 2994 1526 3050 quas
1556 2978 1603 3032 ei
1635 2978 1830 3032 Teuth-

229 3074 404 3129 baldus
433 3092 532 3146 per
565 3092 725 3129 suum
760 3072 1168 3147 significaverat
1208 3073 1460 3134 missum,
1493 3080 1547 3127 et
1575 3072 1642 3126 de
1673 3088 1829 3127 com-

1919 525 2238 590 amicitiam,
2272 539 2435 593 quam
2475 520 2525 575 ei
2561 518 2907 590 promiserat,
2938 530 3194 570 asserens
3223 529 3286 566 se
3335 527 3532 583 perpe-

1921 623 2015 670 tuo
2047 621 2407 669 servaturum.
2456 611 2660 665 Dolens
2690 624 2819 663 vero
2849 615 2903 662 et
2960 605 3354 678 ingemiscens,
3387 603 3534 673 quod

1923 723 2069 772 eum,
2103 721 2264 777 quem
2297 702 2646 774 praelectum
2685 698 2940 770 regimini
2972 696 3248 770 gaudebat
3279 692 3535 749 Ecclesia

1922 795 2028 850 hoc
2055 794 2275 849 videbat
2302 800 2432 848 tunc
2452 790 2650 846 effectu
2674 787 3026 842 frustratum:
3058 785 3303 839 hortatur
3328 789 3534 846 tamen,

1923 895 1984 942 ut
2022 887 2151 941 licet
2181 885 2353 940 elisus
2378 884 2448 939 sit
2478 881 2691 938 fortiter
2727 877 2963 932 validius
2992 881 3259 944 resurgat,
3305 873 3537 944 cupiens

1923 979 2105 1034 eidem
2134 994 2328 1033 omnes
2362 975 2708 1048 pr0pinquos
2737 980 2791 1026 et
2825 969 3031 1024 amicos
3060 981 3210 1030 suos,
3239 964 3323 1019 vel
3368 979 3532 1036 quos-

1924 1087 2144 1143 cunque
2170 1071 2310 1125 alios
2342 1076 2532 1140 posset
2570 1065 2636 1119 ad
2669 1078 2858 1135 pacem
2900 1066 2955 1114 et
2985 1056 3334 1113 concordiam
3377 1070 3537 1110 revo-

1925 1182 2068 1228 care,
2103 1172 2207 1219 etc.
2239 1161 2505 1217 Balduino
2533 1157 2720 1214 comiti
2751 1152 3096 1217 Flandrensi,
3130 1165 3228 1222 pro
3260 1146 3535 1206 admissis.

1927 1256 2126 1328 ipsius,
2159 1255 2228 1309 de
2281 1253 2484 1326 quibus
2517 1267 2640 1307 cum
2681 1244 3030 1319 coepisc0pis
3069 1244 3374 1298 diaceseos
3402 1254 3536 1301 sua,

1927 1366 2049 1421 qua
2082 1347 2263 1403 forent
2313 1345 2525 1420 agenda
2557 1347 2902 1398 tractaverat.
2937 1337 3036 1403 Qui
3070 1333 3370 1390 Balduinus
3400 1331 3542 1384 inter

1925 1438 2034 1493 alia
2058 1437 2322 1510 qualibet
2342 1433 2710 1506 prava,etiam
2741 1429 3123 1500 presbyterum
3153 1422 3539 1498 ﬂagellaverat,

1927 1508 2090 1593 Quod
2112 1525 2314 1581 factum
2349 1524 2536 1596 quanti
2571 1522 2642 1577 sit
2672 1519 2917 1583 sceleris,
2947 1532 3010 1570 ex
3069 1513 3272 1568 divinis
3299 1508 3542 1566 ostendit

1926 1617 2362 1674 auctoritatibus.
2412 1614 2670 1668 Basilicas
2697 1611 2858 1666 etiam
2889 1606 3152 1680 quasdam
3186 1603 3485 1658 abstulerat
3511 1616 3540 1653 a

1927 1705 2265 1777 presbyteris
2290 1703 2426 1758 inibi
2457 1701 2744 1765 ordinatis,
2776 1707 2831 1753 et
2888 1696 3008 1751 aliis
3037 1693 3286 1759 dederat,
3344 1692 3540 1745 incon-

1925 1800 2072 1855 sulto
2095 1799 2336 1870 ipsorum
2355 1796 2638 1867 episcOpo.
2669 1791 3080 1846 Possessionem
3099 1801 3320 1858 quoque
3343 1798 3540 1855 quam-

1928 1889 2076 1954 dam,
2126 1903 2289 1958 quam
2354 1900 2445 1938 rex
2496 1881 2747 1936 Ecclesia
2800 1876 3150 1933 Noviomensi
3220 1872 3541 1934 tradiderat,

1930 1981 2075 2035 idem
2107 1977 2410 2033 Balduinus
2443 1974 2730 2038 invadens,
2772 1987 2870 2042 per
2894 1968 3209 2025 violentiam
3246 1963 3541 2020 retinebat.

1927 2070 2156 2126 Adnecti
2188 2085 2320 2144 ergo
2349 2068 2615 2124 canonica
2663 2075 2717 2120 et
2754 2064 2952 2139 Iegalia
2999 2077 3166 2132 super
3227 2054 3542 2128 hujusmodi

1927 2159 2264 2215 facinoribus
2300 2157 2560 2228 capitula.
2596 2153 2895 2226 Redarguit
2945 2151 3110 2206 etiam
3157 2147 3413 2204 eumdem
3447 2160 3544 2216 pro

1927 2265 1994 2306 eo
2017 2249 2163 2320 quod
2186 2246 2582 2302 monasterium
2608 2243 3004 2298 monachorum
3027 2239 3133 2292 sibi
3161 2239 3544 2306 nsurpaverat,

1925 2347 1981 2392 et
2006 2338 2377 2391 insurrexerat
2405 2340 2594 2388 contra
2627 2347 2810 2404 regem
2841 2345 2966 2383 cum
2997 2325 3320 2380 infidelitate
3337 2332 3390 2376 et
3417 2336 3547 2391 per-

1921 2428 2088 2498 jurio.
2124 2427 2300 2498 Super
2328 2425 2530 2496 quibus
2548 2423 2716 2477 rebus
2736 2422 2849 2490 jam
2881 2419 3090 2474 dudum
3123 2417 3247 2470 data
3274 2413 3380 2469 sibi
3401 2412 3546 2466 dila—

1927 2517 2102 2581 tione,
2136 2522 2191 2569 ct
2228 2512 2479 2568 adhibita
2511 2509 2815 2582 episcOpali
2848 2505 3248 2564 admonitione.
3305 2503 3451 2556 hanc
3476 2501 3544 2554 de

1927 2606 2048 2660 loco
2077 2605 2145 2659 ad
2168 2604 2346 2658 locum
2379 2616 2500 2655 sese
2533 2596 2910 2654 convertendo
2939 2594 3234 2661 videbatur
3261 2588 3542 2646 subterfu-

1928 2713 2079 2773 gere.
2113 2696 2269 2752 Unde
2296 2702 2350 2749 et
2372 2693 2458 2747 his
2487 2709 2612 2747 eum
2645 2689 2842 2744 litteris
2872 2695 3096 2760 paterna
3129 2699 3331 2740 vocans
3360 2682 3546 2736 admo-

1931 2790 2162 2856 nitione,
2197 2790 2444 2843 hortatur
2500 2783 2949 2839 emendationem
2994 2777 3258 2851 profiteri.
3314 2774 3469 2841 Quod
3499 2773 3541 2827 s'.

1930 2900 2040 2939 non
2075 2882 2296 2944 faceret,
2332 2888 2602 2934 extorrem
2630 2891 2689 2930 se
2734 2875 2898 2929 sciret
2941 2889 3066 2927 esse
3088 2889 3118 2925 a
3152 2871 3294 2942 [ms.,
3326 2868 3469 2921 deest
3492 2864 3541 2935 ει]

1931 2970 2233 3024 Christiana
2283 2965 2698 3029 communione,
2732 2973 2836 3018 etc.
2873 2964 3005 3016 Item
3037 2959 3102 3013 ad
3131 2956 3385 3012 eumdem
3420 2969 3544 3008 cum

1930 3057 2276 3130 coepiscopis
2304 3056 2420 3111 suis
2461 3055 2714 3109 scribens
2749 3068 2812 3106 ex
2871 3049 3083 3121 synodo
3137 3045 3323 3100 Remis
3353 3042 3546 3097 habita

228 3167 358 3220 muni
409 3167 692 3239 colloquio
723 3181 934 3231 secum,
988 3166 1057 3220 de
1100 3165 1247 3240 regis
1277 3180 1500 3237 quoque
1550 3171 1605 3218 οι
1656 3163 1828 3234 ipsius
1855 3136 1904 3204 C
1929 3151 2226 3207 Dominica
2257 3146 2654 3203 Incarnationis
2685 3160 2830 3199 anno
2862 3143 2987 3207 892,
3029 3139 3207 3211 arguit
3236 3152 3362 3192 eum
3397 3134 3545 3206 quod

225 3257 534 3311 Tenthbaldi
581 3255 1081 3330 consanguinitate,
1139 3264 1306 3327 atque
1362 3254 1602 3309 amicitia
1650 3254 1828 3325 ipsius

225 3349 444 3419 episcOpi
482 3348 601 3421 regi
641 3347 836 3402 Karolo
869 3356 1042 3422 grata.
1076 3347 1248 3422 Rogat
1275 3347 1438 3402 etiam
1475 3347 1581 3400 sibi
1616 3363 1829 3401 reman-

225 3436 327 3490 dari
341 3438 403 3491 de
436 3437 716 3492 Itichardo
745 3435 1198 3510 Burgundionum
1220 3434 1643 3506 principe,etde
1668 3433 1830 3505 Aqui-

230 3529 371 3594 tanis,
397 3530 543 3601 quod
579 3545 708 3584 eum
742 3527 1035 3598 contigerit
1087 3526 1250 3593 scire,
1284 3535 1390 3581 etc.
1451 3525 1682 3579 Rodulfo
1715 3525 1828 3593 jam

225 3619 340 3674 dicti
368 3621 601 3675 Didonis
633 3619 879 3690 episcopi
912 3617 1244 3682 successori,
1285 3615 1611 3688 gratulando
1639 3615 1705 3668 de
1739 3616 1831 3671 ho-

229 3731 342 3768 nore
364 3716 557 3787 ipsius,
587 3723 644 3769 et
672 3714 921 3785 profectu
958 3713 1010 3766 in
1033 3711 1284 3768 Domino.
1310 3712 1442 3765 Item
1474 3725 1570 3780 pro
1589 3709 1828 3780 quodam

224 3810 380 3878 ipsius
410 3808 636 3865 Rodulfi
670 3808 950 3876 subjecto,
995 3807 1093 3862 sed
1125 3807 1193 3861 ab
1225 3805 1420 3861 eodem
1453 3804 1686 3871 abjecto,
1719 3821 1830 3860 mo-

225 3914 346 3951 nens
364 3899 675 3954 cavendum
703 3914 773 3951 ne
795 3897 1022 3950 ladatur
1048 3895 1102 3948 in
1132 3895 1237 3950 hoc
1264 3893 1597 3964 episcopalis
1619 3892 1827 3962 opinio,

219 3991 331 4044 dum
369 3991 520 4063 quod
554 3991 742 4066 agitur
773 3988 889 4042 zelo
922 3987 1292 4052 rectitudinis,
1324 3985 1530 4040 feratur
1562 3984 1679 4038 fieri
1710 3983 1830 4038 zelo

220 4086 525 4140 exercenda
561 4083 827 4139 ultionis:
889 4081 1134 4136 inferens
1171 4079 1470 4136 Ecclesiam
1503 4079 1829 4134 Remensem

221 4176 309 4232 hoc
324 4196 384 4232 ex
399 4179 640 4250 antiquo
654 4173 1290 4248 privilegiumhabuisse,
1308 4181 1365 4228 ut
1377 4170 1834 4244 quicunquedia-

223 4281 568 4322 cesaneorum
598 4265 853 4337 proprios
893 4263 1188 4334 episcopos
1219 4261 1498 4334 quoslibet
1537 4259 1833 4316 offendisse

223 4375 274 4413 se
327 4363 489 4416 modo
552 4359 885 4424 sensissent,
944 4358 1013 4411 ad
1060 4357 1200 4411 hanc
1246 4363 1562 4411 caterarum
1604 4360 1832 4409 matrem

223 4452 576 4525 confugerent
612 4449 1005 4514 Ecclesiarum,
1038 4447 1301 4502 auxilium
1333 4445 1438 4501 sibi
1471 4445 1648 4500 venia
1675 4443 1830 4518 ﬂagi-

219 4553 381 4599 tantes
407 4546 477 4599 ab
504 4545 650 4616 ipsa.
677 4568 702 4589 κ
738 4545 829 4596 Ast
852 4558 978 4616 ego,
1001 4541 1198 4612 inquit,
1228 4539 1376 4593 nulla
1404 4537 1459 4591 in
1482 4537 1588 4592 hoc
1603 4536 1829 4610 negotio

219 4638 284 4690 uti
325 4640 473 4693 volui
506 4637 842 4693 auctoritate
875 4654 888 4689 :
941 4635 1039 4690 sed
1085 4634 1228 4688 sicut
1269 4632 1480 4686 amicus
1521 4629 1590 4683 ab
1626 4629 1822 4695 amico,

217 4726 313 4784 imo
330 4729 472 4784 sicut
489 4726 857 4798 aspecialiter
883 4724 1084 4778 dilecto
1109 4720 1222 4776 filio
1243 4721 1520 4792 postulare
1545 4735 1559 4781 ;
1589 4733 1655 4772 eo
1679 4717 1826 4789 quod

219 4832 293 4869 me
321 4819 466 4887 apud
526 4833 654 4882 vos,
687 4831 799 4870 non
859 4815 1035 4869 dicam
1083 4811 1314 4883 aliquid,
1348 4826 1408 4864 se
1441 4809 1585 4863 bene
1645 4822 1830 4878 posse,

216 4906 576 4962 confidebam.
621 4928 646 4957 α
673 4905 1028 4979 Subjungens
1053 4917 1273 4973 quoque
1321 4907 1443 4970 post
1467 4898 1670 4970 aliqua,
1703 4895 1833 4968 quia

220 4995 486 5050 miseratio
514 5009 634 5048 non
665 5000 750 5046 est
783 4991 1155 5063 pravaricatio
1184 5006 1196 5043 :
1229 5006 1353 5044 cum
1388 4989 1532 5042 Deus
1562 4985 1831 5057 quotidie,

223 5095 330 5154 post
347 5087 530 5140 minas
559 5085 822 5138 districta
843 5083 1091 5146 ultionis,
1122 5082 1188 5136 ad
1203 5098 1262 5134 se
1295 5079 1577 5134 conversis
1595 5086 1835 5149 paterna

220 5179 562 5233 consueverit
597 5176 921 5245 impendere
940 5174 1147 5228 viscera
1181 5171 1425 5242 pietatis;
1453 5169 1650 5242 etquia
1673 5181 1836 5222 nemo

217 5268 287 5323 sic
316 5287 563 5342 unquam
605 5267 772 5331 cadit,
807 5274 864 5320 ut
893 5265 942 5320 ei
979 5262 1306 5337 resurgendi
1332 5261 1492 5332 cOpia
1511 5261 1711 5315 debeat
1736 5258 1832 5313 de-

220 5358 416 5428 negari’
451 5366 569 5413 ὥθ’
850 5425 1060 5481 CAPUT
1093 5424 1182 5477 vn

279 5522 400 5586 Qua:
429 5517 747 5585 abbatibus,
775 5519 857 5571 vel
896 5515 1203 5571 illustribus
1248 5515 1384 5568 uiris
1416 5510 1761 5583 quibusdam.

275 5624 559 5696 Stephano
596 5623 817 5677 cuidam
850 5622 1037 5678 abbati
1069 5637 1132 5675 ac
1182 5617 1534 5676 nobilissimo
1563 5617 1703 5682 viro,
1738 5615 1830 5686 qui

214 5719 274 5772 ad
303 5721 696 5792 cpiswpatum
722 5719 934 5775 electus
974 5716 1289 5785 videbatur,
1315 5724 1445 5771 tunc
1478 5718 1659 5768 autem
1691 5710 1832 5767 forte

1928 3239 2296 3297 ecclesiastica
2325 3236 2487 3291 simul
2521 3243 2576 3290 et
2628 3234 2826 3308 Iegalia
2851 3233 2975 3301 jura
3023 3231 3424 3289 contemneret,
3459 3239 3549 3276 res

1927 3332 2348 3393 ecclesiasticas,
2383 3338 2437 3383 et
2489 3329 2726 3382 honores
2757 3324 2861 3380 sibi
2897 3339 3008 3377 non
3065 3333 3364 3375 concessus
3393 3317 3550 3369 inva-

1931 3425 2108 3487 deret,
2142 3420 2237 3474 Dei
2260 3420 2509 3473 timerem
2533 3433 2563 3470 a
2584 3431 2642 3470 se
2674 3412 2991 3486 projiciens,
3015 3419 3069 3464 et
3100 3407 3264 3462 ﬁdem
3297 3420 3462 3476 quam
3491 3403 3546 3456 in

1930 3510 2263 3582 baptismate
2281 3509 2390 3562 Deo
2409 3504 2758 3576 promiserat,
2785 3501 3051 3572 Operibus
3063 3496 3347 3558 abdicans,
3368 3491 3548 3547 locum

1931 3602 2070 3658 sacri
2125 3599 2410 3656 monastici
2443 3597 2656 3653 ordinis
2701 3594 3028 3665 pervadens,
3087 3597 3140 3644 et
3193 3584 3409 3642 abbatis
3447 3582 3550 3637 sibi

1932 3707 2136 3747 nomen
2163 3705 2439 3759 usurpans
2490 3687 2645 3741 Unde
2677 3682 2956 3740 communi
2987 3681 3213 3734 decreto
3244 3675 3550 3746 epiSCOpo-

1933 3798 2049 3836 rum
2099 3780 2406 3848 judicatum
2463 3777 2658 3843 fuerat,
2709 3790 2835 3828 eum
2877 3767 3220 3826 auctoritatis
3272 3760 3552 3819 canonica

1929 3871 2278 3926 anathemate
2307 3866 2637 3922 feriendum.
2669 3862 2774 3917 Sed
2807 3860 3066 3932 quoniam
3101 3863 3155 3909 et
3187 3853 3464 3916 Ecclesia,
3497 3857 3553 3904 et

1932 3962 2168 4035 publicis
2221 3959 2372 4031 regni
2440 3955 2766 4011 utilitatibus
2806 3950 3096 4006 videbatur
3135 3942 3550 4007 accommodus,

1933 4068 2167 4109 censura
2188 4048 2546 4121 suspenditur
2566 4047 2748 4102 adhuc
2777 4037 3270 4098 animadversionis
3289 4033 3554 4090 ecclesia-

1933 4144 2102 4211 stica,
2147 4142 2593 4215 recogitandique
2623 4137 2727 4194 sibi
2761 4142 2816 4191 et
2844 4129 3176 4190 emendandi
3206 4125 3440 4198 spatium
3473 4141 3554 4178 re-

1933 4245 2200 4304 servatur,
2225 4243 2280 4292 et
2306 4235 2628 4292 obsecratur
2667 4248 2766 4303 per
2791 4224 3225 4283 misericordiam
3251 4219 3367 4284 Dei,
3399 4224 3458 4272 ut
3485 4217 3553 4272 ab

1937 4330 2037 4383 hac
2091 4323 2523 4398 prasumptione
2562 4322 2805 4376 animum
2870 4319 3111 4378 revocet,
3165 4325 3268 4364 nec
3319 4305 3559 4378 amplius

1936 4418 2070 4472 iram
2102 4417 2200 4472 Dei
2225 4425 2418 4471 contra
2447 4428 2506 4468 se
2537 4415 2822 4483 provocet,
2857 4421 2960 4459 nec
2996 4403 3138 4474 [ms.,
3171 4397 3260 4468 ne]
3308 4396 3388 4450 illi
3417 4411 3556 4466 quo-

1846 4509 1904 4577 D
1930 4505 2224 4560 dammodo
2262 4503 2503 4579 gladium
2537 4498 2801 4570 prabeat,
2843 4501 2947 4548 etc.
3001 4491 3430 4556 Divinarumque
3463 4499 3558 4538 se-

1930 4605 2175 4670 quuntur
2227 4576 2612 4649 auctoritatum
2668 4585 2989 4644 testimonia
3027 4582 3094 4636 ad
3152 4576 3554 4647 correptionem

1930 4668 2103 4762 ipsius
2131 4703 2352 4760 quoque
2384 4684 2617 4757 prolata.
2659 4680 2869 4746 Quibus
2899 4692 2959 4730 se
3000 4671 3323 4744 acquiscere
3365 4668 3554 4733 nollet,

1933 4785 2001 4838 ab
2022 4781 2172 4837 omni
2194 4797 2253 4836 se
2271 4785 2460 4834 nosset
2486 4775 2740 4831 Ecclesia
2771 4769 3052 4828 consortio
3074 4761 3554 4835 sequestrandum.

1933 4878 2314 4946 perpetuoque
2354 4869 2703 4923 anathemate
2733 4863 3064 4918 feriendum.
3103 4857 3281 4929 Ipsius
3337 4869 3558 4927 quoque

1936 4965 2187 5039 propalat
2215 4958 2800 5018 excommunicationis
2824 4954 3155 5011 sententiam
3187 4952 3243 5005 in
3277 4949 3555 5006 eumdem.

1935 5061 1980 5115 si
2008 5077 2068 5114 se
2098 5057 2378 5132 corrigere
2410 5055 2606 5121 noluit,
2639 5049 2970 5124 quantocius
2994 5043 3367 5116 jaculandam.
3401 5039 3558 5095 Clero

1941 5159 1995 5206 et
2053 5149 2200 5222 plebi
2233 5131 2661 5203 Silvanectensis
2720 5141 2995 5206 Ecclesia,
3027 5153 3126 5209 pro
3166 5133 3401 5206 pastoris
3455 5131 3559 5186 sibi

1940 5243 2272 5318 praeferendi
2305 5241 2497 5297 scribit
2527 5238 2821 5303 electione,
2869 5247 3222 5295 succensens,
3265 5245 3362 5284 cur
3401 5227 3468 5280 ad
3499 5241 3559 5280 se

1940 5317 2131 5392 venire
2151 5333 2489 5398 distulerint,
2521 5331 2604 5385 vel
2639 5327 2893 5400 apicibus
2911 5324 3116 5396 alloqui
3139 5339 3222 5389 se,
3245 5336 3409 5392 quam
3436 5317 3559 5374 viva

1938 5440 2071 5481 voce
2083 5423 2410 5479 maluerint:
2441 5419 2713 5474 mandans
2731 5425 2791 5472 ut
2807 5416 2982 5471 electa
2999 5430 3058 5468 se
3073 5410 3308 5486 collegio
3323 5423 3423 5464 suo
3443 5422 3559 5478 per-

1936 5534 2122 5584 sonas,
2158 5525 2263 5571 tam
2282 5522 2439 5570 atate
2471 5528 2635 5584 quam
2667 5509 2938 5581 sapientia
2963 5515 3204 5562 maturas
3220 5510 3274 5558 et
3304 5503 3552 5563 idoneas,

1931 5611 2000 5666 ad
2023 5627 2082 5665 se
2109 5608 2330 5664 mittere
2362 5610 2660 5669 maturent,
2687 5603 2778 5675 qui
2812 5617 2916 5657 nec
2931 5599 3128 5675 gratia,
3159 5611 3262 5651 nec
3287 5593 3434 5656 odio,
3459 5595 3554 5642 aut

1930 5707 2118 5762 ulllius
2130 5702 2370 5759 avaritia
2388 5701 2644 5766 obtentu,
2669 5715 2699 5753 a
2725 5696 2938 5752 tramite
2962 5699 3112 5750 recto
3134 5686 3444 5747 exorbitare
3467 5682 3553 5738 ul-
