4010 6162
487 249 592 306 287

1590 245 1960 304 FLODOARDI
2038 246 2343 305 CANONICI
2383 248 2734 306 REMENSIS.
3657 269 3742 323 238

492 383 1956 457 latenusappareaut[j.,appetant].Ministrisquoque
1975 383 2107 438 Lau-
2132 389 2348 455 Anovo
2399 385 2654 453 instituit,
2687 385 3038 442 Altimontem
3097 389 3320 457 scilicet,
3371 399 3423 447 et
3449 395 3584 451 aliud
3631 404 3744 470 apud

493 476 760 532 duncnsis
773 477 1050 543 Ecclesiae,
1064 491 1165 546 pro
1189 491 1255 530 eo
1273 475 1420 546 quod
1441 474 1693 528 audierat
1709 474 1959 529 intereos
1974 489 2108 529 con-

492 566 768 621 tentiones
789 581 930 632 esse,
965 574 1019 620 et
1039 564 1420 622 conventicula
1458 579 1706 620 seorsum
1734 563 1934 618 facere.
1965 567 2106 629 Qua-

493 664 717 727 propter
747 663 934 712 monet
962 670 1058 711 eos
1088 664 1148 711 ut
1200 653 1363 721 ﬁlios,
1396 654 1542 727 quod
1571 654 1617 708 si
1655 655 1773 709 haec
1802 653 1876 708 ita
1903 653 2106 709 fuerint

491 749 828 805 omnimodis
853 754 1235 819 amputentur:
1292 755 1594 802 conventus
1622 753 1804 802 autem
1861 746 2100 818 ipsorum

492 842 586 898 fiat
612 843 929 898 moderatus
968 849 1133 913 atque
1187 842 1484 910 jocundus,
1535 858 1590 895 in
1631 857 1741 913 quo
1797 843 2103 896 secundum

490 943 729 1002 aetatem,
773 937 858 991 vel
891 938 1071 991 datam
1099 936 1202 990 sibi
1226 953 1256 990 a
1285 937 1396 992 Deo
1428 937 1776 1008 probitatem,
1823 937 1973 992 omni
2006 937 2104 992 de-

493 1030 673 1102 posito
702 1030 1020 1101 supercilio,
1053 1031 1287 1102 quisque
1323 1031 1598 1102 loquatur,
1630 1038 1736 1086 etc.
1766 1031 1839 1086 De
1866 1046 2102 1088 concor-

493 1125 584 1179 dia
616 1132 669 1180 et
695 1127 962 1182 charitate
1011 1143 1139 1182 vera
1169 1128 1559 1183 constituenda
1609 1135 1772 1199 atque
1810 1129 2101 1196 servanda,

493 1221 718 1276 mittens
749 1221 830 1277 eis
850 1223 1130 1293 exemplar
1155 1223 1400 1294 epistolas
1432 1223 1498 1276 ad
1517 1223 1759 1278 Odonem
1793 1241 1978 1298 regem
2005 1239 2105 1296 pro

493 1310 792 1364 obtinenda
834 1311 968 1381 ipsis
1017 1311 1283 1366 canonica
1316 1312 1588 1368 electione
1644 1330 1675 1367 a
1703 1329 1763 1368 se
1794 1313 1996 1381 missae,
2054 1321 2107 1368 et

496 1401 810 1469 exhortans,
847 1410 904 1456 ut
947 1404 1240 1458 unanimes
1278 1420 1401 1459 cum
1434 1405 1574 1460 santi
1604 1405 1839 1476 Spiritus
1890 1405 2108 1474 adjuto-

495 1491 576 1546 rio
603 1495 943 1568 congregati,
985 1511 1322 1569 magnOpere
1356 1503 1627 1569 satagant,
1655 1503 1710 1550 et
1740 1497 1833 1550 Dei
1865 1497 2106 1552 clemen-

494 1587 621 1641 tiam
674 1589 1039 1644 attentissime
1069 1590 1382 1660 implorent,
1416 1599 1474 1646 ut
1505 1607 1692 1646 eorum
1739 1592 2001 1662 pastorali
2033 1593 2113 1645 di-

2207 474 2472 544 oppidum
2500 475 2860 546 Spernacum,
2887 477 3037 548 quod
3065 477 3178 534 Odo
3213 495 3323 547 rex,
3355 482 3473 552 quia
3498 483 3749 544 desciverat

2205 562 2274 615 ab
2305 578 2370 617 eo
2406 572 2631 634 prOpter
2659 565 3002 621 evectionem
3052 567 3252 630 Karoli,
3294 569 3561 627 subvertit.
3606 575 3750 632 Vene-

2205 653 2380 709 rabile
2421 672 2640 728 quoque
2671 657 2973 712 beatissimi
3021 659 3252 732 Remigii
3299 676 3488 733 corpus
3524 665 3584 718 ab
3617 666 3751 722 Orba-

2205 748 2358 802 censi
2411 751 2640 822 (Omont)
2691 752 3027 808 monasterio
3076 753 3395 810 Remeusem
3440 761 3676 814 revocavit
3699 764 3749 816 ad

2205 842 2417 898 urbem.
2455 845 2513 897 In
2561 860 2668 915 qua
2698 844 2967 900 relatione
3017 847 3133 915 (lib.
3167 863 3204 910 1,
3258 863 3375 917 cap.
3405 848 3485 919 21)
3537 852 3684 906 multa
3712 862 3752 908 et

2203 948 2401 1006 magna
2431 946 2560 993 sunt
2589 946 2813 994 ostensa
2841 940 3104 994 miracula
3137 941 3385 1010 superius
3428 958 3457 995 a
3485 943 3627 998 nobis
3653 963 3752 1014 par-

2205 1024 2302 1080 tim
2359 1027 2651 1082 declarata.
2687 1028 2760 1083 Eo
2791 1034 3039 1095 tempore
3085 1028 3430 1085 Nortmannis
3477 1031 3752 1088 Francorum

2206 1125 2381 1174 terras
2412 1117 2820 1188 infestantibus,
2852 1130 2906 1176 et
2936 1121 3148 1176 diversa
3181 1122 3301 1176 loca
3331 1123 3754 1194 depopulantibus,

2209 1211 2295 1266 hic
2325 1211 2572 1282 pontifex
2617 1213 2822 1282 plures,
2855 1220 2963 1268 tam
2994 1213 3327 1280 sacerdotes,
3372 1231 3524 1285 quam
3574 1223 3756 1273 caeteros

2208 1303 2442 1358 clericos
2465 1310 2516 1357 et
2538 1305 2858 1372 monachos,
2888 1307 2955 1360 ad
2984 1323 3044 1361 se
3065 1308 3450 1378 undecumque
3471 1305 3758 1363 conﬂuentes

2208 1390 2451 1470 benign'e
2481 1396 2744 1466 suscepit,
2773 1405 2824 1450 et
2858 1405 3085 1467 paterne
3116 1399 3265 1455 fovit.
3311 1399 3454 1453 Inter
3477 1415 3602 1470 quos
3629 1399 3754 1454 etiam

2210 1486 2524 1540 monachos
2553 1485 2607 1540 S.
2641 1485 2887 1557 Dionysii
2917 1503 3041 1541 cum
3077 1487 3253 1557 ipsius
3299 1488 3537 1558 martyris
3565 1487 3757 1558 pretioso

2211 1590 2464 1647 corpore,
2494 1576 2840 1648 aliorumque
2869 1585 3184 1632 sanctorum
3232 1579 3543 1652 pignoribus
3577 1578 3759 1648 recepit,

493 1687 691 1752 gnetur
722 1681 916 1736 adesse
969 1682 1248 1738 electioni.
1283 1684 1498 1739 Fratres
1545 1683 1962 1738 Corbeiacensis
1993 1700 2106 1739 cce-

2214 1676 2268 1724 et
2305 1671 2456 1726 aluit.
2509 1671 2717 1742 Corpus
2759 1672 2924 1726 etiam
2957 1672 3100 1728 beati
3141 1673 3352 1739 Calixti,
3408 1687 3644 1726 concessa
3681 1671 3760 1724 sibi

2213 1761 2295 1784 -...l
2345 1761 2595 1784 D--I--ZM
2649 1762 2904 1784 n-_--__:
2942 1764 3148 1784 -LL_‘!-
3202 1762 3437 1784 .ἓ.....1...Δ
3475 1763 3624 1784 _‘_-‘2
3684 1762 3739 1784 ἢ-

495 1769 643 1823 nobii
685 1769 882 1825 litteris
937 1788 1048 1826 suae
1079 1772 1308 1826 visitans
1359 1773 1773 1837 admonitionis,
1831 1774 2109 1850 redarguit

494 1870 548 1916 et
574 1863 936 1919 vehementer
981 1867 1227 1938 increpat
1258 1884 1425 1938 super
1477 1867 1785 1936 abjectione
1825 1869 1908 1922 sui
1939 1869 2107 1924 abba-

495 1957 583 2025 tis,
617 1976 780 2030 quem
820 1963 970 2035 gravi
1021 1972 1332 2034 correptum
1360 1962 1702 2032 inﬁrmitate,
1743 1965 1955 2020 crudeli
2013 1967 2108 2020 ab-

497 2049 815 2106 dicaverant
844 2054 1172 2121 temeritate,
1201 2071 1305 2109 nec
1335 2071 1459 2109 eum
1483 2055 1551 2109 ad
1593 2055 1745 2126 ipsos
1769 2057 2108 2126 venientem,

495 2141 689 2196 saltem
722 2153 781 2198 ut
806 2145 1164 2218 peregrinum
1193 2154 1572 2217 susceperant,
1603 2156 1696 2201 aut
1731 2147 1781 2201 ei
1812 2147 1978 2201 ullam
2003 2148 2110 2201 hu-

496 2230 812 2287 manitatem
847 2233 1256 2304 impenderant:
1299 2236 1397 2289 sed
1419 2251 1543 2290 eum
1564 2236 1631 2290 de
1659 2237 1940 2291 communi
1963 2236 2114 2291 habi-

496 2323 702 2378 tatione
760 2326 1167 2394 perturbantes,
1225 2327 1279 2380 in
1335 2327 1604 2382 vilissimo
1673 2337 1820 2382 extra
1877 2328 2112 2384 claustra

497 2415 815 2469 monasterii
850 2415 969 2470 loco
1000 2423 1356 2485 retruserant,
1398 2425 1452 2472 et
1481 2418 1760 2472 communi
1793 2425 1995 2474 statuto
2026 2417 2114 2473 tir-

496 2515 777 2561 maverant
807 2515 866 2561 ut
909 2507 978 2561 ad
1010 2509 1266 2563 eumdem
1314 2508 1649 2564 visitandum
1682 2509 1766 2565 vel
1821 2509 2115 2564 consolan-

494 2595 622 2649 dum
679 2596 868 2651 venire
915 2597 1100 2652 nullus
1155 2599 1418 2653 auderet:
1478 2599 1575 2654 sed
1633 2615 1816 2670 neque
1870 2600 2114 2656 moriens

496 2687 775 2742 communi
805 2687 1088 2758 sepultura
1119 2689 1320 2762 dignus
1371 2690 1681 2746 haberetur.
1717 2690 1884 2747 Unde
1935 2693 2109 2747 admi-

499 2795 624 2833 rans
657 2781 818 2834 talem
841 2781 1098 2835 sensibus
1123 2797 1313 2837 eorum
1344 2783 1611 2853 obrepere
1643 2784 1890 2853 potuisse
1916 2784 2116 2856 impro-

498 2870 750 2937 bitatem,
783 2881 836 2926 et
867 2873 1195 2942 apostolicas
1240 2881 1403 2944 atque
1433 2875 1732 2946 regulares,
1781 2891 1949 2946 super
1981 2879 2118 2933 obe-

497 2965 708 3020 dientia
779 2966 1092 3037 praepositis
1166 2965 1501 3034 exhibenda,
1579 2984 1907 3039 praeponens
1976 2986 2118 3041 pras-

499 3057 809 3127 ceptiones,
842 3058 1082 3112 ostendit
1113 3073 1225 3113 non
1258 3058 1338 3113 eis
1363 3059 1582 3114 licuisse
1620 3060 1874 3116 abbatem
1906 3064 2119 3138 regula-
2147 3084 2195 3152 Ο

503 3148 636 3202 riter
663 3148 920 3216 electum,
948 3156 1002 3204 et
1026 3149 1428 3221 archiepiscopi
1451 3151 1798 3207 ordinatione
1819 3153 2118 3209 rationabi-

501 3241 626 3295 liter
656 3241 988 3306 institutum,
1023 3243 1096 3298 ita
1127 3250 1320 3299 contra
1359 3243 1438 3298 fas
1467 3260 1630 3300 omne
1662 3246 2030 3316 dehonorare,
2063 3255 2118 3304 et

499 3328 685 3384 divina
713 3333 1065 3403 humanaque
1097 3331 1152 3385 in
1175 3347 1242 3386 eo
1262 3333 1391 3403 jura
1415 3332 1500 3388 vel
1529 3333 1778 3389 instituta
1808 3335 2116 3390 convellere

498 3424 664 3490 atque
715 3419 1054 3476 confundere
1086 3439 1098 3475 :
1152 3437 1274 3476 cum
1310 3436 1422 3477 non
1451 3422 1523 3477 sit
1553 3423 1609 3476 in
1657 3438 1846 3479 eorum
1891 3425 2117 3481 arbitrio

497 3510 583 3565 vel
633 3517 930 3581 potestate,
971 3529 1094 3568 cum
1147 3514 1446 3582 voluerint,
1505 3514 1763 3570 abbatem
1801 3517 2115 3587 deponere,

498 3610 554 3658 et
609 3603 776 3659 alium
825 3605 895 3660 ad
951 3606 1240 3661 libidinem
1289 3623 1402 3661 sua:
1457 3609 1760 3664 voluntatis
1800 3609 2112 3666 instituere.

497 3692 762 3764 PrOponit
791 3694 952 3750 etiam
1010 3696 1457 3752 maledictionem
1491 3697 1678 3766 Cham,
1734 3700 1827 3770 qui
1855 3699 2116 3770 pudenda

503 3786 672 3856 patris
698 3785 887 3853 irrisit,
915 3796 970 3842 et
1000 3789 1246 3858 ejusdem
1279 3789 1578 3860 complices
1608 3806 1704 3846 eos
1734 3791 1975 3846 ostendit
1995 3807 2118 3847 esse

503 3879 907 3935 maledictionis
937 3880 1088 3951 (Gen.
1137 3885 1249 3949 ix):
1290 3898 1353 3937 ac
1397 3882 1633 3953 proinde
1673 3883 1997 3954 interposito
2027 3899 2119 3940 or-

503 3967 651 4023 dinis
683 3969 928 4040 ipsorum
960 3970 1228 4041 periculo,
1263 3981 1474 4038 monet,
1503 3973 1827 4029 auctoritate
1859 3981 1913 4029 et
1959 3974 2119 4028 mini-

501 4061 668 4116 sterio
720 4062 828 4116 sibi
861 4079 892 4116 a
927 4063 1038 4118 Deo
1097 4063 1348 4131 injuncto
1398 4064 1748 4136 praecipiens,
1789 4072 1848 4120 ut
1904 4065 1973 4119 ab
2016 4067 2119 4122 hac

503 4149 807 4220 pertinacia
864 4151 1214 4222 resipiscant,
1278 4153 1650 4224 eumdemque
1707 4155 1790 4209 sui
1847 4155 1954 4210 loci
2010 4171 2114 4225 pa-

505 4247 664 4305 trem,
704 4239 845 4294 sicut
874 4239 1130 4294 abbatem
1163 4239 1438 4295 honorent
1464 4256 1529 4296 ac
1579 4241 1833 4316 diligant,
1865 4243 2046 4299 donec
2071 4244 2115 4298 si

503 4327 864 4394 convaluerit,
911 4336 965 4382 et
1004 4328 1124 4399 ipse
1177 4328 1283 4383 tale
1332 4343 1473 4384 onus
1525 4328 1667 4386 ferre
1699 4346 1810 4387 non
1851 4333 2112 4402 potuerit,

504 4421 620 4490 ipse
652 4420 720 4474 ad
774 4437 960 4494 regem
1020 4429 1380 4477 excusaturus
1426 4423 1668 4492 accedat,
1725 4432 1785 4480 ut
1814 4425 1934 4494 ejus
1972 4442 2116 4496 prae-

502 4510 777 4580 ceptione,
833 4519 888 4566 et
942 4510 1397 4583 archiepisc0pali
1451 4513 1773 4570 auctoritate
1831 4515 2003 4586 ipsius
2056 4515 2111 4570 in

506 4599 626 4656 loco
653 4599 792 4655 alius
820 4599 1182 4656 substituatur
1211 4599 1403 4657 abbas.

1108 4709 1314 4767 CAPUT
1371 4709 1508 4764 VIII.

501 4799 578 4853 De
620 4798 777 4855 rebus
809 4800 1005 4870 quibus
1033 4800 1360 4869 episcopium
1389 4801 1570 4863 auxit,
1606 4801 1655 4852 et
1683 4799 1885 4854 caeteris
1944 4798 2114 4868 bonis,

963 4887 1082 4942 quae
1110 4873 1169 4925 in
1193 4872 1504 4940 episcopatu
1531 4871 1654 4939 egit.

575 4961 739 5018 Multa
779 4961 1021 5035 denique
1052 4963 1200 5018 bona
1228 4963 1285 5017 in
1318 4963 1417 5016 hac
1468 4961 1602 5016 sede
1634 4961 1889 5017 Remensi
1919 4961 2119 5035 praesul

505 5057 592 5112 hic
631 5064 889 5128 operatus
935 5063 1037 5111 est.
1070 5055 1204 5110 Nam
1257 5063 1310 5111 et
1340 5052 1683 5124 episc0pium
1715 5053 1881 5109 rebus
1943 5054 2120 5125 impe-

508 5149 658 5204 tratis
706 5149 978 5222 pluribus,
1041 5155 1149 5204 tam
1203 5146 1537 5203 monasterio
1582 5147 1899 5214 Avennaco,
1953 5163 2116 5218 quam

505 5242 790 5297 nonnullis
819 5242 959 5310 aliis,
989 5258 1021 5296 a
1050 5241 1292 5316 regibus,
1317 5256 1381 5295 ac
1398 5238 1630 5297 diversis
1655 5240 1908 5310 personis
1928 5240 2119 5296 obten-

505 5332 573 5388 tis
593 5333 1056 5404 possessionibus,
1079 5330 1450 5404 ampliﬁcavit,
1480 5339 1644 5402 atque
1663 5330 1894 5386 diversis
1922 5347 2121 5386 mune-

506 5426 658 5481 ribus
688 5433 744 5481 et
769 5425 1107 5482 ornamentis
1135 5425 1277 5481 hanc
1304 5425 1633 5480 Remensem
1688 5422 1978 5480 ecclesiam
2009 5422 2116 5478 de-

503 5521 729 5577 coravit.
765 5520 962 5577 Urbem
1019 5534 1241 5592 quoque
1273 5518 1446 5589 (cujus
1493 5533 1730 5584 murum,
1772 5517 1843 5572 ob
1873 5514 2117 5571 aedifica-

509 5610 718 5666 tionem
750 5609 988 5664 basilicae
1017 5608 1111 5663 Dei
1157 5606 1446 5664 Genitricis
1477 5606 1591 5660 Ebo
1622 5604 1984 5676 destruxerat)
2016 5605 2118 5660 iste

511 5714 652 5756 novo
691 5701 1054 5759 circumdedit
1110 5715 1285 5756 muro.
1321 5698 1578 5764 Quasdam
1609 5696 1775 5752 etiam
1835 5695 2059 5749 castella
2089 5713 2120 5749 a

2213 1761 2298 1815 vel
2343 1761 2598 1816 Ecclesia:
2649 1762 2906 1816 Remensi
2938 1764 3156 1819 abbatia
3195 1762 3444 1831 ejusdem
3473 1763 3644 1829 sancti,
3684 1762 3762 1816 Re-

2210 1865 2328 1905 mos
2358 1850 2553 1906 deduci
2587 1850 2733 1917 fecit,
2767 1860 2822 1905 et
2847 1860 2972 1922 post
3011 1851 3186 1907 altare
3214 1860 3415 1907 sanctae
3441 1851 3604 1905 Maria:
3629 1866 3762 1904 vene-

2213 1942 2457 1997 rabiliter
2485 1943 2790 2010 collocavit,
2825 1944 3088 2015 juxtaque
3119 1944 3254 1998 illud
3285 1945 3509 2020 pignora
3536 1942 3664 1996 beati
3699 1941 3762 1994 Ni-

2211 2029 2363 2095 casii,
2405 2037 2459 2084 et
2488 2038 2690 2086 sancta:
2733 2032 2938 2086 sororis
2967 2033 3088 2100 ejus
3133 2031 3428 2102 Eutropiae,
3476 2030 3540 2084 ab
3570 2028 3762 2084 Ecclesia

2211 2117 2353 2172 tituli
2409 2120 2584 2174 sancti
2645 2120 2909 2194 Agricolae
2975 2118 3282 2176 honorifice
3357 2121 3548 2187 delata,
3600 2117 3762 2173 consti-

2215 2209 2334 2266 tuit.

2854 2282 3062 2338 CAPUT
3098 2283 3185 2337 IX.

2460 2377 2536 2429 De
2563 2379 2748 2431 sancto
2779 2376 3043 2432 Gibriano
3071 2379 3120 2430 et
3147 2375 3422 2443 fratribus
3443 2373 3569 2443 ejus.

2293 2485 2481 2541 Delata
2527 2494 2656 2542 sunt
2699 2487 2862 2541 etiam
2917 2494 3049 2542 tunc
3093 2486 3362 2557 temporis
3415 2487 3480 2540 ad
3525 2481 3770 2539 Ecclesiam

2214 2581 2361 2637 beati
2394 2579 2627 2652 Remigii
2659 2579 2906 2633 membra
2959 2578 3012 2632 S.
3047 2577 3294 2632 Gibriani
3325 2593 3356 2632 a
3398 2592 3531 2650 pago
3572 2573 3775 2629 Catalau-

2215 2672 2396 2738 ncnsi,
2425 2668 2521 2725 ubi
2566 2667 2947 2740 peregrinatus
2975 2667 3144 2723 fuisse
3176 2668 3423 2724 noscitur
3468 2676 3519 2723 et
3546 2668 3772 2721 humatus.

2217 2762 2565 2816 Advenerant
2610 2757 2886 2829 siquidem
2934 2757 2990 2810 in
3038 2757 3183 2811 hanc
3223 2757 3556 2828 provinciam
3607 2761 3775 2824 septem

2218 2854 2415 2908 fratres
2468 2850 2536 2905 ab
2597 2849 2876 2916 Hibernia,
2932 2848 3402 2923 peregrinationis
3465 2849 3531 2902 ob
3583 2860 3776 2900 amorem

2219 2946 2417 3002 Christi
2443 2943 2658 3020 gratia:
2691 2942 2745 2995 bi
2781 2941 3014 3008 scilicet,
3043 2941 3362 3009 Gibrianus,
3405 2942 3643 3004 llelanus,
3678 2937 3780 2991 Tre-

2217 3053 2405 3104 sanus,
2427 3036 2749 3099 Germanus,
2781 3032 3058 3100 Veranus,
3093 3033 3370 3100 Abranus,
3403 3033 3666 3096 Petranus,
3685 3043 3779 3082 cum

2219 3127 2393 3183 tribus
2422 3124 2706 3180 sororibus
2758 3123 2874 3177 suis
2916 3122 3160 3188 Francla,
3205 3121 3507 3194 Promptia,
3555 3120 3784 3174 Possenna

2219 3223 2324 3276 sibi
2347 3221 2616 3294 eligentes
2665 3234 2831 3289 super
2859 3217 3080 3272 fluvium
3113 3217 3345 3271 nomine
3377 3216 3673 3276 Maternam,
3700 3225 3782 3280 op-

2220 3321 2456 3386 portuna
2495 3311 2734 3386 degendi
2768 3312 2906 3365 loca.
2960 3309 3198 3374 Quorum
3232 3309 3370 3364 hinc
3397 3307 3665 3362 Cibrianus
3687 3319 3784 3358 san-

2216 3413 2336 3463 ctus
2367 3405 2626 3461 sacerdos
2657 3404 2949 3476 quemdam
2977 3403 3158 3457 vicum
3181 3401 3354 3475 elegit
3385 3401 3450 3456 ad
3478 3396 3780 3455 habitandum

2217 3499 2380 3556 Cossa
2425 3505 2700 3567 vocatum,
2755 3497 2848 3552 ubi
2922 3495 3173 3567 plurimis
3224 3510 3501 3551 annorum
3550 3486 3787 3548 curriculis

2218 3593 2422 3658 sobrie,
2450 3593 2618 3661 juste,
2655 3596 2709 3644 et
2747 3589 2837 3660 pie
2880 3589 3090 3656 vivens,
3138 3604 3317 3660 usque
3349 3588 3415 3642 ad
3464 3587 3649 3642 exitum
3689 3581 3784 3634 vita

2218 3687 2424 3742 bonum
2453 3683 2953 3739 studuitcertameu
2979 3689 3210 3736 certare.
3235 3679 3406 3749 Cujus
3432 3691 3620 3749 corpus
3645 3671 3786 3764 primo

2217 3776 2372 3845 juxta
2406 3771 2686 3845 publicum
2717 3771 2889 3826 fertur
2918 3786 3174 3844 aggerem
3205 3769 3484 3839 sepultum
3520 3765 3689 3826 fuisse,
3715 3756 3785 3811 ubi

2219 3875 2407 3939 postea
2464 3881 2628 3936 supra
2681 3863 2923 3918 tumbam
2978 3863 3150 3934 ipsius
3205 3869 3288 3916 est
3337 3858 3559 3916 oratorii
3601 3848 3788 3910 aedicula

2221 3964 2553 4023 constructa,
2587 3953 2658 4010 ob
2699 3953 2935 4024 insignia
2989 3951 3199 4006 scilicet
3247 3950 3502 4022 quaedam
3544 3940 3789 4001 miraculo.

2221 4065 2338 4103 rum
2372 4047 2579 4102 ibidem
2612 4043 2979 4099 manifestata.
3014 4039 3093 4095 Ad
3141 4055 3305 4112 quam
3339 4037 3618 4095 conﬂuere
3639 4026 3789 4103 populi

2218 4137 2374 4192 solita
2417 4135 2594 4189 fuerat
2641 4131 2972 4202 frequentia,
3024 4128 3260 4183 maxime
3291 4144 3418 4182 cum
3473 4116 3788 4196 depositionis

2221 4228 2468 4296 ejusdem
2526 4224 2940 4281 celebrarentur
2992 4219 3150 4276 festa.
3201 4219 3370 4274 Multa
3427 4229 3655 4286 namque
3682 4207 3789 4265 inibi

2217 4321 2510 4376 sanitatum
2540 4317 2925 4374 tribuebantur
2949 4313 3216 4378 remedia,
3249 4329 3314 4368 ex
3347 4311 3550 4384 quibus
3577 4302 3787 4377 (praedam

2217 4415 2487 4470 habentur
2527 4412 2824 4482 descripta,
2884 4407 2982 4463 sed
3038 4406 3275 4478 plurima
3315 4405 3568 4459 celantur
3621 4400 3790 4472 ignota.

2137 4497 2348 4569 DTres
2395 4514 2578 4562 tamen
2629 4503 2890 4558 mulieres
2945 4499 3265 4555 nominibus
3315 4494 3570 4565 ascriptis
3620 4487 3792 4545 ibidem

2221 4603 2479 4654 notantur
2533 4594 2875 4649 illuminatze.
2944 4591 3168 4646 Cuidam
3222 4595 3491 4660 praeterea
3542 4582 3794 4676 Grimoarte

2222 4692 2280 4763 [i,
2315 4689 2540 4746 nomiue
2572 4686 2858 4756 Grimoart]
2917 4699 3112 4738 manus
3151 4697 3275 4737 cum
3326 4681 3544 4754 integra
3569 4681 3649 4731 est
3672 4684 3798 4724 sam-

2220 4787 2329 4835 tate
2360 4777 2626 4834 restituta.
2671 4775 2943 4844 Tempore
2974 4771 3214 4842 denique
3243 4769 3389 4845 regis
3419 4765 3640 4830 Odonis,
3666 4771 3795 4835 gras-

2220 4875 2377 4926 sante
2408 4868 2868 4922 Nortmannorum
2894 4861 3236 4926 crudelitate,
3280 4865 3570 4928 terrasque
3600 4851 3800 4906 Franco-

2220 4979 2339 5018 rum
2395 4963 2662 5020 vastante,
2695 4953 2860 5022 hujus
2905 4950 3078 5006 sancti
3118 4947 3410 5004 ecclesiola
3438 4945 3566 5019 igne
3597 4939 3796 4996 cremata

2221 5063 2301 5112 est
2333 5070 2453 5110 cum
2485 5051 2605 5107 aliis
2650 5045 2836 5102 multis
2862 5045 3111 5113 ejusdem
3146 5041 3290 5114 pagi.
3325 5039 3458 5093 Post
3488 5035 3640 5104 cujus
3667 5042 3799 5114 com,-

2219 5143 2528 5200 bustionem
2561 5138 2763 5209 saepius
2792 5112 2989 5189 auditae
3037 5131 3284 5185 feruntur
3308 5142 3477 5182 voces
3531 5120 3660 5178 inibi
3687 5112 3802 5212 psal-

2221 5237 2450 5293 lentium
2497 5243 2854 5304 personarum
2893 5240 3005 5279 non
3053 5219 3486 5294 apparentium:
3548 5211 3802 5306 luminaria

2218 5338 2402 5385 tamen
2442 5324 2693 5398 quaedam
2733 5319 2988 5375 noctibus
3025 5315 3161 5370 inibi
3203 5312 3537 5368 videbantur
3561 5304 3800 5360 ardentia.

2221 5419 2464 5490 Cumque
2508 5414 2650 5470 fama
2681 5403 3062 5479 hujuscemodi
3111 5404 3368 5458 virtutum
3403 5399 3803 5493 circumquaque

2219 5504 2643 5581 percrebuisset,
2684 5513 2928 5570 superno
2952 5496 3148 5550 ductus
3177 5505 3383 5581 amore,
3419 5490 3698 5581 sanctique
3727 5490 3805 5581 ve:

2221 5570 2506 5652 iteratione
2562 5587 2863 5644 Hadericus
2932 5585 3075 5655 [ms,
3134 5575 3481 5644 llaidericus]
3551 5570 3808 5659 religiosus

2221 5702 2425 5752 comes,
2455 5679 2682 5739 accessit
2711 5674 2778 5732 ad
2831 5671 3178 5731 Rodoardum
3207 5667 3531 5738 episcOpum
3565 5655 3805 5732 [Ecclesiae
