4010 6162
225 231 331 289 289

860 231 1184 287 ΙΙΙΞΤΟΒΙᾸΞ
1225 231 1551 286 Εοριεδιιλε
1591 233 1852 288 REMENS

1961 235 2136 291 LIBRI
2176 235 2502 301 QUATUOR.
2543 266 2614 276 —
2653 234 2778 290 LIB.
2824 235 2908 290 IV.

3442 235 3550 292 290

222 367 590 425 Catalaunicae
621 367 823 425 obnixe
844 365 1120 440 ﬂagitans,
1153 374 1213 422 ut
1261 368 1392 439 quia
1423 367 1576 423 locus
1601 367 1715 435 ille,
1749 368 1844 423 ubi
1869 375 1921 442 Α
1943 370 2252 426 liberalium
2271 370 2470 424 artium
2500 369 2701 424 studiis
2727 368 3108 424 adolescentes
3136 368 3367 424 clericos
3393 384 3551 425 exer-

225 457 330 512 boc
362 472 579 511 sacrum
611 470 812 527 corpus
848 455 950 509 sub
983 456 1074 510 dio
1120 456 1358 523 jacebat,
1419 456 1668 512 funditus
1725 467 1843 512 erat

220 549 559 611 destructus,
602 546 758 602 daret
788 548 840 602 ei
870 547 1148 602 licentiam
1179 548 1314 602 illud
1343 547 1837 611 transferendi,ubi

221 636 480 692 devotius
499 644 556 691 et
584 635 960 696 venerabilius
997 636 1200 690 servari
1249 636 1532 691 valuisset.
1567 636 1665 701 Qui
1708 637 1838 690 dum

215 728 314 782 diu
349 728 652 798 persistens
681 727 737 780 in
770 727 1031 796 precibus
1045 727 1267 781 tandem
1297 743 1410 782 suae
1440 727 1727 798 petitionis
1745 726 1841 782 ob-

217 819 477 874 tinuisset
505 816 760 874 effectum
792 825 985 874 vocato
1017 825 1184 873 nauta
1215 818 1388 874 fertur
1410 819 1462 873 ei
1491 826 1719 874 nautum
1747 817 1841 873 de-

215 913 386 976 disse,
429 927 497 966 eo
529 919 742 972 tenore,
773 919 832 966 ut
858 919 1024 966 noctu
1053 918 1180 965 ante
1193 911 1323 986 galli
1351 918 1573 966 cantum
1597 910 1664 964 ad
1688 925 1838 966 oram

217 1003 468 1058 ﬂuminis
504 1004 626 1072 ejus
655 1004 1065 1072 priestolaretur
1103 1002 1426 1058 adventum.
1459 1001 1705 1072 Cumque
1727 1009 1842 1055 sta-

217 1099 337 1146 tuto
359 1091 540 1147 noctis
571 1098 816 1162 tempore
848 1091 947 1145 viri
978 1098 1088 1145 tres
1111 1107 1235 1146 cum
1271 1091 1512 1163 quodam
1552 1089 1840 1145 sacerdote

216 1184 483 1238 adessent
510 1181 662 1238 ﬂuvii
689 1183 843 1254 ripae,
877 1182 1029 1236 missi
1056 1182 1125 1236 ab
1159 1183 1265 1238 hoc
1293 1183 1518 1246 comite,
1539 1192 1704 1236 nauta
1743 1181 1844 1236 de-

214 1276 341 1340 fuit,
370 1291 513 1330 nave
541 1275 791 1330 ulteriori
819 1275 997 1329 defixa
1061 1275 1305 1330 fluminis
1334 1290 1465 1330 orte.
1501 1275 1592 1328 His
1620 1290 1844 1345 quoque

214 1364 349 1418 viris
379 1364 684 1418 adventum
742 1363 986 1438 navigeri
1028 1363 1125 1418 diu
1189 1363 1655 1434 praestolantibus,
1679 1371 1735 1418 et
1755 1363 1840 1418 vi-

214 1459 407 1514 cissim
443 1458 809 1513 clamantibus
841 1473 966 1511 cum
1025 1471 1189 1511 nemo
1219 1456 1301 1510 eis
1329 1456 1714 1526 responderet,
1748 1455 1841 1510 do-

215 1552 337 1606 lore
358 1550 604 1622 perculsi
655 1556 921 1605 corruunt
969 1548 1024 1602 in
1053 1555 1252 1603 terram
1286 1548 1470 1618 proni,
1494 1548 1692 1602 devote
1726 1563 1850 1617 pre-
1885 1602 1890 1607 ,

214 1649 412 1697 cantes
440 1651 500 1697 ut
529 1643 575 1696 si
606 1643 719 1696 Deo
766 1641 1026 1711 placitum
1073 1640 1213 1695 foret
1243 1655 1448 1710 corpus
1493 1639 1642 1694 illius
1671 1639 1844 1694 sancti

1943 459 2055 514 ceri
2084 458 2234 524 fecit,
2265 457 2494 528 ipseque
2545 473 2670 512 cum
2737 458 2816 511 eis
2847 457 3070 512 lectioni
3112 473 3176 511 ac
3202 457 3548 513 meditationi

1941 549 2229 621 sapientia:
2265 565 2487 620 operam
2539 548 2712 602 dedit.
2766 549 2872 602 Sed
2903 558 2957 603 et
3005 548 3345 602 Hucbaldum
3375 549 3547 602 sancti

1942 643 2168 698 Amandi
2193 644 2545 708 monachum,
2578 642 2752 695 virum
2771 657 2993 712 quoque
3028 641 3334 710 disciplinis
3367 643 3555 712 scphi-

1941 735 2018 790 cis
2039 734 2304 791 nobiliter
2329 734 2607 792 eruditum
2660 733 2964 797 accersivit,
3014 741 3069 786 et
3117 733 3413 789 Ecclesiam
3449 735 3555 790 Re-

1941 843 2191 884 mensem
2214 827 2491 900 praeclaris
2525 825 2813 882 illustravit
2841 824 3125 880 doctrinis.

2599 916 2808 972 CAPUT
2831 917 2893 971 Χ.

2161 1012 2230 1064 De
2258 1011 2666 1078 interemptione
2693 1008 2942 1065 Fulcom’s
2969 1008 3378 1078 archiepiscopi.

2013 1101 2224 1156 Accidit
2269 1108 2456 1155 autem
2488 1106 2546 1155 ut
2599 1099 2877 1154 abbatiam
2905 1099 3078 1154 sancti
3113 1099 3353 1165 Vedasti,
3393 1116 3557 1171 quam

1945 1193 2245 1247 Balduinus
2273 1207 2459 1247 comes
2508 1191 2734 1246 tenebat
2777 1207 2902 1246 cum
2959 1190 3308 1246 Atrabatensi
3359 1200 3559 1258 castro,

1947 1298 2040 1337 rex
2069 1281 2299 1337 Karolus
2331 1296 2430 1351 pro
2459 1279 2786 1336 inﬁdelitate
2819 1280 3071 1334 Balduini
3114 1280 3183 1334 ab
3202 1296 3269 1335 eo
3297 1280 3562 1344 auferret,

1942 1377 2108 1440 atque
2137 1370 2268 1424 huic
2327 1370 2546 1440 praesuli
2587 1386 2706 1424 eam
2738 1371 3088 1436 concederet,
3131 1371 3370 1424 Altmaro
3417 1385 3563 1440 quo-

1944 1459 2068 1514 dam
2101 1460 2302 1515 comite
2333 1459 2611 1514 abbatiam
2641 1460 2813 1514 sancti
2839 1459 3082 1514 Medardi
3109 1467 3371 1514 tenente:
3398 1474 3561 1530 quam

1954 1551 2257 1606 sibivisum
2287 1559 2390 1616 est,
2444 1551 2876 1622 Opportunitatis
2929 1550 3126 1624 gratia,
3187 1567 3311 1605 cum
3366 1551 3564 1606 eodem

1953 1641 2155 1696 comite
2196 1650 2534 1696 commutare
2586 1641 2814 1708 debere,
2875 1641 3023 1713 quod
3068 1649 3124 1696 et
3179 1641 3312 1714 egit.
3345 1642 3568 1713 Accepit

215 1733 284 1785 de
318 1731 448 1787 loco
469 1731 667 1786 eodem
693 1729 996 1792 transferri,
1028 1727 1308 1800 aliquibus
1332 1728 1387 1782 id
1409 1727 1490 1783 eis
1519 1727 1844 1802 dignaretur
1873 1753 1918 1820 Β
1949 1732 2137 1804 itaque
2168 1732 2236 1788 ab
2274 1733 2468 1788 eodem
2499 1733 2740 1788 Altmaro
2780 1733 3058 1788 abbatiam
3090 1735 3264 1789 sancti
3298 1734 3565 1800 Mednrdi,

215 1824 527 1879 ostendere
558 1822 998 1898 signisMoxque
1030 1821 1185 1875 navis
1204 1822 1386 1877 soluta
1416 1820 1604 1874 divina
1624 1821 1842 1887 virtute,

213 1929 364 1966 nexu
400 1927 517 1982 quo
550 1911 843 1965 tenebatur
880 1908 1065 1974 affixa,
1101 1908 1234 1979 ripa:
1283 1924 1391 1980 qua
1421 1909 1847 1979 exspectabatur

213 2005 566 2060 mirabiliter
593 2004 807 2059 accedit
827 2003 1079 2074 appulsa.
1111 2002 1266 2066 Quod
1287 2002 1610 2058 admirando
1634 2003 1850 2074 perspi-

209 2097 454 2160 cientes,
490 2104 546 2149 et
585 2094 850 2148 maximas
889 2093 1000 2147 Deo
1055 2092 1262 2164 gratias
1291 2091 1614 2158 referentes,
1647 2107 1848 2147 ascen-

209 2191 354 2244 dunt
401 2206 624 2255 navem,
667 2189 737 2242 de
779 2188 1062 2242 voluntate
1120 2187 1218 2241 Dei
1275 2187 1586 2242 securiores
1645 2171 1847 2242 effecti.

212 2285 684 2355 .lccedentesquc
717 2283 784 2337 ad
807 2282 989 2338 locum
1020 2281 1284 2352 sepulcri,
1310 2287 1366 2336 et
1395 2288 1588 2351 aperto
1617 2283 1851 2338 saxeoin

212 2388 331 2444 quo
363 2389 526 2427 sacra
556 2370 1081 2438 membrajacebant
1132 2369 1496 2441 sarcophago,
1530 2377 1850 2425 reverenter

212 2465 468 2530 elevant,
506 2470 936 2533 transponentes
960 2461 1076 2515 haec
1098 2461 1154 2514 in
1188 2468 1492 2531 preparato
1525 2459 1592 2514 ad
1622 2459 1674 2512 id
1705 2473 1845 2528 opus

213 2559 445 2614 noviter
481 2557 742 2612 scriniolo
773 2573 787 2610 :
819 2556 1011 2627 sicque
1041 2571 1166 2610 cum
1198 2555 1409 2626 ingenti
1449 2554 1653 2627 gaudio
1667 2568 1848 2608 reme-

211 2660 382 2704 antes
440 2649 509 2702 ad
568 2663 788 2713 navem,
845 2655 1136 2702 transeunt
1192 2644 1444 2700 celeriter
1482 2644 1712 2708 flumen,
1745 2643 1852 2698 hoc

213 2743 433 2816 pignus
459 2755 585 2794 cum
611 2737 866 2792 laudibus
904 2737 1223 2793 deferentes
1289 2736 1358 2792 ad
1389 2736 1570 2792 vicum
1631 2735 1853 2790 Balbia-

211 2849 345 2887 cum
379 2832 624 2902 (Balby),
657 2830 754 2884 ubi
816 2846 915 2900 per
953 2828 1254 2884 triennium
1307 2835 1524 2884 constat
1553 2827 1852 2883 venerabi-

216 2926 350 2979 liter
413 2929 822 2978 conservatum.
886 2921 1012 2977 Post
1065 2922 1179 2976 haec
1246 2920 1314 2974 ad
1373 2920 1665 2976 ecclesiam
1706 2919 1853 2975 beati

217 3013 469 3085 Remigii
493 3011 798 3068 honoriﬁce
849 3019 932 3066 est
981 3011 1245 3077 delatum,
1274 3018 1330 3066 et
1358 3010 1573 3066 custodi
1604 3009 1853 3065 ecclesia:

219 3105 435 3159 devote
462 3099 842 3166 commissum,
877 3100 1144 3179 juxtaque
1191 3098 1505 3170 sepulcrum
1527 3099 1690 3168 hujus
1719 3114 1851 3153 san~

217 3193 461 3250 etissimi
498 3189 989 3263 patrishonorifice
1028 3192 1376 3246 collocatum.
1417 3191 1544 3246 Post
1570 3190 1857 3244 biennium

226 3285 506 3358 praefatus
517 3300 706 3339 comes
717 3300 842 3339 cum
859 3298 1139 3338 uxoresua
1161 3282 1451 3337 Herisindc
1467 3282 1731 3337 domuum
1747 3282 1866 3337 Ful-

227 3396 438 3436 conem
469 3377 763 3450 praesulem
813 3375 1093 3431 humiliter
1123 3375 1372 3446 expetiit,
1406 3375 1695 3447 postulans
1735 3383 1794 3430 ut
1814 3375 1862 3429 ei

227 3475 423 3528 locum
436 3471 742 3542 sepultura:
774 3469 1107 3526 concederet
1120 3469 1174 3523 in
1192 3469 1420 3524 dextera
1434 3468 1600 3537 hujus
1617 3468 1866 3524 ecclesiae

227 3568 413 3632 parte,
443 3558 817 3628 juxtaostium
844 3557 1869 3630 cryptae.Quoimpetrato,etaltarista-

227 3659 561 3723 tuto,atque
571 3658 833 3725 argenteo
846 3651 1048 3706 decore
1061 3650 1739 3721 cooperto,illicdecenter
1750 3651 1867 3704 haec

232 3744 597 3800 venerabilia
611 3744 964 3814 deponuntur
979 3743 1502 3816 membra.Denique
1526 3753 1816 3816 postquam
1839 3759 1869 3797 a

234 3833 480 3904 praefato
523 3833 818 3903 sepulturae
857 3849 968 3886 sua:
1024 3831 1240 3887 sublata
1277 3842 1404 3888 sunt
1433 3833 1573 3899 loco,
1614 3833 1870 3904 quaedam

238 3927 455 3982 mulier
484 3941 647 3985 caeca.
681 3925 1004 3980 Erentrudis
1044 3924 1293 3992 nomine,
1327 3925 1420 3980 illo
1459 3925 1746 3981 candelam
1777 3924 1876 3978 de-

241 4018 447 4073 ferens
477 4018 730 4083 accessit,
760 4017 1120 4088 impetrandae
1150 4033 1314 4072 causa
1344 4016 1596 4071 medelas.
1628 4015 1693 4070 At
1721 4029 1876 4070 com-

244 4118 417 4180 perto
437 4123 656 4163 sacrum
712 4123 914 4179 corpus
971 4107 1100 4163 inde
1157 4108 1434 4164 sublatum
1481 4106 1701 4178 penitus
1730 4121 1874 4172 esse,

244 4198 434 4252 nimio
455 4211 665 4271 angore
693 4196 887 4252 affecta
912 4197 1082 4268 coapit
1110 4197 1295 4252 flendo
1332 4196 1599 4268 conqueri
1621 4212 1720 4251 cur
1745 4211 1877 4250 san-

242 4298 376 4343 ctus
413 4287 510 4341 hic
539 4286 754 4341 Domini
784 4286 987 4340 abinde
1019 4303 1078 4341 se
1102 4286 1446 4357 permisisset
1474 4285 1676 4341 auferri
1713 4284 1740 4338 ?
1779 4301 1878 4340 cur

239 4378 603 4434 deseruisset
653 4379 887 4439 vicinos.
940 4377 1147 4450 quibus
1203 4377 1476 4433 beneficia
1527 4378 1724 4433 solitus
1756 4387 1876 4433 erat

243 4471 515 4543 praebere
544 4470 731 4524 divina
762 4469 789 4522 ‘I
817 4449 1109 4526 Subveniri
1140 4485 1272 4542 ergo
1311 4470 1413 4524 sibi
1445 4469 1746 4544 gemitibus
1784 4487 1880 4525 ex-
1905 4449 1963 4517 D

245 4575 522 4631 poscens,
560 4559 737 4613 visum
791 4558 897 4612 sibi
936 4565 1020 4613 est
1050 4555 1323 4628 proficisci
1373 4557 1576 4612 debere
1598 4557 1667 4611 ad
1698 4558 1877 4612 vicum

245 4654 571 4725 Matusgum
604 4651 894 4720 (Μία-ουρ),
928 4649 1025 4704 ubi
1073 4649 1240 4704 frater
1281 4649 1400 4718 ejus
1459 4658 1682 4704 sanctus
1707 4650 1876 4720 quie-

246 4745 455 4800 scebat
483 4744 740 4798 Vetanus.
800 4742 878 4796 Ad
926 4742 1084 4810 cujus
1113 4741 1428 4812 sepulcrum
1458 4740 1741 4795 candelam
1776 4757 1880 4812 po-

250 4852 427 4900 nens,
458 4850 696 4906 seseque
739 4834 792 4887 in
833 4833 1081 4889 oratione
1104 4840 1478 4904 prosternens,
1503 4831 1672 4902 coepit
1697 4829 1880 4885 flendo

249 4937 564 4998 utrumque
605 4926 863 4980 invocare
930 4924 1171 4980 fratrem.
1203 4925 1450 4995 Dumque
1470 4923 1646 4977 sancti
1677 4937 1880 4978 nomen

251 5017 466 5072 crebro
505 5015 709 5086 repetit
751 5014 1019 5078 Gibriani,
1055 5013 1224 5084 C(Bplt
1280 5012 1456 5086 caligo
1515 5011 1794 5087 albuginis
1813 5011 1882 5066 ab

253 5109 444 5165 oculis
475 5108 597 5176 ejus
623 5106 878 5176 abrumpi
915 5123 928 5159 :
961 5107 1148 5177 sicque
1180 5104 1368 5159 divina
1400 5103 1737 5174 propitiante
1760 5103 1880 5174 pie-

253 5197 592 5268 tate,prisco
627 5195 929 5249 redonatur
955 5192 1182 5247 lumine.
1216 5191 1479 5246 Praefatus
1495 5191 1885 5262 deniquepne-

251 5293 347 5347 sul
378 5289 730 5347 honorabilis
760 5289 946 5354 Fulco,
1005 5287 1272 5342 sollicitus
1303 5286 1447 5342 circa
1474 5285 1567 5340 Dei
1596 5285 1802 5340 cultum
1833 5294 1886 5341 et

252 5384 521 5440 ordinem
535 5381 994 5447 ecclesiasticum,
1009 5394 1194 5435 amore
1217 5393 1440 5450 quoque
1469 5375 1755 5447 sapientiae
1777 5373 1886 5428 fer-

255 5493 421 5540 vens,
465 5475 605 5530 duas
636 5473 855 5528 scholas
885 5471 1489 5540 Remis,canonicorum
1511 5467 1725 5523 scilicet
1753 5467 1884 5533 loci,

254 5581 437 5642 atque
471 5569 736 5624 ruralium
765 5567 1110 5631 clericorum,
1133 5566 1244 5636 jam
1277 5579 1418 5636 pene
1450 5562 1708 5633 delapsas
1725 5559 1887 5615 resti-

256 5662 392 5727 tuit,
423 5671 480 5716 et
511 5666 742 5718 evocato
802 5657 1050 5733 Remigio
1080 5656 1561 5714 Antissiodorense
1602 5647 1884 5730 magistro,

1946 1832 2002 1878 et
2023 1824 2177 1879 dedit
2206 1824 2284 1878 illi
2337 1823 2619 1879 abbatiam
2673 1826 2848 1880 sancti
2904 1825 3143 1887 Vedasti,
3197 1835 3420 1897 recepto
3468 1843 3569 1896 per

1947 1915 2058 1969 vim
2085 1914 2443 1970 obsidionisa
2476 1915 2740 1970 Balduino
2771 1915 3141 1970 Attrabatensi
3174 1926 3376 1972 castro.
3398 1916 3565 1984 Cujus

1951 2003 2241 2058 anxietatis
2284 2004 2476 2059 dolore
2524 2019 2822 2058 succensus
2879 2011 2986 2059 tam
3041 2005 3366 2072 Halduinus,
3401 2022 3565 2077 quam

1953 2092 2136 2148 omnis
2165 2093 2288 2161 ejus
2327 2093 2638 2160 comitatus,
2672 2093 2804 2147 dum
2827 2101 3082 2164 quaerunt
3111 2094 3348 2164 qualiter
3377 2093 3568 2148 ulcisci

1952 2203 2011 2242 se
2041 2187 2276 2258 possint,
2308 2188 2607 2242 amicitiam
2631 2204 2757 2242 cum
2779 2188 2974 2242 eodem
3009 2188 3242 2258 praesule
3270 2205 3329 2243 se
3357 2187 3574 2261 tingunt

1958 2283 2246 2348 resarcire,
2272 2291 2584 2354 quaerentes
2612 2283 2847 2338 ultionis
2877 2283 3082 2349 locum,
3107 2283 3574 2353 explorantesque

1953 2375 2233 2446 quomodo
2259 2391 2291 2428 a
2313 2382 2514 2430 metatu
2555 2390 2656 2429 suo
2676 2375 2743 2428 ad
2783 2374 2930 2449 regis
2951 2374 3292 2444 colloquium
3325 2374 3569 2444 stipato-

1948 2465 2099 2520 ribus
2127 2466 2360 2520 vallatus
2399 2465 2673 2536 proﬁcisci
2731 2465 2936 2520 soleret
2965 2483 2977 2519 :
3008 2466 3247 2537 quadam
3286 2465 3400 2530 die,
3433 2465 3565 2518 dum

1947 2557 2138 2627 paucis
2167 2557 2464 2612 admodum
2480 2557 2797 2624 comitatus,
2825 2556 2971 2629 regis
2998 2563 3212 2628 peteret
3241 2555 3567 2628 alloquium,

1954 2664 2080 2704 eum
2103 2649 2160 2702 in
2193 2649 2301 2715 via,
2343 2649 2485 2704 duce
2512 2650 2754 2720 quodam
2812 2648 3134 2702 Winemaro
3183 2646 3572 2719 aggredientes

1955 2737 2336 2808 intercipiunt.
2381 2737 2444 2792 Et
2472 2737 2698 2809 quidem
2720 2737 2954 2808 primum
2983 2735 3137 2808 quasi
3170 2734 3497 2790 deamicitia
3519 2742 3574 2789 et

1958 2833 2377 2906 recuperatione
2403 2829 2656 2885 Balduini
2675 2827 2910 2883 aﬂ‘antur
2938 2845 2951 2892 ;
2977 2828 3199 2881 demum
3217 2841 3347 2881 vero
3371 2826 3576 2896 impro-

1956 2926 2136 2980 visum
2192 2921 2401 2977 lanceis
2454 2920 2751 2990 impetunt,
2794 2924 3155 2988 prosternunt
3180 2933 3244 2970 ac
3274 2916 3577 2987 perimunt.

1956 3013 2186 3078 Quidam
2216 3027 2346 3067 vero
2373 3025 2598 3066 suorum
2630 3025 2755 3064 sese
2783 3008 2854 3063 ob
2905 3007 3140 3062 nimium
3172 3007 3294 3076 ejus
3321 3022 3573 3062 amorem

1883 3128 1932 3196 Ο
1958 3117 2126 3174 super
2150 3103 2330 3173 ipsum
2351 3106 2788 3171 prosternentes,
2831 3097 3040 3169 pariter
3076 3113 3204 3153 cum
3236 3112 3304 3152 eo
3334 3096 3580 3152 transfixi

1965 3199 2021 3247 et
2047 3189 2366 3261 interempti
2387 3197 2536 3244 sunt.
2561 3189 2753 3244 Caeteri
2785 3188 2879 3259 qui
2912 3187 3258 3258 superfuere,
3294 3186 3380 3240 his
3401 3187 3496 3258 qui
3512 3187 3582 3240 ad

1968 3283 2260 3354 hospitalia
2291 3289 2692 3349 remanserant,
2717 3283 2834 3337 haec
2862 3280 3086 3335 maximi
3105 3280 3190 3334 sui
3213 3279 3423 3334 doloris
3438 3294 3586 3333 nun-

1966 3375 2042 3430 tia
2070 3381 2310 3446 portant.
2343 3374 2442 3438 Qui
2472 3374 2552 3429 rei
2587 3373 2834 3430 novitate
2865 3371 3127 3444 perculsi,
3161 3371 3439 3443 armisque
3462 3385 3584 3425 mu-

1967 3468 2092 3538 niti,
2115 3483 2471 3539 percussores
2523 3467 2771 3539 episcOpi
2831 3473 3103 3522 conantur
3127 3465 3336 3520 ultione
3357 3465 3586 3522 adoriri.

1967 3560 2180 3626 Quibus
2200 3559 2428 3615 minime
2458 3560 2712 3631 repertis,
2741 3573 2944 3630 corpus
2990 3557 3266 3623 exanime,
3302 3557 3590 3611 immensis

1968 3653 2241 3722 ejulantes
2266 3653 2648 3726 plangoribus,
2673 3653 2877 3717 levant,
2901 3659 3092 3707 etcum
3126 3649 3334 3722 ingenti
3359 3664 3585 3704 suorum

1970 3746 2218 3800 omnium
2247 3745 2396 3800 luctu
2453 3746 2783 3800 Remensem
2853 3744 2921 3798 ad
2975 3743 3169 3798 urbem
3200 3740 3476 3796 deferunt.
3507 3741 3586 3793 lbi

1971 3835 2195 3892 tandem
2222 3836 2414 3903 lotum,
2455 3845 2510 3891 et
2557 3835 2741 3908 dignis
2786 3831 3066 3904 exsequiis
3095 3832 3446 3892 honoratum,
3479 3830 3588 3884 de-

1975 3925 2121 3980 centi
2149 3934 2232 3980 est
2260 3927 2559 3996 sepulturae
2614 3924 2955 3980 mandatum.
2991 3920 3156 3989 Cujus
3195 3920 3454 3976 antistitis
3484 3919 3590 3974 hoc

1975 4017 2209 4072 habetur
2236 4018 2577 4089 epitaphium
2613 4033 2629 4073 :

2037 4105 2138 4155 Hoc
2163 4109 2356 4156 tumulo
2382 4108 2549 4168 magni
2573 4107 2806 4157 Fulconis
2826 4106 3052 4156 membra
3074 4111 3322 4168 teguntur.

2100 4168 2369 4234 Remorum
2403 4168 2536 4221 sedis
2560 4171 2788 4234 przesulis
2817 4169 3012 4234 egregii.

2038 4229 2268 4303 Germine
2295 4233 2540 4303 nobilium
2557 4229 2713 4303 _'quem
2740 4229 2952 4303 Francia
2972 4229 3183 4303 protulit
3204 4236 3390 4278 ortum.

2085 4294 2328 4363 .Aulaque
2350 4297 2411 4345 de
2436 4293 2617 4346 scholis
2640 4296 2872 4363 sumpsit,
2901 4293 3190 4363 etéxcoluit:

2039 4355 2164 4423 Hinc
2195 4355 2320 4423 Deus
2349 4367 2663 4423 assumptum
2685 4355 2860 4423 statuit
2879 4358 3061 4407 virtute
3084 4355 3368 4423 probatum,

2103 4418 2333 4470 Ecclesiae
2360 4418 2636 4484 speculum,
2662 4420 3051 4485 pontificemque
3073 4418 3232 4483 pium,

2040 4478 2278 4546 Septenos
2299 4478 2553 4546 denosque
2583 4478 2734 4532 simul
2759 4483 2838 4532 cui
2862 4478 3263 4546 praafuit'annos,

2152 4558 2228 4594 res
2245 4560 2455 4604 menses,
2473 4543 2643 4595 denos
2659 4543 2879 4606 insuper'
2895 4552 3041 4606 atque
3069 4543 3193 4592 dies.

2042 4603 2196 4671 Auxit
2215 4608 2528 4671 episcopium
2545 4603 2885 4671 superaddens
2902 4603 3126 4671 plurima
3150 4617 3332 4662 rerum,

2107 4665 2321 4720 Urbis-et
2351 4665 2494 4718 is'tius
2518 4665 2703 4718 moenia
2717 4665 2954 4718 restituit.

2041 4729 2186 4782 Orbis
2207 4733 2383 4796 honor,
2412 4732 2585 4796 patria:
2607 4739 2763 4796 tutor,
2781 4730 2980 4796 pietatis
2994 4737 3217 4796 amator.

2106 4797 2202 4846 Pro
2225 4795 2390 4846 studio
2411 4792 2545 4858 pacis
2570 4792 2852 4858 confoditur
2874 4792 3053 4856 jaculis

2043 4852 2316 4924 Septenum
2339 4852 2620 4924 denumque
2635 4855 2766 4905 diem
2786 4852 2890 4918 jam
2913 4854 3097 4924 mensis
3118 4853 3291 4924 agebat

2108 4915 2305 4978 Iunius,
2348 4928 2404 4970 ut
2421 4915 2712 4970 dira‘morte
2739 4915 3022 4982 peremptus
3051 4916 3156 4965 abit
3182 4915 3369 5040 (Apud(
3395 4916 3594 5039 lim-qn”

3374 4994 3403 5028 o
3484 5015 3494 5027 .

3374 4987 3494 5028 Obll.

2044 5050 2135 5115 Cui
2164 5047 2332 5115 Matris
2360 5044 2578 5115 Domini,
2611 5042 2796 5115 pariter
2824 5056 3020 5113 quoque
3042 5039 3271 5115 praesulis
3290 5034 3413 5089 almi

2111 5110 2319 5173 Remigii
2343 5109 2500 5172 pietas
2519 5105 2741 5157 obtineat
2775 5105 3012 5168 requiem.
3046 5106 3223 5152 Amen.

1986 5193 2232 5264 Denique
2257 5191 2606 5245 Winemarus
2656 5188 2780 5256 ejus
2832 5187 3197 5256 interemptor
3226 5185 3295 5238 ab
3319 5185 3597 5256 episcopis

1988 5281 2144 5356 regni
2175 5281 2506 5335 Francorum
2537 5294 2660 5332 cum
2716 5277 2829 5330 suis
2884 5273 3251 5345 complicibus
3281 5290 3602 5330 excommu-

1988 5372 2203 5428 nicatus
2238 5379 2295 5426 et
2359 5367 2876 5431 anathematizatus,
2923 5367 3154 5436 insuper
3217 5364 3510 5419 insanabili
3570 5380 3601 5416 a

1989 5462 2100 5516 Deo
2159 5475 2452 5532 percussus
2503 5467 2585 5515 est
2632 5457 2858 5512 vuluere
2939 5457 3182 5528 [Baron.,
3240 5454 3472 5524 ulcere],
3529 5453 3601 5506 ita

1987 5561 2049 5608 nt
2082 5551 2660 5623 computrescentibus
2716 5549 2997 5614 carnibus,
3054 5557 3108 5602 et
3159 5547 3471 5601 exundante
3510 5559 3602 5595 sa-

1989 5649 2102 5717 nie,
2150 5648 2306 5705 vivus
2351 5648 2708 5705 devoraretur
2749 5661 2780 5700 a
2825 5642 3139 5700 vermibus:
3178 5649 3233 5696 et
3286 5641 3415 5693 dum
3473 5650 3603 5708 pro-
