4010 6162
436 215 538 270 ἓῑὶὶ

1544 204 1908 258 PLODOARDI
1953 199 2256 256 CANONICI
2302 200 2644 257 REMENSIS.

3650 209 3745 263 292

442 347 563 411 pter
594 336 987 392 humanitatem
1045 331 1236 387 fetoris
1297 330 1561 386 nullusad
1621 345 1745 384 eum
1787 328 2053 382 accedere
2079 334 2307 396 Anere,
2365 327 2597 382 claudus
2645 328 2892 400 quidam,
2950 329 3021 384 de
3071 346 3180 402 quo
3225 332 3335 400 jam
3396 347 3560 402 supra
3610 339 3747 386 retu-

441 435 646 500 pusset,
687 422 1055 480 miserrimam
1079 421 1243 476 vitam
1277 419 1828 475 miserabilidecessu
1852 417 2052 472 finivit.

1077 514 1284 569 CAPUT
1326 513 1413 566 χι.

832 611 904 662 De
926 604 1232 675 pmsulatu
1261 604 1446 657 domni
1462 604 1697 656 Herivei.

509 699 770 772 Sequitur
793 699 847 752 in
879 694 1200 766 pontiﬁcatu
1227 693 1482 748 Remensi
1512 694 1750 748 domnus
1772 691 2053 754 Heriveus,

440 811 504 850 ex
532 794 657 848 aula
684 807 907 864 quoque
940 789 1087 861 regis
1117 788 1184 842 ad
1215 787 1592 858 episcopatum
1622 783 2050 854 assumptus,vir

434 903 640 960 genere
670 884 898 949 nobilis,
926 898 1100 951 nepos
1137 879 1396 935 videlicet
1462 894 1527 932 ex
1557 893 1747 932 sorore
1780 874 2046 930 Hucbaldi

436 976 675 1040 comitis,
707 975 800 1046 qui
825 972 1044 1041 juvenis
1083 970 1307 1041 quidem
1341 969 1408 1022 ad
1473 969 1620 1023 hunc
1648 973 1940 1036 provectus
1965 973 2048 1020 est

439 1067 726 1130 honorem,
757 1060 1190 1132 exsequentibus
1236 1067 1292 1114 et
1344 1057 1446 1112 rite
1493 1055 1905 1111 celebrantibus
1929 1054 2048 1121 ejus

438 1153 844 1208 ordinationem
874 1149 1083 1205 Riculfo
1115 1150 1440 1202 Suessorum
1460 1145 1742 1216 episc0po,
1779 1143 2045 1198 Dodilone

437 1244 840 1301 Cameracensi.
900 1241 1117 1314 Otgario
1171 1239 1546 1303 Ambianensi,
1581 1236 1862 1291 Mancione
1890 1231 2046 1286 Cata-

439 1333 715 1397 launensi,
741 1331 975 1386 Rodulfo
999 1327 1373 1392 Laudunensi,
1397 1327 1606 1382 Otfrido
1624 1322 2042 1386 Silvanecteusi,

439 1424 761 1493 caatcrisque
787 1419 1151 1475 dimcesaneis
1199 1433 1535 1472 consensum
1564 1413 1958 1485 praebentibus,
1995 1420 2051 1468 et

437 1517 718 1571 decretum
748 1515 912 1585 hujus
957 1510 1326 1568 ordinationis
1391 1506 1897 1564 corroborantibus.
1949 1505 2050 1570 Qui

439 1624 560 1663 mox
593 1608 722 1662 huic
759 1605 899 1659 adeo
922 1602 1115 1676 gradui
1137 1617 1259 1656 sese
1277 1598 1540 1654 exhibere
1555 1596 2047 1661 studuithabilem,

437 1700 603 1755 bonis
632 1698 892 1754 omnibus
920 1695 1175 1767 praebens
1227 1693 1546 1756 amabilem,
1595 1689 1729 1760 ipsis
1755 1689 1922 1744 etiam
1950 1704 2046 1742 se-

439 1787 943 1842 nibusimitabilem
979 1803 994 1840 :
1026 1784 1301 1857 benignus
1355 1788 1564 1834 amator
1613 1779 1852 1833 existens
1917 1791 2053 1846 pau-

439 1893 658 1948 perum,
681 1878 863 1951 largus
901 1874 1106 1930 solator
1136 1870 1538 1945 religiosorum,
1573 1867 1915 1936 multumque
1947 1865 2049 1918 mi-

419 1964 657 2018 sericors
690 1973 966 2019 recreator
1015 1961 1318 2036 lugentium
1372 1958 1699 2012 miserorum
1744 1955 2049 2010 :ecclesia-

437 2057 590 2112 sticis
625 2057 873 2129 apprime
929 2055 1220 2110 cantilenis
1303 2053 1572 2116 eruditus,
1627 2067 1690 2106 ac
1743 2048 2051 2122 psalmodia

439 2146 770 2216 praecipuus,
822 2152 876 2199 et
902 2145 1064 2213 hujus
1120 2143 1511 2198 exercitatione
1544 2142 1829 2209 limitatus,
1861 2143 2048 2198 animo

437 2239 699 2310 vultuque
723 2239 1022 2307 jocundus,
1057 2237 1243 2292 suavis
1290 2244 1453 2307 atque
1481 2235 1825 2301 mitissimus,
1855 2235 2040 2290 omni-

437 2345 546 2401 que
577 2329 824 2384 bonitate
868 2328 1224 2398 conspicuus,
1270 2334 1424 2397 pater
1479 2325 1633 2390 cleri,
1673 2334 1838 2397 atque
1879 2325 2043 2380 totius

435 2417 622 2488 populi
655 2417 780 2488 pius
805 2427 1071 2488 patronus
1105 2417 1326 2470 :tardus
1345 2415 1413 2469 ad
1438 2402 2042 2478 irascendum,etvelox

435 2510 503 2564 ad
535 2508 906 2564 miserandum
955 2520 1167 2565 amator
1198 2509 1561 2564 Ecclesiarum
1621 2509 1737 2575 Dei,
1769 2516 1821 2562 et
1845 2508 2039 2563 fortis-

434 2601 606 2655 simus
633 2600 796 2655 ovilis
817 2599 923 2653 sibi
949 2599 1228 2654 commissi
1247 2615 1373 2653 cum
1405 2598 1497 2652 Dei
1525 2598 1725 2652 virtute
1756 2595 2036 2652 defensor.

440 2690 665 2760 Recepit
691 2689 932 2758 denique
954 2703 1041 2742 res
1069 2687 1316 2742 diversas
1336 2695 1392 2742 et
1421 2686 1576 2742 villas
1599 2687 1874 2755 Ecclesiae,
1907 2703 2046 2759 quas

437 2791 754 2838 antecessor
780 2800 914 2837 suus
966 2800 1065 2854 per
1122 2784 1397 2853 precarias
1448 2782 1564 2836 sive
1623 2784 1928 2853 praestarias
1958 2783 2045 2837 di-

437 2875 611 2932 versis
648 2874 954 2929 contulerat
1011 2874 1284 2945 personis.
1331 2873 1425 2929 Cui
1489 2874 1682 2929 sedula
1743 2875 2046 2930 intentione

2075 1647 2126 1714 B

2156 414 2337 479 limus,
2412 417 2609 472 virtute
2691 417 2875 472 divina
2931 427 3185 482 erectus,
3269 428 3322 475 et
3401 421 3749 476 incolumitati

2155 514 2238 561 est
2269 507 2571 562 restitutus.
2611 508 2709 562 Ubi
2740 524 2862 563 cum
2892 510 3097 565 multus
3141 512 3436 567 haberetur
3502 513 3751 582 populus,

2159 595 2336 649 turbis
2366 597 2611 668 undique
2667 598 3098 664 conﬂuentibus,
3142 601 3372 672 principi
3432 601 3753 672 Burgundite

2157 682 2430 740 Richardo
2468 686 2679 760 vagina:
2709 702 2842 742 auro
2868 696 3161 752 exornatae,
3181 689 3519 762 gemmisque
3554 689 3754 743 decen-

2156 779 2243 826 ter
2269 773 2519 840 excultte,
2559 775 2796 847 agminis
2818 775 3090 831 densitate
3110 777 3330 847 stipato,
3362 776 3758 830 abscinduntur

2147 880 2178 917 a
2209 865 2410 921 balteo.
2469 866 2612 932 Quas
2649 867 2872 938 quidam
2932 869 3243 942 negotiator
3298 876 3509 939 emptas
3541 884 3641 939 per
3671 868 3755 921 di-

2147 971 2306 1010 versa
2356 957 2549 1012 detulit
2596 957 2734 1023 fora,
2801 973 2901 1012 nec
2941 957 3146 1012 alicubi
3207 958 3524 1020 venundare
3556 957 3754 1027 potuit,

2148 1045 2327 1099 donec
2359 1053 2480 1115 post
2527 1061 2734 1100 annum
2771 1047 2836 1100 ad
2888 1046 3144 1100 eumdem
3179 1047 3481 1117 principem
3533 1047 3588 1100 in
3619 1048 3755 1100 Bur-

2145 1137 2408 1208 gundiam
2438 1137 2580 1209 [ms.,
2625 1138 2680 1191 in
2724 1137 3056 1212 Burgundia]
3119 1138 3324 1205 retulit,
3345 1155 3482 1209 quas
3515 1139 3606 1192 ille
3636 1153 3756 1192 cum

2143 1229 2441 1298 gratiarum
2487 1228 2727 1292 actione,
2787 1237 2842 1284 et
2895 1229 3068 1284 sancti
3100 1229 3330 1304 Remigii
3373 1229 3758 1285 benedictione

2147 1321 2380 1390 recepit.

2761 1407 2970 1462 CAPUT
3021 1408 3160 1462 Xlll.

2219 1515 2294 1566 De
2321 1516 2664 1582 reparatione
2691 1515 2859 1567 castri
2875 1515 3118 1579 Mosomi,
3137 1514 3478 1584 aliarumque
3513 1516 3695 1569 muni-

2397 1605 2598 1656 tionum
2620 1601 3003 1670 quarumdam,
3037 1603 3120 1656 uel
3151 1605 3514 1658 ecclesiarum.

2225 1709 2320 1763 llic
2362 1709 2609 1780 pontifex
2665 1718 2903 1765 castrum
2964 1710 3262 1765 Mosomum
3301 1712 3568 1780 (Mouson)
3600 1725 3759 1779 repa-

2155 1800 2285 1854 ratis
2327 1801 2526 1854 muniit
2578 1801 2770 1868 muris,
2830 1807 2882 1856 et
2928 1801 3215 1856 ecclesiam
3277 1800 3411 1854 inibi
3469 1799 3762 1854 dirutama

2152 1907 2292 1947 novo
2324 1893 2667 1960 restauravit,
2697 1900 2861 1964 atque
2893 1893 2948 1947 in
2981 1894 3192 1948 honore
3222 1901 3422 1947 sanctae
3447 1891 3540 1946 Dei
3576 1889 3756 1945 Geni-

2151 1983 2326 2050 tricis,
2360 1993 2420 2040 ut
2443 1985 2573 2040 olim
2630 1984 2824 2052 fuerat,
2876 1985 3171 2052 dedicavit,
3225 1983 3506 2039 collocatis
3540 1983 3604 2054 [j,
3643 1984 3760 2037 col-

2151 2071 2292 2142 latis]
2349 2072 2425 2126 ibi
2475 2073 2647 2128 sancti
2703 2074 2934 2129 Victoris
2958 2073 3198 2140 ossibus,
3226 2074 3348 2144 quin
3382 2071 3525 2126 haud
3572 2071 3763 2142 procul

2149 2163 2218 2217 ab
2250 2179 2317 2219 eo
2347 2163 2562 2220 fuerant
2591 2165 2815 2220 castello
2848 2175 3062 2236 reperta
3141 2165 3506 2220 Munitionem
3539 2180 3763 2235 quoque

2147 2253 2296 2323 apud
2325 2254 2672 2310 Bodiciacum
2699 2255 2922 2326 (Coucy)
2976 2263 3093 2311 tuto
3125 2257 3245 2311 loco
3276 2255 3763 2326 constituit,atque

2143 2344 2398 2401 tirmavit.
2442 2348 2612 2402 Aliam
2640 2347 3007 2404 nihilominus
3025 2349 3390 2403 munitionem
3414 2348 3561 2418 apud
3587 2348 3761 2418 Spar-

2144 2453 2338 2494 nacum
2369 2456 2536 2510 super
2575 2440 2801 2495 fluvium
2861 2441 3158 2497 Maternam
3202 2441 3523 2497 construxit.
3578 2441 3765 2495 Eccle-

2143 2530 2252 2585 sias
2277 2532 2441 2586 etiam
2500 2534 2819 2598 nonnullas,
2880 2550 3002 2605 quae
3049 2534 3151 2588 sub
3181 2534 3571 2604 persecutione
3594 2534 3761 2587 Nort-

2146 2639 2473 2680 mannorum
2514 2625 2708 2680 diruta:
2759 2626 3002 2694 fuerant,
3063 2627 3354 2681 restaurari
3421 2625 3548 2680 fecit
3598 2634 3764 2697 atque

2144 2714 2509 2768 consecravit.
2541 2714 2648 2768 Sed
2681 2721 2734 2769 et
2792 2714 2845 2768 in
2893 2715 3102 2789 Vosago
3157 2715 3298 2770 infra
3350 2713 3762 2786 possessionem

2149 2804 2294 2859 beati
2330 2805 2561 2878 Remigii
2587 2805 2875 2860 ecclesiam
2909 2807 3237 2874 construxit,
3271 2823 3334 2861 ac
3356 2823 3454 2876 per
3473 2817 3762 2859 assensum

2149 2899 2607 2973 Magontiacensis
2637 2899 2907 2970 episcopi,
2952 2899 3221 2972 depositis
3251 2899 3384 2953 inibi
3431 2897 3765 2972 pignoribus

437 2969 666 3078 iectu)“
697 2967 988 3078 Sipil‘il‘alia.
1020 2966 1311 3078 δῖηιξςηῑθτ
1357 2966 2046 3078 θξυδετδιζθηῑβθπξροτθ·
2075 3011 2124 3078 C
2149 2966 2400 3060 ejusdem
2423 2989 2621 3055 sancti,
2663 2966 2957 3044 dedicavit.
2996 2966 3178 3044 Remis
3225 2966 3445 3061 quoque
3473 2966 3764 3041 ecclesiam

440 3061 533 3128 lia,
565 3077 688 3132 quaa
719 3060 837 3131 ipse
858 3060 1087 3114 honesta
1117 3058 1478 3130 dispensabat
1509 3059 1820 3129 prudentia,
1851 3059 2045 3129 dispo-

439 3166 578 3204 nens
606 3148 1048 3220 competentibus
1070 3148 1416 3219 episcOpium
1443 3147 2046 3218 ministerialibus,ipse

437 3239 783 3293 orationibus
820 3238 1160 3292 incessanter
1223 3239 1487 3292 intentus.
1548 3236 1851 3307 Replentur
1881 3236 2048 3308 igitur

441 3330 696 3385 Ecclesia:
727 3330 944 3384 diversa
973 3330 1138 3384 bonis
1167 3329 1463 3384 uberrimis
1511 3336 1616 3384 tam
1667 3329 2055 3399 horrea,quam

439 3419 810 3490 promptuaria
872 3419 1299 3490 ;disponuntur
1362 3426 1560 3474 cuncta
1609 3427 1722 3472 tum
1808 3418 2049 3472 rationa-

440 3509 645 3576 biliter,
669 3519 783 3566 tum
817 3511 1249 3567 misericorditer
1304 3511 1530 3583 praedia,
1569 3511 1668 3565 sed
1695 3517 1749 3564 et
1797 3509 2049 3581 quaedam

440 3609 764 3672 reparantur
786 3601 856 3656 ab
883 3617 971 3668 eo,
1014 3604 1098 3658 vel
1126 3602 1289 3656 etiam
1331 3601 1696 3656 instituuntur
1726 3600 2047 3671 municipia.

1041 3693 1248 3748 CAPUT
1276 3691 1389 3747 Xll.

504 3789 578 3840 De
603 3787 864 3840 relatione
891 3785 1275 3856 beatiﬁemigii
1300 3782 1375 3836 ad
1391 3786 1776 3837 monasterium
1791 3796 1975 3836 suum.

507 3875 600 3930 Hic
625 3877 825 3946 praesul
876 3891 1077 3947 corpus
1116 3874 1265 3930 beati
1321 3873 1576 3948 Remigii,
1627 3873 1775 3945 quod
1813 3880 2045 3927 eatenus

433 3966 487 4021 in
511 3966 724 4022 civitate
750 3966 1070 4021 servabatur
1125 3965 1362 4021 locatum
1393 3971 1517 4036 post
1548 3965 1717 4020 altare
1741 3963 1836 4018 Dei
1867 3963 2038 4018 Geni-

433 4055 583 4109 tricis
613 4057 836 4122 majoris
867 4056 1134 4117 ecclesiae,
1165 4055 1232 4109 ad
1247 4055 1530 4109 basilicam
1558 4053 2045 4125 sepulturaaipsius

433 4143 608 4198 sancti
643 4143 847 4197 referre
878 4143 1155 4214 disposuit
1215 4146 1328 4213 (an.
1383 4145 1506 4202 901.
1544 4159 1594 4196 ιν
1616 4144 1722 4198 Kal
1741 4142 2039 4212 Januarii).

431 4231 554 4285 Erat
581 4241 760 4287 autem
795 4233 1032 4286 hiemale
1065 4239 1306 4302 tempus,
1332 4240 1387 4286 et
1415 4232 1482 4286 ad
1503 4230 1892 4286 celebrandam
1934 4232 2043 4286 Do-

431 4321 615 4375 minici
641 4321 835 4376 natalis
864 4319 1292 4385 solemnitatem,
1347 4327 1453 4374 tam
1487 4335 1578 4374 rex
1597 4319 1844 4387 Karolus,
1877 4336 2040 4392 quam

433 4413 685 4468 nonnulli
719 4429 976 4483 proceres
1006 4413 1127 4482 ejus
1159 4412 1211 4466 in
1258 4411 1399 4466 hanc
1428 4420 1802 4468 convenerant
1822 4412 2039 4469 urbem.

431 4508 676 4580 Cumque
708 4508 793 4562 his
823 4507 1041 4574 diebus,
1061 4507 1246 4563 multis
1299 4507 1720 4562 imminentibus
1751 4507 2044 4576 imbribus,

434 4601 666 4657 nimium
699 4619 796 4675 per
828 4612 1012 4664 totam,
1070 4609 1125 4657 et
1167 4602 1594 4673 circumquaque
1628 4600 1926 4656 haberetur
1948 4601 2039 4656 lu-

432 4703 566 4760 tum,
597 4693 862 4765 conqueri
903 4691 1060 4747 multi
1109 4707 1330 4762 cmpere
1359 4691 1596 4764 qualiter
1619 4691 1755 4745 illud
1786 4699 2039 4746 sanctum

429 4803 629 4860 corpus
687 4795 815 4843 tunc
839 4788 906 4842 ad
965 4787 1143 4842 locum
1183 4786 1514 4842 destinatum
1541 4785 1786 4840 valerent
1813 4785 2030 4842 efferre.

430 4876 646 4932 Factum
691 4883 774 4931 est
802 4884 1009 4941 autem,
1060 4883 1120 4930 ut
1168 4882 1330 4931 nocte
1377 4883 1500 4946 post
1525 4882 1836 4932 sanctorum
1869 4877 2036 4932 lnno-

428 4963 670 5018 centium
695 4963 896 5032 natale,
929 4963 1527 5036 cujusinsequentedie
1552 4964 1604 5018 id
1637 4964 1822 5036 operis
1844 4963 2035 5035 dispo-

429 5057 664 5112 nebatur
693 5058 921 5129 expleri,
978 5057 1152 5113 Borea
1182 5074 1247 5112 ex
1292 5058 1589 5129 improviso
1636 5058 1818 5113 media
1875 5065 2036 5114 nocte

428 5151 960 5225 insurgente,totius
980 5150 1165 5206 subito
1213 5150 1349 5205 caeni
1394 5151 1673 5224 gelaretur
1703 5150 2032 5213 immanitas,

427 5238 500 5292 ita
531 5246 590 5293 ut
608 5240 757 5293 humi
809 5239 1039 5311 limique
1087 5240 1315 5294 humore
1366 5239 1664 5306 desiccato,
1706 5254 1804 5310 per
1841 5239 2038 5314 glaeiei

426 5333 653 5397 repente
677 5327 818 5382 data
847 5325 1221 5398 superﬁciem,
1278 5327 1426 5384 sicco
1469 5328 1758 5400 liberoque
1782 5328 2036 5401 vestigio,

428 5414 677 5471 membra
715 5431 868 5471 sacra
902 5415 1016 5486 [ms.
1051 5416 1103 5485 j,
1153 5416 1314 5488 sacri]
1369 5417 1617 5472 valerent
1669 5417 1870 5473 deferri
1905 5432 2044 5489 pon-

425 5505 623 5561 tiﬁcis.
652 5505 720 5561 At
747 5505 843 5560 ubi
865 5513 1016 5561 extra
1073 5506 1350 5562 civitatem
1376 5514 1601 5562 ventum
1627 5514 1710 5562 est
1738 5507 1808 5562 ad
1838 5507 2044 5574 locum,

427 5599 578 5654 unde
609 5598 1004 5655 monasterium
1039 5598 1214 5668 ipsius
1245 5599 1458 5654 directo
1505 5599 1615 5668 jam
1640 5605 1922 5671 peteretur
1950 5601 2045 5656 iti-

2148 3079 2202 3134 in
2236 3081 2444 3137 honore
2475 3081 2647 3136 sancti
2697 3081 2941 3153 Dionysii
2991 3089 3140 3136 extra
3191 3097 3406 3136 murum
3450 3078 3693 3134 civitatis
3741 3095 3768 3130 a

2145 3172 2428 3228 canonicis
2475 3173 2630 3228 urbis
2673 3180 3039 3228 constructam
3099 3171 3438 3227 consecravit
3478 3212 3492 3234 ,
3548 3169 3646 3223 ubi
3717 3179 3768 3223 et

2157 3264 2406 3318 membra
2459 3273 2772 3320 sanctorum
2823 3265 2968 3320 beati
3048 3264 3331 3344 Rigoberti
3382 3261 3659 3333 episc0pi,
3717 3269 3768 3314 et

2157 3355 2330 3409 sancti
2357 3353 2640 3409 Theodulti
2662 3354 2880 3409 abbatis
2910 3354 3180 3409 servanda
3201 3353 3475 3424 deposuit.
3509 3351 3766 3422 Cryptam

2152 3457 2373 3513 quoque
2402 3442 2506 3497 sub
2541 3443 2659 3514 ipsa
2686 3443 2818 3498 sedc
2849 3443 3075 3512 majoris
3100 3441 3369 3509 ecclesiae,
3398 3456 3523 3512 qua:
3543 3440 3642 3493 diu
3678 3439 3769 3493 tel-

2151 3530 2270 3584 lure
2302 3538 2575 3586 manserat
2605 3533 2848 3602 oppleta,
2880 3531 2974 3585 ubi
3017 3531 3213 3586 beatus
3243 3531 3524 3605 Remigius
3549 3539 3766 3584 secreto

2151 3635 2342 3690 preces
2371 3620 2484 3676 Deo
2511 3619 2744 3674 fundere
2783 3619 2957 3675 fertur
3013 3619 3346 3686 assuevisse,
3374 3619 3697 3681 mundatam
3718 3625 3768 3670 et

2150 3710 2421 3765 excultam
2453 3710 2508 3764 in
2539 3711 2750 3766 honore
2781 3711 2959 3781 ipsius
2985 3712 3158 3766 sancti
3185 3710 3434 3782 praesulis
3471 3725 3766 3765 consecra-

2149 3803 2242 3858 vit.
2272 3803 2451 3858 Multis
2495 3819 2718 3875 quoque
2761 3803 3008 3858 donariis
3065 3805 3391 3858 Remensem
3461 3803 3760 3858 Ecclesiam

2148 3894 2482 3964 perornavit,
2513 3895 2733 3950 coronis
2762 3895 3040 3969 argenteis
3071 3905 3237 3966 atque
3269 3894 3760 3965 lampadibus,tam

2147 3985 2350 4053 aureis,
2405 4002 2570 4058 quam
2625 3988 2922 4061 argenteis,
3000 3985 3350 4041 illuminavit.
3410 3985 3542 4038 Aliis
3595 3985 3759 4039 etiam

2143 4077 2287 4131 vasis
2341 4079 2632 4150 utriusque
2673 4079 2834 4148 hujus
2865 4079 3090 4150 pretiosi
3122 4079 3351 4145 metalli,
3383 4077 3479 4132 sed
3513 4087 3570 4131 et
3600 4091 3761 4150 gem-

2143 4167 2283 4221 meis
2332 4167 2397 4241 |j,
2475 4168 2728 4240 gemmis]
2812 4167 3224 4241 locupletavit.
3273 4167 3506 4236 Insuper
3562 4171 3619 4218 et
3681 4163 3761 4216 al-

2144 4264 2260 4313 tare
2293 4258 2348 4312 in
2381 4260 2564 4315 medio
2612 4261 2765 4316 chori
2811 4261 2914 4315 sub
2961 4261 3173 4316 honore
3225 4265 3425 4313 sancta:
3483 4256 3764 4310 Trinitatis

2063 4351 2318 4430 Dedidit
2367 4358 2531 4423 atque
2579 4352 2802 4421 dicavit,
2862 4361 2917 4409 et
2965 4352 3166 4408 tabulis
3220 4361 3450 4424 argento
3477 4349 3762 4420 coapertis

2147 4439 2532 4495 circumdedit.
2565 4442 2794 4497 Crucem
2839 4457 3058 4514 quoque
3092 4441 3354 4510 majorem
3379 4455 3514 4494 auro
3545 4454 3760 4508 000pe-

2150 4535 2279 4604 ruit,
2313 4543 2368 4591 et
2419 4536 2653 4609 gemmis
2699 4552 2822 4591 cum
2879 4536 3243 4592 sacrosanctis
3273 4534 3602 4610 pignoribus
3656 4535 3761 4587 de-

2141 4631 2329 4679 center
2348 4624 2659 4697 insignivit.
2692 4625 3039 4680 Ornamentis
3069 4625 3230 4680 etiam
3248 4622 3572 4678 holosericis
3592 4637 3759 4693 quam

2143 4716 2395 4786 plurimis
2443 4718 2642 4770 almam
2704 4717 2984 4772 decoravit
3025 4717 3227 4771 aulam.
3267 4714 3395 4769 Mihi
3451 4730 3677 4786 quoque
3708 4720 3764 4766 et

2133 4808 2349 4863 caeteris
2372 4816 2484 4864 tam
2531 4808 2747 4864 clericis
2796 4808 3103 4876 canonicis,
3161 4823 3324 4879 quam
3365 4806 3676 4870 monachis,
3706 4811 3763 4858 et

2133 4895 2667 4963 sanctimonialibus,
2697 4897 3071 4967 omnibusque
3103 4911 3201 4966 pro
3224 4895 3460 4949 diversis
3487 4910 3615 4948 eum
3649 4909 3759 4962 pe-

2136 4989 2380 5044 tentibus
2408 4988 2917 5044 necessitudinibus
2948 4988 3118 5043 multa
3151 4987 3379 5060 largitus
3399 4993 3483 5041 est
3515 4985 3681 5040 bona.

2766 5101 2975 5158 CAPUT
2996 5101 3128 5157 XIV.

2138 5220 2212 5274 De
2240 5218 2594 5286 synodalibus
2647 5219 2888 5273 consiliis
2945 5218 3170 5282 habitis,
3211 5221 3260 5270 et
3299 5217 3764 5273 Nortmannorum

2242 5310 2600 5374 conversione,
2628 5308 2710 5362 vel
2751 5307 3094 5376 expeditione
3125 5309 3316 5360 contra
3343 5306 3647 5371 Hungaros.

2216 5417 2532 5474 Conventus
2552 5417 2794 5488 denique
2825 5415 3125 5487 synodales
3154 5430 3302 5486 saepe
3324 5429 3447 5469 cum
3470 5413 3766 5484 coepisco-

2147 5508 2231 5579 pis
2287 5523 2400 5564 suae
2435 5507 2748 5562 diteceseos
2793 5505 2990 5561 habuit
3023 5505 3119 5560 :in
3172 5503 3376 5575 quibus
3426 5502 3496 5556 de
3545 5517 3679 5573 pace
3708 5511 3766 5556 et

2147 5599 2421 5676 religione
2442 5608 2646 5657 sancta:
2675 5600 2767 5655 Dei
2801 5599 3079 5664 Ecclesiae,
3111 5605 3365 5668 statuque
3398 5595 3549 5670 regni
3583 5593 3754 5650 Fran-
