4008 6158
165 241 256 297 293

789 205 1119 285 HISTORIA:
1158 219 1494 281 ECCLESIAE
1534 216 1864 274 REMENSIS
1902 214 2083 271 LIBRI
2126 216 2466 282 QUATUOR.
2501 249 2563 258 —
2596 217 2724 274 LIB.
2769 218 2854 274 IV.

3404 219 3512 275 294

162 381 336 423 corum
363 360 656 417 salubriter
682 363 1178 426 competenterque
1209 348 1464 406 tractavit
1508 347 1583 400 De
1616 344 1770 399 Nort-
1793 349 1848 416 Α
1873 341 1942 396 ad
1973 341 2440 397 constituendum
2488 358 2674 415 regem
2729 343 3028 398 Robertum
3059 342 3206 412 apud
3234 344 3287 398 S.
3324 343 3507 398 Remi-

163 468 472 510 mannorum
527 463 748 520 quoque
793 443 1162 518 mitigatione,
1193 449 1359 510 atque
1403 433 1770 492 conversione

1873 435 2025 509 gium
2049 433 2386 509 congregati
2433 441 2635 494 essent.
2688 435 2837 489 idem
2889 435 3356 506 archiepiscopus,
3390 437 3512 489 lan-

163 544 306 598 valde
336 537 628 600 laboravit,
687 535 866 590 donec
923 532 1169 586 tandem.
1203 535 1328 599 post
1358 526 1587 590 bellum,
1623 523 1771 595 quod
1873 543 2048 601 guore
2080 528 2416 599 depressus,
2437 528 2543 582 vita
2564 529 2822 592 decessit,
2845 529 3001 584 tertia
3018 529 3108 584 die
3137 531 3513 600 scilicetpost-

168 639 423 693 Robertus
439 646 631 687 comes
659 639 850 684 contra
892 643 988 682 eos
1010 625 1353 679 Carnotenus
1377 620 1570 695 gessit,
1607 617 1772 672 fidem
1876 633 2040 688 quam
2083 616 2368 672 Robertus
2432 633 2522 670 rex
2574 617 2749 671 factus
2796 617 2988 684 fuerat,
3038 626 3231 688 quarto
3261 634 3389 672 vero
3421 618 3510 672 die

165 730 346 786 Christi
393 727 684 796 suscipere
732 729 1082 794 receperunt,
1112 716 1389 774 concessis
1419 714 1530 770 sibi
1558 712 1776 768 mariti-

165 825 252 879 mis
264 821 599 894 quibusdam
619 816 798 888 pagis,
821 831 945 870 cum
976 807 1609 883 Rothomagensi,quam
1630 820 1777 876 pene

164 921 468 974 deleverant
499 911 666 976 urbe,
693 918 748 965 et
777 909 902 964 aliis
933 908 1113 962 eidem
1133 903 1414 971 subjectis.
1451 901 1529 955 Ad
1551 897 1780 970 petitio-

165 1025 273 1062 nem
301 1019 530 1077 quoque
559 998 826 1054 Wittonis
855 1005 988 1052 tunc
1014 990 1470 1066 Rothomagensis
1498 987 1774 1059 episcOpi,

165 1100 379 1156 collecta
411 1113 478 1151 ex
511 1093 751 1148 diversis
764 1087 1180 1144 auctoritatibus
1207 1090 1523 1138 sanctorum
1551 1081 1776 1135 Patrum

167 1188 373 1262 triginta
395 1195 509 1239 tres
548 1181 794 1252 capitula
820 1178 1057 1250 qualiter
1086 1177 1186 1248 ipsi
1209 1174 1530 1230 Nortmanni
1558 1170 1784 1262 tractari

168 1261 446 1334 deberent,
499 1270 693 1324 eidem
751 1267 1168 1336 archiepiscopo
1220 1264 1513 1335 delegavit.
1553 1261 1788 1332 Insuper

165 1368 313 1422 etiam
350 1365 665 1418 Romanum
699 1356 1021 1430 pontificem
1035 1351 1594 1426 superhujuscemodi
1619 1367 1785 1422 nego-

167 1456 536 1513 tioconsulere
550 1450 786 1506 studuit.
803 1450 881 1503 Ad
897 1448 1054 1516 cujus
1081 1447 1325 1502 consulta
1336 1462 1458 1518 quae
1485 1446 1632 1500 circa
1654 1462 1783 1519 gen-

169 1549 227 1600 tis
249 1546 414 1613 hujus
431 1538 862 1597 conversionem
881 1536 1234 1606 exsequenda
1259 1534 1460 1600 forent,
1495 1532 1783 1588 insinuare

169 1655 265 1694 non
297 1636 534 1691 destitit.
572 1633 864 1702 llungarus
911 1643 1132 1698 quoque
1165 1643 1390 1698 regnum
1423 1625 1783 1681 Lothariense

1878 713 2182 776 antequam
2215 704 2549 759 vicesimum
2597 704 2903 759 secundum
2930 705 3014 758 sui
3041 707 3390 776 episcopatus
3419 724 3514 760 ex-

1879 799 2059 870 pleret
2089 814 2327 852 annum.
2363 798 2799 872 Contigitautem
2818 807 2880 853 ut
2910 799 3029 869 ipsa
3043 800 3132 854 die
3149 800 3232 854 sui
3253 801 3513 855 decessus

1882 887 2072 958 plures
2098 885 2195 957 qui
2224 886 2574 942 advenerant
2602 887 2876 958 episcopi,
2911 887 3237 942 Remensem
3273 889 3515 962 ingrede-

1881 981 2078 1030 rentur
2102 974 2328 1041 urbem,
2353 976 2561 1047 quique
2586 975 2752 1030 funus
2798 976 2973 1046 ipsius
3003 976 3188 1050 dignis
3241 978 3518 1048 exsequiis

1881 1065 2258 1132 celebrantes;
2283 1083 2408 1122 cum
2437 1068 2676 1122 maximo
2705 1083 2955 1130 suorum,
2992 1069 3091 1122 sed
3121 1076 3175 1122 et
3207 1077 3516 1124 exterorum

1889 1158 2066 1226 luctu,
2100 1159 2325 1215 decenti
2361 1161 2638 1215 tradidere
2669 1160 2988 1230 sepulturae.

2502 1253 2714 1308 CAPUT
2733 1253 2931 1308 XVIII.

2258 1346 2336 1399 De
2355 1345 2687 1399 successione
2716 1343 2880 1412 Seulﬂ
2909 1347 3164 1414 episcopi.

1959 1436 2239 1492 Successit
2272 1437 2401 1492 huic
2435 1435 2915 1508 prmsuliSeulfus,
2951 1437 3045 1508 qui
3081 1445 3207 1490 tunc
3233 1435 3386 1490 urbis
3415 1438 3521 1491 hu-

1882 1529 1974 1598 jus
1993 1529 2306 1586 ministerio
2325 1531 3176 1604 fungebaturarchidiaconatus:
3209 1532 3408 1585 virtam
3429 1547 3518 1585 ec-

1885 1621 2240 1685 clesiasticis,
2270 1636 2438 1692 quam
2468 1619 2828 1678 saecularibus
2857 1620 3168 1691 disciplinis
3185 1621 3526 1676 sufficienter

167 1725 636 1800 deprtedantibus,
669 1693 801 1776 d'um
833 1693 1061 1774 Karolus
1091 1693 1347 1789 proceres
1375 1718 1707 1774 Francorum
1729 1719 1785 1773 in
1815 1693 1866 1761 Β
1889 1713 2228 1800 ἱῐιδῑΓ-υθῑυεε
2260 1709 2473 1800 finiqu
2493 1709 2638 1800 δριξξί
2664 1709 2971 1784 Remigium
2989 1711 3522 1767 ᾹηῐίεδίοάοΓοηεθῐη

166 1820 420 1876 auxilium
442 1817 550 1871 sibi
583 1821 781 1870 contra
806 1819 1029 1886 gentem
1050 1811 1223 1881 ipsam
1260 1817 1608 1875 convocaret,
1633 1811 1788 1866 solus

167 1912 243 1965 hic
276 1907 482 1980 praesul
515 1921 583 1959 ex
613 1901 878 1958 omnibus
904 1899 1060 1972 regni
1085 1899 1247 1966 hujus
1271 1898 1620 1969 primatibus,
1661 1915 1783 1954 cum

167 2005 271 2058 suis
291 2009 505 2055 tantum
527 1998 583 2051 in
606 1993 988 2050 defensionem
1009 1991 1260 2046 Ecclesiae
1283 1992 1375 2046 Dei
1391 1993 1506 2067 regi
1522 1993 1784 2061 occurrit,

170 2094 378 2147 habens
404 2095 650 2144 armatos
676 2099 862 2138 secum
885 2083 1008 2152 (ceu
1039 2079 1232 2150 fertur)
1253 2081 1405 2136 mille
1427 2081 1781 2156 quingentos.

812 2176 1020 2232 CAPUT
1045 2175 1148 2230 XV.

273 2277 350 2329 De
379 2271 576 2327 Karoli
599 2271 742 2336 regis
772 2285 807 2321 α
834 2271 948 2323 suis
975 2267 1225 2322 derelicti
1268 2270 1671 2324 sustentatione.

233 2362 506 2435 Sequenti
535 2375 665 2415 vero
693 2374 836 2413 anno
868 2356 1034 2427 (920),
1077 2373 1200 2411 cum
1231 2373 1370 2428 pene
1397 2357 1583 2414 cuncti
1612 2357 1788 2411 Fran-

172 2473 359 2513 corum
390 2454 686 2524 Optimates
703 2450 851 2521 apud
878 2449 1074 2504 urbem
1101 2449 1526 2506 Suessonicama
1547 2464 1679 2522 rege
1693 2464 1792 2502 suo

173 2549 369 2604 liarolo
431 2545 826 2608 desciscentes,
879 2547 1104 2613 propter
1140 2541 1488 2615 Haganonem
1520 2541 1788 2597 consilia-

175 2640 311 2692 rium
342 2652 530 2697 suum,
584 2649 748 2704 quem
808 2632 876 2685 de
927 2630 1301 2686 mediocribus
1350 2632 1586 2686 electum
1618 2645 1788 2701 super

174 2727 666 2799 omnesprincipes
695 2724 955 2780 audiebat
985 2730 1039 2778 et
1059 2723 1383 2787 honorabat,
1410 2741 1536 2780 eum
1566 2725 1791 2795 penitus

179 2826 556 2896 reliquissent,
591 2820 679 2874 hic
708 2819 955 2890 pontifex
983 2819 1167 2874 fidelis
1197 2826 1251 2874 et
1271 2819 1396 2890 pius
1421 2826 1587 2890 atque
1628 2817 1794 2872 robu-

175 2928 294 2970 stus
311 2914 364 2966 in
389 2909 656 2982 periculis
679 2910 1172 2980 semperexistens,
1191 2925 1373 2981 regem
1389 2907 1702 2979 intrepidus
1724 2905 1794 2960 ab

180 3004 378 3059 eodem
408 3001 534 3056 loco
547 2999 872 3070 suscipiens,
893 2999 961 3052 ad
975 3005 1238 3052 metatum
1258 3014 1417 3053 suum
1436 2997 1581 3052 dedu
1628 2996 1695 3061 it;
1713 2994 1798 3048 in-

181 3095 363 3164 deque
398 3104 588 3144 secum
618 3088 686 3141 ad
701 3087 891 3142 urbem
922 3087 1248 3142 Remensem
1282 3087 1800 3158 perduxit,persep-

184 3195 288 3240 tem
323 3183 442 3238 fere
475 3196 693 3234 menses
718 3195 841 3234 eum
862 3186 1187 3250 prosecutus
1203 3188 1364 3251 atque
1391 3181 1684 3235 comitatus
1702 3186 1808 3244 est,

188 3277 368 3330 donec
391 3273 469 3327 illi
501 3272 728 3327 comites
756 3287 908 3338 suos,
942 3273 1312 3343 eumdemque
1344 3287 1511 3346 regno
1545 3271 1806 3327 restituit.

815 3363 1022 3419 CAPUT
1073 3363 1204 3418 XVI.

189 3461 264 3512 De
279 3457 566 3514 Erlebaldi
584 3458 790 3510 comitis
803 3457 1365 3522 excommunicatione,
1380 3461 1429 3512 et
1449 3457 1786 3512 absolutione
1798 3499 1810 3511 .

261 3545 766 3601 Excommunicavit
796 3545 886 3600 hic
946 3545 1143 3616 praesul
1172 3545 1522 3600 Erlebaldum
1553 3546 1811 3603 comitem

195 3635 558 3690 Castricensis
585 3636 728 3710 pagi,
772 3643 994 3706 pr0pter
1045 3635 1338 3690 Bernensis
1395 3637 1663 3708 episcOpii
1701 3643 1814 3690 ter-

198 3745 309 3782 ram
337 3744 504 3800 quam
539 3731 868 3796 pervaserat,
905 3724 1095 3796 ibique
1125 3726 1487 3781 munitionem
1513 3727 1811 3798 quamdam

201 3833 370 3886 super
397 3816 597 3870 Mosam
619 3821 1017 3881 construxerat,
1043 3814 1284 3885 indeque
1317 3814 1621 3886 frequentia
1639 3816 1818 3870 eccle-

205 3907 444 3960 siastica:
473 3904 691 3960 familia:
719 3903 863 3957 mala
919 3904 1226 3976 ingerebat.
1263 3905 1490 3974 Insuper
1507 3913 1812 3959 etcastrum

209 3995 564 4049 Altimontem
585 3993 767 4048 furtim
824 3993 1111 4063 irruperat.
1160 3993 1265 4047 Sed
1325 4009 1447 4048 cum
1481 4009 1582 4049 nec
1604 3993 1678 4048 ita
1699 4007 1820 4047 ces-

211 4082 592 4136 saretamalis
645 4099 766 4154 quae
819 4091 1080 4153 cmperat,
1130 4082 1308 4154 pergit
1366 4082 1818 4154 archiepiscopus

211 4189 337 4226 cum
369 4173 483 4226 suis
512 4173 576 4226 ad
612 4172 936 4242 capiendam
954 4170 1342 4238 munitionem,
1375 4189 1538 4243 quam
1573 4173 1665 4226 ille
1683 4187 1818 4225 con-

210 4269 498 4317 struxerat.
549 4261 916 4332 Maceriasquc
963 4263 1214 4328 (Masie're
1269 4276 1366 4316 sur
1400 4262 1455 4315 la
1483 4263 1680 4330 Meuse)
1708 4276 1814 4315 no»

213 4359 474 4412 minabat.
499 4359 665 4421 Quam
701 4372 797 4426 per
817 4365 1054 4427 quatuor
1084 4372 1225 4426 pene
1251 4356 1627 4411 hebdomadas
1656 4355 1812 4412 obsi-

213 4448 373 4510 dens,
399 4447 688 4500 deserente
731 4452 935 4499 tantem
995 4444 1141 4498 illam
1195 4444 1504 4512 Erlebaldo,
1563 4445 1731 4516 cepit,
1766 4454 1820 4498 et

217 4536 930 4608 dispositisinibicustodiis
959 4535 1144 4590 Remis
1176 4537 1359 4591 rediit.
1394 4539 1456 4592 At
1496 4539 1821 4595 Erlebaldus

217 4632 492 4703 profectus
531 4631 600 4687 ad
650 4646 854 4702 regem,
909 4630 1001 4701 qui
1072 4637 1198 4685 tunc
1240 4631 1632 4686 morabaturin
1675 4649 1819 4706 pago

217 4720 586 4775 Warmacensi
614 4729 803 4774 contra
858 4719 1149 4774 Henricum
1181 4719 1487 4790 principem
1517 4721 1819 4778 Transrhe-

218 4829 467 4881 nensem,
491 4813 694 4867 ibidem
712 4811 780 4866 ab
809 4811 1058 4868 hostibus
1078 4813 1225 4887 regis
1246 4811 1353 4866 sibi
1386 4816 1824 4884 supervenienti-

219 4903 703 4973 businteremptus
755 4910 856 4955 est.
922 4901 1092 4965 Quem
1150 4907 1332 4956 tamen
1384 4904 1732 4973 postmodum
1767 4904 1821 4958 in

219 4995 429 5065 synodo
473 5011 637 5066 quam
681 4992 826 5064 apud
873 4993 1210 5068 Troslegium
1269 4993 1416 5049 idem
1449 4995 1687 5051 domnus
1732 5013 1822 5051 ar-

221 5085 602 5156 chiepiscopus
629 5101 753 5140 cum
786 5083 1146 5139 diaecesaneis
1185 5083 1303 5138 suis
1326 5083 1536 5152 habuit,
1571 5085 1822 5141 interce-

219 5180 388 5232 dente
416 5196 540 5254 rege
579 5186 634 5233 et
688 5177 890 5232 obnixe
940 5176 1242 5249 ﬂagitante,
1275 5193 1306 5231 a
1345 5176 1564 5234 vinculo
1591 5193 1821 5234 excom-

227 5272 609 5328 municationis
641 5271 892 5327 absolvit.

825 5365 1031 5420 CAPUT
1058 5365 1211 5420 XVII.

626 5460 702 5511 De
725 5457 874 5510 obitu
897 5458 1116 5510 Herivei
1135 5459 1412 5526 prcesulis.

313 5541 651 5600 Excrescente
681 5545 920 5616 denique
951 5545 1229 5601 discordia
1256 5545 1399 5601 inter
1430 5561 1616 5618 regem
1661 5546 1826 5602 Karo-

224 5628 349 5692 lum
374 5647 423 5694 et
445 5641 782 5708 Ilotbertum,
815 5655 936 5696 cum
983 5656 1125 5711 pene
1167 5641 1351 5698 cuncti
1381 5640 1536 5716 regni
1566 5657 1829 5714 proceres

1890 1798 2221 1872 magistrum
2257 1798 2314 1851 in
2379 1797 2706 1852 liberalibus
2762 1800 3007 1854 studium
3037 1802 3265 1856 dederat
3295 1802 3526 1856 artibus.

1889 1889 2009 1953 Quo
2042 1904 2146 1959 per
2177 1902 2516 1943 consensum
2547 1894 2603 1940 et
2628 1887 2932 1955 jussionem
2993 1890 3216 1945 Roberti
3281 1890 3426 1965 regis
3455 1890 3523 1944 ab

1887 1975 2125 2032 Abbone
2159 1975 2524 2040 Suessonico,
2555 1976 2876 2048 caeterisque
2906 1977 3196 2034 Remensis
3227 1979 3526 2050 provinciie

1889 2072 2232 2143 praesulibus
2258 2073 2520 2127 ordinato
2541 2071 2826 2143 episcopo,
2873 2073 3042 2128 delati
3067 2081 3195 2128 sunt
3225 2074 3338 2129 Odo
3365 2076 3530 2128 frater

1887 2162 2170 2233 quondam
2205 2161 2421 2216 Herivei
2472 2160 2898 2231 archiepiscopi,
2945 2171 2999 2216 et
3033 2161 3296 2216 lleriveus
3353 2177 3528 2232 nepos

1892 2255 2074 2326 ipsius
2105 2254 2253 2325 apud
2303 2253 2565 2307 eumdem
2622 2253 2933 2322 praesulem,
2978 2254 3129 2324 quod
3182 2252 3527 2320 fidelitatem,

1893 2361 2064 2416 quam
2095 2344 2145 2398 ei
2173 2341 2567 2413 promiserant,
2601 2341 2836 2396 minime
2881 2354 3184 2398 servarent.
3217 2346 3329 2409 Qua
3357 2345 3425 2397 de
3449 2361 3527 2410 re,

1893 2434 2026 2505 quia
2049 2430 2435 2487 nolueruntad
2471 2429 2812 2485 reddendam
2842 2431 3034 2486 venire
3054 2433 3322 2487 rationem
3341 2448 3524 2487 coram

1894 2523 2095 2578 eodem
2121 2518 2409 2592 pontifice,
2443 2521 2528 2576 vel
2568 2521 2836 2593 singulari
2871 2522 3177 2578 certamine
3207 2539 3330 2578 cum
3362 2539 3528 2578 accu-

1891 2617 2509 2686 satoribusdecernere,
2533 2619 2763 2674 sublatis
2789 2618 2897 2672 sibi
2929 2619 3187 2675 Ecclesiae
3219 2620 3526 2692 possessio-

1891 2711 2084 2776 nibus,
2118 2725 2258 2781 quas
2293 2708 2481 2780 plures
2512 2726 2574 2765 ex
2600 2711 2704 2766 hoc
2737 2710 3055 2766 retinebant
3087 2711 3392 2782 episcopio,
3424 2726 3524 2782 per

1895 2801 2248 2856 Heribertum
2277 2801 2538 2855 comitem
2567 2801 2792 2856 deducti
2838 2809 2970 2856 sunt
3005 2802 3072 2856 ad
3102 2803 3400 2857 Robertum
3425 2803 3529 2856 Re-

1894 2908 2047 2966 gem,
2080 2900 2136 2947 et
2186 2890 2292 2946 sub
2339 2893 2592 2948 custodia
2635 2909 2814 2964 usque
2846 2892 2914 2946 ad
2943 2902 3177 2948 moi'tcm
3213 2895 3358 2968 regis
3399 2894 3525 2949 Rot-

1897 2986 2067 3056 berti,
2110 2985 2224 3040 Odo
2255 2986 2480 3056 quidem
2514 3003 2690 3058 penes
2723 2987 2983 3042 eumdem
3020 2987 3387 3057 Heribertum,
3424 2989 3530 3043 lle-

1909 3096 2094 3136 riveus
2121 3095 2253 3136 vero
2277 3081 2516 3136 Parisius
2554 3083 2764 3138 detenti
2792 3090 2940 3139 sunt.
2976 3083 3166 3139 Fertur
3189 3092 3371 3139 autem
3400 3091 3529 3140 tunc

1912 3175 1980 3228 ab
2015 3175 2119 3231 hoc
2165 3175 2608 3246 archiepiscopo,
2663 3185 2717 3232 ct
2765 3194 2795 3230 a
2845 3179 3177 3233 consiliariis
3210 3180 3344 3245 suis,
3381 3179 3533 3234 Heri-

1915 3263 2073 3319 berto
2105 3263 2294 3320 comiti
2338 3265 2655 3335 depactum,
2703 3267 2772 3321 dc
2803 3267 3078 3325 electione
3131 3270 3411 3326 filiisuiin
3433 3273 3534 3327 hac

1917 3357 2052 3411 sede
2085 3372 2184 3428 pro
2207 3356 2595 3427 praedictorum
2639 3359 2882 3414 virorum
2927 3365 3274 3434 expulsione.
3312 3365 3408 3419 Hic
3433 3365 3535 3418 dc-

1915 3451 2085 3524 nique
2143 3453 2344 3523 praesul
2397 3452 2610 3528 legatos
2657 3455 2822 3524 hujus
2864 3457 3119 3514 Ecclesiae
3151 3461 3375 3515 Romam
3403 3460 3537 3514 diri-

1912 3556 2074 3613 gens,
2134 3556 2232 3611 pro
2288 3555 2564 3596 consensu
2606 3559 2763 3614 papae
2793 3543 3024 3600 Joannis
3053 3545 3231 3617 (Jocm.
3275 3549 3340 3614 X)
3366 3549 3419 3602 in
3445 3563 3536 3603 or-

1913 3632 2205 3688 dinatione
2228 3649 2326 3687 sua
2354 3633 2580 3704 pallium
2613 3636 2682 3689 ab
2713 3635 2909 3690 eodem
2963 3639 3067 3693 sibi
3097 3639 3418 3694 missionem
3451 3639 3538 3696 lit-

1917 3726 2049 3781 teris
2071 3727 2350 3801 privilegii
2369 3728 2532 3797 hujus
2562 3730 2712 3784 sedis
2742 3734 3011 3802 suscepit,

2523 3820 2734 3876 CAPUT
2794 3821 2928 3875 XIX.

1918 3910 1992 3962 De
2021 3909 2227 3976 synodo
2255 3925 2418 3979 quam
2465 3910 2680 3976 habuit,
2725 3915 2776 3964 et
2828 3914 3034 3966 caeteris
3071 3911 3301 3978 actibus,
3331 3913 3412 3965 vel
3434 3915 3541 3981 ﬁne

2629 4001 2822 4070 ipsius.

1991 4088 2086 4143 Hic
2125 4089 2292 4144 etiam
2324 4090 2598 4160 synodum
2625 4090 2821 4146 habuit
2860 4092 3028 4163 (924),
3062 4092 3117 4146 in
3149 4093 3276 4148 villa
3292 4093 3540 4150 Trosleio

1918 4197 2042 4237 cum
2074 4182 2354 4254 episcopis
2375 4183 2664 4238 Remensis
2693 4183 3020 4252 diaeceseos,
3041 4185 3374 4242 ubiadfuere
3405 4203 3544 4244 non-

1919 4273 2057 4328 nulli
2089 4291 2312 4346 quoque
2343 4277 2578 4331 comites
2611 4293 2623 4329 :
2659 4275 2713 4330 in
2748 4292 2857 4347 qua
2888 4284 2942 4332 et
2974 4278 3123 4333 Isaac
3144 4294 3330 4334 comes
3348 4280 3416 4334 ad
3445 4297 3541 4335 sa-

1842 4391 1896 4458 D
1923 4364 2292 4422 tisfactionem
2325 4369 2476 4422 venit
2509 4384 2608 4439 pro
2663 4368 2770 4435 his,
2830 4384 2951 4439 quae
2982 4386 3148 4439 prave
3181 4380 3541 4442 perpetrave-

1922 4465 2004 4512 rat
2036 4458 2306 4514 adversus
2338 4459 2635 4515 Ecclesiam
2688 4459 3097 4529 Camarensem,
3140 4464 3417 4535 quoddam
3450 4483 3546 4522 ca-

1919 4549 2138 4605 stellum
2174 4551 2438 4622 Stephani
2500 4553 2752 4622 praesulis
2809 4553 3056 4620 ejusdem
3115 4555 3293 4623 urbis,
3353 4559 3542 4616 dolosa

1921 4645 2382 4715 comprehensum
2414 4643 2759 4714 pervasione,
2792 4647 3158 4701 succendens.
3197 4648 3296 4704 Pro
3328 4667 3438 4721 quo
3467 4651 3541 4706 fa-

1924 4736 2114 4790 cinore
2146 4736 2373 4790 vadatus
2398 4735 2451 4789 in
2484 4736 2583 4789 hac
2621 4736 2858 4806 synodo,
2890 4745 3112 4792 centum
3143 4739 3299 4794 libris
3325 4745 3541 4817 argenti

1924 4835 2150 4899 pacatur
2175 4845 2297 4883 cum
2332 4827 2556 4899 praefato
2614 4829 2893 4899 Stephano
2941 4830 3226 4901 episcopo,
3259 4840 3543 4904 satagente

1926 4909 2232 4984 Heriberto,
2271 4925 2327 4972 et
2365 4915 2487 4971 aliis
2544 4917 2637 4988 qui
2687 4919 2918 4972 aderant
2948 4919 3186 4974 Francia:
3217 4923 3536 4980 comitibus.

1925 5010 2022 5064 Hic
2048 5008 2243 5080 praesul
2271 5008 2666 5064 monasterium
2705 5010 2879 5064 sancti
2950 5011 3205 5086 Remigii,
3235 5030 3357 5068 cum
3389 5016 3544 5084 adja-

1925 5100 2182 5156 centibus
2210 5099 2480 5164 ecclesiis,
2509 5100 2595 5156 vel
2622 5100 2881 5156 domibus
2903 5118 3057 5157 muro
3073 5103 3322 5178 cingens,
3345 5109 3542 5162 castel-

1926 5190 2039 5244 lum
2069 5189 2277 5244 ibidem
2310 5189 2565 5256 instituit,
2626 5189 2848 5245 domum
2905 5191 3278 5263 episcopalem
3309 5197 3544 5252 cameris

1929 5295 2212 5350 reparans,
2255 5279 2484 5350 picturis
2505 5281 2763 5337 excoluit.
2803 5282 2951 5338 Fecit
2978 5291 3032 5338 et
3061 5284 3285 5340 calicem
3314 5302 3540 5341 aureum

1927 5371 2196 5440 majorem
2229 5388 2352 5426 cum
2404 5374 2657 5445 gemmis,
2710 5373 2765 5428 in
2824 5375 3033 5430 honore
3080 5376 3174 5431 Dei
3229 5377 3540 5445 Genitricis,

1929 5463 2115 5534 pondo
2145 5463 2338 5519 decem
2365 5463 2654 5533 librarum,
2682 5467 2780 5522 sed
2811 5467 2992 5523 etalia
3021 5468 3270 5538 quaedam
3295 5469 3540 5523 ecclesiae

1929 5555 2258 5626 praeparavit
2287 5565 2632 5614 ornamenta.
2676 5557 2955 5614 Ciborium
3014 5574 3237 5630 quoque
3267 5574 3433 5628 super
3457 5559 3541 5612 al-

1927 5651 2044 5700 tare
2069 5652 2272 5702 sanctae
2320 5645 2499 5702 Mariae
2553 5653 2783 5722 argento
2840 5664 3133 5722 aggressus
3182 5658 3266 5704 est
3298 5647 3539 5717 operire,
