4008 6158
469 231 578 290 295

1592 227 1961 284 FLODOARDI
2002 227 2312 284 CANONICI
2353 230 2684 286 REMENSIS

3692 228 3804 282 296

468 361 616 432 quod
648 375 789 431 opus
819 364 995 414 morte
1027 359 1574 430 praeventusexplere
1591 361 1860 432 nequivit.
1886 360 2078 416 Fertur
2103 367 2154 435 Α
2177 362 2343 416 turab
2362 362 2502 433 ipso,
2522 361 3378 434 synodus(Trosteinsis:an.927)
3398 359 3805 431 sexepiscopo-

467 457 646 505 autem
670 463 881 504 veneno
910 453 1129 517 potatus
1167 465 1198 501 a
1228 447 1549 503 domesticis
1582 449 1670 503 vel
1712 448 2078 505 familiaribus

471 541 741 598 Ileriberti
768 539 984 596 comitis
1007 540 1171 595 vitam
1194 537 1404 594 ﬁnisse.

1100 631 1310 686 CAPUT
1342 631 1444 685 XX.

744 724 817 776 De
845 721 1093 775 electione
1111 723 1360 788 Hugonis
1387 721 1492 790 ﬁlii
1521 721 1814 775 Heriberti.

537 816 647 870 Nec
677 830 848 881 mora,
881 823 1005 884 post
1034 813 1246 869 obitum
1282 813 1456 882 ipsius
1479 813 1628 883 (9‘25)
1655 811 1974 867 Heribertus
1993 826 2083 868 co-

465 922 584 960 mes
616 904 800 959 Remis
852 903 1024 968 venit,
1069 901 1344 957 advocans
1410 901 1696 956 Abbonem
1756 900 2078 972 episcopum

465 994 878 1058 Suessonicum,
909 999 964 1046 et
996 993 1268 1047 Bovonem
1293 987 1720 1044 Catalaunicum.
1756 989 2080 1055 Quibussibi

463 1093 672 1161 junctis
715 1094 954 1145 tractans
994 1100 1162 1156 super
1201 1084 1471 1139 electione
1514 1083 1742 1156 rectoris
1771 1082 1934 1154 hujus
1977 1083 2084 1137 Rc-

471 1179 678 1233 mensis
707 1175 982 1240 Ecclesiae,
1015 1181 1122 1228 tam
1165 1172 1424 1239 clericos,
1468 1187 1632 1242 quam
1663 1171 1832 1226 laicos
1877 1171 1946 1225 ad
1977 1187 2080 1227 vo-

468 1270 732 1323 luntatem
762 1282 916 1319 suam
949 1262 1236 1317 intendere
1261 1260 1406 1316 fecit.
1439 1260 1750 1331 Sequentes
1783 1260 2082 1333 igiturejus

470 1357 764 1412 consilium
796 1370 866 1408 ne
898 1353 1039 1409 forte
1069 1368 1169 1423 per
1189 1358 1480 1405 extraneas
1503 1364 1769 1420 personas
1790 1349 2080 1420 episcopa-

471 1452 555 1498 tus
584 1443 943 1506 divideretur,
963 1440 1176 1514 eligunt
1207 1438 1378 1493 filium
1411 1438 1611 1509 ipsius,
1643 1438 1867 1494 nomine
1899 1437 2083 1513 Rugo-

473 1554 621 1603 nem,
651 1535 946 1591 admodum
1005 1532 1316 1604 parvulum,
1362 1532 1457 1602 qui
1523 1546 1626 1586 nec
1690 1530 1871 1586 adhuc
1913 1531 2079 1604 quin-

469 1629 698 1703 quennii
727 1637 945 1698 tempus
993 1625 1288 1696 explesset.
1347 1625 1464 1688 Qua
1511 1639 1566 1677 re
1625 1630 1832 1694 patrata
1881 1623 1951 1678 ad
1991 1639 2081 1677 re-

471 1742 594 1800 gem
629 1728 946 1795 pr0perant,
977 1720 1097 1787 ejus
1123 1717 1462 1773 auctoritatis
1490 1717 1856 1788 impetrandae
1884 1717 2082 1790 gratia.

471 1817 741 1873 Rodulqu
772 1814 938 1889 igitur
972 1810 1194 1879 rex,hac
1232 1809 1502 1865 electione
1525 1809 2092 1880 comperta,pr2elato-

472 1927 592 1965 rum
641 1908 1027 1980 episcOporum
1076 1904 1308 1961 consilio
1349 1904 1675 1959 Remensem
1708 1903 2088 1972 episcopatum

469 2001 765 2060 committit
787 1999 1097 2066 Heriberto,
1129 1997 1406 2069 aequitatis
1419 2011 1658 2052 censura
1679 1994 2088 2066 disponendum

471 2102 634 2166 atque
666 2091 971 2167 regendum
997 2087 1066 2142 ab
1099 2088 1238 2158 ipso.
1274 2086 1372 2150 Qui
1410 2086 1573 2140 etiam
1601 2085 1812 2159 legatos
1835 2083 2090 2138 Ecclesiae

470 2200 596 2240 cum
637 2181 865 2236 Abbone
898 2176 1132 2248 praesule
1163 2176 1388 2230 Romam
1421 2173 1638 2228 mittere
1671 2171 1892 2242 satagit,
1921 2172 2086 2241 hujus

468 2272 758 2330 electionis
787 2271 1068 2325 decretum
1089 2282 1276 2322 secum
1299 2264 1564 2331 ferentes,
1596 2273 1651 2319 et
1672 2280 1958 2319 assensum
1988 2281 2085 2335 pa-

469 2383 554 2438 pae
584 2381 754 2435 super
781 2379 847 2417 ea
863 2367 1138 2432 petentes.
1167 2357 1610 2428 Joannesitaque
1637 2372 1802 2428 papa,
1834 2356 2084 2411 interve-

469 2458 660 2512 niente
690 2455 921 2510 Abbone
954 2451 1205 2524 praesule,
1239 2449 1493 2521 petitioni
1527 2464 1718 2504 eorum
1749 2464 2084 2505 consensum

469 2547 747 2619 praebens,
765 2541 1111 2614 episcopium
1127 2541 1400 2594 Remense
1423 2537 1638 2592 Abboni
1653 2538 1920 2608 episcopo
1934 2538 2088 2592 dele-

468 2643 583 2711 gat,
612 2649 733 2706 quae
762 2637 894 2686 sunt
924 2627 1254 2700 episcopalis
1281 2624 1654 2680 ministeriiab
1675 2625 1794 2696 ipso
1822 2625 2085 2680 ineodem

469 2724 756 2796 episcOpio
803 2719 1086 2775 tractanda
1116 2733 1180 2772 ac
1220 2715 1464 2770 ﬁnienda
1481 2715 2086 2770 decernens.Heriber-

360 2857 367 2866 .
472 2826 561 2871 tus
591 2817 778 2885 itaque
807 2825 995 2867 comes
1025 2815 1296 2879 potestate
1325 2806 1532 2877 potitus
1563 2806 1848 2861 Remensis
1870 2806 2090 2878 episco-

472 2902 572 2974 pii,
599 2901 802 2969 injuste
856 2896 1088 2968 privavit
1137 2903 1246 2950 tam
1288 2910 1397 2961 me,
1457 2894 1552 2966 qui
1591 2909 1702 2949 non
1734 2893 2087 2949 interfueram

475 2992 771 3065 praemissae
823 2987 1081 3043 electioni
1149 3002 1282 3053 suae,
1324 3002 1488 3057 quam
1521 2985 1816 3041 nonnullos
1846 2986 2004 3050 alios,
2035 2991 2089 3038 et

474 3080 729 3146 clericos,
754 3084 810 3133 et
833 3076 1000 3131 laicos
1012 3072 1300 3130 beneficiis
1319 3074 1729 3145 possessionum
1751 3075 2087 3130 ecclesiasti-

477 3185 684 3233 carum,
709 3165 910 3238 quibus
949 3181 980 3218 a
1037 3162 1482 3234 praecedentibus
1510 3162 1787 3234 episcOpis
1818 3164 2087 3220 munerati

479 3259 808 3316 videbamur
839 3253 1329 3310 obsecundationis
1343 3252 1674 3324 gratia.Quw
1687 3269 1787 3323 pro
1803 3253 1961 3309 libitu
1976 3270 2088 3308 suae

480 3349 799 3415 voluntatis,
835 3346 1054 3417 quibus,
1086 3345 1194 3399 sibi
1218 3343 1444 3414 placuit,
1475 3344 1790 3415 impertivit:
1831 3345 1940 3402 Nec
1969 3345 2091 3401 lon-

476 3457 608 3516 gum
639 3444 849 3509 postea,
883 3435 1116 3491 tumultu
1176 3434 1318 3489 infra
1369 3435 1664 3490 claustrum
1698 3435 2088 3490 canonicorum

475 3531 621 3585 inter
649 3527 883 3583 clericos
935 3533 1147 3591 exorto,
1198 3524 1724 3596 supervenientibus
1762 3525 2090 3597 quibusdam

477 3621 748 3676 militibus
767 3635 890 3674 cum
923 3616 1111 3684 armis,
1141 3617 1250 3672 duo
1283 3617 1961 3688 interemptisuntibidem
1979 3618 2094 3672 cle-

475 3711 597 3777 rici,
629 3724 862 3781 quorum
895 3707 1032 3762 alter
1051 3706 1496 3772 diaconus,alter
1523 3705 1834 3762 habebatur
1861 3707 2092 3762 subdia-

473 3817 664 3859 6011118.

1097 3890 1306 3946 CAPUT
1330 3891 1460 3948 XXI.

473 3991 546 4043 De
573 3987 920 4054 infestatione
948 3986 1356 4052 Hungarorum,
1417 3989 1467 4039 et
1518 3985 1796 4040 discordia
1826 3989 1970 4042 inter
1988 3990 2090 4045 Ro-

687 4077 902 4143 dulfum
917 4091 1111 4143 regem,
1151 4078 1201 4128 et
1241 4077 1586 4130 Heribertum
1606 4080 1869 4132 comitem.

543 4165 690 4236 (926)
731 4164 1004 4236 Rungaris
1035 4163 1287 4216 Rhenum
1321 4167 1698 4235 transgressis,
1730 4173 1786 4220 et
1824 4183 2000 4239 usque
2032 4172 2089 4226 in

474 4261 674 4328 pagum
725 4251 1053 4307 Vonzinsem
1113 4244 1635 4321 depopulationibus
1702 4256 2090 4330 incendiisque

473 4342 890 4408 bacchantibus,
950 4357 1152 4411 corpus
1213 4343 1387 4397 sancti
1443 4344 1698 4419 Remigii,
1741 4348 2088 4423 aliorumque

2179 466 2299 504 rum
2322 450 2610 505 Remensis
2641 449 2946 506 dimceseos
2959 449 3105 521 apud
3134 449 3457 515 Trosleium,
3525 447 3805 502 Heriberti

2179 541 2398 596 comitis
2423 541 2673 609 jussione
2703 549 3020 608 convocata,
3046 557 3173 614 rege
3190 548 3373 596 tamen
3407 538 3652 595 Rodulfo
3666 553 3802 593 con—

2180 633 2507 700 tradicente,
2560 639 2768 704 patrata
2805 641 2904 689 est.
2976 633 3270 704 Postquam
3318 632 3596 703 synodum
3645 630 3806 684 Heri-

2180 724 2370 778 bertus
2400 723 2655 778 Karolum
2684 723 2754 778 de
2783 722 3053 783 custodia,
3096 721 3151 775 in
3192 737 3301 792 qua
3329 736 3453 775 eum
3487 717 3807 782 detinebat,

2182 811 2367 881 ejecit,
2401 820 2460 867 et
2487 811 2551 866 ad
2607 819 2856 878 sanctum
2915 811 3236 876 Quintinum
3266 809 3517 876 deduxit,
3551 808 3807 878 indeque

2183 915 2309 955 cum
2340 900 2537 956 eodem
2569 900 3240 956 KaroloNortmannorum
3271 898 3615 969 colloquium
3639 911 3812 966 expe-

2183 993 2269 1047 tiit
2301 1010 2316 1046 :
2350 992 2446 1046 ubi
2473 1008 2533 1048 se
2563 992 2890 1059 Willelmus,
2914 991 3059 1046 ﬁlius
3087 991 3314 1046 Rollolis
3336 989 3612 1060 principis
3645 988 3811 1042 Nort-

2185 1101 2536 1154 marmorum,
2585 1087 2777 1142 Karolo
2809 1085 3236 1151 commendavit,
3269 1092 3322 1140 et
3342 1084 3645 1139 amicitiam
3685 1099 3810 1137 cum

2187 1174 2470 1230 Heriberto
2525 1173 2888 1231 confirmavit.
2921 1174 3129 1229 Deinde
3185 1173 3368 1227 Remis
3415 1172 3657 1228 veniens
3686 1187 3808 1225 cum

2182 1262 2375 1318 Karolo
2416 1263 2734 1317 Heribertus
2789 1277 2999 1329 comes,
3059 1261 3270 1316 litteras
3328 1261 3555 1317 Romam
3600 1259 3805 1315 Joanni

2183 1370 2338 1425 papae
2367 1354 2572 1430 dirigit,
2619 1353 2940 1428 signiﬁcans
2961 1353 3011 1409 ei
3038 1353 3107 1408 de
3141 1353 3491 1409 restitutione
3518 1361 3576 1408 et
3593 1354 3809 1408 honore

2183 1444 2383 1511 Karoli,
2425 1453 2486 1501 ut
2512 1447 2602 1501 ille
2653 1445 2784 1513 sibi,
2851 1446 3018 1500 etiam
3063 1445 3168 1500 sub
3215 1444 3812 1501 excommunicationis

2182 1537 2650 1603 interminatione,
2681 1537 3034 1593 mandaverat
3053 1553 3114 1592 se
3130 1553 3228 1608 pro
3257 1537 3464 1592 viribus
3486 1537 3805 1591 decertare.

2185 1629 2461 1684 Reversus
2488 1636 2670 1685 autem
2701 1629 2918 1694 missus,
2950 1628 3284 1700 quieasdem
3318 1628 3624 1698 pertulerat
3657 1628 3813 1682 litte-

2191 1740 2294 1791 ras,
2330 1723 2548 1778 nuntiat
2573 1724 2840 1778 Joannem
2892 1738 3088 1793 papam
3143 1728 3417 1776 retrusum
3468 1721 3522 1774 in
3553 1720 3813 1776 custodia

2190 1817 2427 1872 detineri
2458 1834 2490 1872 a
2533 1817 2767 1873 Widonc
2821 1817 2967 1890 regis
2999 1816 3242 1892 IIugonis
3263 1816 3447 1872 fratre.
3484 1815 3812 1870 Heribertus

2190 1923 2374 1963 comes
2402 1907 2664 1963 Lauduno
2705 1907 2933 1978 potitus,
2989 1906 3190 1962 exinde
3237 1906 3307 1960 ad
3346 1905 3607 1975 placitum
3650 1904 3816 1958 Nort-

2190 2000 2408 2054 mannis
2463 2000 2680 2055 obviam
2733 1998 3098 2070 proficiscitur
3127 1998 3532 2068 amicitiamque
3565 2013 3699 2052 cum
3733 1997 3816 2050 eis

2191 2092 2492 2162 componit,
2510 2090 2655 2146 ﬁlius
2684 2099 2869 2146 tamen
2902 2089 3074 2161 ipsius
3117 2089 3252 2154 Odo,
3296 2103 3461 2160 quem
3505 2087 3673 2143 Rollo
3705 2089 3813 2141 ha-

2189 2182 2357 2238 bebat
2379 2184 2654 2251 obsidem,
2685 2197 2797 2238 non
2826 2182 2903 2236 illi
2934 2181 3204 2247 redditur,
3229 2181 3480 2236 donecsc
3512 2179 3813 2234 committit

2189 2271 2384 2328 Karolo
2418 2281 2592 2343 pater,
2619 2288 2742 2327 cum
2796 2270 2918 2325 aliis
2959 2269 3290 2342 quibusdam
3318 2268 3558 2324 Francia:
3589 2268 3816 2324 comiti-

2187 2363 2290 2418 bus
2327 2371 2382 2418 et
2407 2362 2704 2434 episcOpis,

2789 2448 2999 2504 CAPUT
3053 2448 3210 2503 XXII.

2189 2541 2261 2594 De
2275 2539 2666 2593 introductione
2705 2537 2952 2593 Odalrici
2993 2538 3270 2606 Aquensis
3287 2538 3523 2606 episcopi
3542 2537 3744 2601 (ternis,
3773 2540 3824 2589 et

2434 2633 2746 2687 redactione
2764 2633 2862 2687 sub
2891 2632 3139 2686 custodia
3169 2632 3360 2686 Karoli
3389 2633 3558 2698 regis.

2263 2722 2365 2776 Per
2401 2722 2549 2777 idem
2582 2720 2697 2776 fere
2731 2728 2947 2791 tempus
2977 2721 3259 2776 Odalricus
3291 2720 3562 2792 Aquensis
3593 2721 3825 2791 episco-

2191 2831 2315 2885 pus,
2366 2814 2460 2885 qui
2519 2814 2589 2870 ob
2644 2813 3091 2884 persecutionem
3173 2813 3623 2868 Saracenoruma
3684 2813 3827 2867 sede

2188 2918 2288 2958 sua
2317 2908 2644 2969 recesserat,
2690 2901 2744 2956 in
2815 2901 3060 2957 Ecclesia
3111 2901 3367 2956 Remensi
3437 2901 3720 2972 recipitur
3751 2902 3826 2955 ab

2189 2995 2472 3051 Heriberto
2500 2993 2723 3060 comite,
2754 2994 2823 3049 ad
2869 2994 3260 3050 celebrandum
3311 2993 3632 3064 episcopale
3669 2994 3831 3048 dun-

2191 3091 2334 3139 taxat
2387 3083 2780 3152 ministerium,
2847 3083 2966 3138 vice
3021 3083 3288 3156 Hugonis,
3362 3082 3544 3154 ipsius
3598 3084 3833 3138 comitis

2189 3173 2310 3240 ﬁlii,
2379 3180 2512 3230 tunc
2561 3174 2743 3230 adhuc
2788 3174 3023 3245 parvuli,
3081 3189 3342 3229 concessa
3417 3173 3603 3228 eidem
3675 3191 3834 3244 pra:-

2189 3267 2294 3322 suli
2353 3267 2576 3322 abbatia
2615 3267 2790 3340 sancti
2825 3267 3115 3331 Timothei,
3181 3283 3303 3321 cum
3369 3265 3536 3320 unius
3589 3275 3823 3321 tantum

2193 3355 2490 3426 prtebenda
2532 3343 2738 3412 clerici.
2790 3356 2944 3428 Hugo
2997 3365 3053 3410 et
3105 3355 3423 3410 Heribertus
3475 3354 3721 3410 comites
3754 3358 3830 3410 ad

2194 3444 2529 3516 colloquium
2599 3443 3025 3516 proﬁciscuntur
3084 3444 3319 3499 Henrici.
3376 3443 3530 3498 Unde
3600 3447 3829 3500 reversi

2195 3545 2435 3610 pergunt
2487 3536 2704 3591 obviam
2773 3534 3009 3592 Rodulfo
3068 3535 3207 3610 regi,
3291 3551 3595 3606 rursusque
3660 3537 3833 3592 Heri-

2196 3624 2386 3679 bertus
2424 3623 2717 3679 committit
2771 3639 2831 3678 se
2887 3623 2987 3691 illi,
3047 3624 3271 3679 redacto
3329 3623 3526 3677 iterum
3555 3623 3665 3676 sub
3722 3640 3834 3678 cu-

2195 3715 2376 3770 stodia
2437 3715 2652 3770 Karolo.
2723 3717 2786 3769 At
2845 3713 3115 3770 Rodulqu
3171 3731 3264 3770 rex
3325 3714 3511 3768 Remis
3578 3715 3836 3770 veniens

2191 3804 2289 3859 ubi
2321 3805 2551 3861 Karolus
2617 3804 3056 3870 custodiebatur,
3117 3820 3308 3875 pacem
3353 3803 3483 3858 fecit
3529 3819 3658 3858 cum
3701 3805 3831 3871 illo,

2191 3896 2489 3952 humilians
2516 3912 2577 3952 se
2603 3905 2735 3953 ante
2756 3896 2932 3968 ipsius
2971 3897 3342 3967 praesentiam,
3374 3902 3428 3950 et
3458 3895 3710 3950 reddens
3745 3898 3832 3951 illi

2187 3987 2518 4043 Attiuiacum
2570 3986 2787 4056 ﬁscum,
2841 3987 3165 4042 muneribus
3219 4001 3439 4059 quoque
3473 3987 3830 4058 quibusdam

2187 4079 2352 4152 regiis
2364 4079 2622 4134 eumdem
2643 4077 3425 4134 honorat.lleribertuscomes
3441 4077 3829 4132 Victoriacum

2193 4167 2396 4237 (Vitry)
2422 4166 2565 4237 {929)
2597 4167 2884 4222 castellum
2940 4165 3171 4222 Bosonis
3203 4165 3383 4221 fratris
3415 4165 3637 4221 Rodulti
3668 4167 3835 4242 regis

2191 4258 2357 4328 cepit.
2417 4257 2629 4312 Deinde
2681 4273 2806 4312 cum
2841 4257 3068 4331 llugone
3128 4257 3575 4313 Monasteriolum
3632 4261 3837 4326 (Mon-

2192 4351 2377 4420 treuil)
2409 4349 2774 4405 munitionem
2817 4349 3021 4404 Erluini
3055 4350 3442 4420 comitisjuxta
3475 4366 3629 4404 mare
3653 4350 3833 4406 sitam

473 4432 839 4506 quorumdam
892 4438 1205 4485 sanctorum
1257 4432 1488 4505 pignora
1538 4435 1723 4493 Remis
1753 4437 1858 4493 hoc
1885 4447 2032 4494 metu
2056 4457 2087 4495 a
2111 4423 2170 4490 D
2192 4441 2429 4507 obsidet,
2452 4440 2851 4514 obsidibusque
2881 4441 3048 4496 tande
3072 4460 3102 4495 ιι
3127 4441 3473 4514 acceptis,ab
3521 4442 3838 4500 obsidione

473 4522 588 4578 suis
617 4525 746 4574 sunt
768 4519 905 4574 locis
935 4519 1118 4574 delata
1157 4519 1419 4591 Sequenti
1452 4524 1692 4598 denique
1723 4543 1869 4583 anno
1895 4527 2091 4584 simul-

473 4623 555 4670 tas
594 4613 740 4668 inter
777 4610 1072 4668 Rodulfum
1127 4630 1339 4688 regem,
1371 4623 1424 4671 et
1451 4617 1795 4675 Heribertum
1827 4621 2086 4677 comitem

475 4703 723 4759 exoritur
749 4716 847 4772 pro
879 4701 1229 4758 Laudunensi
1258 4705 1540 4774 comitatu,
1576 4724 1738 4779 quem
1764 4709 2086 4765 Heribertus

475 4795 650 4852 Odoni
682 4794 798 4850 lilio
824 4809 925 4849 suo
957 4794 1073 4849 dari
1118 4797 1365 4867 petebat,
1398 4801 1741 4856 concedente
1770 4801 1922 4856 illum
1956 4819 2086 4878 rege

477 4882 732 4958 Rotgario
765 4883 1008 4956 Rotgarii
1054 4885 1269 4940 comitis
1323 4884 1454 4942 filio.
1508 4888 1663 4944 Acies
1692 4889 1867 4964 ignea:
1896 4890 2082 4946 Remis

474 4978 530 5031 in
560 4975 700 5032 coelo
729 4975 858 5030 visae
881 4976 1117 5047 quadam
1146 4979 1554 5049 Dominicadie,
1579 4981 1636 5035 in
1668 4982 1856 5038 Martio
1870 4999 2082 5041 mense.

473 5068 569 5124 Cui
602 5069 761 5142 signo
801 5069 973 5139 pestis
1003 5086 1033 5124 e
1071 5071 1306 5146 vestigio
1337 5073 1623 5138 successit,
1658 5075 1815 5146 quasi
1837 5075 2008 5132 febris
2033 5085 2088 5133 et

472 5159 682 5215 tussis:
724 5175 848 5231 qum
904 5170 1275 5232 prosequente
1332 5178 1553 5236 quoque
1611 5167 1961 5237 mortalitate,
1991 5186 2091 5241 per

2193 4529 2449 4586 discedit.

2783 4619 3003 4675 CAPUT
3035 4619 3220 4675 XXIII.

2191 4717 2267 4770 De
2289 4713 2569 4770 simultate
2607 4718 2750 4770 inter
2805 4717 3083 4783 Hugonem
3129 4719 3178 4770 et
3208 4714 3551 4769 Heribertum
3573 4717 3839 4780 comites,

2585 4819 2647 4858 ac
2675 4803 2972 4871 Rodulfum
3001 4819 3177 4872 regem
3208 4806 3416 4858 exorta.

2259 4911 2366 4968 Nec
2391 4911 2637 4983 longum,
2669 4913 2919 4968 simultas
2964 4913 3110 4969 inter
3139 4912 3366 4968 eosdem
3397 4912 3660 4978 comites,
3698 4911 3832 4968 llu-

2188 5015 2389 5074 gonem
2445 4999 2657 5056 scilicet
2719 5016 2784 5055 ac
2833 5001 3201 5072 Heribertum,
3257 5001 3521 5067 exoritur,
3580 5013 3838 5073 recepto

2192 5092 2418 5148 Erluino
2445 5092 2514 5146 ab
2546 5093 2774 5168 Hugone
2799 5109 2924 5148 cum
2953 5100 3095 5148 terra
3125 5111 3246 5162 sua,
3289 5093 3657 5158 etllilduino,
3693 5111 3849 5150 nec-

2193 5200 2306 5242 non
2327 5190 2382 5240 et
2407 5184 2668 5253 Arnaldo,
2705 5185 2799 5258 qui
2833 5185 3272 5261 erantHugonis,
3303 5187 3372 5239 ab
3394 5184 3690 5241 Heriberto
3717 5205 3731 5240 :
3754 5188 3852 5241 in-

473 5264 700 5352 _°“"_°‘33
730 5254 1036 5352 Germéni‘e
1066 5255 1363 5329 Galliaeque
1413 5266 1609 5352 ἕθηξεῖδ
1639 5259 1906 5352 ἀθεεῒίίι-
1941 5264 2096 5321 Ηθΐί·
2196 5276 2378 5348 deque
2409 5277 2610 5332 diversi
2668 5254 2850 5334 motus
2876 5254 3154 5352 agitantur
3206 5278 3478 5333 bellorum
3514 5292 3619 5346 per
3646 5277 3848 5333 Fran-

473 5344 662 5398 bertus
693 5359 880 5400 comes
908 5345 1117 5417 legatos
1147 5360 1275 5401 suos
1325 5353 1475 5402 trans
1524 5349 1781 5406 Rhenum
1801 5351 1988 5426 dirigit
2016 5355 2085 5409 ad

474 5436 790 5504 Henricum,
816 5454 916 5509 per
939 5453 1078 5509 quos
1116 5437 1185 5492 ad
1236 5439 1408 5510 ipsius
1437 5450 1694 5498 evocatus
1721 5444 2083 5517 colloquium,

470 5536 731 5600 properat
744 5545 869 5586 cum
904 5531 1131 5603 Hugone
1150 5531 1396 5587 Rotberti
1427 5531 2009 5608 ﬁlio,pactoqueinter
2025 5555 2084 5595 se

473 5617 708 5688 fcedere,
736 5619 1062 5676 muneribus
1080 5619 1372 5679 HenriCum
1403 5622 1765 5694 honorant,et
1793 5625 2082 5684 honoran-

2185 5369 2326 5423 ciam
2352 5368 2497 5424 inter
2527 5370 2816 5444 Hugonem
2838 5379 2894 5426 et
2923 5370 3293 5426 Heribertum.
3317 5369 3485 5437 Cujus
3526 5369 3608 5422 rei
3642 5372 3848 5442 gratia

2186 5455 2455 5511 Rodulfus
2491 5474 2588 5512 rex
2601 5459 2672 5514 de
2703 5459 3019 5533 Burgundia
3049 5459 3302 5526 veniens,
3339 5472 3534 5528 pacem
3563 5457 3858 5515 intereos

2183 5551 2350 5616 atque
2381 5546 2677 5614 Bosonem,
2717 5547 2891 5604 multo
2956 5547 3146 5604 labore
3186 5563 3287 5620 per
3328 5545 3554 5601 diversa
3617 5546 3859 5616 placita

2183 5634 2490 5706 componit,
2513 5641 2568 5691 et
2615 5635 2936 5693 Heribertus
2984 5635 3184 5694 BOSoni
3212 5633 3584 5692 Victoriacum
3619 5634 3853 5703 reddit_
