4008 6158
232 297 304 353 297
796 279 1125 339 HISTORIA".
1166 276 1508 334 ECCLESIIE
1552 271 1890 332 REMENSIS
1931 272 2112 329 LIBRI
2153 273 2489 340 QUATUOR.
2520 309 2592 325 —
2621 279 2751 337 LIB.
2794 280 2882 336 IV.
3434 291 3545 348 298

231 427 376 484 Paucis
420 427 590 477 autem
623 417 820 473 diebus
856 430 991 486 pace
1022 419 1258 478 servata,
1315 411 1647 466 Heribertus
1698 407 1804 461 An-
1831 409 1885 478 Α
1910 421 2031 459 rere
2057 406 2189 462 visae
2219 415 2349 462 sunt
2377 410 2547 476 acies,
2573 416 2628 464 et
2651 410 2836 479 jacula
2866 411 3144 484 quaedam.
3197 415 3306 472 Sed
3338 425 3393 474 et
3419 434 3546 476 ser-

231 515 378 571 sellum
402 509 621 566 Bosonis
642 505 948 570 subditum,
980 502 1072 574 qui
1097 499 1425 573 praedictum
1447 494 1803 554 custodiebat
1909 513 2048 568 pens
2081 497 2273 573 igneas
2295 517 2396 571 per
2419 502 2620 558 coelum
2643 503 2809 559 celeri
2828 503 3033 560 deferri
3065 514 3272 577 meatu,
3307 527 3546 586 moxque

229 614 428 668 castrum,
475 615 596 656 cum
641 599 759 670 ipso
791 595 1037 657 trastcllo
1073 590 1290 663 recipit,
1349 599 1408 645 et
1441 587 1802 646 Codiciacum
1907 586 2205 642 subsecuta
2262 590 2437 660 pestis
2489 590 2728 646 diversis
2781 590 2964 647 affecit
3021 593 3264 652 humana
3314 615 3547 672 corpora

231 699 270 752 S.
297 693 492 766 Remigii
540 689 903 760 municipium
935 686 1013 740 illi
1045 701 1165 740 cum
1197 683 1302 738 alia
1333 687 1492 737 terra
1517 679 1802 736 concedit.
1906 678 2138 733 morbis.
2163 679 2320 736 Anno
2344 689 2470 753 post
2498 681 2662 737 istum
2686 691 2877 740 secuto
2906 685 3048 754 (935)
3070 689 3317 759 synodus
3333 700 3544 764 septem

229 789 311 843 Nec
332 786 555 858 longum,
581 779 813 837 Bosonis
837 777 1029 833 fideles
1051 775 1459 848 oppidanorum
1481 770 1804 844 proditione
1907 768 2298 840 episcoporum
2322 771 2471 842 apud
2494 778 2742 827 sanctam
2756 772 3014 841 Macram,
3031 776 3254 835 Artoldo
3277 781 3543 856 episcOpo

231 875 538 931 l'ictoriacum
570 869 864 941 recipiunt,
922 876 977 924 et
1005 869 1300 923 Mosomum
1355 861 1564 918 fraude
1616 876 1804 932 perva-
1859 905 1862 908 .
1911 867 2146 916 vocante
2177 865 2468 919 convenit:
2505 865 2558 919 in
2590 881 2698 937 qua
2731 865 3025 938 praedones
3064 875 3118 924 et
3143 871 3544 930 ecclesiastica-

232 967 350 1019 tlunt.
375 965 427 1017 At
458 960 822 1014 lleribertusa
851 956 1173 1027 quibusdam
1204 950 1658 1009 Mosomensibus
1680 965 1813 1004 cvo-
1915 970 2034 1008 rum
2071 971 2251 1009 rerum
2299 973 2633 1026 pervasorcs
2673 958 2740 1013 ad
2773 959 3174 1018 satifactionem
3211 965 3400 1021 venire
3447 967 3544 1023 vo-

229 1063 362 1120 (atus,
409 1051 1100 1122 supervenibinsperatus,
1159 1046 1604 1115 transmissaque
1663 1043 1812 1098 Mosa
1914 1051 2130 1099 cantur.

229 1118 688 1210 radis-inopinatis,
715 1144 767 1191 et
797 1118 1003 1192 intrans
1028 1135 1499 1207 Oppidum,porta
1518 1131 1759 1186 latenter
1779 1148 1811 1186 a
2523 1118 2736 1175 CAPUT
2766 1119 2943 1175 XXVI.

224 1235 394 1289 civibus
419 1237 629 1303 aperta,
671 1230 874 1284 milites
919 1228 1173 1293 Bosonis,
1223 1226 1317 1298 qui
1371 1225 1444 1280 ad
1496 1224 1806 1279 custodiam

1956 1221 1987 1260 ie
2031 1210 2334 1279 receptione
2383 1211 2646 1266 Ludovici
2679 1217 2803 1283 post
2848 1217 3070 1270 mortem
3113 1216 3328 1287 Bodulﬁ
3377 1221 3539 1288 regis.

225 1323 303 1377 loci
317 1321 633 1386 residebant,
671 1317 875 1371 ibidem
898 1332 1092 1372 omnes
1123 1315 1286 1386 capit.
1318 1313 1526 1368 Eodem
1555 1318 1808 1383 tempore
1983 1317 2141 1372 Anno
2173 1317 2420 1390 denique
2474 1320 2851 1393 subsequente
2894 1323 3032 1393 (936)
3089 1324 3350 1382 defuncto
3412 1345 3544 1402 rege

220 1422 318 1468 ante
361 1411 598 1467 Natalem
636 1409 869 1474 Domini,
922 1407 1107 1462 Remis
1157 1406 1295 1460 infra
1326 1412 1380 1460 et
1439 1404 1587 1460 circa
1613 1405 1798 1459 eccle-
1907 1404 2167 1473 Rodulfo,
2204 1407 2363 1480 Hugo
2418 1424 2612 1463 comes
2643 1416 2793 1464 trans
2825 1427 2976 1466 mare
3004 1412 3168 1467 mittit
3220 1430 3320 1484 pro
3352 1431 3545 1470 accer-

222 1506 329 1556 siam
356 1508 548 1555 sanetae
583 1499 761 1554 Mariae
790 1499 969 1552 lumen
1001 1513 1264 1570 magnum
1296 1495 1364 1550 ab
1398 1495 1717 1567 Aquilonari
1748 1503 1803 1550 et
1904 1493 2102 1550 siendo
2162 1494 2442 1550 Ludovico
2501 1497 2686 1552 Karoli
2733 1497 2846 1554 filio
2899 1501 3056 1571 (Lud.
3117 1503 3302 1557 Caroli
3344 1504 3539 1574 Simpl.

217 1592 433 1649 Orientali
463 1599 627 1664 parte
660 1591 821 1661 paulo
853 1597 976 1643 ante
1008 1589 1231 1643 initium
1267 1588 1377 1644 diei
1409 1604 1702 1658 apparens,
1733 1589 1800 1644 ad
1903 1583 2114 1654 ﬁlius.)
2150 1600 2322 1655 quem
2344 1601 2439 1639 rex
2470 1585 2768 1642 Alstannus
2790 1589 3096 1645 avunculus
3123 1590 3299 1662 ipsius
3328 1593 3544 1647 nutrie-

219 1687 474 1743 Australem
512 1692 724 1758 partem
767 1684 1128 1755 pertransisse
1159 1683 1334 1737 visum
1368 1691 1466 1737 est.
1494 1684 1648 1738 Anno
1679 1691 1803 1755 post
1904 1671 2022 1740 bat:
2051 1673 2261 1744 (illique
2290 1681 2522 1745 ³60⁸1)ίο
2575 1675 2939 1744 jurejurando
2966 1695 2997 1733 8
3022 1679 3353 1735 Francorum
3385 1680 3540 1756 lega-

214 1781 333 1834 hunc
369 1779 684 1832 Heribertus
727 1792 907 1831 comes
935 1793 966 1830 a
997 1791 1133 1851 rege
1181 1775 1409 1830 Rodulfo
1450 1775 1699 1842 deciscit,
1752 1785 1806 1833 et
1833 1785 1880 1855 Β
1903 1763 1993 1855 ρει
2027 1781 2154 1820 eum
2185 1765 2240 1820 ίη
2272 1765 2562 1821 FranCiam
2623 1768 2830 1844 dirigit
2867 1770 2965 1826 CUi
3002 1771 3180 1847 “"30:
3238 1773 3538 1844 θεειθνίίιυο

212 1867 378 1920 milites
410 1865 590 1936 ipsius
629 1863 697 1917 ab
723 1863 854 1918 urbe
901 1863 1168 1918 Remensi
1205 1861 1458 1933 profecti,
1519 1864 1795 1934 quoddam

1950 1869 2235 1910 raucorum
2259 1871 2522 1926 proceres
2552 1855 2622 1910 ad
2657 1874 2784 1913 eum
2812 1860 3256 1931 suscipiendum,
3279 1861 3533 1933 profecti,

207 1955 414 2029 llugouis
464 1962 707 2010 castrum
766 1969 928 2024 super
984 1952 1246 2008 Vidulam
1301 1952 1465 2008 situm
1496 1994 1510 2020 ,
1571 1956 1799 2011 nomine
1901 1961 2029 2000 mox
2085 1963 2279 2002 navem
2313 1963 2540 2020 egresso
2574 1948 2632 2002 in
2682 1950 2820 2021 ipsis
2859 1951 3094 2008 littoreis
3151 1953 3336 2008 arenis
3387 1953 3535 2024 apud

210 2044 421 2098 Brainam
454 2045 678 2112 (Braine
697 2055 792 2095 sur
823 2041 1008 2112 Veste),
1045 2040 1204 2112 quod
1234 2039 1379 2095 idem
1413 2039 1565 2117 Hugo
1597 2043 1798 2100 tulerat
1900 2035 2206 2091 Bononiam
2237 2053 2361 2092 sese
2401 2037 2756 2093 committunt
2783 2057 2798 2105 ;
2833 2047 2893 2094 ut
2923 2047 3039 2094 erat
3070 2041 3332 2114 utrinque
3363 2041 3537 2112 depa-

206 2133 536 2207 abepiscopo
567 2131 1010 2206 Rothomagensi,
1045 2131 1279 2203 capiunt
1307 2147 1372 2187 ac
1404 2133 1650 2212 diruunt.
1899 2134 2068 2182 ctum.
2105 2127 2238 2182 Inde
2271 2127 2598 2182 Laudunum
2630 2129 2926 2197 deductus,
2959 2131 3027 2184 ab
3062 2131 3203 2202 ipsis
3234 2131 3404 2205 regali
3435 2131 3536 2185 be-

778 2223 981 2280 CAPUT
1001 2223 1187 2279 XXIV.
1901 2219 2219 2274 nedictione
2254 2220 2478 2285 (litatur,
2513 2221 2762 2294 ungitur,
2795 2229 2963 2292 atque
2995 2229 3295 2277 coronatur
3331 2221 3401 2275 ab
3433 2222 3536 2275 Ar-

384 2322 458 2375 De
476 2319 827 2374 ordinatione
851 2319 1036 2372 domni
1064 2317 1296 2373 Artoldi
1322 2319 1578 2388 episcopi.
1900 2311 2050 2365 toldo
2068 2311 2494 2381 archiepiscoiio
2520 2312 2889 2380 praesentibus
2907 2311 3063 2384 regni
3087 2312 3458 2384 principibus,
3479 2319 3533 2367 et

261 2410 519 2466 Rodull’us
573 2426 667 2466 rex
719 2411 921 2465 litteras
969 2409 1162 2464 Remis
1185 2409 1346 2464 mittit
1383 2411 1453 2465 ad
1506 2411 1715 2466 clerum
1745 2417 1799 2465 et
1901 2399 2180 2470 episcopis
2212 2399 2450 2470 amplius
2474 2399 2690 2473 νίὲζίηῑί·
2725 2400 3088 2470 Episcopatus
3111 2400 3271 2454 etiam
3305 2400 3530 2456 Ῑιδυάιι-

200 2503 460 2573 pupulum,
522 2518 629 2574 pro
671 2503 934 2558 electione
992 2500 1252 2574 praesulis
1296 2502 1679 2557 celebranda:
1728 2502 1783 2556 ac

1948 2488 2091 2542 ensis
2131 2487 2288 2542 datur
2330 2487 2564 2543 Rodulfo
2597 2488 2844 2557 ejusdem
2880 2488 2984 2544 loci
3033 2489 3362 2560 presbytero
3393 2505 3531 2545 con-

199 2606 314 2659 quas
366 2590 442 2645 illi
477 2591 838 2662 respondent,
873 2591 924 2645 id
966 2605 1136 2663 agere
1167 2605 1228 2644 se
1276 2606 1385 2645 non
1417 2607 1602 2661 posse,
1647 2590 1782 2646 salvt

1946 2580 2140 2634 )iditer
2169 2579 2431 2634 acivibus
2452 2580 2566 2634 suis
2589 2580 2786 2648 electo,
2821 2597 2984 2652 quem
3018 2579 3281 2651 praefatus
3307 2595 3529 2652 quoque

197 2697 282 2737 suo
305 2684 498 2746 electo,
524 2691 580 2738 et
613 2684 898 2746 electione,
929 2700 1094 2755 quam
1127 2682 1390 2751 fecerant,
1412 2691 1790 2754 permanente.
1897 2672 2672 2743 οῖ’(Ῑίηᾶνίῐθτοδίθρίδοοβυε·
2707 2672 2814 2726 Sed
2858 2682 2912 2727 θῑ
2938 2689 3039 2744 Per
3077 2671 3213 2727 alias
3244 2672 3532 2727 Βοιηθηείδ

194 2772 386 2828 Interea
418 2775 744 2829 Heribertus
772 2789 955 2829 comes
984 2774 1050 2828 ad
1085 2773 1380 2828 Henricum
1413 2773 1712 2846 profectus,
1744 2791 1772 2829 c

1947 2759 2206 2816 ioeceseos
2253 2761 2437 2826 sedes,
2490 2767 2720 2832 excepta
2771 2760 3156 2816 Catalauncnsi
3213 2767 3267 2816 et
3306 2760 3530 2815 Ambia-

191 2879 298 2918 εεεε
319 2867 636 2931 committit,
669 2874 723 2921 ει
751 2867 1022 2921 exercitus
1054 2867 1201 2942 regis
1231 2874 1393 2938 atque
1427 2868 1670 2943 nugonis
1711 2883 1795 2922 τε-
1899 2855 2084 2922 nensi,
2113 2855 2364 2910 diversos
2381 2854 2655 2910 ordinavit
2680 2855 2998 2926 episc0pos,
3018 2854 3310 2910 Ilcriberto
3338 2853 3523 2910 denuo

187 2971 415 3014 mensem
448 2967 506 3014 et
537 2959 961 3014 Laudunensem
1006 2959 1399 3030 deprmdantur
1426 2977 1662 3035 pagum:
1699 2961 1768 3016 ob

1945 2965 2022 3002 im
2059 2950 2283 3022 Hugonc
2338 2957 2530 3022 pacato
2563 2949 2729 3021 (936),
2791 2949 3050 3002 homines
3088 2948 3334 3018 ejusdem
3372 2946 3528 3002 Heri-

191 3063 432 3122 sessaque
463 3052 689 3106 οίνίιειρ
721 3051 1032 3115 Remorum.
1075 3052 1235 3106 tertia
1264 3053 1486 3107 tandem
1517 3071 1608 3107 rex
1663 3054 1801 3124 ροίί-
1829 3064 1878 3134 C
1901 3039 2044 3096 berti
2076 3040 2296 3095 comitis
2326 3041 2602 3113 quoddam
2635 3046 2872 3095 castrum
2910 3039 3200 3095 Remensis
3251 3039 3526 3105 ecclesiae,

187 3145 261 3192 tur
283 3140 600 3196 obsidionis
648 3141 1013 3208 hehdomada,
1047 3141 1426 3211 aperientibus
1455 3142 1557 3196 sibi
1607 3142 1798 3196 militi-
1901 3135 2050 3206 quod
2079 3135 2381 3192 vocabatur
2409 3135 2710 3202 Causostis,
2741 3151 2909 3206 super
2937 3135 3235 3190 Maternam
3273 3134 3525 3200 fluvium,

188 3225 277 3280 bus
305 3229 583 3285 ecclesiae.
613 3229 930 3298 Conjunctis
951 3229 1118 3304 igitur
1141 3229 1246 3283 sibi
1278 3231 1559 3285 nonnullis
1587 3231 1797 3302 episco-
1901 3227 1969 3280 ab
2001 3228 2224 3282 Artoldo
2272 3228 2508 3299 praesule
2539 3235 2936 3294 constructum,
2973 3228 3240 3299 prodente
3290 3227 3528 3300 quodam

182 3318 253 3385 pis
281 3335 342 3374 ex
375 3321 620 3377 Francia
649 3321 734 3375 vel
788 3321 1118 3394 Burgundia,
1149 3320 1276 3376 facit
1305 3322 1549 3377 ordinari
1594 3323 1696 3377 hac
1738 3323 1794 3376 in
1900 3317 2179 3389 Wicperto
2211 3319 2458 3389 capiunt,
2491 3326 2544 3374 et
2573 3319 3001 3393 Ragembertum
3034 3319 3240 3375 Artoldi
3275 3318 3529 3390 praesulis

183 3408 298 3462 sedc
327 3411 634 3480 praesulem
664 3410 941 3464 Artoldum
971 3410 1266 3481 quemdam
1293 3425 1358 3465 ex
1390 3411 1645 3467 ccenobio
1671 3427 1798 3466 san-
1902 3410 2320 3476 consobrinum’,
2347 3415 2441 3485 qui
2469 3414 2649 3469 eidem
2675 3419 2905 3483 praeerat
2934 3412 3254 3479 munitioni,
3278 3427 3528 3483 compre-

173 3495 234 3550 cti
264 3497 505 3572 Remigii
538 3498 896 3553 monachum.
935 3497 1142 3552 Exinde
1173 3515 1266 3554 rex
1296 3515 1537 3572 pergens
1574 3501 1796 3555 Laudu‘
1901 3505 2172 3567 henduut,
2232 3491 2763 3576 circumpOsitasque
2811 3503 2970 3558 villas
3023 3503 3272 3560 ecclesiae
3323 3502 3532 3558 crebris

178 3600 312 3653 “um,
344 3588 580 3642 ObSideI
613 3585 750 3640 inibi
784 3584 1148 3653 ίίθτίῧεηιίῐην
1183 3585 1274 3656 qni
1303 3586 1622 3658 aliquandiu
1655 3588 1799 3643 Γθεί-
1901 3599 2291 3671 depraedantur
2321 3597 2786 3653 infestationibus.
2823 3598 3038 3653 Interea
3072 3614 3167 3653 rex
3195 3596 3526 3664 Ludovicus,

175 3684 329 3746 51805,
359 3679 506 3752 ρειίι
539 3679 769 3733 demum
801 3676 1126 3751 egrediendi
1177 3677 1377 3733 Ῑοουηι·
1411 3678 1526 3742 QUO
1548 3687 1797 3751 accepto,
1901 3693 2198 3748 accersitus
2229 3691 2297 3745 ab
2338 3692 2564 3746 Artoido
2595 3691 2881 3761 episcopo,
2912 3689 3236 3744 Laudunum
3260 3688 3436 3756 venit,
3474 3695 3527 3741 et

177 3771 371 3825 recedit
401 3788 434 3825 a
467 3770 770 3832 Lauduno,
805 3769 1032 3823 dimissa
1071 3784 1238 3824 uxore
1267 3786 1367 3825 sua
1397 3771 1455 3826 in
1485 3788 1610 3827 arce
1632 3788 1760 3844 qua:

1944 3801 2080 3840 rcem
2111 3800 2306 3839 novam
2338 3783 2474 3837 inibi
2505 3799 2686 3854 nuper
2713 3779 2781 3835 ab'
2819 3781 3103 3836 Heriberto
3130 3781 3333 3835 editam
3362 3780 3527 3835 vallat

175 3870 559 3918 construxerat
623 3862 741 3932 ipse
773 3861 912 3916 infra
944 3861 1088 3916 idem
1148 3869 1404 3929 castrum,
1445 3874 1499 3919 et
1528 3865 1597 3919 ad
1634 3881 1758 3936 qua:

1946 3879 2215 3943 bsidione,
2266 3876 2565 3949 multisque
2609 3882 2817 3930 tentato
2857 3873 3130 3929 machinis
3168 3869 3348 3939 muro',
3406 3879 3529 3927 tan-

175 3958 348 4018 postea
367 3950 720 4024 capiendam
753 3950 974 4019 majoris
997 3950 1200 4005 laboris
1228 3958 1282 4006 et
1321 3968 1488 4008 morie
1517 3969 1660 4024 Opus
1683 3969 1758 4025 reg

1946 3987 2144 4044 emque
2193 3967 2521 4024 suﬁ‘ossione
2572 3967 2755 4021 diruto
2804 3981 3004 4039 magno
3061 3963 3207 4035 capit
3255 3963 3526 4035 irruptum

177 4041 264 4096 fuit
296 4042 471 4111 (933).
507 4042 780 4098 Artoldus
816 4043 1110 4113 episcopus
1158 4049 1280 4113 Ροεί
1309 4059 1511 4098 annum
1569 4044 1801 4100 Ordina‘
1906 4041 2112 4117 labore.
2135 4058 2507 4114 Corbanacum
2544 4053 2828 4126 (Corbeny)
2848 4069 3071 4125 quoque
3098 4051 3529 4124 castrum,quod

178 4130 330 4221 ξίοηίδ
360 4150 485 4190 δαῖε
520 4134 762 4206 Pallium
799 4135 1028 4205 ευδοίρίῑ
1064 4134 1291 4190 missum
1322 4133 1431 4189 είδῖ
1468 4152 1566 4207 Per
1595 4137 1808 4211 legatos
1908 4157 2064 4221 pater
2093 4147 2213 4218 ejus
2243 4153 2433 4200 sancto
2479 4141 2728 4216 Remigio
2759 4140 3082 4206 tradiderat,
3117 4138 3377 4210 quodque
3423 4136 3528 4192 sibi

177 4219 423 4310 Ecclesiae
482 4225 792 4282 Remensis
820 4243 852 4280 a
888 4225 1099 4282 Joanne
1141 4243 1282 4298 papa
1338 4229 1510 4292 (Joan.
1561 4231 1650 4299 XI)
1692 4227 1760 4282 fili

1942 4240 2166 4297 ionachi
2212 4238 2386 4310 ipsius
2405 4235 2729 4291 monasterii
2779 4223 3188 4299 commiserant,
3240 4231 3309 4285 ab
3363 4229 3525 4286 Heri-

174 4309 360 4382 Μαι-ἰπὶ,
389 4331 530 4388 qua:
555 4323 620 4369 et
644 4313 872 4370 Marocia
906 4315 1210 4382 dicebatur,
1231 4315 1318 4369 vel
1351 4315 1418 4369 ab
1447 4316 1697 4372 Alberico
1719 4333 1753 4386 p

1948 4333 2047 4388 erti
2079 4331 2342 4399 subjectis
2363 4327 2622 4384 bellando
2647 4326 2878 4397 recepit,
2907 4332 2961 4380 et
2990 4323 3244 4380 homines
3271 4322 3531 4378 Heriber-

175 4402 316 4461 tricio
329 4405 506 4462 fratre
522 4405 712 4479 ipsius
728 4421 904 4476 papa,
920 4406 1013 4477 qui
1029 4407 1284 4461 eumdem
1297 4406 1564 4462 Joannem
1583 4408 1758 4462 fratre]

1957 4465 1972 4488 ,
2004 4425 2098 4495 qui
2128 4428 2284 4478 erant
2323 4420 2379 4474 in
2413 4435 2478 4475 eo
2533 4418 2986 4489 comprehensos,
3019 4421 3247 4490 rogante
3308 4412 3531 4470 Artoldo

173 4511 316 4552 suum
340 4500 398 4553 in
413 4515 529 4553 sua
546 4496 843 4552 detinebat
859 4504 1145 4569 potestate,
1169 4497 1552 4568 etprzedictam
1577 4505 1804 4554 matrem
1912 4516 2167 4590 ρι-ωευιε,
2194 4514 2374 4569 salvos
2403 4512 2472 4567 ad
2498 4526 2627 4566 suos
2655 4509 2808 4564 abire
2841 4507 3114 4580 permisit.

174 4589 401 4660 ipsorum
431 4593 496 4648 in
519 4589 788 4648 custodia
809 4590 1046 4646 clausam
1073 4591 1294 4646 tenebat
1319 4607 1331 4644 :
1361 4590 1645 4664 Hugouem
1671 4606 1810 4662 quo-
1916 4589 1921 4590 7
2505 4601 2710 4657 CAPLT
2739 4599 2938 4654 XXVII.

172 4695 265 4748 que
285 4699 483 4757 regem
519 4682 708 4736 Roma
733 4679 1038 4750 depulerat.
1070 4679 1307 4735 Rodulfo
1330 4695 1458 4753 rege
1491 4678 1808 4750 praesidium
2127 4682 2199 4734 De
2233 4676 2783 4731 excommunicatione
2807 4671 3084 4727 Heriberli
3111 4670 3322 4725 comitis

175 4770 457 4838 Heriberti,
503 4772 670 4844 quod
703 4772 903 4826 dicitur
937 4772 1219 4826 castellum
1263 4770 1610 4838 Theoderici,
1660 4771 1812 4828 obsi-
1985 4770 2147 4840 (939.)
2178 4767 2436 4823 Artoldus
2464 4765 2707 4836 denique
2731 4763 3164 4834 cpiscopuscum
3203 4759 3534 4832 quibusdam

172 4863 345 4932 dente,
404 4865 787 4940 congregatis
830 4864 898 4919 ad
942 4865 1084 4920 hanc
1131 4865 1481 4921 obsidionem
1533 4865 1814 4920 nonnullis
1914 4851 3542 4933 aliisepiscOpiscollocutus,lleribertum,quioppidaquae-

171 4953 403 5014 Francia
439 4960 538 5013 vel
571 4955 911 5030 Burgundiae
931 4941 1286 5026 praesulibus;
1319 4956 1519 5011 ibidem
1546 4955 1813 5011 celebrari
1915 4955 2040 5009 dam
2064 4952 2335 5022 villasque
2353 4949 2640 5004 Remensis
2653 4946 2903 5003 ecclesiae
2920 4951 3307 5018 pervaseratac
3323 4943 3541 4998 detines

172 5049 271 5104 visa
299 5060 386 5106 est
421 5048 700 5122 synodus
731 5048 1062 5119 (Theoderici
1090 5049 1241 5119 apud
1285 5049 1456 5116 Cast.)
1485 5047 1816 5118 praesidente
1916 5045 2028 5108 bat,
2053 5044 2109 5097 in
2140 5039 2436 5113 praesentia
2475 5053 2696 5111 quoque
2721 5038 2868 5110 regis
2900 5033 3343 5092 excommunicat
3369 5033 3540 5104 (940).

172 5139 340 5196 eidem
383 5141 712 5197 Teutilone
764 5141 1073 5196 Turonensi
1133 5141 1397 5206 antistite,
1451 5140 1672 5195 Artoldo
1713 5140 1818 5195 Rc-
1917 5131 2606 5192 PosthzecrexLudovicus
2633 5129 3028 5186 deditArtoldo
3050 5128 3543 5198 episcopo,acper

169 5237 368 5290 mensi:
392 5236 637 5308 quique
670 5240 801 5288 tunc
823 5233 1193 5306 Hildegarium
1226 5231 1543 5288 Belvacensi
1574 5231 1695 5286 urbi
1729 5247 1817 5286 or-
1920 5249 2044 5288 eum
2078 5231 2325 5287 ecclesiae
2349 5229 2632 5296 Remensi,
2657 5243 2756 5299 per
2783 5224 3178 5300 praeceptionis
3196 5223 3360 5298 regiae
3387 5222 3548 5297 pagi-

171 5322 366 5378 dinavit
406 5324 788 5394 episcopum.
826 5321 1033 5378 Eodem
1075 5337 1296 5394 quoque
1328 5337 1472 5377 anno
1504 5320 1814 5376 Fulbertum
1920 5341 2068 5392 nam,
2100 5322 2390 5378 RemenSis
2416 5321 2570 5378 urbis
2594 5326 2896 5383 monetam,
2915 5318 3039 5388 jure
3063 5321 3333 5389 perpetuo
3360 5313 3545 5386 possi-

168 5414 606 5473 Cameracensis
648 5415 800 5469 urbis
834 5415 1125 5486 praesulem
1157 5414 1518 5471 consecravit.
1918 5415 2178 5470 ciendam.
2202 5413 2308 5467 Sed
2327 5418 2380 5466 et
2410 5425 2631 5466 omnem
2652 5407 2970 5465 comitatum
3003 5407 3331 5461 Remensem
3360 5402 3544 5458 eidem

805 5506 1015 5562 CAPUT
1057 5507 1208 5563 XXV.
1922 5504 2434 5561 contulilecclesiaa.
2456 5502 2640 5559 Artold
2651 5517 2714 5557 us
2725 5501 3020 5572 episcopus
3031 5496 3352 5552 Cansostem
3372 5493 3550 5548 muni-

260 5604 335 5658 De
374 5601 581 5671 signis
615 5598 793 5654 Remis
821 5600 978 5664 visis,
1009 5602 1060 5654 et
1095 5599 1296 5654 morbis
1334 5598 1460 5654 inde
1496 5601 1712 5652 secutis.
1924 5599 2131 5653 tionem
2149 5597 2563 5667 obsidet;quam
2576 5586 3397 5665 quintotandemdiel.udovico
3417 5598 3545 5657 rege

227 5696 518 5770 Sequenti
555 5707 713 5748 anno
746 5693 886 5763 (934)
917 5692 1097 5767 igneas
1131 5692 1318 5750 Remis
1348 5693 1403 5748 in
1437 5691 1577 5749 ccelo
1608 5691 1825 5747 discur—
1927 5685 2060 5742 illuc
2099 5685 2376 5749 veniente,
2419 5683 2495 5737 hii
2529 5681 2621 5754 qui
2654 5685 2817 5736 erant
2846 5679 2994 5734 intus
3023 5675 3342 5732 reddentes:
3376 5672 3546 5727 dese-

461 5797 770 5858 Punon.
820 5792 1149 5856 CXXXV.
3066 5775 3144 5835 10
