4012 6164
496 306 619 393 ’299

1638 316 2008 377 FLODOARDI
2048 313 2353 372 CANONlCl
2394 304 2723 365 REMENSIS

3661 284 3755 359 ‘300

514 473 659 523 runt.
689 463 799 519 Nec
824 459 1070 534 longum,
1102 454 1366 511 subversa
1406 452 1654 509 funditus
1683 451 1751 507 ab
1782 450 1870 506 his
1900 448 1995 521 qui
2026 462 2121 502 re-
2151 449 2204 518 Α
2299 438 2540 514 Contigit
2564 446 2749 492 autem
2779 431 2937 531 mihi,
2970 427 3329 534 dominanmea
3354 426 3609 526 beataDci
3638 432 3761 486 Geni-

513 568 710 625 cepere
752 548 1067 618 dissipatur.
1100 543 1249 599 Missi
1278 541 1524 617 Hugonis
1561 541 1628 595 ad
1660 554 1849 614 regem
1877 535 2125 600 veniunt,

515 655 570 703 et
605 646 674 701 de
704 658 838 716 pace
869 657 996 697 cum
1026 638 1108 695 eis
1134 654 1229 694 rex
1258 636 1405 691 inter
1430 635 1713 691 Artoldum
1755 630 2047 705 praesulem
2076 636 2130 682 et

514 733 860 791 Heribertum
904 729 1156 786 laborare
1223 725 1429 783 studet.
1501 724 1709 781 Deinde
1764 724 1834 778 ad
1891 728 2130 777 castrum

512 826 813 902 quoddam,
855 823 1005 896 quod
1043 820 1307 877 Heriveus
1344 833 1519 891 nepos
1560 816 1796 883 Herivei,
1842 813 2119 886 quondam

513 916 939 992 archiepiscopi,
1013 929 1184 987 super
1237 911 1462 968 ﬂuvium
1532 909 1830 965 Maternam
1886 904 2129 968 tenebat,

514 1012 667 1068 unde
719 1017 776 1066 et
846 1007 1004 1064 villas
1054 1005 1321 1077 episcOpii
1377 1001 1663 1059 Remensis
1703 999 2133 1068 circumquaque

516 1100 727 1175 positas
786 1094 1228 1168 depmdabatur,
1295 1092 1663 1164 proﬁciscitur
1722 1104 1845 1144 cum
1911 1084 2133 1140 Artoldo

517 1174 804 1260 episcopo.
838 1184 951 1240 Nec
978 1198 1164 1248 mora;
1195 1180 1485 1237 obsidibus
1514 1177 1758 1249 acceptis
1786 1176 1854 1230 ab
1884 1175 2003 1245 ipso
2034 1174 2137 1260 lle-7-

519 1278 671 1332 riveo
697 1272 988 1329 revertitur
1014 1270 1239 1336 Remis;
1272 1284 1623 1343 pergensque
1653 1266 1709 1321 in
1740 1262 2035 1320 crastinum
2068 1259 2136 1314 ad

522 1373 773 1423 sanctum
803 1363 1133 1439 Remigium,
1167 1378 1291 1416 sese
1324 1361 1495 1432 ipsius
1524 1360 1697 1414 sancti
1737 1354 2029 1411 committit
2053 1353 2137 1405 in-

522 1453 974 1517 tercessionibus,
1016 1450 1345 1522 promittens
1394 1449 1627 1504 vadibus
1654 1446 1871 1515 .libram
1925 1442 2137 1519 argenti

522 1561 582 1601 se
605 1544 858 1600 daturum
877 1541 1035 1596 annis
1056 1539 1308 1615 singulis.
1336 1538 1619 1594 Monacbis
1640 1551 1864 1609 quoque
1890 1533 2136 1603 ejusdem

522 1640 630 1697 loci
672 1646 1003 1712 praeceptum
1037 1636 1108 1692 de
1147 1635 1343 1692 eodem
1371 1634 1595 1690 castello
1627 1631 1780 1687 dedit
1809 1628 2137 1685 immunita-

550 1745 616 1787 I8.

523 1738 616 1787 ηδ’
1096 1795 1303 1852 CAPUT
1343 1794 1571 1850 XXVIII.

634 1895 710 1948 De
733 1892 1049 1963 expulsione
1078 1892 1262 1945 damni
1282 1888 1507 1944 Artoldi
1522 1887 1589 1942 ab
1616 1886 1747 1940 urbe
1769 1885 2032 1941 Rcmensi.

603 2009 759 2081 Hugo
783 2009 980 2079 (dictus
993 2005 1247 2077 Magnus)
1275 2006 1552 2078 princeps,
1572 2001 2000 2068 ﬁliusRotberti,
2017 1999 2148 2067 jun-

532 2099 634 2154 ctis
658 2098 765 2154 sibi
787 2097 1116 2170 quibusdam
1141 2095 1419 2168 episcopis
1437 2101 1544 2148 tam
1566 2091 1807 2147 Francia:
1823 2106 1986 2162 quam
2015 2089 2149 2142 Bur-

533 2186 778 2260 gundim,
831 2202 956 2240 cum
996 2184 1287 2240 lleriberto
1319 2182 1522 2237 comite
1567 2188 1623 2236 et
1660 2180 1935 2234 Willelmo
1964 2176 2146 2231 Nord-

534 2295 861 2334 mannorum
936 2277 1190 2349 principe
1259 2278 1586 2331 Remensem
1645 2273 1865 2328 obsidet
1930 2270 2148 2336 urbem,

531 2376 793 2439 sextaque
811 2365 1125 2424 obsidionis
1142 2364 1255 2431 die,
1274 2365 1565 2418 deserente
1579 2362 1729 2417 omni
1760 2376 1902 2432 pene
1929 2358 2150 2414 militari

530 2473 698 2512 manu
719 2457 1002 2513 Artoldum
1032 2455 1378 2527 episcopum,
1411 2462 1467 2508 et
1495 2453 1564 2509 ad
1593 2452 1938 2507 Heribertum
1971 2458 2154 2505 trans-

533 2555 723 2615 eunte,
784 2546 932 2603 idem
976 2562 1163 2603 comes
1211 2546 1530 2601 lleribertus
1582 2545 1775 2599 urbem
1824 2542 2149 2617 ingreditur.

531 2641 790 2698 Artoldus
828 2643 1029 2714 praesul
1068 2643 1137 2697 ad
1176 2649 1422 2697 sanctum
1467 2639 1798 2710 Remigium,
1829 2638 2153 2693 evocatione

532 2745 824 2801 procerum
853 2731 1240 2803 episcoporum
1272 2726 1571 2800 profectus.
1608 2742 1900 2797 persuasus
1931 2733 2034 2793 est,
2065 2725 2149 2780 vel

531 2822 862 2876 conterritus
898 2838 931 2877 a
955 2821 1306 2894 principibus
1347 2818 1615 2890 episcopii
1667 2835 1728 2872 se
1767 2817 2153 2888 procuratione

530 2912 618 2967 vel
663 2919 935 2984 potestate
990 2913 1275 2979 abdicare,
1342 2927 1718 2983 coneessaque
1774 2910 1882 2965 sibi
1936 2909 2156 2965 abbatia

532 3005 708 3061 sancti
741 3006 942 3074 Basoli,
976 3013 1034 3062 et
1083 3007 1374 3062 Avennaco
1408 3004 1762 3071 monasterio,
1807 3004 1875 3058 ad
1906 3010 2154 3059 sanctum

535 3091 790 3148 Basolum
822 3101 1261 3150 commoraturus
1289 3093 1584 3160 abscessit,
1640 3100 1765 3164 post
1802 3108 1977 3150 annos
2032 3100 2156 3149 octo

536 3191 592 3238 et
632 3200 856 3240 menses
883 3193 1097 3257 septem
1151 3186 1247 3257 [ms
1279 3227 1294 3254 ,
1327 3185 1440 3256 sex]
1472 3185 1528 3240 in
1561 3184 1883 3256 episcopatu
1916 3191 2153 3240 exactos.

540 3273 693 3348 [Iugo
745 3285 799 3331 et
838 3276 1156 3332 lleribertus
1197 3276 1363 3333 locuti
1405 3293 1532 3333 cum
1587 3276 1921 3349 quibusdam
1959 3276 2158 3330 Lotha-

538 3362 836 3431 riensibus,
897 3365 965 3419 ad
1005 3364 1357 3421 obsidionem
1398 3365 1646 3420 Lauduni
1708 3381 1829 3419 cum
1883 3363 2159 3418 Willelmo

540 3452 986 3524 proﬁciscuntur,
1013 3455 1203 3511 relicto
1239 3454 1424 3510 Remis
1456 3455 1682 3527 llugone
1706 3456 1959 3520 diacono,
1993 3453 2161 3508 Heri-

539 3547 680 3603 berti
732 3549 867 3617 ﬁlio,
893 3550 1225 3621 jampridem
1260 3552 1327 3605 ad
1380 3551 1758 3621 episcopatum
1793 3550 1967 3620 ipsius
2011 3548 2163 3604 urbis

542 3651 789 3709 evocato,
863 3643 1071 3716 quique
1129 3644 1294 3700 tertio
1371 3651 1660 3716 postquam
1725 3660 2009 3719 regressus
2082 3649 2164 3697 est

546 3747 755 3800 mense,
791 3734 1078 3804 presbyter
1118 3748 1149 3787 a
1179 3731 1411 3789 Widone
1447 3734 1778 3790 Suessonico
1810 3733 2042 3805 praesule
2073 3748 2162 3788 or-

544 3824 769 3881 dinatus
796 3834 898 3891 est,
940 3826 1173 3898 expletis
1210 3838 1501 3900 postquam
1547 3828 1723 3885 fuerat
1750 3829 1958 3884 electus
2001 3827 2164 3884 annis

544 3920 886 3992 quindecim,
942 3938 1082 3994 quos
1138 3922 1500 3979 Antissiodori
1556 3940 1905 3979 commorans
1952 3931 2159 3998 egerat,

544 4008 849 4064 litterarum
883 4009 1080 4064 studiis
1111 4020 1431 4081 occupatus,
1470 4012 1618 4083 apud
1648 4012 1939 4068 Widonem
1992 4013 2165 4082 ipsius

546 4103 700 4159 urbis
727 4104 1050 4172 antistitem,
1083 4122 1115 4160 a
1145 4121 1255 4176 quo
1275 4112 1329 4161 et
1357 4106 1626 4160 diaconus
1656 4107 1944 4163 ordinatus
1968 4107 2161 4163 fuerat.

546 4191 681 4246 Nam
725 4198 955 4247 caeteros
986 4191 1278 4248 inferiores
1316 4194 1518 4265 gradus
1572 4194 1641 4247 ab
1674 4194 1902 4250 Abbone
1932 4194 2166 4250 Suesso-

549 4278 674 4333 nico
707 4279 944 4351 praesule
972 4279 1159 4335 Remis
1187 4286 1498 4351 acceperat.
1553 4281 1828 4339 Ludovico
1859 4299 1990 4358 rege
2042 4291 2168 4354 post

550 4374 667 4429 haec
687 4390 717 4429 a
747 4372 1064 4448 Burgundia
1090 4390 1363 4448 regresso,
1395 4374 1652 4431 Artoldus
1683 4376 1977 4451 episcopus
2007 4377 2169 4433 dese-

2229 531 2366 588 trice
2398 526 2799 592 intercedente,
2824 529 2887 577 ut
2915 520 3036 591 ipsa
3064 516 3157 572 die
3189 514 3547 586 Conceptionis
3573 519 3620 588 (2
3644 521 3763 574 Mar.

2230 632 2313 700 tii)
2367 636 2423 685 et
2470 622 2744 699 passionis
2800 620 2890 692 (27
2957 615 3168 685 Martii)
3215 612 3419 668 Domini
3471 615 3619 668 nostri
3664 615 3765 669 Jesu

2231 723 2434 780 Christi
2480 720 2797 776 absolverer
2825 731 2857 770 a
2885 710 3155 776 custodia,
3191 716 3244 763 et
3286 707 3373 762 die
3401 706 3564 774 tertia,
3603 708 3768 764 scilicet

2229 833 2283 873 v1
2312 816 2434 871 Kal.
2466 812 2684 885 Aprilis,
2721 823 2857 881 quas
2896 803 3161 860 Dominus
3187 817 3216 854 a
3255 798 3471 854 mortuis
3512 800 3768 864 resurrexit,

2232 919 2487 980 egressus
2518 901 2635 973 ipse
2684 914 2806 954 cum
2840 894 3068 967 praefato
3098 892 3272 946 electo
3323 895 3496 944 nostro
3524 888 3582 942 ad
3619 887 3771 942 urbem

2232 998 2615 1054 Suessonicam
2647 991 2925 1065 profectus
2976 1004 3117 1042 sum.
3156 984 3252 1040 Ubi
3301 981 3657 1038 convenientes
3684 981 3775 1051 epi-

2234 1087 2389 1158 sc0pi
2451 1085 2614 1153 hujus
2666 1082 2974 1136 dioeceseos
3040 1091 3164 1131 cum
3221 1071 3544 1144 principibus
3600 1071 3775 1144 Hugone

2236 1192 2301 1232 ac
2349 1175 2633 1231 lieriberto
2684 1170 2837 1241 (Syn.
2905 1170 3110 1233 Suess.,
3181 1180 3272 1218 an.
3337 1161 3476 1228 941),
3538 1167 3779 1215 tractarunt

2237 1268 2371 1341 quid
2398 1267 2481 1322 eis
2511 1270 2655 1320 esset
2706 1260 2981 1335 agendum
3013 1272 3181 1327 super
3209 1252 3497 1324 epiSCOpali
3540 1252 3678 1319 hujus
3699 1251 3781 1303 llu-

2237 1359 2397 1434 gonis
2417 1355 2805 1419 ordinatione;
2830 1352 3021 1420 sicque
3053 1348 3430 1411 decreverunt,
3452 1342 3781 1414 pmnitentiaus

2238 1431 2570 1524 quibusdam
2636 1446 2765 1501 ﬁliis
2818 1440 3068 1499 ecclesia:
3127 1436 3426 1502 Remensis,
3479 1444 3574 1490 tam
3614 1431 3782 1487 clericis

2239 1521 2403 1615 quam
2432 1540 2605 1607 laicis,
2637 1553 2764 1592 eum
2793 1532 3183 1593 ordinandum,
3225 1526 3577 1583 asserentibus
3615 1521 3785 1578 fautori-

2239 1612 2344 1690 bus
2371 1633 2566 1704 ipsius,
2600 1628 2746 1702 quod
2789 1625 3045 1681 Artoldus
3098 1634 3439 1692 nequaquam
3471 1617 3670 1679 electus,
3712 1612 3785 1666 sed

2241 1742 2342 1798 per
2373 1722 2693 1779 violentiam
2743 1717 2910 1773 fuerit
2955 1712 3324 1777 intromissus,
3369 1722 3584 1779 seseque
3611 1704 3785 1776 episco-

2166 1792 2216 1860 Β
2244 1792 2355 1893 pali
2411 1814 2747 1873 abdicaverit
2800 1811 3028 1868 ditione.
3089 1807 3170 1862 Ibi
3219 1820 3347 1879 ergo
3398 1804 3539 1876 [iugo
3586 1799 3791 1893 princeps

2245 1923 2378 1970 tunc
2427 1928 2515 1968 me
2572 1927 2672 1982 per
2724 1923 2947 1963 manum
3007 1906 3064 1975 (ἰ,
3109 1904 3328 1968 manus)
3380 1891 3791 1967 accipiens,’huic

2247 2001 2463 2077 Hugoni
2516 1979 2703 2070 nepoti
2760 2011 2862 2052 suo
2902 1994 2971 2049 ad
3028 1987 3486 2047 benefaciendum
3535 1979 3792 2077 commisit;

2249 2066 2459 2165 quippe
2486 2066 2624 2143 mihi
2650 2085 2942 2142 ecclesiam
2973 2089 3143 2137 santae
3172 2077 3352 2133 Marias
3379 2074 3525 2130 dedit
3550 2072 3601 2125 in
3628 2066 3794 2165 Colrido

2250 2159 2433 2247 sitam,
2458 2187 2659 2235 terram
2692 2192 2912 2249 quoque
2939 2189 3103 2246 quam
3145 2177 3302 2242 pater
3333 2181 3461 2221 suus
3490 2163 3609 2217 mihi
3652 2159 3793 2213 abstu-

2252 2278 2409 2347 lerat,
2464 2274 2725 2339 reddidit,
2780 2279 2834 2326 et
2892 2270 3056 2325 aliam
3098 2267 3156 2320 in
3216 2262 3471 2336 praedicta
3519 2257 3633 2313 villa
3674 2266 3797 2322 supra

2254 2368 2480 2439 adjecit.
3030 2404 3049 2413 ν

2855 2448 3066 2505 CAPUT
3095 2445 3276 2501 XXIX.

2466 2547 2541 2600 De
2570 2542 2730 2597 malis
2772 2554 2891 2608 qua
2917 2539 3163 2605 deinceps
3200 2533 3479 2589 consecuta
3503 2528 3634 2581 sunt.

2324 2634 2435 2689 Nec
2491 2647 2664 2699 mora,
2726 2629 3001 2684 civitatem
3044 2625 3375 2680 Remensem
3405 2635 3436 2672 a
3479 2614 3680 2688 praelato
3708 2623 3805 2662 con-

2252 2735 2421 2785 ventu
2471 2727 2743 2782 adeuntes
2773 2720 3040 2793 epiSCOpi,
3098 2723 3453 2790 praetaxatum
3481 2711 3689 2765 electum
3732 2714 3809 2755 n0-

2257 2831 2430 2880 strum
2461 2823 2518 2877 in
2544 2820 2781 2877 ecclesia
2813 2815 2990 2872 sancti
3021 2812 3262 2888 Remigii
3295 2808 3550 2881 dignitate
3576 2799 3813 2857 sublimant

2258 2912 2737 2986 archiepiscopali.
2776 2911 2889 2966 Sub
2940 2909 3155 2964 hisdem
3195 2905 3312 2961 fere
3365 2903 3553 2958 diebus
3586 2896 3813 2950 monaste-

2260 3010 2399 3065 rium
2424 3007 2597 3063 sancti
2630 3002 2958 3060 Theodorici
2991 2999 3280 3057 nonnullis
3308 2998 3596 3052 illustratur
3627 2989 3815 3043 miracu-

2192 3099 2329 3191 Clis
2376 3100 2445 3154 de
2476 3096 2681 3169 quibus
2707 3095 2820 3164 jam
2878 3092 3129 3164 quaedam
3162 3105 3332 3160 supra
3383 3084 3647 3191 retulimtts
3674 3073 3813 3176 (libis

2260 3208 2306 3246 c.
2339 3192 2487 3261 ult),
2538 3189 2634 3244 ubi
2673 3184 3259 3244 commemorationem
3299 3179 3538 3251 ejusdem
3586 3167 3711 3225 beati
3736 3161 3813 3219 viri

2261 3281 2620 3351 fecimus.jAb
2646 3279 2879 3335 ecclesia
2906 3270 3037 3331 vero
3086 3282 3294 3329 sanctae
3328 3269 3503 3325 Mariae
3532 3262 3692 3320 Remis
3715 3270 3815 3312 crux

2260 3375 2454 3443 major,
2487 3390 2651 3445 quam
2687 3373 2931 3427 domnus
2959 3367 3223 3422 Reriveus
3270 3360 3691 3430 archiepiscOpus
3718 3363 3818 3406 auro

2261 3470 2642 3535 cooperuerat,
2676 3469 2729 3516 et
2773 3459 3009 3535 gemmis
3039 3462 3359 3518 ornaverat,
3391 3469 3421 3505 a
3457 3447 3653 3503 furibus
3678 3448 3819 3535 noctu,

2264 3557 2611 3613 tenebrarum
2659 3553 2871 3609 scilicet
2918 3547 3283 3613 amatoribus,
3317 3543 3571 3600 aufertur.
3624 3538 3718 3600 Qua
3753 3529 3822 3583 diu

2264 3650 2515 3723 quaesita,
2545 3648 2766 3703 tandem
2797 3651 2922 3716 post
2947 3658 3149 3697 annum
3183 3656 3313 3711 pars
3339 3635 3454 3692 auri
3511 3636 3822 3706 gemmarum-

2265 3722 2372 3817 que
2420 3743 2598 3814 ipsius
2643 3739 2886 3795 multatis
2936 3736 3211 3807 reperitur
3265 3729 3583 3788 latronibus.
3636 3722 3698 3776 Ex
3742 3729 3823 3814 qua

2265 3806 2613 3908 postmodum
2647 3847 2779 3888 auro
2826 3831 2917 3885 hic
2966 3806 3188 3900 praesul,
3242 3826 3460 3894 adjecta
3506 3815 3715 3892 quadam

2264 3944 2483 4001 quoque
2510 3924 2759 3981 muneris
2788 3928 3121 3994 quantitate,
3156 3918 3386 3973 calicem
3419 3913 3520 3969 sub
3547 3912 3730 3965 honore
3756 3899 3823 3954 Dei

2265 3995 2558 4075 (genitricis
2586 4015 2838 4072 fabricari
2879 4014 3027 4069 fecit.
3062 4013 3294 4086 llugone
3333 4024 3398 4064 ac
3434 4004 3700 4061 lleriberto
3729 3995 3827 4047 Lau-

2265 4115 2471 4169 dunum
2505 4113 2710 4184 pariter
2737 4107 3141 4170 obsidentibus,
3172 4120 3268 4159 rex
3303 4101 3623 4159 Ludovicus,
3645 4086 3827 4158 sumptis

2266 4221 2452 4260 secum
2480 4218 2621 4274 quos
2648 4201 3017 4271 undecunque
3070 4196 3339 4267 colligere
3373 4190 3548 4265 potuit
3577 4189 3628 4242 in
3671 4191 3827 4274 pagutn

2269 4266 2585 4354 Portensem
2602 4294 2772 4350 venit.
2799 4293 2913 4357 Quo
2928 4266 3122 4346 audito
3146 4290 3324 4363 llugo,
3344 4294 3401 4342 et
3426 4281 3725 4339 lleribertus
3755 4266 3832 4323 sci-

2268 4391 2395 4447 licet
2437 4390 2585 4462 quod
2642 4405 2735 4444 rex
2764 4388 2844 4443 eis
2899 4385 3394 4459 appropinquaret,
3450 4374 3722 4462 obsidione
3760 4379 3829 4418 τε-

551 4484 688 4568 rens
724 4468 1040 4568 emnobium
1092 4469 1273 4568 sancti
1310 4469 1510 4568 Ba§01i,
1542 4471 1612 4526 8d
1664 4472 1922 4527 eumdem
1979 4489 2164 4547 regem
2190 4500 2243 4568 D
2269 4484 2417 4551 licta,
2457 4460 2762 4553 properant
2804 4488 3015 4543 contra,
3047 4484 3103 4532 et
3156 4466 3665 4546 insperatum'regis
3708 4460 3833 4552 inva-

551 4557 919 4629 proﬁciscitur
974 4574 1097 4614 cum
1162 4559 1494 4632 quibusdam
1551 4562 1882 4633 propinquis
1944 4545 2078 4629 suis,
2136 4578 2154 4617 ε

2268 4575 2464 4630 dentes
2492 4572 2813 4637 exercitum,
2866 4569 3165 4625 nonnullos
3193 4569 3474 4629 sternunt,
3533 4556 3749 4626 reliquos
3792 4545 3832 4596 in

552 4650 759 4723 quibus
816 4652 1065 4709 ecclesiae
1122 4652 1414 4720 beneﬁcia,
1471 4671 1595 4726 quae
1670 4656 1953 4723 tenebant,
2013 4656 2170 4712 Heri-
2267 4664 2450 4738 fugam
2497 4670 2735 4719 νεηηηι,
2797 4662 2906 4716 “ex
2965 4661 3084 4731 ipse
3138 4674 3262 4713 cum
3318 4654 3513 4726 paucis
3571 4648 3771 4705 eductus
3817 4650 3839 4685 a

552 4743 744 4800 bertus
792 4759 980 4801 comes
1031 4746 1354 4802 abstulerat.
1410 4747 1541 4802 Mihi
1599 4765 1822 4820 quoque
1877 4750 2167 4806 ecclesiam

555 4834 865 4891 Colmisiaci
910 4836 1187 4907 (Oormicy)
1217 4836 1324 4892 vici
1355 4835 1582 4892 abstulit
1619 4854 1745 4893 cum
1784 4845 1929 4895 terra
1960 4838 2175 4895 beneﬁ—

554 4923 649 4991 cii,
679 4941 844 4997 quam
876 4932 1009 4980 tunc
1037 4925 1306 4998 temporis
1327 4926 1610 4982 tenebam.
1642 4927 1756 5002 Ego
1782 4929 2027 5001 denique
2056 4930 2175 4984 dis-

554 5032 793 5090 ponens,
851 5018 1118 5075 orationis
1164 5020 1360 5094 gratia,
1410 5021 1724 5093 sepulcrum
1783 5023 1961 5078 visere
1996 5024 2172 5080 sancti

555 5108 795 5187 Martini2
825 5118 1074 5166 retentus
1119 5127 1238 5167 sum
1281 5112 1351 5167 ab
1377 5111 1521 5184 ipso,
1556 5115 1695 5170 clam
1726 5130 1816 5168 me
1845 5114 2174 5185 quibusdam

554 5202 810 5273 personis
839 5201 1291 5258 insimulantibus
1318 5202 1464 5273 apud
1514 5218 1663 5272 eum,
1705 5203 1853 5274 quod
1884 5203 1967 5258 sui
2013 5221 2177 5261 causa

558 5296 899 5363 nocumenti,
938 5296 1025 5352 vel
1079 5295 1177 5352 ﬁlii
1209 5298 1294 5354 sui
1343 5298 1540 5354 vellem
1594 5297 1911 5371 proﬁcisci;
1967 5305 2020 5354 et
2046 5299 2175 5371 quia

558 5385 880 5441 renutabam
913 5402 1001 5442 me
1054 5386 1186 5442 huic
1213 5386 1390 5443 electo
1418 5394 1607 5443 nostro
1655 5386 2021 5454 committere,
2075 5404 2174 5443 ne-

557 5477 744 5534 sciens
772 5484 958 5534 utrum
991 5478 1100 5535 Deo
1150 5478 1393 5551 placeret
1420 5495 1548 5534 eum
1586 5478 1879 5550 praesulem
1922 5489 2169 5535 nostrum

558 5565 699 5623 fore.
739 5567 942 5639 Sicque
977 5568 1156 5641 plenis
1184 5568 1438 5641 quinque
1475 5567 1762 5623 mensibus
1799 5568 1945 5639 apud
1976 5567 2174 5623 fratres

559 5667 802 5727 nostros,
845 5658 966 5731 ipso
995 5659 1197 5716 comite
1219 5658 1477 5730 jubente,
1520 5659 1623 5716 sub
1680 5659 1931 5716 custodia
1974 5659 2170 5732 partim

561 5751 740 5809 libera
758 5768 879 5809 sum
918 5753 1196 5810 detentus.

2268 4757 2405 4821 suis,
2463 4762 2519 4811 et
2550 4755 2792 4809 eximere
2836 4768 2896 4808 se
2949 4751 3099 4806 bello
3130 4757 3378 4815 coactus,
3430 4746 3517 4799 vix
3548 4737 3721 4801 evasit.
3768 4729 3843 4783 ΑΡ
3926 4738 3927 4743 “

2272 4849 2424 4904 toldo
2454 4847 2718 4919 episcOpo
2762 4851 2818 4900 et
2845 4842 3100 4921 Rotgario
3134 4841 3338 4897 comite
3395 4830 3847 4921 comitantibussef

2275 4951 2419 4992 eum.
2488 4907 2745 4990 iirtoldus
2783 4907 3099 5003 episcopus,
3149 4928 3386 5001 perditis
3438 4925 3599 4980 rebus
3633 4929 3749 4991 quas
3789 4907 3842 5003 ibi

2276 5028 2560 5092 habuerat,
2612 5026 2681 5080 ad
2714 4999 2997 5100 Hugonem
3028 5030 3084 5078 et
3135 4999 3482 5077 Reribertum
3517 5010 3727 5072 accessit
3774 4999 3847 5100 ad:

2276 5121 2475 5176 ductus
2521 5119 2591 5174 ab
2622 5096 2832 5184 amicis,
2892 5115 3238 5187 redditisque
3268 5112 3378 5167 sibi
3438 5103 3668 5165 abbatiis
3712 5096 3847 5187 sancit

2276 5212 2454 5268 Basoli
2493 5218 2550 5267 et
2574 5178 2866 5266 Avennaco
2897 5224 3020 5264 cum
3052 5178 3183 5263 villa
3209 5202 3543 5260 Vindenissa
3574 5178 3845 5270 [Vendfw'fl

2275 5311 2331 5360 et
2359 5310 2519 5376 pacta
2567 5319 2703 5376 pace
2749 5318 2873 5357 cum
2928 5301 3158 5376 Hugone
3202 5296 3468 5370 praesule,
3524 5291 3590 5346 ad
3636 5286 3842 5340 sanctum

2275 5399 2549 5465 Basolum,
2591 5397 2705 5453 illic
2753 5395 3101 5451 habitaturus
3142 5390 3385 5447 devenit.
3432 5379 3683 5457 Sequenti
3730 5383 3843 5465 aan

2274 5487 2421 5559 (942)
2450 5458 2765 5558 Ρτδάἰῐοτεε
2805 5482 3029 5555 quidam
3062 5478 3249 5537 Remis
3274 5474 3504 5548 reperti,
3537 5478 3587 5525 et
3618 5458 3845 5559 interfecti

2273 5547 2697 5650 sunt';.quidam
2729 5547 2899 5632 rebus
2927 5574 3174 5630 ecclesiae
3205 5567 3404 5643 privati
3437 5565 3507 5622 ab
3530 5561 3661 5620 urbe
3688 5547 3848 5642 depelj

2275 5666 2482 5722 luntur.
2535 5665 2721 5739 Legati
2775 5663 3065 5720 Remensis
3121 5657 3372 5717 ecclesiae
3432 5655 3603 5711 Roma
3653 5651 3847 5739 regt‘ESSl

2275 5756 2500 5827 pallium
2531 5733 2787 5810 deferunt
2818 5749 3495 5829 Hugoniarchiepiscopo,
3517 5743 3585 5799 ab
3611 5733 3848 5807 Stephano
