4010 6162
205 380 287 438 301
787 368 1112 427 HISTORIIE
1149 366 1481 426 ECCLESIAE
1517 363 1847 424 REMENSIS
1887 362 2067 420 LIBRI
2106 361 2432 429 QUA'I'UOR.
2473 393 2544 406 —
2582 364 2709 423 LIB.
2751 362 2836 419 IV.
3373 362 3482 423 302

209 532 321 589 papa
341 512 520 583 (Steph.
556 509 705 580 VIII)
733 506 1136 563 transmissum.
1170 505 1301 562 Cum
1332 505 1536 577 quibus
1566 504 1771 577 pariter
1790 509 1845 579 Α
1866 500 2134 575 quosdam
2162 499 2844 589 obsides,utRagenoldus
2874 515 2940 555 ex
2955 497 3267 574 parteregis
3280 499 3348 555 ad
3364 500 3485 557 col-

206 588 251 664 et
275 603 606 680 legatiovenit
637 599 983 673 principibus
1006 597 1184 671 regni,
1219 605 1279 653 ut
1314 598 1650 655 Ludovicum
1682 612 1770 654 re-
1868 592 2115 663 loquium
2137 590 2244 645 sibi
2282 595 2549 647 occurrat.
2573 590 2687 655 Quo
2715 588 2980 657 abeunte,
3010 594 3207 645 tractat
3234 604 3358 645 cum
3390 605 3480 658 eo,

206 716 305 777 gem
332 696 604 769 recipiant,
637 700 693 751 et
714 693 795 750 sic
831 694 1044 766 legatos
1092 707 1225 748 suos
1248 692 1475 748 Romam
1505 692 1764 768 dirigant.
1868 686 1949 742 uti
1978 702 2073 741 rex
2111 685 2339 743 obsides
2368 686 2437 741 ab
2467 685 2694 761 Hugone
2720 682 3142 756 archiepiscOpo
3173 684 3407 756 accipiat
3427 690 3484 741 et

757 806 967 863 CAPUT
1009 806 1162 861 χχχ,
1870 779 1939 835 ab
1967 779 2259 836 obsidione
2287 780 2546 837 Remensi
2572 778 3136 850 discedat,quatenus
3166 779 3316 835 idem
3347 796 3487 852 pree-

257 906 316 960 De
338 903 669 973 occupatione
703 898 1015 973 Altimontis
1041 898 1255 973 __cas_t_ri,
1284 896 1369 952 vel
1388 896 1614 963 Musoni,
1648 900 1699 951 et

1911 875 1977 943 il,
2009 875 2365 932 denominato
2404 876 2629 949 plac’ito,
2663 874 2732 930 ad
2753 873 3093 930 reddendam
3124 876 3395 933 rationem
3416 875 3486 932 de

714 974 883 1025 morte
919 968 1191 1024 Heriberti
1242 962 1249 964 ⁷
1604 962 1607 963 ⁷
1870 964 2295 1037 omnibus,quae
2314 983 2407 1021 rex
2448 966 2515 1021 ab
2542 981 2608 1021 eo
2653 962 2957 1036 quaesierit,
2997 964 3242 1019 accedat.
3279 963 3487 1030 Quibus

257 1069 388 1122 Anno
414 1079 633 1138 quoque
689 1069 815 1133 post
862 1060 1024 1115 istum
1085 1059 1225 1127 (943)
1258 1057 1514 1113 Artoldus
1545 1057 1766 1128 episco-
1870 1055 1975 1109 hoc
2005 1055 2111 1109 sibi
2141 1063 2332 1111 tenore
2364 1055 2504 1109 datis
2531 1071 2621 1109 rex
2667 1054 2735 1108 ab
2791 1051 3089 1108 obsidione
3121 1053 3331 1108 recedit
3364 1063 3489 1125 post

204 1177 301 1231 pus,
328 1158 505 1213 relicto
536 1154 793 1211 coenobio
859 1150 1034 1207 sancti
1085 1150 1283 1215 Basoli,
1324 1149 1392 1204 ad
1422 1164 1606 1221 regem
1641 1164 1768 1219 pro-
1870 1147 2118 1218 quintam
2145 1146 2416 1201 decimam
2449 1163 2557 1219 qua
2587 1145 2778 1202 civiles
2834 1143 3064 1199 obsessa
3093 1143 3271 1200 fuerat
3317 1145 3487 1200 diem.

202 1252 449 1307 fectusest.
493 1250 559 1303 At
609 1247 688 1302 illi
740 1244 1011 1316 promittit
1054 1243 1107 1298 ei
1163 1258 1223 1297 se
1265 1242 1604 1297 redditurum
1663 1241 1768 1295 Re-
1866 1237 1978 1293 Nec
2007 1238 2178 1293 multo
2210 1245 2335 1309 post
2374 1238 2518 1293 idem
2542 1254 2634 1293 rex
2662 1255 2694 1293 a
2724 1238 3094 1295 Nordmaunis
3122 1237 3491 1309 comprehen-

204 1355 411 1395 mensem
439 1337 840 1409 episcopatum.
896 1333 995 1398 Qui
1048 1331 1346 1402 assumptis
1374 1346 1560 1386 secum
1591 1330 1768 1384 fratri-
1868 1336 2147 1397 susest,et
2178 1330 2705 1387 Rodomidetentus.
2731 1332 2885 1408 IIugo
2902 1332 3104 1404 prmsul
3136 1331 3489 1387 Altimontem

201 1429 285 1483 bus
308 1428 424 1494 suis,
452 1433 509 1481 et
533 1425 653 1480 aliis
681 1422 1034 1495 quibusdam,
1084 1420 1178 1492 qui
1210 1420 1409 1488 abjecti
1459 1418 1673 1474 fuerant
1699 1419 1767 1474 ab
1870 1428 2107 1478 castrum
2168 1422 2453 1489 obsidens,
2510 1429 2634 1494 post
2682 1430 2894 1495 septem
2956 1424 3128 1478 ferme
3186 1420 3493 1477 obsidionis

202 1521 478 1592 episc0patu
510 1517 789 1574 Remensi.
838 1516 1191 1570 Altimontem
1247 1521 1484 1569 castrum
1514 1520 1768 1582 occupat.
1874 1511 2251 1567 hebdomadas
2301 1513 2513 1583 recipit,
2590 1513 2860 1569 reddente
2918 1513 3054 1568 illud
3102 1513 3209 1568 sibi
3264 1511 3494 1567 Dodonc

201 1609 308 1665 Cum
333 1609 523 1681 quibus
577 1621 672 1661 rex
720 1604 1026 1660 Ludovicus
1053 1603 1217 1659 etiam
1272 1602 1554 1657 Mosonum
1577 1615 1769 1676 agres-
1874 1603 2063 1659 domui
2094 1604 2302 1660 Artoldi
2340 1603 2530 1674 fratre,
2579 1605 2674 1660 tali
2706 1605 2811 1660 sub
2859 1605 3206 1671 conditione,
3237 1601 3491 1659 utfilium

199 1718 291 1769 sus,
317 1700 638 1773 repellitura
674 1695 935 1753 fidelibus
959 1696 1204 1771 Rugouis
1232 1694 1505 1767 episcOpi,
1541 1693 1773 1766 quibus-
1875 1691 2051 1763 ipsius
2075 1699 2129 1747 et
2168 1692 2341 1747 filium
2394 1692 2577 1748 fratris
2621 1693 2707 1749 sui
2758 1693 3091 1765 suscipiens,
3123 1693 3268 1748 idem
3293 1692 3491 1764 prmsul

199 1793 299 1849 dam
324 1809 538 1848 suorum
577 1788 971 1861 interemptis;
1006 1787 1361 1843 suburbanas
1380 1793 1563 1841 tamen
1580 1784 1775 1839 domos
1874 1784 2210 1840 concederet
2254 1784 2337 1839 eis
2376 1792 2577 1839 terram
2617 1792 2836 1856 patrum
2865 1801 3090 1841 suorum

201 1881 425 1954 quasdam
478 1880 660 1952 ipsius
698 1878 864 1935 castri
926 1876 1196 1933 succedit.
1253 1877 1469 1931 Interea
1511 1863 1854 1934 defunctoB
2444 1896 2654 1952 CAPUT
2710 1898 2912 1952 χχχιι,

200 1973 445 2029 Heriberto
471 1972 699 2039 comite,
749 1971 818 2026 de
863 1968 1199 2041 recipiendis
1223 1966 1356 2021 ﬁliis
1388 1966 1560 2057 ipsius
1587 1981 1774 2057 agrege
1873 1990 1950 2044 De
1977 1966 2313 2045 νεετίωιίοηέ
2349 1990 2551 2057 regula
2575 1992 2634 2044 in
2656 1992 2978 2046 monasterio
3008 1992 3193 2045 sane“
3239 1990 3493 2057 Remigii,

198 2064 360 2119 crebra
386 2064 527 2118 inter
549 2063 729 2134 ipsum
778 2075 965 2141 regem
1014 2065 1069 2114 et
1119 2058 1406 2132 Hugouem
1462 2055 1771 2128 principem
2147 2065 2196 2114 et
2219 2055 2602 2116 constitutione
2631 2062 2845 2117 abbatis
2877 2063 3181 2118 Hincman‘.

194 2154 476 2209 versabatur
506 2152 765 2207 intentio.
800 2152 1037 2216 Quorum
1069 2164 1163 2203 rex
1214 2148 1452 2219 primum
1495 2156 1623 2202 tunc
1662 2146 1776 2199 Hu-
1945 2148 2234 2203 Advocans
2255 2147 2498 2219 denique
2540 2147 2629 2202 hic
2668 2147 2912 2219 pontifex
2945 2146 3362 2203 Ercamboldum
3384 2160 3499 2201 mo-

196 2258 363 2318 gonem
398 2242 901 2313 archiepiscOpum,
960 2237 1364 2293 mediatoribus
1402 2235 1612 2292 Othone
1634 2235 1773 2290 duce
1876 2238 2298 2294 nasteriisancti
2324 2237 2612 2294 Benedicti
2643 2236 2924 2306 abbatem,
2955 2238 3202 2313 regulam
3230 2236 3498 2292 monasti-

196 2335 625 2401 Lothariensium,
678 2342 733 2389 et
788 2331 1139 2387 Adalberoue
1195 2329 1433 2402 pmsule
1461 2371 1479 2394 ,
1541 2329 1773 2401 llugone
1875 2347 1992 2389 cam
2027 2333 2082 2387 in
2115 2324 2454 2388 monasterio
2483 2332 2655 2388 sancti
2690 2331 2925 2407 Remigii
2971 2331 3261 2387 restituere
3291 2331 3494 2386 decer-

196 2439 384 2495 quoque
412 2425 557 2479 duco
585 2421 864 2493 praecipue
912 2419 1433 2490 insistente,recipit
1463 2434 1530 2474 eo
1561 2426 1773 2484 tenore,

1911 2430 1973 2489 1t,
2025 2424 2375 2480 constituens
2427 2423 2505 2478 ibi
2564 2423 2821 2479 abbatem
2863 2422 3211 2480 Biucmarum
3245 2422 3495 2491 ejusdem

196 2523 242 2570 ut
257 2515 492 2582 abbatiaa,
532 2530 670 2586 quas
698 2512 982 2567 dimiserat
1039 2510 1295 2566 Artoldus
1333 2510 1401 2565 ad
1430 2525 1613 2585 regem
1647 2523 1776 2580 pro-
1874 2511 1980 2567 loci
1997 2514 2352 2569 monachum.
2384 2511 2596 2587 Regina
2622 2511 2899 2587 Gerberga
2921 2528 3100 2584 nuper
3127 2512 3195 2566 ad
3226 2510 3496 2566 Othonem

197 2607 362 2671 fectus,
392 2606 613 2663 Artoldo
662 2606 927 2677 episcopo
958 2604 1397 2670 restituerentur,
1431 2602 1578 2657 aliud
1609 2602 1772 2657 etiam
1876 2617 2063 2677 regem
2094 2602 2320 2659 fratrem
2352 2620 2511 2659 suum
2538 2605 2871 2678 legationem
2895 2604 3191 2670 direxerat,
3224 2602 3494 2659 auxilium

196 2697 499 2767 episcOpium
545 2694 653 2766 ipsi
712 2694 1116 2765 provideretur,
1162 2692 1426 2748 fratribus
1473 2707 1693 2764 quoque
1722 2698 1775 2746 et
1876 2695 2185 2765 deposcens
2214 2695 2284 2751 ab
2334 2713 2401 2751 eo
2452 2705 2646 2752 contra
2703 2696 2991 2771 Hugonem
3044 2695 3377 2768 principem,
3410 2695 3498 2750 cui
3554 2731 3571 2743 .

199 2787 485 2859 propinquis
515 2788 641 2855 ejus
678 2786 940 2851 honores,
997 2798 1136 2855 quos
1184 2799 1248 2838 ex
1303 2782 1622 2853 episcopatu
1670 2781 1778 2836 Re-
1877 2787 2203 2844 Laudunum
2233 2789 2573 2855 reddiderat,
2616 2795 2675 2843 ut
2703 2789 2978 2860 reciperet
3008 2788 3346 2844 Ludovicum
3410 2802 3500 2845 re:

198 2878 345 2933 mensi
375 2879 698 2944 habuerant,
734 2877 1119 2931 redderentur.
1172 2876 1367 2931 Postea
1404 2874 1585 2929 caeteri
1645 2888 1780 2944 quo-
1878 2895 2026 2952 gem,
2060 2897 2226 2952 quem
2271 2881 2446 2955 nugo,
2491 2880 2593 2935 sub
2634 2880 2887 2935 custodia
2943 2887 3280 2951 receptuma
3319 2876 3500 2933 Nord-

198 2984 285 3039 que
307 2967 396 3023 filii
425 2969 697 3025 Heriberti
756 2967 972 3023 comitis
1019 2966 1365 3038 recipiuntur
1419 2983 1451 3021 a
1483 2982 1629 3038 rege.
1666 2965 1778 3018 llu-
1881 2976 2120 3042 mannis,
2155 2975 2455 3031 retinuerat
2493 2974 2663 3046 (946)⁸
2705 2973 2806 3039 Qui
2847 2973 2985 3029 οιιιο
3015 2973 3316 3028 maximum
3344 2971 3504 3028 οοιιί-

195 3072 252 3127 go
293 3058 517 3130 denique
575 3058 779 3130 praesul
859 3056 1167 3112 Amblicum
1223 3055 1471 3127 (Ambly)
1537 3063 1780 3109 castrum

1911 3082 2021 3137 gens
2061 3083 2124 3121 ex
2176 3067 2439 3122 omnibus
2489 3066 2679 3141 regnis
2726 3065 2843 3120 suis
2900 3065 3225 3131 exercitum,
3262 3063 3414 3119 venit
3446 3063 3502 3119 in

196 3151 316 3219 θερίῑ
363 3159 522 3223 atque
572 3150 902 3214 οοπιὺυδείι»
993 3150 1142 3222 Ἶυοά
1225 3147 1497 3204 Βοδθνίυε
1554 3156 1610 3203 εἴ
1666 3148 1780 3203 Βο-
1883 3157 2529 3225 Frauciam,Conradum
2585 3172 2811 3230 quoque
2866 3172 3055 3212 secum
3088 3156 3303 3211 habens
3331 3154 3504 3211 Cisal-

196 3243 350 3299 dOlfllS
387 3245 602 3313 ἴωπες,
664 3246 760 3317 qui
813 3244 1030 3300 fuerant
1086 3244 1269 3299 Remis
1308 3242 1542 3314 θκριιιδίι
1566 3241 1784 3296 ἀειίηθ·
1808 3242 1857 3310 C
1881 3251 2028 3323 pinna
2050 3250 2238 3307 Galliae
2272 3267 2484 3324 regem.
2543 3249 2755 3316 Quibus
2785 3266 2879 3305 rex
2924 3248 3251 3305 Ludowicus
3284 3248 3504 3304 obviam

197 3334 488 3400 bamtundc
504 3337 951 3409 depmdaliones
972 3353 1072 3407 per
1092 3334 1435 3407 episc0pium
1456 3334 1782 3389 Remensem
1884 3340 2187 3412 profectus,
2221 3341 2354 3395 satis
2380 3339 2753 3396 amicabiliter
2780 3346 2836 3395 et
2868 3338 3175 3395 honoriﬁce
3206 3337 3509 3413 suscipitur

194 3423 452 3484 faciebant.
490 3430 631 3484 Item
662 3426 923 3499 praefatus
942 3427 1398 3499 archiepiscopus
1423 3427 1783 3482 Altimontem
1885 3430 1955 3485 ab
1970 3430 2052 3485 eis
2115 3429 2316 3501 Sicque
2367 3429 2574 3500 pariter
2607 3428 2932 3485 Laudunum
2961 3429 3273 3496 venientes,
3314 3426 3507 3484 consi-

196 3517 524 3573 munitionem
555 3516 803 3583 obsidet,
841 3532 1007 3588 quam
1049 3515 1281 3570 tenebat
1317 3515 1470 3570 Dodo
1499 3513 1668 3570 frater
1690 3516 1788 3568 Ar-

1911 3523 2191 3594 lerataque
2229 3520 2396 3577 castri
2455 3520 2733 3589 firmitate,
2782 3521 3140 3577 deverterunt
3176 3521 3245 3575 ab
3273 3536 3363 3588 eo,
3398 3521 3508 3575 Rc-

197 3612 306 3666 toldi
322 3614 563 3686 episcopi
591 3632 608 3681 ;
642 3614 978 3685 tandemque
1008 3619 1235 3684 accepto
1252 3610 1787 3684 parvuloipsiusfilio
1889 3630 2137 3669 mensem
2156 3614 2544 3688 aggredientes
2572 3613 2789 3681 urbem,
2832 3629 2997 3687 quam
3030 3613 3317 3687 cingentes
3356 3612 3512 3670 obsi-

197 3707 383 3776 obside,
408 3710 672 3776 discedit,
701 3724 831 3784 rege
861 3725 1087 3781 quoque
1141 3710 1457 3765 mandante.
1502 3712 1658 3763 Auno
1708 3725 1791 3763 se-

194 3814 369 3872 quente
397 3806 546 3879 (9H)
579 3805 723 3881 regii
781 3804 990 3860 milites
1042 3805 1425 3876 episcopatum
1457 3804 1790 3859 Remensem

197 3896 572 3968 deprzedantur,
608 3910 665 3956 et
698 3900 797 3955 filii
832 3901 1101 3956 Heriberti
1130 3901 1409 3956 abbatiam
1439 3901 1613 3955 sancti
1654 3900 1790 3955 Cris

198 3984 310 4054 pini,
333 3988 685 4062 Ragenoldus
713 4006 935 4062 quoque
992 3990 1272 4046 abbatiam
1314 3990 1485 4045 sancti
1528 3989 1792 4054 Medardi,

198 4076 358 4148 sicque
393 4081 677 4137 alterutris
707 4081 1121 4138 debacchantur
1170 4081 1378 4154 rapinis
1395 4087 1558 4153 atque
1591 4079 1798 4150 deprae-

201 4170 508 4232 dationibus.

775 4247 984 4303 CAPUT
1013 4248 1194 4304 XXXI.

256 4337 322 4405 De
343 4338 623 4395 obsidione
634 4340 789 4396 urbis
802 4343 1078 4398 Bernensis
1108 4342 1178 4397 ab
1206 4343 1448 4396 emercitu
1466 4340 1731 4398 Ludovici

924 4448 1084 4487 7⁸8013.

924 4449 984 4487 re
1019 4450 1084 4487 is.

256 4519 398 4578 Anno
446 4532 575 4597 post
608 4523 756 4579 hunc
807 4449 1129 4597 (945),gqui
1192 4531 1277 4580 est
1340 4525 1505 4595 hujus
1547 4524 1800 4597 praesulis

1890 3704 2079 3773 dione,
2110 3704 2324 3780 ingenti
2345 3705 2619 3760 vallarunt
2648 3703 2915 3759 exercitu.

2487 3814 2695 3869 CAPUT
2714 3814 2922 3872 XXXII.

2213 3909 2289 3961 De
2323 3906 2627 3976 repulsione
2666 3906 2908 3973 Hugonis
2934 3905 3189 3976 episcopi.

1966 3994 2169 4052 Videns
2199 4002 2383 4050 autem
2415 3994 2567 4067 Hugo
2596 3993 2795 4065 praesul
2814 3992 3162 4049 obsidionem
3190 4008 3250 4048 se
3280 3991 3514 4047 tolerare

1899 4106 2010 4146 non
2042 4105 2227 4162 posse,
2261 4104 2445 4161 neque
2476 4094 2640 4143 tantae
2670 4086 2926 4142 resistere
2955 4084 3319 4149 multitudini,
3350 4084 3515 4141 locu-

1898 4188 1989 4237 tus
2016 4186 2101 4235 est
2129 4195 2254 4235 cum
2286 4176 2621 4250 quibusdam
2678 4174 3032 4249 principibus
3060 4175 3156 4248 qui
3184 4174 3518 4230 videbantur

1901 4285 2021 4324 esse
2052 4268 2158 4325 sibi
2191 4267 2375 4335 amici,
2406 4266 2665 4323 videlicet
2694 4282 2818 4322 cum
2852 4265 3099 4334 Aruulfo,
3146 4266 3242 4339 qui
3269 4266 3391 4335 ejus
3418 4282 3517 4322 so-

1902 4366 2184 4425 rorem,et
2243 4358 2482 4413 Widoue
2546 4356 2613 4429 [j,
2666 4357 2919 4424 Uddone,
2959 4360 3010 4412 ct
3055 4357 3211 4424 infra
3250 4355 3520 4427 Uddonis]

1901 4450 2034 4524 quia
2061 4450 2282 4505 amitam
2347 4448 2521 4520 ipsius
2574 4448 2817 4503 habebat
2865 4462 3117 4516 uxorem,
3171 4447 3270 4503 sed
3315 4454 3521 4503 etcum

1904 4544 2237 4599 Ilerimanno
2271 4542 2414 4613 [ms.,
2445 4540 2775 4612 llermanno]
2811 4540 3069 4596 Widonis
3094 4537 3525 4611 fratrcquaesivit

203 4617 397 4682 quintus
416 4622 470 4677 in
503 4622 860 4695 episcOpatu,
884 4638 978 4676 rex
1004 4621 1331 4689 Ludovicus,
1354 4621 1584 4676 collecto
1610 4636 1796 4675 secum

1911 4635 1974 4689 ab
1998 4634 2080 4688 eis
2121 4632 2255 4705 quid
2292 4631 2404 4687 sibi
2453 4630 2598 4687 foret
2630 4631 2929 4705 agendum.
2964 4629 3064 4694 Qui
3095 4629 3205 4685 tale
3235 4629 3524 4685 consilium

200 4709 677 4788 Nordmannorum}
710 4718 977 4786 exercitu,
1042 4717 1549 4773 Vcromaudensem
1604 4732 1803 4791 pagum

202 4800 540 4874 depraedatur.
590 4810 1002 4883 Assumptoque
1047 4827 1170 4866 cum
1239 4810 1373 4881 ipsis
1431 4808 1653 4864 Erluino
1679 4824 1801 4863 cum

205 4903 333 4961 parte
353 4901 590 4957 militum
632 4902 862 4970 Arnulﬁ,
915 4903 1013 4958 sed
1043 4909 1099 4958 et
1128 4903 1353 4959 Artoldo
1382 4902 1644 4973 episcopo
1674 4917 1799 4956 cum

204 4980 275 5036 his
296 4987 381 5056 qui
415 4990 632 5045 dudum
676 4991 863 5046 Remis
892 4992 1053 5061 ejecti
1082 4991 1317 5059 fuerant,
1343 4991 1544 5047 comite
1576 5007 1800 5063 quoque

206 5074 454 5140 Bernardo
512 5101 580 5141 ac
639 5085 982 5143 Theoderico
1027 5096 1228 5157 nepote
1276 5087 1472 5159 ipsius,
1506 5087 1799 5143 Remorum

205 5169 344 5227 vallat
373 5176 570 5230 urbem
595 5195 612 5243 ;
646 5182 929 5232 vastantur
947 5177 1379 5249 circumquaque
1401 5178 1809 5251 segetes,villae-

207 5263 676 5338 quediripiuntur,
707 5276 761 5323 et
787 5269 984 5339 partim
1032 5276 1355 5335 exuruntur,
1391 5284 1607 5325 necnon
1638 5270 1812 5324 eccle-

205 5350 283 5406 size
308 5355 489 5424 plures
517 5359 912 5436 effringantur.
952 5361 1178 5427 Quoties
1197 5370 1496 5436 pugnatum
1521 5361 1587 5416 ad
1609 5368 1812 5432 portas,

203 5443 272 5497 vel
295 5448 428 5505 circa
494 5468 744 5521 murum,
792 5455 1062 5509 vulnerati
1118 5471 1184 5509 ex
1244 5465 1476 5528 utraque
1509 5463 1669 5526 parte
1701 5470 1816 5510 nou

209 5537 367 5601 pauci,
393 5540 625 5611 quidam
650 5543 813 5598 etiam
850 5544 1169 5615 interempti
1199 5550 1346 5600 sunt.
1392 5544 1544 5617 llugo
1576 5544 1818 5616 denique

206 5618 297 5677 dux
315 5629 596 5695 praetiatus
632 5647 758 5687 cum
791 5631 1182 5701 Nordmannis,
1234 5635 1330 5707 qui
1364 5633 1505 5690 ﬁnes
1570 5651 1701 5691 suos
1740 5636 1822 5690 in-

206 5715 358 5780 gressi
386 5716 635 5787 fuerant,
661 5735 758 5777 eos
800 5737 910 5778 non
942 5723 1161 5779 modica
1182 5723 1334 5779 caede
1373 5723 1536 5793 fudit,
1570 5731 1627 5780 et
1651 5740 1683 5778 a
1712 5733 1821 5779 ter-

208 5800 357 5860 minis
383 5809 499 5866 suis
528 5810 718 5879 ejecit.
745 5813 878 5871 Post
908 5814 1024 5871 haec
1080 5815 1280 5873 Remos
1310 5814 1380 5871 ad
1412 5831 1599 5889 regem
1632 5814 1824 5882 mittit,

1905 4725 2181 4781 dederunt
2207 4723 2282 4791 ei,
2322 4730 2382 4778 ut
2406 4722 2768 4796 egrederetur
2796 4736 2922 4777 cum
2950 4721 3067 4776 suis
3097 4727 3153 4776 et
3188 4720 3524 4793 relinqueret

1904 4818 2120 4885 urbem,
2144 4815 2276 4887 quia
2306 4814 2362 4869 id
2420 4814 2753 4884 dispositum
2784 4829 2816 4868 a
2867 4812 3095 4888 regibus
3120 4821 3240 4869 erat
3267 4820 3324 4868 ut
3344 4813 3530 4869 omni-

1900 4907 2084 4964 modis
2112 4903 2746 4977 expellcrentur,ueque
2779 4902 3115 4958 intervenire
3136 4908 3363 4974 possent
3382 4902 3531 4973 apud

1906 5019 2067 5077 reges
2093 5018 2197 5074 pro
2223 5002 2369 5073 ipso,
2398 4999 2535 5072 quin
2574 4999 2626 5054 ei
2658 5005 2986 5054 eruerentur
3006 4997 3240 5063 oculi,si
3270 4996 3533 5053 urbemvi

1908 5092 2030 5164 capi
2059 5091 2404 5165 contigisset.
2439 5089 2557 5155 Quo
2596 5087 2831 5144 consilio
2880 5095 3145 5159 percepto
3169 5103 3237 5144 ac
3260 5088 3379 5143 suis
3400 5086 3536 5142 inti-

1909 5192 2080 5250 mato,
2112 5190 2240 5255 post
2270 5182 2487 5238 tertiam
2516 5179 2829 5237 obsidionis
2860 5179 3007 5234 diem
3056 5195 3181 5234 cum
3212 5194 3358 5250 pene
3387 5194 3533 5247 cuu-

1914 5273 2016 5328 ctis
2042 5273 2137 5344 qui
2169 5287 2358 5328 secum
2390 5278 2522 5327 tunc
2551 5270 2785 5325 aderant
2814 5268 3109 5335 militibus,
3140 5282 3398 5342 egressus
3428 5273 3535 5323 est.

1916 5361 2117 5432 Sicque
2148 5377 2307 5433 reges
2358 5377 2483 5416 cum
2531 5359 2814 5431 episcopis
2862 5366 2919 5414 et
2968 5357 3315 5430 principibus
3354 5356 3541 5429 ingrc-

1918 5450 2158 5516 dientes,
2187 5449 2405 5516 urbem,
2462 5449 2727 5505 domuum
2770 5447 3057 5504 Artoldum
3102 5445 3416 5518 praesulem,
3444 5445 3540 5517 qui
3638 5498 3657 5506 ,

1921 5540 2129 5596 dudum
2165 5540 2344 5596 fuerat
2374 5539 2607 5608 ejectus,
2642 5539 2842 5595 iterum
2875 5537 3235 5594 inthrouizari
3267 5535 3540 5591 fecerunt.

1923 5631 2094 5696 Quem
2128 5630 2446 5696 Rotbertus,
2477 5629 2818 5685 Trevirensis
2844 5625 3318 5698 archiepiscopus,
3348 5621 3545 5677 etFrc-

1925 5723 2149 5780 dericus
2193 5721 2681 5798 Magontiaccusis,
2736 5719 3077 5792 accipientes
3103 5725 3335 5789 utraque
3380 5728 3547 5770 manu

1925 5814 2108 5870 eidem
2127 5813 2248 5869 sedi
2274 5810 2653 5867 restituerunt.
2685 5808 2895 5866 Deinde
2914 5806 3298 5877 relinquentes
3312 5804 3549 5861 Cerber-
