4012 6164
507 295 615 349 303

1618 288 1988 379 FLODOARDI
2029 288 2332 345 CANONICI
2374 286 2700 343 REMENSIS

3660 296 3740 351 3M

504 443 630 501 gam
656 424 903 500 reginam
960 422 1169 491 Remis,
1228 422 1334 494 ipsi
1388 437 1550 498 reges
1602 438 1723 478 cum
1780 422 2117 479 exercitibus
2140 421 2389 496 Apium.
2440 419 2709 476 Indicitur
2765 419 2954 491 itaque
3006 419 3266 491 synodus,
3322 436 3434 492 qua
3463 429 3511 477 et
3537 430 3745 482 convenit

505 517 622 572 suis
647 522 845 571 terram
886 513 1133 588 Hugonis
1159 514 1568 589 ingrediuntur,
1596 522 1652 570 et
1689 514 1947 588 gravibus
1976 523 2118 570 atte-

504 611 631 658 runt
657 601 1187 674 depradationibus.
1219 602 1437 658 Terram
1468 617 1692 675 quoque
1732 601 2117 658 Nordmanno—

502 707 624 746 rum
666 696 1049 769 peragrantes,
1105 690 1226 747 loca
1280 706 1517 765 quaque
1542 692 1851 759 devastant,
1889 700 1943 747 et
1985 691 2115 745 inde

501 790 813 838 remeantes
867 782 936 838 ad
979 798 1081 838 sua
1132 783 1341 856 quique
1386 783 1796 860 regrediuntur.
1836 784 1992 839 Anno
2023 800 2115 837 se-

502 874 693 946 quenti
728 876 881 947 (9-49)
912 892 1005 931 rex
1028 875 1338 931 Ludovicus
1368 875 1675 932 Mosomum
1697 874 2112 947 castrum,quod

501 963 657 1037 Hugo
684 964 871 1020 Remis
901 966 1112 1036 ejectus
1128 966 1425 1034 retinebat,
1455 967 1677 1023 obsedit
1702 985 1716 1033 ;
1739 967 1837 1021 sed
1856 965 1993 1046 nihil
2015 980 2112 1035 pro

499 1057 644 1113 votis
683 1055 958 1125 efﬁciens,
1011 1058 1402 1114 recedentibus
1457 1060 1680 1115 tandem
1714 1068 1837 1131 post
1865 1077 2115 1116 mensem

501 1148 958 1205 Lothariensibus
983 1151 1078 1223 qui
1111 1167 1298 1205 secum
1340 1156 1520 1218 erant,
1553 1152 1673 1222 ipse
1704 1151 1903 1207 Remos
1933 1168 2117 1207 rever-

501 1235 659 1293 titur.

570 1328 686 1394 Quo
713 1328 781 1384 ad
805 1327 1073 1385 Othonem
1132 1346 1317 1407 regem
1379 1331 1449 1386 ad
1481 1331 1876 1387 celebrandum
1909 1331 2117 1387 Pascha

500 1420 770 1491 profecto,
807 1421 959 1497 Hugo
987 1422 1293 1495 princepsa
1315 1424 1649 1496 quibusdam
1674 1432 2115 1496 prasumptuose

498 1528 783 1584 pervasus,
832 1514 1164 1571 Remensem
1224 1533 1349 1571 cum
1383 1517 1607 1590 Hugone
1659 1518 1916 1589 prasule,
1957 1517 2113 1588 quasi

498 1617 624 1657 mox
654 1610 940 1674 capturus,
972 1604 1294 1679 aggreditur
1332 1606 1526 1661 urbem
1562 1624 1578 1671 ;
1618 1604 1991 1677 frustratoque
2016 1621 2117 1659 ne-

495 1692 670 1766 gotio,
703 1695 1096 1751 resistentibus
1122 1697 1271 1769 regis
1302 1704 1357 1752 et
1395 1697 1601 1752 Artaldi
1642 1697 1892 1768 episcopi
1917 1696 2113 1752 militi-

494 1784 624 1852 bus,
654 1794 848 1842 octavo
898 1794 1191 1859 postquam
1239 1788 1577 1844 advenerant
1616 1789 1726 1856 die,
1770 1789 1915 1844 illusi
1959 1804 2114 1844 rece-

497 1876 656 1932 dunt.
708 1878 977 1935 Defuncto
1054 1881 1289 1936 Deraldo
1347 1881 1800 1936 Ambianensium
1853 1882 2110 1953 prasule,

495 1968 791 2026 Tetbaldus
842 1972 1090 2043 quidam,
1148 1972 1405 2029 Ecclesia
1459 1973 1803 2029 Suessonica
1833 1974 2113 2028 archidia-

499 2078 674 2117 conus
711 2064 1000 2120 ordinatur
1027 2064 1097 2121 ab
1122 2065 1351 2142 Hugone
1386 2066 1775 2122 Ambianensis
1794 2066 2112 2139 episcopus.

501 2150 784 2210 Conventu
840 2156 1027 2226 placiti
1078 2173 1269 2230 regum
1321 2157 1581 2213 Ludovici
1605 2165 1660 2213 et
1691 2157 1921 2214 Othonis
1948 2174 2116 2229 super

498 2242 929 2316 Charam(Cher)
978 2244 1206 2300 ﬂuvium
1251 2256 1609 2322 congregato,
1665 2264 1754 2302 res
1799 2247 1913 2303 litis
1971 2247 2116 2302 inter

495 2334 706 2388 Aldum
741 2343 796 2389 et
817 2333 1126 2407 Hugonem,
1158 2335 1446 2390 Remensis
1476 2336 1733 2391 Ecclesia
1757 2337 2115 2408 prasules,ab

494 2426 775 2498 episcopis
803 2427 1024 2483 auditur
1049 2446 1063 2495 ;
1107 2437 1162 2483 et
1192 2428 1323 2500 quia
1352 2429 1599 2500 synodus
1629 2436 1760 2484 tunc
1780 2437 2116 2504 congregata

491 2528 603 2569 non
635 2513 835 2583 fuerat,
868 2516 1156 2573 altercatio
1176 2517 1539 2573 determinari
1591 2533 1702 2574 non
1750 2520 1953 2590 potuit.
2012 2520 2115 2590 Sy-

490 2608 672 2662 nodus
701 2616 881 2664 autem
927 2609 1073 2666 circa
1112 2612 1359 2667 medium
1414 2614 1624 2668 mensis
1672 2614 1993 2669 Novembris
2017 2615 2115 2669 ha-

486 2694 675 2751 benda
721 2696 1101 2755 denuntiatur.
1157 2700 1378 2755 Interim
1435 2716 1566 2755 vero
1616 2701 1779 2756 sedes
1825 2702 2113 2757 Remensis

485 2787 707 2844 Artoldo
739 2786 1082 2857 conceditur,
1141 2790 1296 2866 [Iugo
1332 2790 1560 2847 Mosomi
1591 2792 1852 2847 remorari
1876 2776 2119 2863 permit?

489 2875 642 2931 titur.
677 2877 966 2945 Heriveus,
995 2894 1171 2950 nepos
1196 2879 1414 2936 Herivei
1435 2880 1863 2952 archiepiscopi,
1898 2881 2108 2936 habens

487 2968 857 3025 munitionem
888 2988 1053 3043 quam
1085 2970 1458 3027 adificaverat
1508 2972 1644 3027 citra
1670 2971 1968 3028 Matronam
2001 2973 2109 3028 ﬂu-

2216 512 2275 566 in
2300 511 2588 567 ecclesiam
2649 510 2825 566 sancti
2881 509 3023 565 Petri
3082 510 3139 564 in
3196 520 3472 582 prospectu
3499 513 3749 571 Mosoniex

2217 600 2771 656 diaccsiTrevirensi
2816 606 2981 672 atque
3039 599 3315 653 Remensi.
3366 601 3580 656 Veniens
3604 611 3749 658 autem

2216 689 2350 747 illuc
2404 692 2555 767 [Iugo
2595 691 2817 763 prasul,
2872 699 2926 747 et
2976 691 3192 746 locutus
3245 706 3362 746 cum
3434 691 3663 749 Rotbcrto
3687 712 3756 749 ar-

2216 784 2589 856 chiepiscopo,
2622 784 2892 856 synodum
2933 782 3111 839 noluit
3141 783 3373 857 ingredi.
3429 782 3631 839 Litteras
3653 802 3755 842 vero

2215 876 2478 946 quasdam
2511 892 2575 931 ex
2615 875 2838 930 nomine
2896 874 3111 947 Agapiti
3165 875 3401 943 (Agapit.
3429 874 3494 943 II)
3517 890 3652 945 papa
3673 877 3757 930 mi-

2215 965 2289 1019 sit
2317 965 2384 1019 ad
2410 966 2704 1036 episcopos
2735 982 2831 1036 per
2859 965 3120 1020 clericum
3173 980 3350 1031 suum,
3402 966 3489 1035 qui
3516 981 3599 1020 eas
3626 966 3758 1020 Roma

2216 1058 2510 1127 detulerat,
2566 1060 2703 1114 nihil
2739 1058 3080 1116 auctoritatis
3130 1058 3405 1114 canonica
3447 1059 3762 1125 continentes,

2216 1153 2313 1207 sed
2343 1155 2448 1209 hoc
2476 1164 2687 1210 tantum
2741 1154 3152 1227 pracipientes,
3184 1161 3243 1208 ut
3298 1152 3499 1227 Hugoni
3540 1153 3763 1211 Remense

2216 1248 2545 1305 redderetur
2574 1251 2944 1321 episcOpium.

2298 1346 2506 1413 Quibus
2552 1345 2712 1401 lectis
2769 1344 3179 1416 responderunt
3216 1343 3479 1414 episcopi,
3525 1358 3623 1401 non
3672 1358 3767 1399 esse

2217 1446 2446 1519 dignum
2474 1441 2561 1497 vel
2583 1456 2911 1514 congruum,
2935 1447 2995 1496 ut
3017 1440 3331 1511 apostolica
3356 1439 3630 1514 legationis
3651 1455 3771 1494 man-

2218 1538 2426 1601 datum,
2469 1534 2618 1605 quod
2649 1532 2859 1588 dudum
2891 1532 3186 1587 Rotbertus
3227 1531 3673 1602 archiepiscopus,
3692 1529 3770 1583 de-

2215 1626 2426 1682 ferente
2475 1621 2766 1678 Frederico
2788 1619 3218 1693 Magontiacensi
3243 1619 3494 1692 praesule,
3519 1633 3678 1673 coram
3703 1633 3773 1671 re-

2212 1715 2375 1789 gibus
2400 1720 2456 1768 et
2483 1709 2761 1783 episcopis
2817 1716 3156 1780 susceperat,
3222 1708 3635 1764 intermitterent
3675 1720 3775 1776 pro.

2215 1810 2338 1874 pter
2359 1803 2458 1857 has
2499 1801 2731 1867 litteras,
2786 1814 2923 1870 quas
2963 1798 3255 1853 insidiator
3287 1803 3343 1852 et
3373 1795 3591 1852 amulus
3611 1791 3776 1848 Artaldi

2211 1891 2465 1964 prasulis
2489 1888 2790 1945 exhibebat
2824 1906 2836 1941 :
2873 1887 2982 1942 imo
3024 1887 3175 1958 quod
3206 1885 3779 1961 regularitercaperant

2211 1980 2475 2037 canonice
2503 1983 2946 2052 pertractaretur.
3005 1975 3206 2046 Sicque
3264 1973 3571 2045 praecipitur
3604 1968 3780 2024 recitari

2212 2070 2515 2142 capitulum
2557 2068 2627 2123 19
2688 2066 3135 2141 Carthaginensis
3181 2064 3405 2119 concilii
3460 2060 3525 2117 de
3565 2067 3781 2116 accusata

2211 2169 2266 2216 et
2292 2167 2635 2217 accusatore.
2669 2158 2785 2223 Quo
2844 2156 3092 2222 recitato,
3156 2153 3515 2223 dijudicatum
3542 2158 3636 2215 est,
3659 2148 3783 2217 juxta

2216 2248 2610 2304 difiinitionem
2632 2247 2796 2314 hujus
2818 2243 3065 2315 capituli,
3124 2251 3184 2297 ut
3224 2240 3450 2297 Artoldo
3480 2236 3784 2295 communio-

2217 2359 2346 2397 nem
2375 2349 2430 2396 et
2481 2339 2797 2412 parochiam
2847 2336 3176 2391 Remensem
3229 2333 3525 2398 retinente,
3558 2331 3690 2402 Ilugo
3712 2326 3786 2398 qui

2216 2429 2285 2482 ad
2315 2428 2455 2483 duas
2493 2429 2608 2496 jam
2661 2425 2904 2497 synodos
2952 2434 3213 2481 evocatus
3246 2423 3441 2481 venire
3479 2428 3787 2488 contempse-

2217 2529 2372 2588 rat,a
2431 2520 2821 2577 communione
2870 2525 2925 2573 et
2984 2517 3259 2592 regimine
3299 2513 3584 2570 Remensis
3611 2510 3793 2582 episco-

2215 2612 2292 2685 pii
2341 2612 2670 2687 abstineret,
2722 2612 2903 2667 donec
2944 2610 3015 2664 ad
3055 2607 3432 2665 universalem
3467 2604 3713 2676 synodum
3748 2616 3795 2653 se

2214 2713 2546 2780 purgaturus
2583 2712 2918 2761 occurreret.
2984 2704 3290 2774 Ipsumque
3350 2699 3640 2772 capitulum
3692 2711 3793 2751 mox

2215 2798 2269 2852 in
2331 2799 2520 2854 charta
2564 2797 2801 2853 describi
2882 2795 3136 2851 fecerunt
3196 2792 3455 2866 episcopi
3508 2807 3679 2848 coram
3727 2805 3794 2853 se,

2210 2889 2604 2943 subnectentes
2662 2889 2805 2942 hanc
2857 2886 3021 2942 etiam
3076 2882 3472 2939 definitionem
3545 2896 3707 2943 suam,
3757 2882 3799 2930 et

2211 2982 2394 3037 eidem
2454 2981 2668 3054 Hugoni
2714 2981 3004 3035 miserunt.
3066 2979 3166 3044 Qui
3226 2987 3362 3049 post
3415 2977 3635 3031 alteram
3682 2972 3801 3026 diem

486 3061 661 3130 vium,
689 3061 849 3117 villas
889 3063 1183 3118 Remensis
1230 3063 1478 3135 episcopi
1518 3063 1948 3136 circumquaque
1977 3065 2110 3121 sitas
2138 3077 2465 3148 Ceamdem
2522 3077 2767 3131 chartam
2810 3073 3072 3145 Rotberto
3127 3071 3387 3144 pontiﬁci
3454 3069 3671 3133 remisit,
3718 3065 3801 3118 hoc

486 3150 932 3222 depradabatur,
992 3152 1504 3208 excommunicatus
1560 3153 1629 3207 ab
1684 3152 1910 3208 Artoldo
1965 3169 2110 3224 pra-

484 3242 626 3309 sule,
658 3259 758 3314 pro
814 3245 980 3300 rebus
1046 3262 1184 3317 quas
1240 3245 1521 3302 invaserat
1575 3246 1850 3303 ecclesia.
1911 3246 2109 3302 Contra

487 3334 644 3403 cujus
661 3336 956 3406 pradones
983 3337 1194 3412 egressi
1240 3337 1478 3410 quadam
1511 3336 1600 3392 die
1629 3337 1981 3413 Ragenoldus
2011 3354 2107 3395 co-

486 3446 627 3499 mes,
681 3437 737 3486 et
789 3431 986 3488 fratres
1032 3433 1244 3489 Artaldi
1294 3433 1546 3506 prasulis
1602 3449 1725 3489 cum
1775 3433 2104 3506 quibusdam

487 3525 757 3582 militibus
784 3527 1055 3596 ecclesia,
1088 3527 1240 3599 ipsos
1269 3536 1607 3603 grassatores
1660 3528 1715 3582 in
1774 3527 1958 3601 fugam
1987 3543 2106 3583 ver-

486 3625 631 3674 tunt.
657 3618 774 3684 Quo
831 3619 1040 3687 audito,
1100 3619 1393 3688 Heriveus,
1443 3619 1669 3675 armatis
1725 3636 1865 3692 quos
1918 3636 2105 3676 secum

486 3708 728 3764 habebat
755 3709 1044 3778 militibus,
1078 3725 1334 3785 egressus
1363 3727 1395 3765 a
1425 3727 1525 3766 sua
1552 3710 1880 3779 munitione,
1913 3719 2107 3767 contra

485 3811 705 3857 nostros
729 3801 799 3856 ad
816 3818 1056 3877 pugnam
1103 3802 1269 3869 venit,
1298 3809 1354 3857 et
1378 3816 1712 3877 congressus
1742 3818 1867 3857 cum
1899 3803 1980 3857 eis
2010 3803 2102 3857 in-

484 3894 790 3967 teremptus
818 3903 902 3950 est
931 3911 1056 3951 cum
1096 3910 1322 3952 suorum
1365 3895 1722 3967 quibusdam,
1753 3896 1953 3969 reliqui
1984 3912 2105 3952 om-

484 4000 582 4039 nes
613 3983 672 4039 in
704 3985 888 4060 fugam
929 3994 1060 4042 sunt
1089 3987 1216 4055 acti,
1238 3987 1545 4043 vulneratis
1571 3988 1832 4059 utrinque
1863 3989 2104 4044 nonnul—

483 4075 571 4131 lis.
596 4074 805 4147 Corpus
839 4076 1089 4145 ejusdem
1149 4077 1353 4132 Remos
1413 4092 1445 4130 a
1494 4077 1801 4133 victoribus
1828 4078 2100 4149 perlatum

484 4178 587 4226 est.
630 4171 784 4244 Hugo
814 4172 1014 4243 prasul
1072 4187 1362 4227 assumens
1409 4187 1596 4226 secum
1626 4172 2001 4227 Theobaldum
2033 4175 2103 4230 de

484 4261 669 4317 Monte
716 4270 899 4329 acuto,
952 4262 1158 4318 sororis
1186 4279 1300 4318 sua
1345 4262 1626 4331 maritum,
1673 4279 1797 4318 cum
1830 4263 1954 4319 aliis
1978 4265 2102 4337 qui-

480 4350 716 4406 busdam
746 4367 778 4405 a
816 4350 1241 4424 grassatoribus,
1282 4352 1338 4406 in
1388 4350 1545 4407 villas
1583 4351 1771 4407 Remis
1812 4351 2102 4429 contiguas

482 4447 780 4503 vindemia
811 4453 1062 4519 tempore
1115 4447 1289 4504 venit.
1338 4448 1439 4514 Qui
1496 4463 1662 4504 omne
1718 4465 1865 4521 pene
1908 4448 2179 4524 vinumD

481 4541 686 4600 abinde
714 4542 1064 4618 colligentes,
1097 4542 1153 4598 in
1176 4543 1425 4600 diversos
1455 4560 1626 4622 pagos
1649 4545 1951 4601 abducunt.

1054 4669 1263 4727 CAPUT
1300 4671 1523 4726 XXXIV.

872 4766 949 4820 De
975 4765 1180 4834 synodo
1231 4766 1470 4821 Virduni
1494 4766 1702 4822 habita.

552 4876 807 4950 Synodus
860 4885 1053 4949 postea
1097 4877 1245 4951 (947)
1317 4878 1548 4935 Virduni
1603 4879 1858 4950 habetur,
1906 4883 2096 4954 prasi-

480 4970 649 5028 dente
663 4969 928 5026 Rotberto
951 4970 1259 5027 Trevirensi
1282 4970 1537 5042 praesule,
1569 4987 1693 5028 cum
1733 4972 1958 5029 Artoldo
1988 4973 2098 5029 Re-

479 5067 680 5135 mensi,
698 5066 952 5124 Odalrico
966 5067 1206 5139 Aquensi
1217 5112 1229 5133 ,
1242 5066 1590 5123 Adalberone
1604 5067 2093 5134 Metensi,Gozlino

478 5158 744 5226 Tullensi,
770 5158 1100 5215 Hildeboldo
1135 5158 1276 5231 [ms.,
1309 5158 1653 5230 Hildebaldo]
1678 5159 2093 5215 Tranrshenen-

477 5251 548 5318 si,
578 5251 779 5308 Israele
834 5251 1078 5318 Britone,
1111 5257 1384 5323 prasente
1420 5266 1641 5323 quoque
1694 5251 1950 5307 Brunone
1993 5252 2092 5306 ab-

477 5342 605 5399 bate
630 5344 779 5419 regis
804 5342 1037 5399 Othonis
1074 5342 1263 5412 fratre,
1315 5342 1601 5418 Agenoldo
1646 5341 1813 5397 etiam
1877 5350 1933 5398 et
1961 5342 2093 5398 Odi-

476 5432 606 5489 lone
633 5431 945 5498 abbatibus,
976 5447 1101 5487 cum
1139 5431 1262 5487 aliis
1304 5430 1606 5486 nonnullis.
1629 5429 1707 5485 Ad
1737 5446 1902 5502 quam
1934 5429 2090 5505 Hugo

474 5531 755 5591 evocatus,
784 5521 968 5577 missis
1010 5536 1233 5595 quoque
1289 5520 1507 5577 duobus
1559 5519 1628 5574 ad
1650 5536 1775 5576 eum
1797 5520 2086 5576 deducen-

2210 3170 2393 3226 verbis
2450 3168 2802 3235 remandans,
2848 3166 2996 3240 quod
3043 3166 3295 3237 ipsorum
3353 3164 3566 3235 judicio
3618 3174 3803 3231 nequa-

2209 3278 2374 3334 quam
2402 3261 2731 3316 obediturus
2778 3266 2947 3315 esset.
3008 3259 3230 3314 Interea
3286 3258 3487 3313 littera
3535 3253 3803 3327 proclama-

2209 3355 2377 3411 tionis
2405 3354 2611 3409 Artoldi
2658 3352 2911 3424 praesulis
2966 3350 3036 3406 ad
3068 3350 3382 3406 Romanam
3406 3349 3704 3419 diriguntur
3733 3358 3807 3395 se-

2208 3444 2355 3499 dem.
2397 3443 2641 3498 Domnus
2670 3441 2840 3516 igitur
2881 3439 3148 3516 Agapitus
3186 3457 3337 3512 papa
3381 3438 3646 3496 vicarium
3672 3447 3803 3488 suum

2209 3529 2475 3585 Marinum
2508 3531 2828 3603 episc0pum
2876 3529 3026 3584 misit
3052 3530 3120 3584 ad
3168 3530 3453 3587 Othonem
3502 3541 3681 3603 regem
3706 3538 3811 3595 pro-

2207 3625 2331 3687 pter
2351 3617 2688 3671 evocandam
2727 3625 2782 3670 et
2833 3617 3247 3692 aggregandam
3308 3618 3629 3690 generalem
3674 3624 3812 3682 syno-

2209 3705 2361 3758 dum.
2420 3703 2637 3760 Littera
2691 3721 2914 3776 quoque
2984 3705 3160 3775 ipsius
3205 3721 3379 3777 papa
3434 3703 3717 3759 mittuntur
3759 3694 3813 3749 ab

2206 3797 2343 3851 urbe
2383 3796 2714 3868 quibusdam
2778 3796 3068 3869 speciatim
3099 3796 3421 3870 episcOpis,
3468 3800 3718 3851 vocantes
3736 3802 3812 3843 eos

2205 3890 2274 3944 ad
2295 3889 2545 3944 eamdem
2607 3889 2900 3962 synodum.
2961 3888 3318 3963 Congregata
3352 3888 3603 3962 denique
3631 3880 3813 3957 synodo

2203 3981 2260 4036 in
2290 3982 2491 4054 palatio
2522 3981 2925 4057 Engulenheim
2983 3982 3131 4053 (948,
3164 3980 3193 4035 7
3214 3984 3433 4055 Junii),
3469 3982 3691 4038 recitata
3714 3979 3816 4029 sunt

2203 4077 2322 4131 hac
2350 4092 2474 4148 qua
2498 4083 2768 4148 sequntur
2783 4091 2968 4131 coram
3000 4075 3223 4149 regibus
3260 4084 3321 4132 et
3352 4074 3640 4148 episcOpis
3665 4089 3679 4127 :

2794 4190 3001 4246 CAPUT
3026 4189 3228 4245 XXXV.

2199 4289 2276 4341 De
2302 4285 2507 4355 synodo
2536 4284 2686 4354 apud
2730 4284 3125 4352 Engulenheim
3151 4287 3525 4351 congregata,
3560 4285 3610 4336 et
3636 4290 3820 4355 excom-

2339 4352 2701 4411 inunicafione
2747 4357 2991 4423 Hugom‘s
3017 4357 3282 4424 episcopi.
3320 4357 3510 4411 Series
3542 4355 3665 4408 litis
3698 4352 3819 4403 inter

2344 4427 2643 4485 Artaldum
2671 4431 2721 4482 et
2749 4429 3029 4496 Hugonem
3059 4428 3342 4497 episcopos
3375 4429 3631 4494 agitata.

2271 4520 2483 4576 Sancta
2511 4519 2769 4575 Romana
2796 4524 2851 4573 et
2870 4517 3184 4589 apostolica
3216 4518 3389 4573 sedis
3412 4517 3628 4575 vicario
3646 4513 3825 4569 domno

2196 4612 2433 4680 MARINO,
2485 4611 2873 4683 universaque
2915 4616 3119 4665 sancta
3176 4611 3413 4682 synodo
3453 4607 3608 4683 apud
3664 4605 3828 4678 Rugu-

2195 4705 2441 4761 lenheim
2471 4708 2837 4777 congregata,
2895 4702 3202 4768 Amoenus,
3261 4702 3471 4758 divina
3512 4699 3828 4775 propitiante

2196 4796 2511 4863 cl‘ementia,
2533 4795 2827 4850 Remorum
2861 4793 3178 4866 episcopus.

2267 4889 2512 4944 Domnus
2536 4887 2800 4962 Agapitus
2851 4903 2995 4959 papa
3018 4885 3230 4941 litteras
3257 4887 3443 4943 nobis
3478 4895 3537 4944 et
3555 4882 3762 4944 caeteris
3788 4884 3836 4932 ut

2195 4980 2473 5059 episcOpis
2491 4987 2692 5036 nostra
2723 4979 3036 5035 dimceseos
3063 4978 3291 5047 direxit,
3326 4980 3389 5035 in
3423 4980 3641 5053 quibus
3661 4986 3840 5050 prace-

2194 5075 2293 5147 pit,
2328 5081 2389 5130 ut
2414 5074 2483 5129 ad
2525 5076 2630 5130 hoc
2654 5082 2850 5130 vestra
2875 5076 3179 5131 sanctitatis
3197 5075 3531 5130 concilium
3563 5067 3839 5129 convenire

2192 5164 2561 5233 studeremus,
2596 5164 2670 5218 ita
2722 5163 2975 5219 instructi
3011 5164 3079 5219 de
3112 5163 3415 5231 omnibus,
3443 5171 3511 5218 ut
3543 5160 3624 5218 rei
3654 5156 3838 5215 veritas

2193 5257 2537 5313 miseriarum
2567 5265 2767 5312 nostra
2798 5256 2968 5322 sedis,
3009 5273 3149 5329 quas
3180 5256 3473 5327 patimur,
3506 5268 3700 5311 coram
3721 5264 3836 5303 san-

2193 5350 2380 5406 ctitate
2405 5356 2585 5406 vestra
2606 5348 2898 5404 manifesta
2927 5347 3045 5403 ﬁeri
3078 5354 3291 5420 posset.
3333 5347 3627 5414 Quocirca
3645 5356 3832 5419 propa~

2192 5446 2305 5500 lare
2337 5444 2643 5517 prudentia
2673 5451 2867 5502 vestra
2885 5443 3237 5500 commodum
3262 5442 3577 5511 ducimus,
3611 5440 3836 5516 qualiter

2191 5554 2279 5594 res
2305 5537 2589 5592 exordium
2607 5536 2840 5609 caperit
2877 5536 2990 5592 litis
3012 5536 3197 5605 hujus,
3214 5550 3355 5606 quae
3377 5536 3451 5590 ad
3464 5537 3579 5592 huc
3598 5536 3745 5591 inter
3757 5545 3834 5586 me

475 5612 605 5669 dum
633 5610 912 5685 episcopis
936 5611 1129 5668 venire
1191 5610 1387 5668 noluit.
1435 5610 1702 5667 Universa
1758 5627 1889 5669 vero
1918 5628 2086 5684 syno-
2185 5629 2243 5678 e‘t
2271 5622 2556 5691 Ilugonem
2582 5624 2892 5681 miserrime
2913 5622 3552 5680 ventilatur.Defuncto
3565 5622 3833 5697 siquidem

476 5705 581 5762 dus
606 5707 831 5765 Artoldo
895 5705 1157 5763 Remensi
1222 5706 1525 5783 regendum
1588 5705 1840 5778 decernit
1867 5707 2085 5779 episco-
2187 5710 2416 5769 Heriveo
2468 5713 2909 5786 archiepiscopo,
2967 5711 3231 5778 Sculfum,
3303 5712 3412 5785 qui
3490 5710 3838 5768 archidiaco-
