4010 6162
275 271 377 327 305

900 268 1226 324 HISTORL‘E
1264 269 1593 325 ECCLESl/E
1632 269 1963 326 REMENSIS
2003 270 2181 324 LIBRI
2220 268 2551 334 QUATUOR.
2590 300 2661 310 —
2701 269 2827 325 LIB.
2871 270 2957 326 IV.

3491 274 3599 330 306

273 406 432 454 natus
460 396 614 453 urbis
641 402 843 451 nostra
872 402 1005 451 tunc
1052 395 1235 451 ofﬁcio
1278 395 1630 472 fungebatur,
1661 399 1729 453 ad
1752 413 1886 469 pm-
1902 397 2281 469 Adelitatem.
2314 397 2513 468 Sicque
2551 396 3025 453 concerdantibus
3063 399 3279 454 cunctis
3322 404 3431 455 tam
3481 400 3598 457 cle-

270 489 503 544 snlatum
535 487 787 555 ejusdem
819 486 968 541 sedis
1017 486 1304 560 elegimus.
1357 488 1457 552 Qui
1502 488 1747 559 pontifex
1779 504 1874 544 or-

268 579 485 633 dinatus
513 577 675 647 (Vide
697 592 888 646 supra,
922 593 968 631 ο.
1006 575 1116 647 18),
1148 593 1437 633 assumens
1478 579 1653 633 zelum
1686 587 1876 634 contra

265 667 544 739 proximos
601 667 1029 737 praedecessoris
1072 668 1180 734 sui,
1238 683 1361 722 cum
1426 683 1523 723 eos
1574 684 1673 740 per
1702 676 1877 725 semet

262 761 435 816 aloco
487 759 769 830 depellere
813 774 926 814 non
979 759 1209 826 valeret,
1267 760 1499 815 consilio
1553 759 1692 816 inito
1750 777 1873 816 cum

259 850 588 923 quibusdam
623 849 776 905 laicis
804 849 1019 905 scilicet
1045 851 1385 906 consiliariis
1413 852 1551 919 suis,
1574 853 1873 909 amicitiam

260 940 511 1013 quaesivit
533 939 805 994 Heriberti
823 939 1228 1012 comitis,quam
1245 940 1372 996 dato
1398 941 1761 1010 jurejurando
1777 958 1878 1013 per

258 1029 485 1086 eosdem
525 1028 873 1083 consiliarios
901 1028 1145 1084 obtinuit
1173 1043 1239 1083 eo
1272 1035 1486 1095 tenore,
1507 1037 1567 1084 ut
1593 1038 1717 1100 post
1747 1030 1875 1084 obi-

256 1128 368 1175 tum
391 1120 568 1190 ipsius
615 1118 686 1173 ad
737 1118 1068 1173 electionem
1097 1117 1379 1190 pontiﬁcis
1408 1117 1614 1173 milites
1695 1119 1876 1175 eccle-

253 1208 347 1263 sia;
377 1207 700 1261 nullatenus
751 1206 1062 1277 aspirarent
1114 1206 1236 1260 sine
1296 1204 1530 1261 consilio
1562 1205 1736 1277 ipsius
1765 1207 1875 1262 He-

256 1300 488 1365 riberti;
519 1300 669 1354 idem
697 1314 828 1354 vero
884 1314 1071 1353 comes
1124 1298 1347 1354 fratrem
1395 1300 1609 1356 Herivei
1666 1315 1876 1370 praesu-

257 1391 343 1456 lis,
384 1398 441 1444 et
471 1397 704 1460 nepotes
745 1388 919 1460 ipsius
975 1405 1008 1442 a
1050 1389 1480 1460 participatione
1532 1405 1715 1444 rerum
1769 1390 1878 1446 Re-

255 1484 467 1538 mensis
497 1482 766 1553 episcopii
797 1489 1101 1552 separaret.

321 1576 538 1641 Quibus
589 1575 839 1646 patratis,
897 1574 1199 1629 insimulati
1254 1581 1385 1630 sunt
1438 1575 1606 1630 iidem
1638 1575 1874 1647 propin-

247 1668 337 1740 qui
368 1668 590 1722 Herivei
648 1668 900 1739 praesulis
953 1685 984 1723 a
1041 1668 1383 1724 consiliariis
1414 1668 1582 1724 Seulfi
1624 1668 1873 1739 episcopi

250 1759 665 1815 deinfidelitate
696 1760 872 1830 ipsius
920 1760 1159 1814 senioris
1193 1760 1301 1827 sui,
1347 1760 1726 1832 accersitoque
1759 1761 1871 1815 He-

248 1848 461 1902 riberto
507 1848 711 1903 comite
787 1864 912 1903 cum
979 1848 1234 1918 pluribus
1307 1848 1421 1903 suis
1483 1849 1749 1917 jubentur
1803 1849 1873 1903 ad

249 1937 527 1992 rationem
558 1938 896 1992 reddendam
944 1953 1129 1993 coram
1178 1937 1314 2009 ipsis
1355 1939 1569 1994 venire.
1630 1939 1692 1994 Et
1745 1939 1876 2011 quia

249 2036 443 2083 contra
475 2044 575 2084 eos
604 2045 635 2082 a
656 2028 860 2100 quibus
912 2029 1151 2084 accusati
1197 2029 1431 2094 fuerant,
1455 2029 1723 2104 singulari
1744 2045 1881 2085 con-

244 2125 405 2197 gredi
436 2125 742 2180 certamine
761 2126 1080 2192 noluerunt,
1111 2125 1344 2179 sublatis
1369 2125 1438 2179 ab
1459 2126 1540 2180 eis
1553 2127 1717 2182 rebus
1744 2142 1881 2197 quas

247 2236 309 2274 ex
331 2220 608 2291 episcopo
662 2220 1043 2290 possidebant,
1110 2220 1501 2290 comprehensi
1540 2228 1670 2276 sunt
1713 2229 1881 2292 atque

247 2311 476 2367 deducti
512 2329 611 2382 per
657 2312 1001 2367 Hcribertum
1036 2311 1290 2383 comitem
1323 2312 1392 2366 ad
1436 2312 1756 2368 Rotbertum
1792 2328 1883 2368 re-

245 2418 396 2477 gem,
429 2418 463 2456 a
484 2417 594 2474 quo
643 2403 807 2456 etiam
839 2401 941 2456 sub
995 2400 1249 2456 custodia
1277 2409 1407 2455 sunt
1460 2401 1674 2456 detenti
1707 2418 1883 2473 usque

245 2494 314 2549 ad
338 2503 583 2549 mortem
640 2494 814 2565 ipsius
852 2493 1123 2549 Rotberti.
1162 2493 1346 2548 Tertio
1380 2493 1602 2548 demum
1634 2494 1719 2548 sui
1755 2494 1877 2564 epi-

244 2591 514 2654 scopatus
540 2599 708 2649 anno,
731 2582 947 2637 Seulfus
984 2583 1337 2653 epise0patus
1387 2582 1463 2652 (ut
1515 2582 1701 2653 plures
1726 2598 1878 2638 asse-

246 2680 398 2743 runt)
428 2674 505 2730 ab
531 2675 798 2731 Heriberti
819 2675 1181 2730 familiaribus
1208 2690 1425 2731 veneno
1445 2681 1664 2746 potatus
1685 2674 1878 2730 defun-

249 2764 420 2839 gitur.
470 2764 591 2819 Mox
622 2764 809 2834 itaque
838 2778 1025 2819 comes
1056 2764 1376 2819 Heribertus
1403 2764 1597 2818 urbem
1640 2765 1879 2820 Remen-

248 2868 364 2906 sem
388 2852 881 2917 adiit,etecclesiae
902 2853 1126 2919 milites,
1145 2852 1470 2908 clericorum
1484 2868 1705 2924 quoque
1717 2868 1879 2925 quos-

246 2943 372 2998 dam
407 2945 486 2999 de
510 2944 740 2999 rectoris
796 2944 1070 2999 electione
1123 2945 1191 2998 ad
1222 2961 1380 2999 suum
1424 2944 1721 3000 concilium
1753 2946 1879 3015 (ceu

240 3037 502 3103 juratum
534 3036 729 3107 fuerat)
773 3037 1060 3092 intendere
1102 3036 1253 3091 fecit.
1282 3035 1412 3092 Cum
1444 3036 1649 3107 quibus
1678 3037 1747 3091 ad
1772 3036 1879 3092 Ro-

1901 1720 1952 1787 Β

1976 494 2102 549 ricis
2128 508 2290 565 quam
2334 492 2489 547 laicis
2537 492 2631 564 qui
2691 500 2842 548 extra
2886 493 3236 550 obsidionem
3258 501 3436 563 erant,
3470 496 3599 567 plu-

1975 586 2129 641 ribus
2149 585 2312 639 etiam
2330 600 2523 639 eorum
2551 582 2646 655 qui
2695 583 2865 638 clausi
2891 586 3229 641 tenebantur
3256 585 3314 641 in
3347 586 3590 658 idipsum

1975 675 2311 741 faventibus,
2362 672 2586 744 eligitur
2628 672 2960 727 humilitatis
3012 684 3211 731 nostra
3266 691 3506 747 persona
3537 677 3594 732 in

1976 765 2083 819 hoc
2107 763 2285 838 magis
2311 778 2482 818 onere
2511 777 2675 834 quam
2716 760 2931 816 honore
2970 763 3283 818 subeundo.
3318 765 3593 835 Aperien-

1976 852 2123 908 tibus
2152 851 2376 906 tandem
2421 857 2531 906 tam
2590 849 2867 906 militibus
2918 865 3085 922 quam
3142 851 3354 907 civibus
3409 860 3597 925 portas

1974 943 2129 998 urbis
2158 942 2275 1016 regi
2302 940 2565 1010 Rodulfo,
2622 948 2678 997 et
2731 941 3111 1013 episcopalem
3138 942 3594 1001 benedictionem

1975 1035 2109 1088 mihi
2149 1034 2497 1090 tradentibus
2535 1032 2815 1106 episcopis
2860 1034 2956 1105 qui
3013 1035 3242 1090 aderant
3283 1035 3476 1091 decem
3543 1044 3600 1093 et

1974 1132 2118 1189 octo,
2175 1131 2231 1178 et
2285 1123 2719 1194 suscipientibus
2780 1130 3024 1179 nostram
3080 1124 3449 1181 humilitatem
3489 1132 3598 1182 tam

1974 1214 2121 1270 clero
2163 1213 2423 1269 universo
2466 1229 2631 1284 quam
2688 1212 2919 1285 reliquis
2958 1213 3194 1281 civibus,
3229 1213 3368 1271 inihi
3422 1217 3600 1273 intro-

1976 1307 2188 1361 nizatus
2216 1305 2285 1360 ab
2320 1305 2601 1377 episcOpis
2644 1311 2859 1362 nostra;
2915 1305 3248 1375 dioeceseos,
3281 1308 3599 1380 impositum

1976 1397 2134 1463 mihi,
2168 1404 2331 1467 prout
2382 1398 2524 1452 Deus
2568 1396 2861 1464 concessit,
2894 1397 3264 1454 ministerium
3296 1414 3397 1470 per
3425 1415 3602 1455 annos

1976 1488 2148 1544 ferme
2192 1504 2389 1544 novem
2442 1488 2685 1556 tractavi,
2741 1489 3007 1545 ordinans
3026 1506 3127 1562 per
3172 1490 3457 1547 dioecesim
3485 1492 3603 1563 epi-

1976 1594 2176 1649 sc0pos
2218 1585 2364 1646 octo,
2421 1586 2477 1635 et
2524 1579 2582 1633 in
2613 1579 2903 1651 episcopio
2961 1580 3184 1647 multos,
3234 1589 3399 1652 prout
3446 1596 3602 1637 com-

1974 1678 2171 1742 petens
2215 1671 2528 1739 videbatur,
2582 1672 2835 1736 clericos,
2887 1687 3178 1745 quousque
3234 1687 3384 1729 nono
3444 1682 3598 1745 post-

1974 1759 2199 1814 modum
2232 1775 2399 1827 anno,
2429 1769 2718 1832 postquam
2742 1760 3079 1816 Ludovicum
3112 1776 3320 1834 regem,
3372 1760 3597 1819 favente

1976 1854 2203 1927 Hugone
2221 1854 2549 1926 cunctisque
2561 1852 2718 1925 regni
2739 1852 3454 1930 principibus,Gerbergam
3469 1871 3604 1927 quo-

1977 1961 2086 2015 que
2116 1944 2361 2017 reginam
2389 1943 2781 1999 benedixeram
2811 1949 2866 1997 et
2906 1957 3062 1998 sacro
3086 1942 3435 2013 perfuderam
3453 1944 3607 2000 chri-

1977 2040 2171 2099 smate,
2196 2033 2488 2106 instigatus
2520 2033 2675 2106 Hugo
2706 2047 2894 2088 comes
2916 2031 3202 2087 iracundia
3224 2031 3373 2103 quod
3404 2032 3456 2086 ei
3469 2048 3602 2089 con-

1977 2124 2183 2180 sentire
2200 2124 2287 2179 vel
2303 2124 2565 2197 conjungi
2583 2125 2859 2179 noluerim
2876 2122 2943 2176 ad
2958 2122 3130 2194 ipsius
3148 2123 3293 2198 regis
3311 2123 3603 2180 infidelita-

1980 2225 2113 2282 tem,
2145 2216 2410 2271 adhibitis
2456 2232 2641 2272 secum
2698 2217 2986 2274 Heriberto
3016 2219 3300 2286 comite,et
3325 2219 3600 2276 Willelmo

1982 2307 2460 2362 Nordmannorum
2485 2307 2757 2378 principe,
2775 2308 3103 2363 Remensem
3135 2308 3354 2364 obsidet
3378 2309 3597 2364 urbem.

1982 2398 2093 2451 Nec
2118 2397 2364 2468 longum,
2387 2402 2540 2450 sexta
2561 2396 3093 2452 scilicetobsidionis
3127 2396 3238 2460 die,
3271 2399 3501 2453 deseror
3530 2399 3599 2452 ab

1984 2486 2134 2542 omni
2169 2501 2314 2557 pene
2338 2484 2705 2540 cestulaicalis
2735 2484 2965 2540 militia}.
2996 2485 3196 2557 Sicque
3221 2485 3599 2540 derelictusab

1978 2575 2162 2642 his,ad
2194 2575 2480 2647 Hugonem
2511 2581 2566 2629 et
2587 2574 2933 2629 Heribertum
2951 2575 3255 2646 compellor
3283 2575 3600 2646 exire,aqui

1978 2669 2086 2724 bus
2107 2675 2417 2724 coarctatus
2429 2667 2848 2736 etconterritus,
2871 2682 3040 2740 cogor
3058 2674 3266 2721 memet
3294 2667 3595 2739 episcopali

1980 2759 2367 2831 procuratione
2398 2757 2655 2812 abdicare
2704 2757 2919 2827 (supra,
2951 2772 2995 2812 c.
3019 2756 3133 2827 27),
3161 2762 3217 2811 et
3248 2756 3323 2811 ita
3351 2773 3441 2812 me
3468 2772 3599 2829 pro-

1979 2857 2270 2928 pellentes,
2326 2854 2380 2908 in
2438 2852 2696 2908 coenobio
2741 2851 2917 2908 sancti
2970 2852 3153 2907 Basoli
3180 2852 3431 2907 habitare
3459 2868 3599 2908 con-

1979 2943 2215 2999 stituunt
2247 2943 2573 3018 ;Hugonem
2613 2958 2744 2998 vero
2790 2941 2964 2997 filium
3001 2942 3295 3010 Heriberti,
3335 2943 3430 3015 qui
3463 2944 3593 2998 An-

1980 3035 2262 3090 tissiodori
2290 3036 2560 3090 diaconus
2600 3033 2891 3089 ordinatus
2949 3033 3152 3101 fuerat,
3197 3034 3253 3089 in
3274 3034 3469 3090 urbem
3500 3035 3596 3091 in-

243 3093 469 3180 dulfum
503 3142 692 3198 regem
715 3093 962 3201 pergens
1022 3126 1078 3180 in
1108 3093 1504 3197 Burgundiam,
1537 3126 1779 3180 obtinuit
1805 3126 1875 3180 ab
1901 3093 1950 3162 Ο
1982 3128 2300 3192 troducunt,
2331 3135 2388 3181 et
2443 3126 2671 3207 civitate.
2708 3126 3012 3197 potiuntur.
3072 3126 3380 3183 Ludovicus
3412 3136 3599 3183 autem

242 3234 310 3274 eo
373 3226 440 3273 ut
492 3218 600 3272 sibi
662 3218 1101 3274 committeretur
1180 3219 1327 3274 idem
1380 3218 1746 3289 episcopium,
1806 3232 1874 3273 eo

244 3316 473 3374 tenore,
518 3314 579 3361 ut
634 3314 742 3361 tam
811 3308 1031 3363 clericis
1086 3324 1249 3380 quam
1305 3308 1461 3363 laicis
1490 3307 1742 3363 debitum
1773 3308 1874 3363 ho-

242 3413 448 3452 norem
504 3397 835 3451 concederet
877 3404 933 3451 et
982 3405 1351 3464 conservaret,
1394 3413 1495 3452 nec
1551 3396 1873 3466 injustitiam

242 3486 414 3541 alicui
452 3484 665 3539 faceret
707 3485 854 3539 :sed
900 3485 1080 3555 ipsum
1131 3485 1477 3556 episcopium
1537 3501 1698 3557 aequo
1751 3486 1878 3554 jure

240 3576 619 3648 gubernaret,
651 3574 828 3629 donec
858 3574 1021 3630 talem
1066 3575 1328 3630 clericum
1361 3575 1545 3629 eidem
1589 3574 1705 3648 regi
1735 3591 1879 3646 pra:-

241 3675 522 3733 sentaret,
576 3665 670 3737 qui
703 3666 773 3720 ad
804 3666 1116 3738 episcopale
1166 3665 1533 3721 ministerium
1560 3682 1876 3738 exsequen-

241 3756 377 3810 dum
412 3755 528 3809 rite
586 3755 829 3810 ordinari
888 3755 1113 3810 valeret.
1167 3754 1267 3819 Qui
1307 3771 1495 3810 comes
1523 3755 1592 3809 ad
1624 3755 1876 3811 eamdem

242 3851 450 3904 urbem
490 3865 799 3920 regressus,
854 3864 942 3903 res
998 3848 1267 3919 episcOpii
1300 3848 1485 3919 (prout
1513 3848 1615 3903 sibi
1650 3840 1877 3920 placuit)

242 3937 573 3993 fautoribus
609 3937 724 3991 suis
763 3937 969 4003 divisit,
1018 3938 1233 3992 caeteris
1281 3938 1524 4004 abstulit,
1583 3944 1639 3992 et
1666 3937 1880 4010 absque

241 4030 360 4085 ullo
386 4029 614 4097 judicio
648 4030 733 4084 vel
759 4029 883 4102 lege
927 4045 1066 4100 quos
1110 4029 1287 4084 voluit
1334 4030 1500 4083 rebus
1530 4029 1877 4101 exspoliavit,

246 4121 331 4176 vel
364 4122 444 4176 ab
475 4120 616 4175 urbe
647 4121 907 4191 propulit.
946 4120 1257 4176 Odalricum
1306 4121 1549 4192 denique
1565 4122 1879 4194 Aquensem

244 4214 591 4284 episcopum
621 4212 677 4267 in
692 4213 884 4268 eadem
905 4212 1370 4284 urbesuscipiens
1399 4213 1715 4284 episcopale
1744 4214 1880 4269 inibi

242 4304 637 4360 ministerium
668 4305 950 4360 celebrare
1007 4305 1291 4376 praecepit.
1346 4305 1546 4377 Sicque
1578 4322 1678 4377 per
1707 4322 1884 4362 annos

1986 3235 2080 3274 rex
2100 3236 2130 3273 a
2162 3218 2481 3292 Burgundia
2494 3217 2738 3285 rediens,
2770 3233 2861 3273 me
2885 3219 3032 3289 apud
3053 3225 3307 3274 sanctum
3339 3217 3596 3275 Basolum

1985 3309 3100 3383 reperit,etassumenssecum,simulcum
3114 3310 3443 3381 propinquis
3456 3310 3597 3365 meis

1987 3420 2223 3475 quorum
2253 3419 2342 3458 res
2372 3403 2693 3458 Heribertus
2712 3417 2898 3457 comes
2914 3401 3238 3467 abstulerat,
3263 3401 3592 3457 Laudunum

1978 3495 2223 3562 deducit,
2249 3495 2397 3567 quod
2450 3501 2686 3550 castrum
2732 3501 2864 3549 tunc
2908 3492 3243 3549 obsidebant
3272 3493 3597 3549 Heribertus

1978 3593 2203 3665 etHugo
2234 3609 2248 3646 :
2281 3592 2574 3663 solutaque
2631 3589 2922 3646 obsidione
2962 3590 3227 3661 oppidum
3271 3590 3601 3663 ingrediun-

1979 3691 2085 3748 tur,
2116 3679 2390 3752 nobisque
2435 3686 2673 3735 metatus
2726 3678 2967 3753 degendi
3002 3678 3335 3750 disponitur.
3368 3679 3599 3734 Interim

1977 3769 2162 3826 clerici
2188 3769 2359 3824 nostri
2416 3767 2521 3823 loci
2577 3768 2675 3822 sed
2707 3775 2763 3823 et
2806 3766 2930 3822 laici
2982 3767 3205 3838 quidam
3259 3766 3500 3838 pessime
3526 3766 3596 3820 ab

1978 3861 2263 3916 Heriberto
2303 3865 2627 3925 tractantur,
2685 3866 2741 3913 et
2792 3857 3016 3929 quidam
3046 3856 3375 3913 clericorum
3421 3858 3477 3912 in
3499 3873 3599 3913 cu-

1977 3949 2171 4004 stodiis
2226 3946 2608 4012 retruduntur,
2666 3960 2755 4000 res
2792 3959 2984 4000 eorum
3042 3944 3370 4001 auferuntur
3425 3954 3593 4017 atque

1978 4035 2334 4108 diripiuntur,
2379 4033 2586 4105 rapinae
2617 4048 2717 4105 per
2757 4038 2928 4089 totam
2965 4032 3161 4088 urbem
3210 4032 3359 4089 licite
3392 4047 3592 4104 perpe-

1980 4136 2213 4186 trantur.

2053 4221 2271 4275 Interea
2298 4223 2672 4275 convocantur
2695 4216 2941 4289 episcOpi
2974 4222 3177 4272 nostrae
3195 4216 3504 4272 dioeceseos
3526 4216 3596 4272 ab

1983 4312 2213 4387 Ilugone
2254 4317 2310 4366 et
2356 4309 2662 4374 Heriberto,
2710 4308 3092 4384 satagentibus
3121 4315 3176 4363 et
3218 4308 3598 4380 quaerentibus

240 4417 365 4464 sex,
400 4408 467 4455 et
495 4414 566 4454 eo
619 4400 856 4470 amplius
894 4400 1041 4455 idem
1077 4399 1424 4470 episcopium
1481 4415 1583 4455 suo
1634 4400 1939 4471 dominio;
1983 4402 2053 4458 ab
2083 4402 2165 4456 eis
2195 4401 2265 4455 de
2312 4398 2663 4456 ordinatione
2723 4397 2969 4471 Hugonis
3013 4396 3115 4452 ﬁlii
3159 4397 3457 4453 Heriberti.
3493 4396 3595 4462 Qui

240 4492 589 4559 vindicavit,
650 4467 749 4562 pro
792 4491 953 4546 libitu
1006 4467 1231 4561 proprio
1276 4467 1425 4546 illud
1474 4498 1712 4546 tractans
1741 4500 1797 4547 et
1828 4467 2299 4547 inDSuessionis
2325 4489 2667 4562 congregati,
2718 4467 2943 4543 mittunt
2970 4487 3039 4543 ad
3122 4502 3213 4542 me
3271 4486 3594 4541 Laudunum

242 4585 385 4639 sede
422 4583 680 4654 ρι’ξρδιιιὶδ
711 4583 981 4649 residens,
1038 4592 1143 4639 tam
1194 4583 1313 4654 ipse
1344 4598 1508 4654 quam
1538 4583 1739 4652 conqu
1759 4599 1879 4650 sua,

244 4677 442 4732 donec
486 4675 727 4745 septimo
786 4676 1007 4731 tandem
1062 4692 1233 4743 anno,
1265 4675 1402 4731 ortis
1449 4675 1593 4730 inter
1620 4674 1800 4745 ipsum
1829 4684 1884 4733 et

244 4782 449 4839 regem
482 4763 779 4819 Rodulfum
823 4772 989 4837 atque
1018 4766 1302 4839 llugonem
1347 4764 1604 4820 comitem
1650 4764 1881 4835 quibus-

244 4858 379 4911 dam
439 4855 835 4921 simultatibus,
892 4854 1156 4911 Rodulfus
1214 4870 1307 4909 rex
1360 4870 1485 4909 cum
1545 4855 1775 4928 Hugone
1830 4864 1884 4912 et

249 4945 477 5000 Bosone
537 4943 702 4998 fratre
753 4960 876 5012 suo,
926 4946 1250 5017 casterisque
1297 4943 1550 5014 pluribus
1606 4952 1713 4999 tam
1764 4944 1885 5015 epi-

249 5032 471 5103 sc0pis,
516 5047 682 5102 quam
724 5032 1018 5087 comitibus
1075 5034 1366 5088 Remorum
1415 5032 1638 5087 obsidet
1664 5033 1881 5100 urbem,

247 5125 728 5181 succensentibus
758 5125 865 5179 sibi
884 5125 1184 5196 episcopis,
1218 5134 1273 5180 et
1300 5125 1771 5196 conquerentibus
1785 5125 1887 5179 ad-

251 5236 460 5275 versus
489 5234 618 5274 eum
651 5220 799 5290 quod
823 5227 929 5274 tam
980 5220 1240 5275 diuturno
1281 5229 1550 5291 tempore,
1578 5227 1771 5276 contra
1796 5220 1884 5275 di-

252 5312 407 5366 vinas
444 5310 587 5385 legis
613 5308 988 5376 auctoritates,
1044 5310 1185 5364 hanc
1208 5309 1405 5365 urbem
1448 5309 1763 5381 permiserit
1790 5325 1886 5365 va-

252 5410 393 5449 care
432 5404 674 5465 pastore.

326 5488 580 5551 Quorum
600 5488 966 5560 querimoniis
997 5497 1277 5560 permotus
1308 5505 1423 5557 rex,
1477 5489 1738 5546 admonet
1766 5489 1880 5545 cle-

253 5591 387 5628 rum
443 5583 497 5629 et
553 5577 819 5647 pepulum
865 5577 933 5631 de
987 5578 1223 5648 pastoris
1275 5578 1569 5641 electione,
1615 5578 1756 5633 dans
1803 5577 1885 5632 eis

254 5666 312 5719 id
364 5667 573 5739 agendi
631 5666 942 5723 facultatem
998 5668 1067 5723 ad
1117 5667 1211 5723 Dei
1256 5669 1520 5725 honorem
1600 5677 1656 5724 et
1709 5669 1793 5724 sui
1824 5667 1888 5723 fi-

1982 4580 2355 4653 Hildegarium
2405 4579 2729 4649 episcopum
2772 4593 2896 4632 cum
2936 4576 3062 4632 aliis
3087 4576 3417 4649 quibusdam
3441 4576 3598 4650 lega-

1980 4669 2072 4735 tis,
2099 4667 2428 4722 mandantes
2452 4674 2515 4721 ut
2547 4666 2617 4720 ad
2655 4679 2753 4720 eos
2808 4665 3081 4733 venirem,
3121 4665 3191 4719 ad
3241 4663 3599 4720 consentien-

1981 4756 2111 4812 dum
2155 4755 2367 4811 scilicet
2411 4753 2576 4824 hujus
2604 4751 2943 4809 ordinationi
2975 4753 3342 4825 perversitati.
3388 4751 3602 4818 Quibus

1980 4850 2320 4916 remandavi,
2349 4848 2495 4920 quod
2542 4863 2654 4905 non
2685 4855 2836 4904 esset
2879 4846 3017 4902 mihi
3049 4853 3375 4917 competens
3401 4845 3474 4900 ad
3506 4858 3604 4901 eos

1984 4941 2080 4996 illo
2110 4939 2403 5011 proficisci,
2456 4938 2550 4993 ubi
2611 4935 2912 4992 adversarii
2962 4942 3018 4991 et
3074 4934 3288 4990 inimici
3347 4924 3456 4990 mei
3478 4949 3605 4989 cum

1987 5029 2125 5101 ipsis
2146 5037 2303 5085 erant
2329 5026 2632 5102 aggregati.
2662 5025 2818 5091 Quod
2851 5026 2899 5081 si
2945 5024 3097 5096 loqui
3126 5038 3344 5079 meeum
3374 5022 3603 5089 vellent,

1986 5119 2056 5173 ad
2083 5119 2248 5173 talem
2273 5118 2455 5173 locum
2476 5116 2827 5184 devenirent,
2843 5114 2941 5171 ubi
2974 5114 3095 5169 sine
3126 5111 3376 5186 periculo
3403 5110 3472 5167 ad
3503 5126 3604 5167 eos

1983 5211 2249 5267 accedere
2269 5223 2512 5281 possem.
2544 5207 2759 5273 Quibus
2786 5205 3220 5263 advenientibus
3243 5204 3299 5260 in
3321 5203 3504 5261 locum
3533 5202 3605 5259 ab

1983 5302 2196 5359 eisdem
2225 5276 2525 5368 delectum,
2557 5298 2838 5372 profectus
2868 5314 2992 5354 sum
3017 5296 3087 5352 ad
3126 5312 3247 5366 eos,
3266 5294 3608 5353 adveniens-

1985 5412 2094 5468 que
2132 5402 2453 5466 prosternor
2479 5408 2662 5449 coram
2723 5392 2876 5464 ipsis,
2928 5390 3231 5447 obsecrans
3277 5395 3337 5445 ut
3384 5393 3611 5461 prepter

1984 5500 2229 5541 amorem
2261 5491 2318 5538 et
2341 5484 2609 5539 honorem
2642 5483 2760 5545 Dei,
2792 5490 2904 5536 tam
2936 5480 3093 5539 mihi.
3134 5496 3299 5552 quam
3325 5479 3432 5535 sibi
3452 5492 3608 5533 com-

1984 5587 2179 5650 petens
2198 5576 2491 5632 consilium
2515 5576 2648 5631 dare
2697 5573 3005 5630 studerent.
3036 5572 3138 5636 Qui
3169 5588 3259 5626 me
3279 5570 3351 5625 de
3379 5568 3609 5625 ordina-

1988 5668 2141 5725 tione
2171 5666 2425 5740 praedicti
2459 5665 2704 5740 ﬂugonis
2728 5662 3083 5736 interpellare
3103 5668 3413 5734 carperunt,
3434 5658 3611 5715 ethoc
