4008 6158
229 232 305 290 309
796 219 1125 276 HISTORIIE
1162 215 1510 273 ECCLESIAE
1549 214 1887 272 BEMENSIS
1927 216 2109 273 LIBRI
2148 218 2486 284 QUATUOR.
2518 250 2590 261 —
2622 220 2750 277 LIB.
2793 222 2879 277 IV.

3441 232 3550 288 310

228 376 268 422 et
287 361 491 427 Cozlino,
529 358 715 414 venire
760 356 1132 427 contempsit..
1167 353 1440 409 Universa
1469 367 1607 408 vero
1637 366 1809 442 syno-
1833 355 1889 425 Α
1912 368 2041 409 seos
2069 354 2339 426 episcopi,
2370 357 2598 413 easdem
2620 357 2833 415 litteras
2857 359 2927 415 ad
2947 362 3142 420 sedem
3173 365 3556 442 delegaverint

230 455 308 509 dus
329 449 440 504 mihi
490 448 754 502 Remense
787 446 1092 519 regendum
1139 442 1395 497 decernit
1424 441 1806 513 episcopium.

231 541 552 609 lndiciturque
571 537 767 592 iterum
788 536 1032 608 synodus
1044 534 1298 589 habenda
1312 532 1407 587 die
1424 533 1625 587 Iduum
1650 547 1814 585 men-

230 636 287 690 sis
336 630 581 694 Januarii,
628 646 749 701 quas
810 636 865 684 et
906 635 1252 703 aggregatur,
1302 632 1363 679 ut
1412 624 1810 681 denuntiatum

230 725 383 789 fuerat,
431 720 484 773 in
543 718 777 774 ecclesia
832 718 1005 772 sancti
1063 714 1205 771 Petri
1261 720 1393 768 ante
1448 721 1809 784 prospectum

226 814 350 871 castri
390 810 631 877 Mosomi,
680 826 710 864 a
761 809 964 864 domno
1014 807 1272 863 Botberto
1325 803 1812 860 convenientibus

228 906 394 962 czrteris
426 918 648 975 quoque
686 899 1028 956 Trevirensis
1059 899 1365 954 dioeceseos
1399 896 1712 967 episcopis,
1761 904 1815 952 et

230 995 463 1068 aliquibus
487 992 798 1047 Remensis.
823 991 1058 1045 Veniens
1081 997 1259 1044 autem
1282 987 1423 1042 illuc
1446 988 1687 1042 azmulus
1710 1003 1811 1043 no-

225 1099 310 1143 ster
333 1088 493 1162 llugo,
525 1092 581 1139 et
610 1084 828 1139 locutus
843 1099 961 1137 cum
999 1082 1201 1137 domno
1223 1079 1497 1136 Rotberto
1529 1079 1811 1150 synodum

222 1180 359 1237 noluit
387 1177 603 1253 ingredi
628 1195 643 1241 ;
674 1175 882 1229 litteras
910 1190 1039 1230 vero
1068 1173 1225 1246 quasi
1255 1189 1321 1227 ex
1349 1171 1585 1228 nomine
1618 1170 1809 1227 domni

222 1287 343 1343 papa:
378 1269 571 1324 direxit
612 1267 682 1322 ad
723 1266 1012 1337 episcopos
1042 1283 1142 1337 per
1179 1265 1446 1320 clericum
1494 1280 1680 1331 suum,
1716 1265 1811 1336 qui

219 1379 289 1418 eas
305 1363 452 1417 Roma
480 1359 756 1415 detulisse
782 1359 1079 1427 ferebatur,
1102 1358 1240 1412 nihil
1273 1356 1619 1413 auctoritatis
1639 1373 1808 1414 eano-

221 1459 328 1513 nicaz
360 1456 731 1522 continentes,
774 1454 867 1510 sed
898 1456 1002 1510 hoc
1045 1461 1255 1509 tantum
1297 1452 1716 1526 praecipientes,
1750 1460 1812 1509 ut

220 1547 393 1623 llugoni
427 1547 706 1601 Remense
740 1546 1063 1601 redderetur
1094 1546 1468 1617 episcopium.
1497 1544 1707 1610 Quibus
1728 1563 1811 1601 re-

221 1641 366 1695 citatis
392 1639 653 1694 ineuntes
676 1637 913 1708 episc0pi
946 1638 1243 1693 consilium
1277 1654 1397 1692 cum
1428 1637 1726 1693 abbatibus
1756 1647 1812 1695 et

1913 447 2300 521 apostolicam,
2333 463 2433 519 pro
2465 448 2865 506 restauratione
2896 450 3145 526 Hugonis
3173 455 3232 511 in
3270 457 3405 513 sede
3436 458 3550 515 Re-

1916 538 2117 603 mensi,
2136 543 2198 591 et
2216 536 2546 607 expulsione
2563 536 2790 593 Arloldi.
2824 540 2950 595 Post
2970 558 3201 614 quarum
3230 544 3551 615 lectionem,

1914 633 2280 701 exsurgentes
2311 626 2573 682 Artoldus
2632 626 2854 697 praesul,
2886 636 2942 685 et
2972 632 3237 702 praefatus
3283 635 3553 695 Rodulfus

1916 722 2013 795 qui
2046 722 2101 775 in
2126 720 2339 775 eisdem
2381 719 2587 776 litteris
2636 721 3046 792 nominabatur,
3078 727 3367 786 Fulbertus
3412 749 3555 805 quo-

1916 826 2024 885 que
2079 809 2497 866 Cameracensis
2551 809 2784 866 antistes
2840 828 2935 869 eas
2968 813 3176 874 litteras
3223 819 3550 891 refutarunt,

1917 911 2233 961 astruentes
2263 904 2415 976 quod
2448 920 2547 959 eas
2579 911 2744 960 antea
2770 922 3055 979 nunquam
3082 910 3322 970 viderint
3349 916 3434 971 vel
3452 933 3555 973 au-

1917 997 2147 1063 dierint,
2172 1012 2359 1068 neque
2390 997 2448 1052 in
2473 1012 2663 1052 earum
2688 997 3046 1074 delegatione
3071 1018 3401 1061 consensum
3422 1024 3557 1079 prte-

1915 1088 2164 1143 buerint.
2215 1086 2434 1152 Quibus
2482 1087 2615 1142 dum
2651 1087 2798 1142 idem
2830 1088 3066 1147 clericus
3097 1101 3287 1149 contra
3317 1096 3399 1152 ire
3444 1114 3555 1155 non

1914 1187 2126 1250 posset,
2155 1176 2290 1232 licet
2318 1177 2376 1231 in
2408 1192 2508 1234 eos
2557 1177 2851 1234 calumniis
2894 1179 3249 1253 obstrepens,
3295 1187 3558 1259 praecepit

1914 1270 2157 1326 domnus
2186 1269 2454 1338 Marinus,
2476 1288 2788 1345 suggerens
2808 1273 3082 1330 universae
3107 1278 3340 1348 synodo,
3361 1287 3421 1334 ut
3448 1280 3557 1336 sibi

1914 1360 2212 1416 consilium
2235 1369 2291 1415 et
2314 1368 2528 1416 rectum
2542 1360 2820 1429 judicium
2845 1362 3158 1433 proferrent
3178 1382 3347 1438 super
3362 1369 3557 1439 hujus-

1915 1450 2068 1505 modi
2099 1449 2527 1518 calumniatore,
2560 1452 3031 1509 etcalumniarum
3057 1455 3116 1511 in
3139 1458 3437 1531 episcopos
3459 1458 3557 1513 de-

1914 1542 2115 1598 latore.

1988 1636 2056 1690 At
2087 1634 2186 1701 illi,
2241 1640 2536 1706 postquam
2594 1634 2809 1693 delator
2839 1638 3064 1710 publice
3115 1639 3431 1703 confutatus
3474 1649 3561 1699 est

214 1728 389 1783 ueteris
412 1729 511 1799 qui
559 1727 792 1782 aderant
816 1726 1187 1797 sapientibus,
1239 1727 1649 1797 responderunt
1694 1742 1810 1782 non
1835 1733 1886 1802 Β
1912 1728 2053 1783 falsa
2074 1727 2369 1793 detulisse,
2395 1726 2557 1782 lectis
2574 1728 2837 1798 capitulis
2855 1730 2922 1785 de
2946 1731 3332 1800 hujuscemodi
3348 1735 3561 1791 calum-

216 1838 311 1875 esse
339 1821 559 1893 dignum
592 1821 675 1875 vel
706 1834 1028 1892 congruum,
1065 1826 1128 1873 ut
1160 1819 1480 1874 mandatum
1513 1818 1808 1891 legationis

212 1910 512 1981 apostolicae,
580 1926 740 1980 quam
798 1908 1001 1962 dudum
1050 1908 1352 1963 Rotbertus
1424 1909 1808 1979 archiepisco-

218 2020 317 2073 pus,
338 2002 619 2057 deferente
650 2002 930 2057 Frederico
959 2002 1206 2072 prtesule
1234 2001 1684 2076 Magontiacensi,
1706 2018 1811 2076 _co-

217 2108 305 2145 ram
333 2092 554 2166 regibus
585 2098 637 2146 et
666 2090 937 2161 episc0pis
962 2095 1075 2144 tam
1100 2088 1285 2143 Galliae
1315 2073 1479 2161 quam
1504 2073 1811 2146 Germaniae

217 2191 526 2255 susceperat,
561 2191 613 2238 et
632 2192 836 2254 partem
857 2183 965 2251 jam
996 2181 1590 2254 praeceptionisipsius
1613 2198 1811 2256 exege-

218 2281 281 2328 rat
302 2282 521 2345 pr0pter
542 2273 663 2327 illas
689 2273 890 2327 litteras
910 2271 1325 2335 intermitteret,
1352 2289 1491 2344 quas
1516 2271 1810 2328 insidiator

216 2372 373 2417 noster
418 2362 762 2417 exhibebat:
820 2362 928 2416 imo
986 2361 1142 2433 quod
1185 2362 1511 2435 regulariter
1563 2371 1806 2432 emptum

218 2453 382 2518 fuerat,
428 2463 489 2510 ut
519 2454 782 2509 canonice
812 2461 1261 2525 pertractaretur,
1293 2455 1631 2510 unanimiter
1667 2470 1809 2510 cen-

217 2551 348 2597 sent:
378 2545 799 2616 przecipiturque
831 2544 1048 2600 recitari
1082 2544 1383 2615 capitulum
1414 2545 1813 2620 Carthaginen—

220 2634 282 2687 sis
306 2637 514 2690 concilii
547 2653 753 2691 nonum
782 2637 1082 2702 decimum,
1115 2635 1185 2689 de
1210 2642 1466 2690 accusato
1496 2643 1557 2689 et
1585 2651 1810 2690 accusa-

216 2736 331 2780 tore.
366 2729 475 2793 Quo
510 2729 763 2791 recitato.
788 2729 1096 2797 judicatum
1136 2736 1219 2783 est
1243 2729 1396 2797 juxta
1427 2727 1812 2785 definitionem

219 2816 366 2885 ipsius
394 2819 645 2889 capituli,
685 2828 743 2873 ut
771 2819 1222 2874 communionem
1250 2827 1305 2874 et
1344 2820 1660 2891 parochiam
1696 2820 1811 2874 Re-

217 2922 439 2962 mensem
473 2925 566 2963 me
598 2909 888 2975 retinente,
917 2910 1091 2984 llugo,
1121 2908 1216 2980 qui
1247 2909 1386 2980 [mm
1417 2909 1565 2981 quia]
1588 2910 1657 2964 ad
1676 2910 1814 2965 duas

214 2997 308 3063 jam
329 2999 570 3069 synodos
597 3000 1133 3054 evocatusinteresse
1164 3006 1593 3072 contempserat,
1616 3017 1648 3055 a
1667 3016 1814 3056 com-

1911 1817 2247 1882 niatoribus,
2265 1815 2523 1885 judicant
2543 1825 2601 1871 et
2630 1818 2975 1874 unanimiter
3003 1830 3239 1877 censent
3264 1838 3417 1891 eum,
3446 1840 3558 1895 quo

1910 1907 2205 1962 fruebatur
2227 1906 2439 1960 honore
2470 1904 2676 1975 privari
2714 1907 2942 1975 debere,
2973 1925 3039 1963 ac
3066 1911 3371 1966 secundum
3403 1912 3559 1985 capi-

1912 2000 2152 2056 tulorum
2176 2007 2425 2054 tenorem
2459 1996 2515 2051 in
2545 1999 2800 2053 exsilium
2827 2002 3055 2056 retrudi.
3089 2003 3422 2061 Diaconatus
3451 2006 3555 2079 igi-

1914 2096 2005 2144 tur
2028 2104 2138 2160 quo
2168 2087 2504 2162 fungebatur
2538 2087 2853 2144 ministerio
2884 2090 3220 2162 multatus,a
3249 2103 3552 2165 conspectu

1914 2178 2116 2249 synodi
2170 2176 2507 2248 reprobatus
2537 2176 2829 2232 abscessit.
2873 2179 3101 2235 Artoldo
3140 2195 3270 2236 vero
3299 2180 3547 2253 praesuli,

1916 2272 2011 2343 qui
2046 2270 2306 2327 omnibus
2336 2286 2399 2325 se
2424 2269 2656 2340 synodis
2686 2278 3018 2340 prmsentem
3049 2272 3399 2339 exhibuerat,
3434 2288 3546 2329 non

1911 2366 2195 2441 refugiens
2243 2363 2512 2435 synodale
2537 2363 2833 2431 judicium,
2872 2365 3220 2436 episc0pium
3272 2366 3547 2422 Remense

1909 2456 2066 2525 juxta
2092 2470 2367 2509 canonum
2402 2451 2652 2507 instituta
2683 2460 3003 2508 sanctorum
3060 2453 3276 2508 Patrum
3307 2454 3547 2524 decreta,

1913 2546 2141 2602 omnino
2173 2545 2525 2600 retinendum
2554 2551 2722 2615 atque
2775 2543 3191 2615 disponendum
3211 2544 3542 2611 decernunt,

1915 2638 2164 2702 laudant,
2198 2643 2363 2707 atque
2424 2633 2805 2689 corroborant.
2860 2632 3115 2689 Secunda
3168 2636 3546 2694 consessionis

1915 2726 2029 2794 die,
2094 2731 2220 2797 post
2280 2722 2536 2777 recitatas
2587 2721 2789 2776 divinae
2820 2722 3165 2778 auctoritatis
3193 2723 3461 2780 lectiones
3489 2731 3546 2781 et

1913 2820 2111 2876 Marini
2140 2818 2328 2874 vicarii
2365 2816 2780 2883 allocutionem,
2827 2815 3106 2891 suggessit
3133 2816 3373 2873 domnus
3401 2818 3541 2875 Rot-

1915 2915 2127 2981 bertus,
2153 2910 2496 2968 Trevirensis
2520 2909 2999 2981 archiepiscopus,
3021 2916 3083 2966 ut
3111 2911 3372 2983 quoniam
3387 2911 3545 2980 juxta

1916 3017 2088 3059 sacrae
2128 3001 2268 3073 legis
2308 3000 2575 3065 instituta,
2632 2999 2949 3055 restitutum
2980 3007 3147 3074 atque
3177 3008 3542 3056 restauratum

214 3088 452 3143 munione
484 3098 541 3144 et
576 3088 843 3163 regimine
875 3088 1165 3144 Remensis
1184 3088 1454 3160 episcopii
1483 3090 1812 3158 abstineret,
1844 3064 1894 3135 ε
1918 3095 2098 3150 fuerat
2127 3094 2398 3149 Remense
2427 3091 2651 3147 Artoldo
2671 3092 2894 3164 praesuli
2924 3092 3290 3164 episcopium,
3315 3091 3371 3147 in
3400 3092 3545 3162 ejus-

215 3175 371 3232 donec
409 3179 477 3233 ad
526 3177 897 3233 universalem
938 3177 1234 3248 synodum,
1264 3194 1387 3249 quae
1441 3178 1812 3246 indicebatur,

213 3281 318 3323 sese
345 3276 702 3343 purgaturus,
734 3269 819 3323 vel
852 3269 1121 3324 rationem
1163 3269 1480 3325 redditurus
1518 3277 1815 3342 praesenta-

213 3367 303 3412 ret.
344 3361 646 3432 Ipsumque
670 3361 966 3431 capitulum
989 3377 1116 3416 mox
1139 3362 1196 3415 in
1226 3363 1413 3417 charta
1442 3364 1691 3436 episc0pi
1720 3378 1817 3419 co-

213 3467 309 3505 ram
360 3468 418 3507 se
447 3452 695 3508 describi
733 3453 1002 3521 fecerunt,
1035 3454 1431 3510 subnectentes
1482 3456 1621 3512 hanc
1650 3457 1813 3511 etiam

211 3542 578 3600 definitionem
620 3562 797 3613 suam,
833 3552 885 3601 et
915 3546 1096 3601 eidem
1152 3547 1363 3621 Hugoni
1393 3549 1659 3604 miserunt
1712 3549 1814 3613 Qui

209 3642 315 3701 post
341 3636 572 3689 alteram
606 3635 754 3690 diem
804 3637 1047 3691 chartam
1078 3640 1327 3692 eamdem
1369 3638 1630 3694 llotberto
1669 3655 1813 3710 pra}—

208 3722 297 3774 suli
326 3724 560 3786 remisit,
604 3714 709 3778 hoc
764 3724 951 3779 verbis
982 3724 1348 3779 remandans:
1381 3726 1528 3796 quod
1562 3726 1805 3797 ipsorum

203 3809 393 3893 judicio
420 3828 779 3885 nequaquam
800 3812 1127 3868 obediturus
1139 3820 1305 3868 esset.
1329 3814 1530 3887 Sicque
1549 3814 1806 3870 absoluto

207 3904 443 3970 concilio,
509 3905 632 3976 ipse
662 3905 963 3960 Mosomum
1010 3911 1198 3960 contra
1245 3906 1501 3962 mandata
1523 3923 1714 3982 regum
1754 3913 1810 3961 et

207 3991 581 4064 episcoporum
612 3995 833 4061 retinet,
864 4005 918 4051 et
957 4010 1062 4068 ego
1093 3995 1294 4051 Remos
1329 4011 1612 4070 regressus
1637 3994 1813 4051 recla-

208 4086 446 4141 matiouis
501 4103 643 4141 mete
682 4088 938 4159 querelas
994 4089 1063 4142 ad
1102 4089 1291 4143 sedem
1349 4090 1651 4147 Romanam
1716 4105 1815 4162 per

209 4170 400 4245 legatos
431 4175 630 4230 domni
689 4176 836 4249 regis
875 4176 1106 4232 Othonis
1152 4178 1446 4246 destinavi,
1491 4179 1816 4252 praestolans

208 4266 443 4322 mandata
476 4268 654 4338 ipsius
707 4276 909 4323 sancta:
948 4268 1119 4336 sedis,
1168 4269 1288 4339 ejus
1322 4270 1559 4327 decretis
1588 4280 1644 4327 et
1689 4270 1817 4325 uni-

1914 3185 2041 3240 dem
2069 3183 2218 3239 sedis
2247 3183 2558 3238 invasorem
2582 3181 2848 3254 synodale
2871 3188 3229 3255 perageretur
3243 3181 3540 3251 judicium.

1915 3273 2184 3344 Praecepit
2223 3273 2405 3344 itaque
2441 3271 2679 3326 Marinus
2706 3271 2967 3337 vicarius,
2995 3279 3057 3326 ut
3094 3270 3419 3327 canonicam
3449 3286 3539 3326 su-

1915 3383 2017 3439 per
2037 3367 2138 3420 hac
2161 3363 2594 3436 presumptione
2615 3362 2863 3434 synodus
2888 3362 3163 3434 proferret
3181 3362 3539 3419 sententiam.

1913 3457 2184 3512 Jubentur
2214 3469 2346 3529 ergo
2395 3459 2597 3509 sanctae
2628 3452 2771 3527 legis
2816 3444 3095 3509 catholica
3145 3451 3362 3508 recitari
3387 3450 3539 3522 capi-

1914 3548 2049 3603 tula.
2082 3546 2294 3613 Quibus
2323 3545 2587 3611 recitatis,
2627 3543 2934 3600 secundum
2964 3559 3244 3600 sacrorum
3291 3543 3541 3599 instituta

1914 3656 2212 3707 canonum,
2240 3647 2296 3695 et
2333 3645 2648 3695 sanctorum
2681 3636 2905 3692 decreta
2939 3636 3183 3703 Patrum,
3211 3633 3370 3703 Sixti,
3410 3634 3537 3690 Ale-

1914 3733 2131 3800 xandri,
2161 3730 2491 3798 Innocentii,
2514 3728 2731 3793 Zosimi,
2755 3727 3048 3797 Bonifacii,
3081 3726 3378 3786 leestini.
3400 3727 3540 3783 Leo-

1909 3823 2016 3889 nis,
2072 3820 2407 3892 Symmachi,
2447 3825 2885 3886 caeterorumque
2923 3823 3237 3872 sanctorum
3277 3814 3534 3871 Ecclesiae

1912 3914 2008 3969 Dei
2052 3912 2361 3976 doctorum,
2394 3909 3033 3977 excommunicaverunt,
3077 3916 3132 3965 et
3160 3908 3230 3964 ab
3272 3908 3530 3966 Ecclesiae

1912 4006 2008 4061 Dei
2037 4004 2249 4075 gremio
2275 4003 2601 4075 repulerunt
2622 4001 2946 4073 pmdictum
2978 4002 3266 4074 Hugonem
3298 4001 3532 4058 Remen-

1913 4097 1991 4151 sis
2045 4093 2301 4150 Ecclesia
2341 4106 2716 4165 pervasorem,
2752 4090 2935 4147 donec
2970 4090 3040 4146 ad
3079 4091 3460 4162 paenitentiam
3481 4096 3536 4147 et

1915 4186 2140 4260 dignam
2172 4182 2605 4240 satisfactionem
2633 4181 2826 4237 venire
2851 4188 3194 4253 procuraret.

1916 4276 2141 4334 Caeteris
2169 4291 2389 4348 quoque
2438 4274 2637 4330 diebus
2687 4272 2885 4345 synodi
2944 4279 3170 4329 tractata
3225 4279 3356 4328 sunt
3378 4288 3536 4345 quaa-

208 4357 413 4412 versalis
471 4358 643 4427 hujus
671 4360 847 4414 sancti
894 4359 1117 4415 concilii
1147 4360 1312 4416 vestri
1355 4361 1585 4430 judiciis
1618 4375 1811 4434 parere

1917 4368 2042 4424 dam
2089 4366 2408 4422 necessaria
2453 4363 2524 4420 de
2573 4362 2796 4419 incestis
2833 4362 3127 4437 conjugiis,
3169 4368 3225 4417 et
3261 4359 3535 4430 ecclesiis,

207 4462 430 4521 paratus.

269 4545 389 4601 Post
416 4564 654 4619 quarum
688 4547 991 4602 litterarum
1057 4545 1439 4602 recitationem
1466 4588 1482 4614 ,
1538 4553 1594 4601 et
1623 4561 1812 4601 earum

210 4647 417 4707 pr0pter
445 4657 612 4716 reges
643 4640 796 4709 juxta
822 4638 1211 4695 Thudesticam
1243 4638 1385 4710 [ms.,
1416 4638 1766 4695 Teutonicum
1797 4657 1813 4706 ;

205 4727 245 4794 j.
281 4730 643 4802 Theotiscam]
675 4732 917 4807 linguam
963 4731 1494 4803 interpretationem,
1536 4731 1817 4805 ingressus

211 4820 418 4888 quidam
436 4822 797 4896 Sigebaldus,
833 4821 1102 4892 praemissi
1135 4821 1380 4896 llugonis
1405 4820 1660 4888 clericus,
1684 4826 1820 4875 attu-

213 4908 265 4963 lit
292 4911 502 4969 litteras
538 4930 676 4985 quas
698 4914 870 4969 Roma
899 4913 1192 4980 detulerat,
1223 4929 1472 4985 quasque
1497 4913 1608 4986 jam
1634 4913 1687 4968 in
1715 4913 1822 4968 alia

213 5006 412 5071 synodo
449 5006 683 5061 Mosomi
707 5006 1109 5077 propalaverat.
1139 5007 1408 5060 Asserens
1427 5005 1650 5060 easdem
1674 5004 1822 5061 litte-

216 5107 292 5145 ras
311 5094 415 5147 sibi
452 5095 643 5151 Romze
676 5096 744 5150 ab
778 5096 897 5166 ipso
919 5096 1012 5167 qui
1047 5096 1236 5150 aderat
1264 5094 1469 5150 Marino
1495 5094 1697 5150 vicario
1726 5094 1826 5149 da-

215 5188 307 5249 tas,
324 5186 417 5255 qui
441 5184 686 5240 domnus
706 5185 949 5241 Marinus
972 5185 1261 5257 proferens
1288 5184 1498 5240 litteras
1518 5201 1655 5258 quas
1678 5185 1826 5239 idem

215 5272 540 5347 Sigebaldus
596 5277 825 5332 Romam
871 5277 1160 5343 detulerat,
1200 5276 1465 5348 praecepit
1514 5291 1608 5332 eas
1645 5291 1827 5332 coram

215 5367 415 5434 synodo
447 5368 689 5435 recitari,
727 5369 780 5422 in
812 5385 1043 5440 quarum
1066 5367 1386 5424 recitatione
1419 5374 1693 5438 repertum
1720 5374 1826 5433 est,

216 5466 366 5523 prout
408 5459 553 5530 ipsa:
577 5460 771 5516 litterae
802 5460 1137 5527 fatebantur,
1170 5460 1318 5531 quod
1344 5459 1505 5516 Wido
1532 5460 1830 5531 episcopus

214 5545 594 5618 Suessonicus,
613 5552 961 5628 Hildegarius
992 5567 1218 5624 quoque
1240 5552 1612 5620 llelvacensis,
1632 5550 1833 5607 Rodul—

221 5634 298 5692 fus
327 5639 737 5710 Laudunensis,
762 5642 1063 5714 ceetcrique
1090 5640 1272 5698 cuncti
1314 5641 1601 5698 Remensis
1627 5640 1831 5698 diluce-

1914 4474 2036 4530 quaa
2065 4455 2406 4529 presbyteris
2433 4455 2489 4509 in
2506 4454 2760 4526 partibus
2784 4452 3090 4508 Germaniae
3112 4452 3404 4519 dabantur,
3425 4452 3535 4508 imo

1914 4546 2300 4604 vendebantur
2316 4543 2585 4611 indebite,
2605 4550 2661 4600 et
2685 4542 3079 4599 auferebantur
3106 4536 3318 4611 illicite,
3343 4542 3537 4615 prohi-

1915 4642 2230 4711 bitumque,
2268 4653 2333 4693 ac
2360 4643 2622 4692 statutum
2646 4652 2717 4691 ne
2744 4635 2825 4691 'id
2846 4635 3075 4691 omnino
3107 4642 3538 4708 praesumeretur

1916 4733 1985 4790 ab
2016 4731 2203 4803 aliquo
2235 4747 2249 4784 :
2288 4729 2387 4786 sed
2424 4738 2479 4784 et
2517 4729 2586 4784 de
2616 4728 2738 4784 aliis
2767 4727 3025 4784 Ecclesiae
3064 4727 3161 4783 Dei
3206 4726 3542 4785 utilitatibus

1919 4828 2149 4877 tractata
2174 4827 2323 4887 sunt,
2370 4827 2425 4874 et
2458 4816 2689 4875 deﬁnita
2734 4817 3022 4875 nonnulla.
3057 4818 3274 4873 Interea
3310 4834 3405 4872 rex
3435 4817 3543 4877 Lu-

1921 4910 2151 4967 dovicus
2168 4909 2495 4980 deprecatur
2516 4923 2703 4980 regem
2720 4906 3012 4974 Othonem,
3029 4912 3090 4961 ut
3105 4904 3417 4962 subsibium
3435 4905 3545 4962 sibi

1923 5004 2064 5060 ferat
2083 5009 2271 5058 contra
2304 5001 2588 5077 Hugonem
2620 5010 2676 5057 et
2711 5007 2945 5057 cazteros
2982 5000 3235 5057 inimicos
3261 5014 3413 5055 suos.
3443 4998 3545 5065 Qui

1924 5094 2097 5165 petita
2123 5090 2459 5156 concedens,
2493 5089 2653 5159 jubet
2682 5098 2743 5146 ut
2772 5088 3054 5151 Conradus
3083 5089 3193 5145 dux
3219 5105 3344 5147 cum
3386 5104 3545 5145 exer-

1927 5185 2039 5242 citu
2072 5182 2511 5239 Lothariensium
2545 5182 2601 5237 in
2633 5182 2753 5251 ejus
2779 5189 2972 5256 pergat
3000 5180 3283 5236 auxilium.
3317 5180 3543 5236 Interim

1927 5294 2059 5337 vero
2107 5278 2237 5334 dum
2291 5280 2721 5351 congregaretur
2770 5273 3065 5342 exercitus,
3105 5289 3196 5331 rex
3236 5271 3547 5329 Ludovicus

1929 5385 2055 5425 cum
2078 5368 2199 5439 ipso
2225 5366 2369 5422 duce
2391 5373 2631 5430 maneat,
2652 5371 2706 5420 et
2729 5363 3002 5436 episcOpi,
3030 5362 3264 5431 scilicet,
3292 5361 3548 5419 Artoldus

1930 5466 1986 5515 et
2025 5454 2312 5523 Rodulfus,
2346 5454 2441 5527 qui
2481 5461 2638 5509 erant
2665 5469 2787 5508 cum
2820 5468 2973 5528 rege,
2995 5468 3064 5506 ne
3095 5451 3228 5524 quid
3260 5451 3316 5507 in
3337 5451 3426 5508 via
3449 5466 3549 5523 pa-

1933 5553 2144 5603 teretur
2177 5543 2416 5610 adversi,
2451 5542 2722 5616 degerent
2751 5558 2875 5596 cum
2929 5540 3388 5597 Lothariensibus
3429 5538 3549 5609 epi-

1934 5640 2139 5712 scopis.
2184 5637 2484 5694 Mansimus
2529 5636 2714 5708 itaque
2751 5651 2874 5692 cum
2933 5633 3196 5691 Rotberto
3224 5630 3549 5699 'I'revirensi,
