4010 6162
451 234 553 290 311

1576 227 1946 284 FLODOARDI
1987 227 2293 285 CANONICI
2334 228 2663 286 REMENSIS
2734 244 2743 245 '
3625 252 3708 307 312

450 364 717 423 Rodulfus
748 357 1130 417 Laudunensis
1176 372 1300 412 cum
1353 354 1705 411 Adalberone
1761 355 2021 412 Mettensi
2054 400 2068 426 ,
2097 334 2274 428 Asiis
2330 373 2520 413 eorum
2575 357 2672 429 [ms
2721 360 2770 430 j.
2833 360 3087 419 Ecclesiae
3136 363 3462 440 Suessorum]
3510 369 3721 433 intulerat

449 451 829 511 hebdomadas
858 448 975 505 fere
997 455 1252 522 quatuor.
1282 445 1535 504 Exercitu
1558 447 1801 520 denique
1820 448 2072 513 collecto,

451 544 838 603 Lotharienses
893 542 1140 615 episcOpi
1178 543 1485 598 Mosomum
1521 549 1740 613 petunt,
1783 541 2075 612 ipsumque

451 634 775 692 obsidentes
803 640 1041 687 castrum
1092 640 1260 704 atque
1290 636 1700 704 Oppugnantes,
1747 629 1952 684 milites
1981 628 2075 701 qui

450 735 613 787 erant
641 727 719 784 ibi
752 742 877 782 cum
904 725 1130 799 Hugone
1160 723 1230 779 ad
1259 721 1600 778 deditionem
1635 722 1995 793 compellunt,
2023 728 2077 776 et

450 824 695 891 acceptts
729 818 798 873 ab
836 815 918 873 eis
948 813 1239 872 obsidibus
1268 819 1505 886 pergunt
1534 811 1752 867 obviam
1800 809 2076 866 Ludovico

450 908 565 983 regi
611 913 667 963 et
695 905 946 962 Conrado
997 902 1126 959 duci
1182 902 1237 957 in
1284 907 1467 973 partes
1502 900 1883 955 Laudunensis
1925 899 2073 973 pagl.

451 998 720 1055 Obsident
750 997 918 1073 igitur
937 995 1015 1051 ibi
1044 995 1152 1050 dux
1175 1002 1230 1049 et
1261 992 1538 1049 exercitus
1567 992 1859 1064 quamdam
1891 990 2076 1046 muni-

451 1088 659 1144 tionem
694 1101 856 1160 quam
914 1082 1286 1140 sediﬁcaverat
1336 1090 1390 1137 et
1450 1081 1680 1137 tenebat
1724 1079 2074 1136 Theobaldus

455 1182 509 1235 in
539 1179 664 1235 loco
694 1179 792 1250 qui
835 1177 1039 1233 dicitur
1074 1174 1228 1230 Mons
1262 1182 1474 1242 acutus,
1525 1174 1618 1246 qui
1651 1180 1707 1229 et
1748 1172 2072 1227 Laudunum

453 1277 648 1325 contra
696 1282 880 1342 regem
912 1264 1205 1322 retinebat.
1249 1264 1359 1320 Hoc
1386 1264 1551 1319 etiam
1610 1262 1877 1334 oppidum
1908 1267 2077 1333 expui

452 1369 706 1435 gnantes,
756 1361 974 1415 tandem
1007 1373 1118 1414 non
1181 1357 1300 1413 sine
1340 1372 1494 1412 mora
1533 1355 1779 1427 capiunt,
1833 1353 2075 1426 indeque

454 1452 778 1507 Laudunum
811 1450 1038 1516 adeunt,
1080 1457 1134 1504 et
1165 1448 1218 1503 in
1266 1446 1503 1503 ecclesia
1532 1446 1587 1500 S.
1618 1443 1891 1499 Vineentii
1937 1459 2074 1500 con-

452 1544 689 1619 gregati,
723 1542 974 1615 episcOpi
1008 1541 1330 1613 praedictum
1362 1538 1729 1595 'l'hetbaldum
1759 1552 2079 1592 excommu-

453 1634 684 1698 nicant;
738 1632 1024 1707 nugonem
1053 1645 1244 1686 verum
1294 1628 1602 1700 principem
1632 1633 1830 1682 vocant
1878 1624 2077 1681 litteris

455 1741 520 1781 ex
552 1730 709 1796 parte
726 1714 918 1779 Marini
940 1721 1108 1795 legati
1137 1721 1288 1776 sedis
1318 1719 1636 1792 apostolicae
1667 1725 1855 1784 etsua,
1882 1717 2075 1772 venire

456 1813 527 1868 ad
556 1811 1004 1868 emendationem
1036 1826 1134 1882 pro
1179 1809 1338 1864 malis
1377 1824 1503 1879 quae
1557 1813 1749 1862 contra
1791 1822 1977 1880 regem
2022 1812 2076 1859 et

459 1903 755 1976 episcopos
782 1910 988 1977 egerat.
1041 1902 1202 1956 Wi'lo
1232 1900 1473 1972 denique
1526 1897 1868 1954 Suessonicae
1922 1897 2077 1952 urbis

458 1997 756 2067 episcopus
785 1995 853 2050 ad
884 2010 1068 2068 regem
1105 1992 1441 2048 Ludovicum
1461 1990 1711 2053 veniens,
1744 1989 1923 2044 eidem
1951 2005 2076 2044 sese

459 2086 773 2154 committit,
835 2093 1173 2158 pacatnrque
1201 2099 1328 2140 eum
1381 2082 1602 2138 Artaldo
1640 2081 2074 2152 archiepiscOpo,

459 2175 802 2231 satisfaciens
834 2174 915 2228 illi
970 2188 1067 2245 pro
1107 2172 1459 2228 ordinatione
1491 2170 1762 2244 Hugonis.
1795 2170 2078 2225 Conradus

460 2281 684 2340 quoque
711 2267 821 2322 dux
854 2265 1022 2320 filiam
1054 2263 1313 2320 Ludovici
1342 2263 1489 2338 regis
1518 2278 1674 2318 sacro
1704 2262 1773 2317 de
1805 2262 1954 2317 fonte
1983 2277 2079 2316 su-

458 2356 652 2428 scepit.
703 2356 904 2429 Sicque
961 2361 1184 2426 recepto
1232 2352 1479 2409 Mosomo
1519 2360 1700 2409 castro
1759 2359 1814 2408 et
1856 2367 2073 2418 everso,

460 2444 848 2503 Lotharienses
871 2450 1221 2501 revertuntur
1257 2442 1314 2497 in
1351 2458 1469 2498 sua.

1028 2552 1238 2608 CAPUT
1280 2551 1483 2606 XXXVI
1502 2595 1515 2609 .

460 2650 535 2704 De
565 2646 864 2704 obsessione
882 2645 966 2701 vel
995 2646 1302 2700 incensione
1329 2643 1483 2769 urtbis
1510 2643 1841 2699 Suessonica:
1865 2642 1933 2696 ab
1963 2643 2083 2697 IIu-

1079 2732 1213 2769 aone
1258 2730 1393 2769 com:
1420 2730 1467 2768 e.

1077 2732 1213 2785 gone
1258 2730 1467 2770 comae.

533 2809 707 2887 igitur
738 2810 914 2886 Hngo,
948 2808 1153 2864 nullam
1185 2822 1392 2864 moram
1415 2806 1644 2873 faciens,
1688 2805 1919 2861 collecta
1957 2820 2088 2861 suo-

469 2921 589 2962 rum
617 2904 794 2961 multa
841 2903 1433 2972 Nordmannorumque
1471 2917 1656 2966 manu,
1705 2899 2088 2955 Suessonicam

2176 450 2339 538 mala.
2405 450 2653 523 Requirit
2683 466 2813 527 ergo
2869 454 2939 509 de
2970 456 3259 513 vocatione
3309 458 3469 530 ipsius
3502 462 3726 538 principis

2176 537 2435 605 Marinus,
2469 546 2650 593 utrum
2676 540 2898 611 perlata
2919 543 2969 597 ei
2992 542 3229 600 fuissent
3256 545 3437 604 litteris
3452 537 3723 621 vocationis,

2177 642 2314 698 quas
2343 626 2393 681 ei
2422 626 2781 698 perferendas
2806 629 3175 700 delegaverat.
3205 634 3299 689 Cui
3329 638 3652 708 respondetur
3670 643 3725 697 ab

2175 718 2398 775 Artoldo
2426 720 2863 794 archiepiscopo,
2896 725 3044 796 quod
3076 725 3323 797 quaedam
3352 743 3519 783 earum
3549 730 3726 802 perlatae

2177 811 2314 879 sint,
2346 812 2595 882 quaedam
2627 829 2758 869 vero
2789 815 3030 885 perferri
3070 818 3431 890 nequiverint,
3460 837 3622 876 earum
3655 840 3730 899 ge-

2179 901 2300 955 rulo
2329 899 2398 953 ab
2422 900 2599 972 ipsius
2625 904 3035 976 grassatoribus
3066 906 3409 978 intercepto;
3440 918 3637 965 vocatus
3665 921 3730 967 ta-

2178 1003 2304 1042 men
2323 988 2485 1043 fuerit
2509 995 2617 1043 tam
2640 990 2839 1047 litteris
2866 1000 3030 1064 quam
3054 993 3382 1066 quibusdam
3408 995 3730 1054 internuntiis.

2175 1081 2697 1156 Requirituritaque
2727 1084 2771 1139 si
2792 1084 2937 1139 adsit
2957 1085 3158 1157 aliquis
3182 1102 3245 1140 ex
3271 1095 3419 1157 parte
3439 1087 3592 1158 ipsius
3614 1088 3734 1162 lega-

2175 1178 2283 1226 tus.
2343 1171 2445 1226 Ubi
2493 1188 2619 1227 cum
2670 1173 2855 1228 nullus
2906 1173 3102 1230 fuisset
3141 1174 3416 1239 inventus,
3470 1175 3736 1232 decernitur

2176 1264 2610 1334 exspectandum
2666 1264 2709 1320 si
2755 1264 2893 1321 forte
2945 1266 3282 1321 adventurus
3317 1274 3457 1322 esset
3510 1267 3559 1320 in
3582 1268 3733 1323 crasti-

2176 1371 2328 1409 num.
2363 1356 2515 1421 Quod
2556 1372 2679 1411 eum
2740 1357 2969 1412 minime
3007 1357 3346 1432 contigisset,
3391 1365 3442 1412 et
3473 1374 3644 1413 omnes
3663 1360 3734 1429 qui

2177 1445 2425 1509 aderant,
2481 1451 2588 1499 tam
2631 1446 2815 1501 clerici
2873 1464 3035 1519 quam
3077 1447 3319 1502 illustres
3352 1447 3490 1513 laici,
3531 1462 3639 1501 eum
3667 1463 3740 1500 ex-

2179 1537 2696 1592 communicandum
2720 1555 2846 1593 esse
2878 1539 3268 1606 acclamarent,
3291 1537 3536 1593 definitur
3562 1538 3622 1592 ab
3639 1538 3736 1608 epi-

2179 1628 2362 1699 scopis
2394 1629 2537 1684 banc
2565 1631 3189 1687 excommunicationem
3218 1630 3398 1686 adhuc
3435 1628 3739 1685 differendam

2183 1736 2353 1790 usque
2398 1720 2466 1774 ad
2497 1721 2643 1776 diem
2676 1722 2873 1794 synodi
2911 1724 3149 1779 tertiam.
3204 1724 3483 1778 Tractatur
3506 1729 3666 1777 autem
3687 1721 3741 1775 de

2175 1812 2454 1883 episcOpis
2490 1813 2584 1884 qui
2613 1814 2790 1869 vocati
2834 1814 3050 1869 fuerant
3095 1825 3150 1870 et
3201 1815 3390 1870 venire
3442 1813 3739 1877 distulerant,

2176 1900 2262 1955 vel
2310 1901 2394 1955 his
2424 1902 2517 1973 qui
2568 1902 2903 1959 ordinationi
2950 1904 3196 1978 Hugonis
3237 1903 3525 1975 participes
3555 1902 3740 1956 exstite-

2179 1999 2317 2047 rant.
2382 1994 2443 2049 Et
2479 1994 2638 2050 Wido
2695 1995 2919 2066 quidem
2968 1996 3268 2067 episcopus
3326 1993 3660 2050 Sucssonicus
3697 2008 3743 2047 se

2178 2084 2534 2154 culpabilem,
2569 2092 2874 2156 prostratus
2904 2103 3089 2143 coram
3118 2087 3327 2142 Marino
3366 2086 3557 2141 vicario
3591 2092 3638 2138 et
3672 2084 3744 2137 Ar-

2181 2174 2332 2230 toldo
2363 2175 2802 2249 archiepiscOpo,
2835 2178 3150 2235 conﬁtetur.
3194 2176 3648 2235 intercedentibus
3670 2191 3746 2229 au-

2180 2275 2287 2322 tem
2320 2283 2417 2339 pro
2451 2284 2517 2324 eo
2546 2270 2691 2340 apud
2739 2270 3007 2326 Marinum
3054 2272 3316 2328 Rotberto
3355 2279 3409 2326 et
3446 2261 3643 2325 Artoldo
3669 2284 3743 2321 ar-

2178 2355 2574 2429 chiepiscopis,
2606 2359 2818 2414 absolvi
2861 2360 2930 2415 ab
2963 2362 3065 2414 hae
3096 2376 3237 2416 noxa
3270 2368 3523 2415 meretur.
3551 2354 3749 2411 Wicire-

2180 2445 2286 2500 dus
2307 2446 2631 2502 Morinensis
2660 2449 2922 2504 immunis
2944 2450 3013 2504 ab
3039 2452 3233 2505 easlcm
3261 2449 3596 2505 ordinatione
3615 2462 3748 2518 repe-

2181 2533 2337 2588 ritur.
2396 2535 2566 2591 Adest
2608 2536 2914 2592 Transmari
2975 2537 3360 2593 Noviomensis
3404 2539 3745 2605 (Transmarus

2182 2622 2428 2678 Noviom.
2456 2623 2527 2677 42
2575 2627 2735 2694 episc.
2760 2627 2820 2680 in
2846 2627 2956 2681 tab.
2990 2627 3264 2695 Democh.)
3298 2626 3537 2697 episcopi
3576 2624 3749 2696 legatus

2188 2709 2411 2780 quidam
2453 2712 2764 2785 presbyter,
2813 2723 3066 2770 astruens
3097 2714 3357 2769 eumdem
3394 2713 3660 2785 praesulem
3691 2710 3751 2763 ita

2188 2797 2338 2871 gravi
2382 2799 2645 2874 languore
2679 2800 2988 2868 detentum,
3030 2807 3091 2856 ut
3131 2801 3202 2856 ad
3242 2801 3488 2856 eamdem
3526 2796 3752 2870 synodum

2187 2887 2376 2942 venire
2407 2904 2517 2943 non
2565 2889 2820 2946 valuerit.
2872 2890 2931 2944 ld
2970 2905 3195 2962 quoque
3241 2897 3512 2946 nostrates
3541 2886 3626 2959 qui
3651 2884 3756 2940 ade-

465 2996 788 3071 aggreditur
828 2994 1047 3060 urbem,
1089 3000 1144 3049 et
1173 2991 1440 3048 obsidens
1488 2998 1793 3065 oppugnat,
1832 2989 2092 3060 ceditque
2126 3058 2166 3071 Α
2191 2990 2331 3044 rant,
2366 2986 2691 3037 attestantur
2722 2980 2992 3053 episcOpi.

468 3058 790 3142 nonnullos.
822 3084 1047 3154 lnjectis
1074 3083 1237 3138 etiam
1269 3081 1497 3155 ignibus
1525 3082 1748 3137 domum
1778 3080 1970 3136 matris
1990 3095 2089 3135 ec-
2118 3058 2169 3127 Ο

467 3175 649 3232 etesia
678 3173 966 3230 succendit
1013 3170 1292 3243 simulque
1331 3170 1571 3227 claustra
1608 3170 1996 3227 canonicorum
2034 3177 2090 3224 et

470 3276 680 3340 partem
725 3264 999 3332 civitatis;
1051 3280 1156 3319 nec
1205 3271 1390 3320 tamen
1422 3264 1597 3335 ipsam
1644 3279 1845 3335 capere
1899 3263 2089 3318 valens

468 3358 663 3414 urbem
694 3356 943 3430 reliquit,
983 3362 1037 3411 et
1070 3356 1139 3411 ad
1169 3355 1464 3428 quamdam
1496 3355 1882 3421 munitionem,
1924 3370 2086 3426 quam

473 3445 823 3521 Bagenoldus
852 3460 1040 3501 comes
1069 3443 1328 3500 Ludovici
1376 3459 1545 3515 super
1572 3444 1816 3499 Axonam
1857 3442 2083 3498 fluvium

471 3534 529 3589 in
577 3534 699 3591 loco
730 3534 824 3607 qui
873 3532 1079 3588 dicitur
1106 3532 1408 3588 Ranciacus
1453 3532 1698 3603 (Boucy),
1754 3531 2083 3600 aedificabat,

471 3622 720 3687 devenit,
754 3623 1045 3694 ipsamque
1072 3620 1255 3676 adhuc
1279 3620 1654 3693 imperfectam
1695 3621 1885 3677 castris
1915 3621 2089 3676 valla-

471 3712 571 3767 vit.
594 3711 703 3767 Sed
735 3722 840 3767 nec
862 3711 1039 3782 ipsam
1080 3709 1263 3782 cepit;
1295 3710 1452 3766 villas
1478 3717 1663 3765 tamen
1693 3709 1982 3765 Remensis
1996 3724 2088 3765 ec-

470 3800 652 3856 clesiae
673 3807 867 3857 castris
913 3800 1031 3855 suis
1058 3799 1347 3874 contiguas
1394 3799 1715 3856 devastavit.
1743 3798 1932 3855 Plures
1951 3813 2092 3870 quo-

472 3909 580 3965 que
608 3895 928 3951 colonorum
970 3894 1264 3966 praedones
1302 3894 1478 3963 ipsius
1526 3894 1945 3960 interemerunt,
1973 3891 2091 3947 vio-

472 3986 651 4055 lantes
698 3986 985 4054 ecclesias,
1020 3993 1075 4041 et
1129 3987 1185 4041 in
1217 3993 1426 4042 tantum
1483 3985 1887 4041 debacchantes
1924 3992 1984 4039 ut
2033 3984 2091 4039 in

474 4076 803 4133 Culmiciaco
859 4078 983 4133 vico
1029 4084 1138 4132 tam
1196 4077 1335 4131 infra
1382 4092 1546 4148 quam
1595 4077 1738 4131 circa
1801 4076 2089 4132 ecclesiam

475 4168 589 4223 fere
619 4168 1057 4243 quadringentos
1085 4168 1343 4224 homines
1369 4167 1764 4234 interfecerint,
1798 4168 2091 4240 ipsumque

474 4259 739 4327 templum
771 4256 939 4312 rebus
971 4258 1193 4328 penitus
1217 4256 1595 4328 exspoliarint.
1630 4256 1815 4311 Multis
1834 4273 1966 4331 ergo
1993 4258 2093 4312 ila-

474 4347 625 4421 gitiis
669 4354 801 4404 tunc
841 4348 1192 4420 perpetratis,
1221 4348 1376 4423 ilugo
1432 4349 1658 4404 tandem
1699 4364 1821 4404 cum
1843 4350 1959 4405 suis
2000 4365 2090 4405 re-

2759 3090 2967 3145 CAPUT
2992 3090 3237 3144 XXXVII.

2399 3165 2475 3218 De
2511 3165 3057 3219 excommunicatione
3094 3163 3346 3230 Hugonis
3364 3162 3584 3218 comitis.

2266 3251 2447 3309 Tertia
2476 3255 2699 3311 tandem
2729 3255 2839 3322 die,
2872 3254 3166 3310 insistente
3208 3253 3485 3325 praecipue
3529 3245 3761 3306 Luitdullo

2188 3353 2370 3425 legato
2398 3356 2454 3405 et
2475 3347 2761 3419 capellano
2790 3347 2940 3422 regis
2964 3345 3214 3414 Othonis,
3246 3345 3510 3418 quoniam
3540 3343 3668 3397 idem
3687 3355 3759 3393 rex

2188 3444 2243 3499 id
2272 3442 2500 3499 omnino
2530 3438 2650 3495 fieri
2690 3438 3068 3511 praecipiebat,
3117 3436 3614 3494 excommunicatur
3639 3431 3760 3503 [iugo

2186 3550 2393 3600 comes,
2431 3530 2690 3586 inimicus
2730 3529 2989 3586 Ludovici
3022 3529 3192 3602 regis,
3216 3544 3318 3601 pro
3351 3544 3515 3600 supra
3531 3537 3766 3581 memora-

2186 3627 2257 3681 tis
2295 3623 2458 3680 malis
2484 3622 2553 3678 ab
2581 3623 2701 3694 ipso
2729 3620 3079 3693 perpetratis,
3106 3636 3173 3676 eo
3214 3630 3400 3676 tamen
3434 3618 3591 3674 modo
3616 3615 3763 3670 donec

2188 3717 2495 3789 resipiscat,
2533 3714 2601 3770 ad
2641 3713 3071 3769 satisfactionem
3111 3727 3296 3768 coram
3329 3712 3535 3767 Marino
3576 3705 3764 3770 vicario,

2190 3806 2275 3863 vel
2301 3803 2596 3877 episcopis,
2623 3801 2828 3874 quibus
2853 3801 3110 3871 injuriam
3162 3800 3315 3869 fecit,
3339 3799 3611 3856 deveniat.
3641 3791 3764 3858 Quod

2190 3897 2236 3953 si
2267 3897 2447 3952 facere
2476 3893 2893 3965 contempserit,
2944 3893 3169 3948 Romam
3200 3908 3299 3964 pro
3334 3891 3421 3948 sui
3462 3885 3768 3946 absolutionc

2193 3991 2589 4064 proficiscatur.
2623 3986 3180 4043 Excommunicantur
3225 3994 3279 4042 et
3310 3987 3424 4042 duo
3472 3977 3763 4056 pseudoepi-

2193 4084 2344 4155 scopi
2379 4082 2447 4137 ab
2497 4081 2725 4156 Hugone
2756 4080 3013 4134 damnato
3039 4078 3300 4143 ordinati,
3333 4076 3624 4134 Tetbaldus
3653 4072 3768 4145 [γηεη

2191 4170 2558 4241 Theobaldus]
2593 4176 2647 4224 et
2679 4170 2814 4224 lvo:
2868 4166 3021 4240 prior
3051 4174 3175 4239 post
3221 4166 3598 4237 expulsionem
3626 4158 3770 4232 ipsius

2193 4261 2249 4315 in
2278 4258 2629 4314 Ambianensi
2662 4257 2839 4323 urbe;
2889 4256 3026 4312 alter
3051 4263 3174 4327 post
3201 4254 3609 4311 damnationem
3644 4247 3770 4317 ejus-

2193 4354 2319 4411 dem
2351 4353 2613 4428 Hugonis,
2674 4353 2730 4407 in
2781 4350 3179 4407 Silvaneetensi
3218 4351 3286 4405 ab
3348 4350 3473 4421 ipso
3503 4340 3769 4404 constituti.

476 4439 728 4517 greditur
769 4440 1192 4515 grassatoribus.
1239 4442 1426 4513 Itaque
1467 4439 1670 4496 milites
1698 4440 1792 4513 qui
1832 4428 2707 4505 hactenusDExcommunicatur
2733 4448 2896 4503 etiam
2946 4447 3170 4519 quidam
3202 4446 3439 4501 clericus
3477 4442 3775 4499 Laudunen-

476 4548 601 4589 cum
632 4532 862 4605 Hugone
908 4532 1125 4589 fuerant
1168 4533 1648 4600 excommunicati,
1699 4533 1766 4588 ad
1811 4533 2092 4589 Artoldum

477 4624 767 4699 praesulem
787 4634 1154 4683 revertuntur.
1176 4625 1277 4693 Qui
1315 4625 1611 4683 nonnullos
1630 4642 1843 4695 eorum,
1862 4626 2094 4683 redditis

474 4717 560 4773 eis
588 4715 755 4773 rebus
775 4733 913 4790 quas
937 4717 1268 4786 habuerant,
1302 4714 1520 4790 recipit,
1552 4719 1821 4791 quosdam
1848 4735 1976 4775 vero
2008 4735 2096 4774 re-

471 4807 612 4878 jicit.
674 4807 802 4865 Post
832 4809 951 4865 haec
988 4809 1240 4866 Treviros
1295 4808 1660 4881 proﬁciscitur
1704 4810 1772 4865 ad
1821 4810 2091 4882 synodum

478 4916 603 4957 cum
630 4901 911 4973 episcOpis
932 4901 1171 4958 Widone
1201 4902 1556 4968 Suessonico,
1592 4893 1827 4958 Rodu‘lt‘o
1879 4902 2096 4957 Laudu-

478 4993 659 5059 nensi,
709 4999 764 5049 et
799 4992 1121 5050 Winefredo
1172 4993 1489 5050 Morinensi.
1532 4994 1648 5060 Quo
1706 4993 2095 5065 pervenientes

472 5083 745 5141 Marinum
767 5098 889 5141 sese
916 5086 1323 5157 praestolantem
1352 5086 1633 5158 reperiunt
1668 5100 1793 5141 cum
1833 5084 2094 5142 Rotberto

476 5175 900 5249 archiepiscopo
933 5194 948 5244 ;
985 5183 1314 5233 caeterorum
1371 5191 1503 5233 vero
1543 5175 1978 5232 Lothariensium
2009 5176 2094 5232 vel

476 5267 872 5325 Germanorum
932 5269 1229 5341 pmsulum
1288 5267 1404 5325 illic
1458 5269 1722 5325 invenere
1790 5269 2090 5324 neminem.

479 5355 908 5414 Considentibus
949 5359 1117 5433 igitur
1154 5357 1283 5422 illis,
1325 5357 1580 5414 suscitari
1630 5355 1799 5428 coepit
1853 5356 2094 5412 Marinus

476 5448 717 5505 vicarius
766 5449 900 5521 quid
968 5451 1174 5525 egisset
1238 5456 1364 5523 post
1425 5449 1763 5522 praemissam
1823 5449 2091 5521 synodum

479 5539 635 5615 [Iugo
682 5540 941 5612 princeps
982 5555 1114 5615 erga
1160 5539 1313 5612 ipsos
1364 5539 1452 5595 vel
1499 5553 1685 5614 regem
1734 5538 2087 5595 Ludovicum.

478 5630 546 5691 At
566 5627 648 5691 illi
677 5628 923 5689 referunt
952 5645 1120 5707 supra
1147 5635 1446 5686 memorata
1477 5644 1599 5703 quae
1639 5628 1795 5701 ipsis,
1822 5635 1883 5685 et
1910 5630 2092 5687 eccle-

2194 4544 2291 4609 sis,
2316 4542 2543 4600 nomine
2562 4543 2861 4607 Adelonus,
2891 4559 3055 4614 quem
3084 4541 3366 4598 accusavit
3397 4537 3653 4596 Rodulfus
3675 4530 3775 4604 epi-

2194 4647 2399 4703 scopus
2436 4649 2592 4699 suus,
2619 4646 2686 4687 eo
2718 4632 2867 4704 quod
2905 4630 3229 4687 Telbaldum
3272 4627 3775 4685 excommunicatum

2195 4725 2250 4778 in
2276 4723 2563 4779 ecclesiam
2591 4722 2976 4779 introduxerit.
3001 4723 3235 4778 Vocatur
3255 4723 3603 4799 ilildegarius
3618 4714 3775 4799 Belva-

2193 4812 2375 4867 censis
2403 4812 2701 4884 episcopus
2748 4811 2946 4867 litteris
3006 4810 3219 4882 praefati
3256 4798 3478 4873 Marini.
3536 4813 3593 4864 ut
3625 4798 3780 4860 veniat

2195 4917 2378 4958 coram
2429 4902 2575 4974 ipso,
2627 4901 2715 4957 vel
2763 4910 2853 4956 eat
2882 4900 3109 4956 Romam
3162 4899 3437 4956 rationem
3495 4894 3777 4953 redditurus

2194 5007 2379 5049 coram
2412 4992 2615 5048 domno
2630 5008 2790 5064 papa,
2814 5007 2913 5062 pro
2940 4990 3129 5046 illicita
3151 4989 3505 5046 ordinatione
3523 4981 3781 5058 praedicto-

2196 5099 2315 5138 rum
2347 5083 2973 5154 pseudoepiscoporum,
2998 5080 3087 5137 cui
3117 5078 3465 5136 interfuerat.
3498 5076 3716 5131 Vocatur
3737 5075 3782 5123 et

2195 5174 2517 5232 Heribertus
2547 5174 2819 5231 Heriberti
2844 5173 3063 5230 comitis
3088 5172 3256 5240 filius,
3284 5171 3351 5228 ad
3376 5165 3781 5226 satisfactionem

2192 5268 2383 5323 venire
2414 5283 2514 5339 pro
2539 5267 2717 5332 malis,
2765 5283 2887 5339 qua:
2917 5274 3109 5323 contra
3139 5266 3433 5338 episcopos
3463 5260 3677 5337 agebat.
3706 5253 3781 5308 llis

2194 5360 2270 5414 ita
2322 5360 2510 5435 gestis,
2545 5360 2792 5433 episcopi
2845 5367 3196 5416 revertuntur
3251 5359 3306 5414 in
3342 5372 3462 5411 sua.
3504 5346 3785 5410 Luitdulfus

2194 5454 2375 5503 autem
2409 5450 2728 5521 capellanus
2749 5447 2977 5504 Othonis
3006 5449 3273 5504 Marinum
3298 5445 3562 5503 vicarium
3590 5435 3786 5496 deducit

2192 5540 2260 5595 ad
2292 5556 2479 5615 regem
2501 5556 2661 5595 suum
2695 5541 2750 5596 in
2779 5541 3093 5609 Saxoniam,
3127 5540 3221 5596 ubi
3243 5543 3660 5596 consecraturus
3687 5534 3785 5585 erat

2191 5631 2483 5688 ecclesiam
2513 5631 2806 5688 Vuldensis
2854 5633 3201 5690 monasterii.
3243 5632 3367 5688 Post
3425 5627 3586 5697 cujus
3612 5634 3783 5679 conse-
