4010 6162
236 304 322 361 313
827 267 1152 355 HlSTORlIE
1192 300 1525 355 ECCLESIIE
1564 299 1892 355 REMENSIS
1932 299 2108 354 LIBRI
2148 299 2477 364 QUATUOR.
2508 330 2578 339 —
2609 299 2734 354 LIB.
2778 300 2865 354 IV.

3301 324 3313 333 ι
3403 302 3509 356 3M

231 439 642 501 crationemidem
674 438 933 504 Marinus,
989 446 1177 495 exacta
1214 441 1399 495 hieme
1430 440 1656 496 Romam
1688 456 1781 494 re-
1810 444 1860 512 Α
1891 437 2361 505 Remis,ultimum
2402 438 2485 491 sui
2526 452 2717 493 cursus
2736 438 2943 493 ibidem
2975 439 3169 493 clausit
3204 438 3373 504 diem,
3406 438 3505 494 ubi

230 540 435 596 vertitur.
491 535 741 591 Nascitur
789 537 904 609 regi
949 536 1223 592 Ludovico
1255 535 1422 600 ﬁlius,
1456 553 1618 608 quem
1649 553 1793 607 prae-

228 633 295 688 sul
310 629 535 686 Artoldus
561 627 632 683 de
661 643 814 684 sacro
837 627 990 684 fonte
1010 629 1276 701 suscepit,
1318 629 1490 700 patris
1514 629 1566 684 ei
1592 644 1794 684 nomen

227 724 496 792 imponens.
574 774 579 777 ,

715 788 925 844 CAPUT
989 789 1260 844 XXXVIII.

225 876 596 950 Deqm'busdam
623 879 856 933 ecclesiis
867 878 1466 934 uelmonastm’isurbis
1494 881 1789 938 Remensis.

279 989 447 1044 Plures
502 986 746 1058 denique
805 987 952 1058 apud
1001 1002 1103 1042 nos
1153 986 1432 1059 quondam
1481 995 1797 1044 sanctorum

224 1081 349 1136 here
381 1079 638 1148 basilicae,
667 1080 768 1135 sed
793 1086 849 1136 et
873 1079 1213 1135 monasteria
1240 1078 1381 1135 infra
1406 1080 1492 1135 vel
1516 1080 1660 1137 circa
1686 1080 1794 1135 Re-

222 1182 433 1223 mensem
453 1167 594 1222 hanc
622 1167 839 1235 urbem,
880 1183 1003 1240 quae
1023 1168 1191 1223 modo
1222 1182 1333 1223 non
1364 1166 1558 1223 haberi
1584 1168 1790 1239 proba-

222 1268 307 1314 tur.
326 1258 427 1312 Duo
447 1265 634 1312 tamen
666 1257 848 1311 adhuc
893 1263 1195 1328 supersunt
1223 1256 1365 1312 infra
1394 1258 1592 1313 urbem
1623 1258 1787 1329 puel-

220 1351 364 1405 larum
389 1348 717 1404 monasteria
748 1365 763 1403 :
792 1363 1027 1420 quorum
1082 1364 1252 1403 unum
1275 1348 1445 1420 (quod
1476 1349 1733 1420 superius
1760 1366 1791 1404 a

219 1442 306 1495 situ
322 1438 518 1495 scilicet
544 1438 652 1494 loci
674 1438 1048 1509 nuncupatur)
1078 1437 1132 1492 S.
1165 1438 1481 1494 Baldericus
1508 1438 1797 1510 presbyter

217 1552 319 1590 cum
341 1549 519 1590 sorore
542 1550 642 1590 sua
689 1534 853 1601 Bova,
893 1533 1141 1601 ejusdem
1170 1533 1408 1589 ccenohii
1442 1535 1792 1604 postmodum

218 1628 517 1697 abbbatissa,
550 1630 607 1684 in
639 1629 849 1685 honore
876 1638 1082 1684 sanctae
1112 1629 1313 1695 Mariae,
1346 1629 1432 1684 vel
1454 1630 1626 1685 sancti
1646 1630 1791 1685 Petri

220 1725 563 1780 construxisse
594 1725 844 1780 traditur.
889 1724 989 1790 Qui
1018 1724 1187 1800 regali
1215 1740 1419 1800 genere
1437 1724 1790 1781 evortifuisse

218 1812 516 1882 referuntur,
570 1824 724 1885 patre
757 1814 969 1870 scilicet
1005 1815 1290 1889 Sigeberto
1323 1831 1472 1889 rege,
1521 1817 1791 1872 habentes

1896 538 1951 586 et
1980 530 2230 602 sepultus
2256 538 2505 600 tempore
2528 545 2639 585 non
2680 532 2896 586 modico
2927 531 3217 603 requievit.

2526 643 2743 699 CAPUT
2774 644 2877 698 XL.

2075 742 2148 793 De
2170 738 2450 793 miraculis
2475 741 2599 807 post
2633 739 2833 792 obitum
2858 741 3034 807 ipsius
3077 742 3325 795 ostensis.

1969 851 2232 906 Processu
2277 850 2521 922 denique
2576 849 2841 920 temporis
2861 850 3147 924 diligentia
3176 851 3501 909 clericorum

1898 946 2261 1009 praenotatum
2314 940 2488 1010 ipsius
2522 939 2667 994 beati
2698 938 2799 994 viri
2832 940 3226 994 monasterium
3255 940 3505 997 incolen-

1898 1027 2054 1092 tium,
2079 1027 2197 1096 ejus
2216 1034 2299 1082 est
2330 1028 2459 1082 illuc
2514 1026 2703 1082 furtim
2760 1043 2962 1098 corpus
2992 1028 3258 1095 delatum,
3296 1029 3508 1085 delusis

1895 1115 2083 1171 fraude
2105 1116 2447 1183 custodibus,
2489 1117 2673 1171 Remis
2722 1116 2991 1178 ablatum,
3018 1117 3166 1190 Quos
3195 1117 3325 1172 dum
3349 1118 3507 1173 inse-

1892 1214 2193 1280 querentur
2231 1208 2452 1280 quidam
2496 1209 2646 1264 cives
2696 1208 2998 1263 Remenses
3051 1223 3117 1263 eo
3142 1224 3321 1279 usque
3383 1216 3512 1263 sunt

1891 1297 2166 1368 persecuti
2196 1297 2374 1352 donec
2402 1312 2499 1352 eos
2540 1297 2660 1351 visu
2718 1296 2942 1369 quidam
2993 1296 3509 1368 deprehenderent.

1896 1392 2142 1464 Dumque
2168 1392 2525 1447 turbarentur
2572 1393 2766 1447 horum
2824 1393 3064 1447 adventu
3123 1392 3266 1446 sacri
3314 1392 3516 1447 latores

1894 1487 2162 1561 pignoris,
2197 1487 2343 1541 inter
2358 1495 2619 1559 utrosque
2641 1487 2813 1542 densa
2840 1487 3110 1543 dirimens
3142 1487 3350 1542 nebula
3377 1487 3515 1541 divi-

1896 1579 2043 1633 nitus
2073 1579 2316 1634 creditur
2342 1577 2511 1644 illata,
2574 1594 2681 1650 qua
2734 1584 3035 1649 sequentes
3057 1577 3429 1642 obtenebrati,
3462 1582 3513 1629 et

1893 1686 2082 1726 errore
2112 1670 2167 1723 in
2198 1669 2356 1724 devia
2387 1668 2549 1740 rapti,
2572 1669 2803 1743 vestigia
2821 1668 3256 1739 praecedentium
3290 1684 3508 1723 servare

1818 1764 1864 1831 Β
1890 1763 2277 1833 nequiverunt.
2303 1761 2593 1816 Evectores
2621 1761 2957 1815 autemsacri
2989 1759 3236 1829 corporis
3268 1760 3321 1813 in
3340 1766 3511 1815 nocte

1890 1849 2155 1919 splendor
2178 1864 2418 1918 superne
2442 1849 2645 1904 missus
2674 1848 2976 1915 irradiavit,
3009 1848 3189 1903 donec
3217 1848 3284 1902 ad
3316 1848 3498 1918 proxi-

216 1918 424 1983 neptem,
456 1911 683 1966 nomine
714 1911 943 1977 Dodam,
973 1910 1339 1966 castissimam
1379 1913 1639 1983 puellam,
1671 1930 1793 1985 quae

1898 1950 2035 1988 mam
2062 1936 2312 1990 caenobio
2342 1937 2775 2007 possessionem,
2826 1953 2947 2008 quae
2980 1936 3181 1990 dicitur
3211 1935 3340 1993 villa
3370 1936 3510 2006 Spa-

215 2007 512 2076 desponsata
553 2004 720 2061 fuisse
748 2005 919 2061 fertur
934 2007 1152 2062 cuidam
1178 2010 1421 2084 magnati
1449 2010 1697 2077 ejusdem
1713 2026 1794 2064 re-

210 2097 278 2167 gis
301 2095 562 2172 Sigeberti
587 2115 603 2163 ;
626 2113 902 2169 quamque
924 2098 1149 2169 praefata
1179 2099 1352 2170 ipsius
1367 2101 1535 2155 amita
1556 2101 1698 2155 Bova
1714 2100 1794 2155 in-

211 2187 411 2242 stituens
434 2188 501 2241 ad
531 2188 881 2243 serviendum
906 2190 1038 2253 Deo,
1065 2190 1505 2262 servandamque
1525 2198 1793 2262 perpetuo

208 2275 567 2350 virginitatem,
599 2274 668 2329 ab
699 2291 885 2331 amore
938 2276 1142 2332 terreni
1198 2277 1394 2332 avertit
1446 2277 1657 2348 sponsi.
1692 2277 1791 2342 Qui

207 2380 307 2419 cum
333 2364 430 2419 sibi
478 2365 896 2433 adversaretur,
957 2383 1219 2437 sponsam
1264 2368 1510 2423 innitens
1539 2368 1793 2422 eamdem

206 2456 467 2528 corripere,
535 2472 767 2513 ascenso
826 2473 991 2530 equo,
1029 2459 1157 2512 dum
1210 2458 1262 2513 id
1305 2465 1539 2515 conatur
1568 2474 1793 2532 quoquo

208 2551 344 2606 modo
393 2539 722 2623 adimplere,
776 2552 994 2608 furente
1035 2553 1223 2624 lapsus
1279 2554 1349 2607 ab
1402 2569 1568 2625 equo,
1608 2552 1795 2608 fractis

207 2638 503 2708 cervicibus,
541 2641 777 2695 traditur
814 2641 1116 2697 interiisse.
1172 2642 1337 2696 Beata
1376 2641 1618 2713 denique
1646 2641 1796 2696 Doda

210 2727 253 2780 in
296 2729 547 2784 castitatis
607 2730 893 2801 pr0posito
938 2747 1297 2802 permanens,
1344 2730 1525 2785 amita:
1577 2746 1691 2785 suae
1739 2730 1795 2784 in

208 2815 423 2884 ejusdem
454 2819 779 2873 monasterii
810 2819 1077 2874 successit
1099 2819 1389 2894 regimine.
1424 2821 1554 2886 Quae
1587 2834 1795 2891 praece-

208 2915 336 2975 ptum
366 2922 586 2980 quoque
644 2908 1026 2975 immunitatis,
1078 2908 1230 2980 quod
1282 2908 1463 2964 adhuc
1517 2911 1664 2981 apud
1696 2925 1797 2967 nos

206 2995 433 3062 habetur,
456 3013 487 3051 a
527 2997 787 3069 principe
815 2997 1051 3069 Pippino
1082 2997 1264 3052 eidem
1324 2999 1675 3069 postmodum
1698 2998 1800 3054 ob-

209 3088 346 3144 tinuit
397 3088 513 3146 fieri
546 3091 831 3147 coenobio.
874 3092 1109 3157 Quarum
1162 3108 1396 3164 corpora
1451 3093 1506 3146 in
1561 3093 1798 3148 ecclesia

203 3191 333 3237 extra
374 3199 562 3240 muros
618 3184 791 3249 urbis,
839 3185 941 3239 ubi
973 3186 1210 3256 primum
1265 3185 1571 3257 puellarum
1624 3184 1800 3240 fuerat

206 3272 885 3340 monasterium,tumulata
920 3274 1015 3328 diu
1049 3275 1401 3346 quieverunt,
1435 3274 1614 3330 donec
1644 3281 1799 3346 post-

206 3363 423 3431 modum,
479 3365 919 3421 revelationibus
963 3366 1294 3439 quibusdam
1347 3367 1582 3435 elevata,
1630 3374 1686 3422 et
1728 3366 1798 3422 ad

206 3459 327 3514 hanc
344 3475 535 3517 novam
572 3471 704 3517 sunt
752 3462 1041 3518 ecclesiam
1090 3463 1318 3534 perlata,
1351 3464 1670 3536 ibidemque
1701 3481 1796 3520 ve-

206 3542 503 3608 nerabiliter
531 3554 822 3622 collocata,
869 3556 1133 3610 continua
1189 3554 1626 3613 honoriﬁcantur
1656 3557 1793 3613 inibi

201 3639 297 3697 Deo
321 3642 705 3702 famulantium
722 3647 1035 3704 reverentia
1056 3647 1388 3719 puellarum.

750 3760 967 3817 CAPUT
998 3762 1221 3817 XXXIX.
1439 3807 1447 3815 .

564 3832 642 3885 De
666 3837 852 3887 sancto
881 3834 1164 3889 Balderico
1193 3836 1402 3890 abbate.

254 3918 475 3979 Sanctus
492 3933 686 3979 autem
718 3925 1039 3982 Baldericus
1078 3926 1152 3999 (S.
1192 3928 1458 3998 Bauldry)
1478 3936 1602 3999 post
1634 3929 1798 3998 hujus

199 4015 487 4069 monasterii
560 4016 1054 4083 constructionem,
1135 4017 1317 4073 locum
1394 4034 1650 4091 quaerens
1700 4017 1797 4072 ubi

197 4115 334 4158 31mm
361 4121 588 4177 quoque
611 4107 973 4163 constitueret
1016 4107 1435 4177 habitationem,
1467 4110 1522 4164 in
1553 4126 1662 4181 qua
1681 4110 1799 4165 col-

198 4188 332 4247 lectis
356 4210 544 4249 secum
587 4194 718 4249 viris
767 4195 1027 4272 religiose
1075 4198 1410 4261 conversari,
1441 4199 1663 4271 Dcoque
1698 4200 1799 4254 de-

198 4289 303 4337 vote
327 4300 388 4341 ac
415 4286 611 4358 quiete
668 4287 878 4342 servire
922 4287 1150 4354 valeret,
1211 4289 1433 4344 tandem
1466 4290 1797 4361 reperitsibi

200 4372 440 4442 placitum
498 4394 670 4450 quem
728 4377 921 4434 dicunt
992 4378 1231 4435 Montem
1294 4380 1546 4436 Falconis
1615 4382 1796 4438 locum

196 4465 591 4543 (Haut/auom).
643 4471 745 4538 Qui
794 4473 950 4528 locus
997 4479 1130 4529 tunc
1151 4475 1418 4547 temporis
1448 4475 1794 4532 inhabitabi-

1893 2020 2025 2075 nulfi
2052 2022 2169 2092 [ul.,
2199 2022 2505 2094 Spamulti],
2554 2024 2930 2099 infatigabiles
2991 2030 3378 2094 pervenerunt.
3415 2022 3514 2076 Ubi

1895 2110 2025 2182 quia
2054 2117 2244 2165 sancta
2271 2111 2583 2182 deposuere
2640 2112 2909 2178 membra,
2969 2111 3025 2165 in
3088 2113 3297 2166 honore
3339 2111 3517 2181 ipsius

1895 2208 2087 2272 postea
2115 2208 2424 2257 constructa
2477 2209 2562 2257 est
2617 2204 2872 2258 ecclesia.
2929 2203 3136 2267 Quibus
3164 2202 3370 2257 abinde
3392 2218 3515 2256 cum

1893 2309 2049 2349 sacro
2078 2296 2531 2364 promoventibus
2586 2296 2842 2370 pignore,
2882 2296 2975 2351 ubi
3009 2295 3347 2351 monasterio
3382 2311 3515 2365 pro-

1894 2388 2162 2459 pinquare
2193 2398 2484 2460 coeperunt
2538 2390 2789 2445 ecclesiae
2818 2390 2977 2463 signa
3015 2389 3255 2445 cmnobii
3285 2397 3510 2460 sponte,

1894 2480 2102 2551 absque
2129 2481 2372 2535 humano
2404 2482 2613 2536 scilicet
2652 2481 2917 2552 impulsu,
2948 2482 3207 2536 sonuisse
3239 2480 3510 2536 feruntur.

1896 2571 2048 2635 Quod
2082 2571 2373 2627 audientes
2403 2573 2597 2628 fratres
2625 2572 2841 2628 obviam
2859 2578 2986 2627 sunt
3018 2573 3228 2646 egressi
3265 2591 3277 2626 :
3313 2572 3515 2645 sicque

1899 2665 1994 2719 diu
2025 2666 2337 2721 desiderata
2354 2667 2721 2736 suscipientes
2743 2666 3131 2732 munera,dum
3153 2666 3206 2720 in
3229 2667 3516 2722 ecclesiam

1896 2755 2067 2810 sancti
2101 2755 2355 2810 Germani
2381 2773 2445 2811 ea
2467 2765 2740 2812 conantur
2766 2756 3148 2823 inferre,tanto
3169 2758 3517 2827 persentiunt

1896 2851 2025 2899 ante
2053 2845 2226 2915 ipsius
2256 2845 2538 2899 introitum
2567 2845 2807 2900 basilicae
2837 2844 3017 2901 deﬁxa
3040 2847 3375 2916 pondere,ut
3398 2847 3516 2901 haec

1898 2955 2247 3011 nequaquam
2280 2940 2562 3011 potuerint
2609 2941 2838 2995 ulterius
2894 2956 3150 2995 emovere
3190 2956 3360 3007 ;cum
3408 2957 3508 3012 per

1901 3030 2143 3085 triduum
2177 3031 2232 3085 id
2263 3031 2539 3085 enitentes
2569 3032 2719 3086 omni
2752 3032 3041 3106 gestierint
3071 3032 3360 3087 conamine
3390 3048 3517 3102 per-

1902 3131 2140 3193 petrare.
2174 3122 2264 3177 Sic
2290 3123 2512 3177 demum
2549 3128 2691 3177 tecto
2717 3138 2884 3193 super
2904 3122 3083 3178 defixa
3098 3124 3322 3178 condito
3344 3138 3520 3177 mem-

1821 3229 1870 3296 ρ
1902 3214 2001 3267 bra
2030 3213 2384 3279 confessoris,
2421 3230 2520 3284 per
2550 3214 2846 3269 triennium
2880 3215 2991 3269 illic
3017 3215 3089 3269 ita
3110 3216 3380 3270 mansisse
3414 3223 3521 3270 tra-

1902 3305 2126 3359 duntur.
2151 3305 2266 3369 Quo
2314 3305 2584 3375 temporis
2616 3312 2835 3375 peracto
2882 3306 3083 3376 spatio,
3127 3306 3197 3360 ad
3224 3306 3517 3361 ecclesiam

1898 3396 2072 3451 sancti
2107 3396 2410 3463 Laurentii,
2442 3394 2539 3450 ubi
2568 3397 2763 3452 vivens
2792 3397 2912 3467 ipse
2940 3396 3048 3452 sibi
3071 3398 3385 3468 sepulcrum
3420 3415 3523 3469 pa-

1900 3498 2131 3558 raverat,
2164 3491 2446 3547 celebrato
2493 3507 2595 3562 per
2650 3491 2892 3547 triduum
2926 3492 3163 3561 jejunio,
3195 3493 3513 3548 venerabile

1898 3596 2101 3651 corpus
2128 3581 2249 3651 ejus
2278 3582 2570 3653 perlatum,
2599 3591 2653 3639 et
2679 3583 2736 3637 in
2758 3598 2857 3637 suo
2898 3590 3215 3638 reverenter
3241 3590 3324 3638 est
3350 3584 3521 3655 depo-

1898 3676 2062 3730 situm
2117 3678 2480 3751 sarcOphago.
2536 3676 2729 3748 Ibique
2780 3683 2995 3732 constat
3041 3678 3345 3733 venerabili
3375 3678 3522 3733 cultu

1898 3773 2200 3834 servatum,
2220 3784 2399 3839 usque
2430 3768 2499 3822 ad
2542 3774 2791 3838 tempora
2837 3767 3016 3823 Karoli
3069 3766 3237 3838 regis,
3268 3774 3325 3822 et
3357 3767 3522 3822 Hinc-

1898 3855 2035 3909 mari
2063 3854 2488 3925 archiepiscopi,
2503 3855 2724 3926 quando
2738 3853 3076 3909 Nordmanni
3103 3854 3206 3907 hoc
3228 3860 3519 3923 cmperunt

1899 3962 2131 4017 regnum
2163 3946 2511 4016 depopulari.
2546 3947 2786 4011 Quorum
2818 3952 3028 4000 terrore
3055 3944 3325 4014 compulsi
3355 3960 3523 3999 cano-

1902 4038 2011 4093 nici
2044 4037 2293 4106 ejusdem
2324 4036 2452 4101 loci,
2501 4052 2705 4107 corpus
2752 4036 2919 4105 hujus
2967 4035 3184 4107 patroni
3222 4035 3306 4089 sui
3332 4035 3402 4088 de
3432 4051 3521 4089 se-

1898 4126 2090 4197 pulcro
2123 4126 2361 4181 levatum
2385 4142 2555 4197 super
2583 4124 2755 4180 altare
2793 4125 2967 4180 sancti
3003 4123 3278 4179 Laurentii
3313 4139 3521 4194 posue-

1898 4227 2044 4274 runt.
2080 4218 2236 4283 Quod
2264 4218 2393 4272 dum
2428 4216 2606 4284 ﬁeret,
2625 4225 2733 4272 tres
2747 4223 2917 4292 guttae
2946 4216 3235 4289 sanguinis
3255 4217 3325 4271 de
3342 4216 3523 4286 capite

1898 4310 2074 4381 ipsius
2096 4309 2473 4376 deﬂuxerunt,
2516 4309 2592 4364 ita
2648 4316 2900 4365 recentes
2948 4315 3003 4363 et
3043 4308 3257 4375 calidae,
3290 4324 3354 4364 ac
3373 4308 3418 4362 si
3449 4309 3519 4363 de

1896 4402 2118 4457 vivente
2151 4401 2495 4473 proﬂuerent
2522 4416 2777 4471 corpore.
2810 4400 3012 4471 Sicque
3027 4399 3270 4454 delatum
3294 4406 3377 4454 est
3397 4400 3519 4453 Vir-

1898 4494 2130 4548 dunum.
2166 4493 2316 4548 Unde
2371 4492 2603 4547 relatum
2628 4492 2684 4547 in
2702 4492 3037 4548 ecclesiaest
3060 4494 3235 4549 sancti
3261 4492 3517 4549 Germani

196 4553 273 4623 Iis,
291 4558 475 4616 densis
518 4561 882 4633 operiebatur
904 4561 1077 4629 silvis,
1124 4578 1262 4634 quas
1315 4566 1439 4635 ipse
1476 4565 1789 4631 succidens,
1812 4554 1870 4623 D
1903 4588 2170 4643 locatum,

195 4650 392 4719 proprio
416 4652 531 4707 sibi
578 4651 773 4708 labore
829 4653 1084 4709 condidit
1148 4654 1545 4711 habitaculum.
1598 4657 1791 4712 Fertur

194 4750 351 4799 autem
382 4762 566 4815 avem,
588 4763 753 4818 quam
791 4764 1179 4820 nuncupamus
1208 4748 1500 4819 falconem,
1529 4752 1789 4822 praeviam

193 4840 393 4908 etquasi
425 4841 745 4912 praeducem
804 4842 1038 4911 itineris,
1069 4844 1201 4898 dum
1228 4846 1408 4901 locum
1437 4845 1590 4900 illum
1619 4861 1790 4917 expe-

194 4933 335 4996 teret,
363 4932 654 4998 habuisse,
699 4950 823 5006 quae
866 4935 988 4991 loco
1034 4936 1215 4991 eidem
1261 4936 1549 5003 insederit,
1577 4954 1643 4993 ac
1694 4954 1793 5008 per

195 5020 417 5079 triduum
449 5026 548 5083 illo
567 5027 791 5084 rediens
816 5028 1038 5096 inloco,
1064 5031 1157 5085 ubi
1181 5048 1331 5088 nunc
1363 5032 1596 5087 habetur
1620 5033 1793 5087 altare

194 5107 243 5163 in
269 5112 473 5171 honore
501 5118 680 5174 sancti
737 5119 883 5174 Petri
931 5120 1185 5191 apostoli,
1217 5121 1339 5176 sine
1386 5121 1792 5192 permutatione

193 5202 461 5260 resederit.
494 5204 654 5261 Unde
675 5214 731 5262 et
758 5207 1077 5264 coenobium
1126 5208 1195 5263 ab
1231 5208 1338 5264 hoc
1358 5217 1561 5265 eventu
1589 5209 1669 5265 sic
1699 5225 1793 5265 vo-

191 5290 396 5350 citatum
449 5296 679 5368 plurimi
736 5307 1010 5356 asserunt.
1063 5301 1166 5356 Ubi
1212 5317 1336 5357 cum
1390 5301 1501 5358 Deo
1540 5302 1794 5359 devotius

191 5387 379 5443 servire
395 5389 683 5461 cmpisset,
742 5393 999 5449 nonnulli
1031 5394 1205 5450 Deum
1236 5394 1498 5451 timentes
1551 5411 1640 5452 res
1667 5411 1797 5451 suas

191 5472 353 5530 eidem
378 5480 671 5536 contulere
694 5499 709 5547 ;
732 5482 927 5556 sicque
957 5484 1203 5539 collectis
1242 5501 1431 5540 secum
1484 5485 1794 5552 monachis,

189 5568 485 5626 coenobium
512 5571 620 5626 sub
642 5574 880 5648 regulari
912 5576 1200 5632 constituit
1229 5575 1604 5646 institutione,
1626 5586 1791 5651 atque

190 5651 318 5710 idem
347 5659 451 5713 sub
483 5661 698 5717 honore
724 5662 873 5719 beati
918 5664 1173 5720 Germani
1203 5664 1792 5724 mditicavitmonaste-

194 5748 339 5809 rium.
371 5755 587 5821 Quibus
636 5759 881 5831 patratis,
941 5762 1009 5816 ad
1061 5777 1307 5818 sororem
1335 5778 1489 5818 suam
1535 5777 1788 5818 reversus

1962 4675 2189 4731 Interim
2220 4676 2349 4730 dum
2380 4690 2481 4731 suo
2511 4675 2731 4730 abesset
2784 4676 3144 4740 monasterio,
3178 4676 3517 4732 Nordmanni

1890 4765 1957 4819 ad
1990 4764 2044 4817 id
2075 4771 2447 4833 pervenerunt
2490 4781 2503 4817 :
2552 4764 2652 4818 sed
2712 4764 2947 4820 Domino
3001 4764 3133 4819 illud
3169 4772 3518 4839 protegente,

1892 4870 1997 4912 nec
2024 4855 2287 4911 ecclesias
2341 4855 2728 4921 incenderunt,
2758 4872 2863 4911 nec
2901 4857 3179 4924 homines,
3214 4857 3324 4912 nisi
3351 4875 3521 4913 unam

1892 4947 2157 5003 duntaxat
2184 4948 2495 5015 mulierem,
2549 4948 2891 5003 occiderunt.
2950 4948 3015 5003 Ut
3054 4954 3236 5003 autem
3272 4964 3521 5003 recesse-

1893 5045 2040 5105 runt,
2068 5038 2260 5094 altaria
2289 5040 2613 5094 muneribus
2669 5040 2785 5095 suis
2837 5040 3116 5095 cumulata
3160 5040 3524 5094 dimiserunt.

1894 5134 2073 5190 Altera
2108 5134 2228 5191 vice
2264 5133 2397 5189 dum
2434 5134 2769 5190 Nordmanni
2802 5135 2871 5189 ad
2899 5136 3156 5190 eumdem
3179 5134 3360 5190 locum
3393 5150 3524 5190 rur-

1893 5244 1989 5284 sus
2008 5228 2361 5295 accederent,
2395 5228 2619 5300 quidam
2665 5228 2967 5284 canonicus
3012 5229 3139 5293 loci,
3166 5228 3391 5283 nomine
3424 5229 3521 5284 0t-

1895 5316 2105 5384 tradus,
2135 5333 2337 5389 corpus
2354 5318 2528 5373 sancti
2579 5317 2884 5389 accipiens,
2917 5316 3146 5388 reliquis
3178 5316 3308 5393 fuga
3339 5317 3518 5388 dilap-

1896 5407 1996 5473 sis,
2029 5407 2149 5478 ipse
2179 5423 2305 5463 cum
2336 5422 2492 5462 sacro
2514 5423 2746 5478 corpore
2779 5409 2835 5462 in
2865 5408 3159 5480 quamdam
3191 5407 3522 5464 conscendit

1897 5497 2170 5552 arborem.
2201 5495 2374 5562 Quem
2398 5496 2634 5552 insecuti
2663 5497 2884 5571 pagani,
2917 5508 3095 5567 usque
3120 5494 3377 5566 adipsd’m
3396 5510 3520 5564 per-

1890 5592 2163 5642 venerunt
2200 5586 2453 5641 arborem
2495 5594 2550 5640 et
2579 5586 3198 5656 respicientessursum,
3233 5584 3512 5639 neminem

1892 5684 2192 5748 potuerunt
2221 5679 2470 5733 eamdem
2489 5677 2880 5735 conscendisse
2903 5675 3342 5747 deprehendere.
3367 5673 3513 5728 Idem

1890 5779 2018 5820 vero
2040 5763 2209 5820 frater
2240 5782 2339 5836 per
2364 5781 2557 5821 novem
2592 5766 2711 5820 dies
2742 5764 2880 5819 inibi
2897 5761 3514 5836 permanens,nihilcp.te
