4010 6162
514 262 622 322 315

1636 261 1999 317 FLODOARDI
2042 259 2343 316 CANONICI
2384 259 2714 315 REMENSIS
3345 266 3356 284 ‘
3672 266 3756 323 316

510 393 709 460 victus,
750 401 946 464 praeter
974 409 1135 447 unam
1166 393 1512 449 solummodo
1561 408 1785 448 sumens
1833 394 2111 468 glandem,
2143 402 2182 463 Α
2209 394 2498 448 sanitatem
2531 390 2945 463 integerrimam
2979 388 3225 460 recipere
3277 389 3485 456 meruit,
3510 399 3559 446 et
3592 394 3659 448 sic
3680 412 3760 466 pe-

510 500 692 555 neque
716 483 939 551 famem,
965 501 1142 557 neque
1165 485 1309 539 sitim
1342 502 1534 555 passus
1558 484 1726 540 fuisse
1754 493 2106 540 memoratur.

510 580 820 649 Iterumque
844 586 975 633 tunc
1004 579 1161 635 locus
1204 581 1347 634 idem
1380 580 1588 635 meritis
1608 581 1770 649 hujus
1793 581 1939 637 beati
1956 580 2054 635 viri
2080 597 2110 634 a

507 673 747 727 eredibus
778 680 832 727 et
862 674 1118 730 incendio
1138 690 1475 749 paganorum
1499 677 1762 731 liberatus
1786 687 1887 732 est.
1919 677 2111 731 Postea

508 764 756 836 contigit,
791 771 850 819 ut
879 765 1101 836 quidam
1133 766 1441 836 przedones,
1476 768 1639 840 regite
1670 767 2113 836 majestatisinfi-

508 854 685 916 deles,
708 855 777 908 ad
807 856 1060 910 eumdem
1120 857 1444 912 devenirent
1498 859 1697 922 locum,
1732 867 1785 913 et
1815 875 1924 913 non
1958 860 2113 913 inve—

506 945 724 1001 nientes
766 948 841 1002 ibi
891 964 1113 1003 manum
1169 956 1568 1024 repugnantem
1622 950 1749 1018 sibi,
1805 951 2110 1006 desolatam

509 1040 741 1101 praedari
774 1042 1023 1115 aggressi
1045 1048 1169 1096 sunt
1198 1043 1395 1097 locum.
1432 1043 1583 1107 Quod
1597 1043 1726 1096 dum
1760 1055 2108 1118 peragerent,

507 1132 667 1206 signa
698 1135 945 1189 ecclesiis
973 1135 1145 1191 sancti
1201 1136 1496 1201 Laurentii,
1568 1137 1790 1192 nemine
1835 1140 2105 1208 pulsante,

508 1239 707 1279 sonare
745 1237 1053 1298 coeperunt,
1086 1235 1140 1283 et
1169 1228 1280 1284 duo
1319 1229 1464 1283 cerei
1495 1245 1693 1301 supero
1719 1240 1847 1286 sunt
1878 1232 2003 1307 igne
2029 1232 2114 1286 di-

509 1321 714 1377 vinitus
741 1327 977 1381 accensi.
1028 1326 1397 1382 Praedonibus
1437 1343 1566 1381 vero
1605 1328 1802 1383 timore
1850 1329 2114 1398 perculsis

510 1420 565 1467 et
593 1414 1027 1487 aufugientibus,
1077 1435 1222 1473 unus
1265 1436 1459 1474 eorum
1514 1419 1801 1491 prolapsus
1844 1421 1912 1475 ad
1939 1422 2111 1492 ipsam

509 1508 826 1561 monasterii
854 1517 1064 1579 portam
1119 1513 1345 1578 corruit,
1406 1519 1625 1584 tamque
1656 1514 1774 1584 ipso
1831 1531 1993 1585 quam
2019 1531 2113 1568 su—

508 1600 681 1671 perbo
712 1604 831 1672 ejus
868 1621 1011 1678 equo
1070 1608 1227 1662 ruina
1290 1610 1547 1678 contrito,
1585 1617 1733 1665 utres
1787 1627 2030 1682 quoque,
2060 1611 2115 1665 in

508 1696 710 1767 quibus
743 1699 927 1754 vinum
961 1702 1244 1758 deferebat
1266 1704 1526 1771 ablatum,
1560 1706 1793 1776 disrupti
1827 1716 1972 1760 sunt.
2000 1705 2117 1760 Ca3-

509 1792 611 1849 teri
641 1793 744 1848 hoc
791 1797 1063 1865 videntes,
1112 1800 1273 1854 donis
1322 1802 1616 1856 ecclesiam
1657 1812 2106 1871 muneraverunt,

509 1893 656 1942 metu
666 1905 773 1959 que
802 1888 982 1946 affecti
1014 1900 1379 1948 recesserunt.
1628 1890 1639 1909 '

1117 2005 1326 2060 CAPUT
1379 2007 1509 2060 XLI.

1034 2078 1110 2131 De
1141 2079 1276 2131 villa
1318 2080 1593 2134 Wasltcia.

585 2168 1103 2237 Hujusvenerabilis
1151 2170 1255 2225 loci
1314 2172 1567 2227 canonici
1625 2172 1783 2229 famis
1839 2176 2116 2247 quondam

512 2261 840 2317 necessitate
870 2264 1162 2334 compulsi,
1219 2267 1454 2337 sumptis
1498 2283 1528 2321 a
1556 2283 1788 2338 corpore
1816 2270 2117 2323 venerandi

509 2353 725 2424 patroni
745 2354 827 2408 sui
864 2355 1132 2427 reliquiis,
1187 2358 1256 2412 ad
1281 2374 1434 2413 suam
1468 2361 1761 2431 quamdam
1794 2362 1997 2428 villam,
2023 2379 2118 2416 su-

510 2461 611 2516 pra
669 2446 842 2517 ripam
891 2448 1070 2504 Bheni
1112 2450 1295 2518 sitam,
1359 2462 1729 2524 cognomento
1778 2454 2114 2521 Wasliciam,

511 2555 676 2610 quam
705 2542 930 2613 quidam
944 2560 1133 2599 eorum
1151 2546 1582 2611 abbas,nomine
1601 2548 1905 2602 Adelardus
1937 2548 2116 2602 cidem

511 2636 819 2691 contulerat
847 2639 1125 2707 cmnobio,
1188 2642 1415 2711 profecti
1445 2648 1587 2696 sunt.
1626 2644 1723 2697 Ubi
1759 2644 1885 2697 dum
1911 2659 2122 2717 pagen-

513 2743 621 2793 ses,
654 2728 798 2783 alma
823 2738 1151 2786 venerantes
1191 2734 1441 2807 pignora,
1460 2749 1560 2787 sua
1591 2733 1736 2789 dona
1766 2733 1980 2789 deferre
2008 2750 2119 2788 coe-

512 2821 746 2892 pissent,
801 2823 973 2879 abbas
1024 2826 1248 2897 quidam
1308 2828 1644 2893 monasterii,
1703 2830 1851 2899 quod
1895 2836 2121 2884 vocatur

512 2913 724 2977 Bunna,
752 2930 988 2988 pergens
1002 2917 1069 2971 ad
1084 2917 1465 2974 Willebertum
1491 2918 1878 2975 Coloniensem
1911 2937 2120 2990 praesu-

514 3001 644 3070 lem,
673 3004 838 3076 cuapit
864 3006 1005 3061 hanc
1043 3006 1310 3063 infamare
1362 3011 1735 3079 devotionem,
1779 3027 1880 3067 nec
1929 3028 2120 3067 revera

513 3092 686 3149 sancti
717 3095 949 3167 alicujus
1010 3097 1241 3170 pignora
1294 3100 1423 3155 illuc
1448 3109 1698 3155 astruens
1755 3117 1875 3156 esse
1915 3101 2118 3156 delata.

512 3188 787 3245 Timentes
816 3199 998 3247 autem
1058 3194 1309 3250 canonici
1362 3196 1454 3267 qui
1496 3197 1853 3262 advenerant,
1888 3212 1956 3250 ne
1980 3195 2120 3251 forte

514 3287 1029 3361 constringerentur
1058 3298 1112 3344 et
1132 3290 1537 3346 discuterentur
1561 3291 1628 3345 ab
1661 3292 1943 3363 episcopo,
1978 3305 2121 3362 quo-

516 3379 663 3433 niam
694 3387 862 3435 totum
893 3383 1066 3453 ipsius
1089 3385 1261 3439 sancti
1297 3401 1498 3457 corpus
1527 3404 1713 3443 secum
1748 3386 1939 3443 haberi
1972 3386 2122 3439 fere-

514 3472 668 3541 bant,
699 3491 824 3530 mox
858 3483 914 3531 ut
942 3479 1060 3534 haec
1109 3479 1415 3549 audissent,
1446 3484 1547 3537 sub
1581 3485 1800 3539 duobus
1841 3486 2039 3540 diebus
2057 3487 2124 3540 ad

518 3583 677 3622 suum
712 3588 810 3641 per
835 3572 1021 3627 leucas
1052 3574 1165 3629 fere
1196 3584 1419 3632 centum
1452 3579 1668 3635 rediere
1685 3581 2078 3636 monasterium
2112 3600 2125 3635 :

516 3669 974 3733 assumcntesque
1006 3680 1128 3718 cum
1193 3667 1510 3741 integritate
1544 3668 1686 3724 beati
1725 3670 1822 3725 viri
1857 3673 2124 3739 membra,

516 3747 620 3802 sub
653 3750 877 3806 totidem
910 3754 1109 3810 diebus
1148 3757 1215 3811 ad
1250 3766 1604 3828 praenotatam
1634 3770 1884 3818 remeant
1912 3763 2120 3818 villam.

518 3842 612 3897 Lui
638 3844 765 3900 dum
797 3849 1164 3922 prepinquare
1217 3854 1538 3925 coepissent,
1588 3856 1669 3911 eis
1695 3857 1878 3913 adhuc
1902 3860 1970 3913 ab
2006 3860 2127 3930 ipsa

514 3933 641 3991 villa
671 3939 847 4008 spatio
879 3941 1049 3997 leucae
1098 3944 1213 4000 fere
1260 3947 1617 4015 distantibus,
1665 3950 1913 4005 ecclesiae
1945 3951 2125 4023 signa,

516 4025 666 4081 nullo
698 4027 1038 4098 impellente,
1071 4049 1327 4089 resonare
1344 4040 1666 4107 coepere.At
1711 4039 1767 4092 hi
1800 4041 1894 4110 qui
1916 4056 2129 4096 reman-

516 4119 777 4172 serantin
808 4122 1003 4176 eodem
1035 4124 1155 4179 loco
1175 4125 1359 4181 clerici
1392 4129 1494 4183 hoc
1524 4130 1832 4197 audientes,
1856 4140 1909 4187 et
1949 4140 2126 4202 patro-

520 4228 650 4267 num
673 4230 832 4268 suum
861 4216 1119 4272 advenire
1174 4220 1571 4295 intelligentes,
1603 4224 1819 4278 obviam
1843 4242 1964 4279 cum
1998 4243 2127 4281 cru-

519 4307 676 4361 cibus
706 4317 963 4380 pergunt,
998 4319 1051 4366 et
1082 4314 1292 4368 honore
1325 4316 1493 4387 digno
1524 4325 1756 4373 tutorem
1778 4335 1936 4374 suum
1953 4321 2129 4376 susci-

519 4399 699 4470 piunt.
726 4402 935 4465 Quibus
967 4404 1251 4461 missarum
1284 4409 1550 4463 solemnia
1583 4410 2129 4481 celebrantibus,tria

520 4491 658 4546 inibi
701 4503 928 4565 repente
987 4496 1143 4564 mira,
1192 4499 1559 4573 contigerunt.
1613 4503 1934 4559 Contractus
1986 4522 2131 4559 unus

522 4595 760 4656 erectus,
786 4606 964 4645 cagcus
993 4593 1214 4664 quidam
1239 4595 1601 4664 illuminatus,
1634 4607 1687 4652 et
1708 4598 1986 4670 loquelam
2009 4615 2127 4654 mu-

522 4686 609 4733 tus
638 4681 873 4753 adeptus
892 4690 994 4737 est.
1026 4686 1225 4740 lterum
1259 4687 1704 4758 préefatusabbas
1744 4689 2130 4761 blasphemare

522 4771 617 4826 Dei
650 4788 761 4829 non
800 4776 1050 4831 cessabat
1097 4778 1379 4847 miracula,
1445 4797 1585 4852 quos
1651 4793 1867 4853 poterat
1895 4784 2133 4840 avisita-

522 4863 673 4921 tione
693 4868 867 4923 sancti
889 4878 1164 4927 avertens.

593 4961 722 5026 Quae
751 4963 878 5018 dum
911 4975 1147 5037 gereret,
1180 4968 1333 5025 febre
1361 4980 1648 5041 correptus
1680 4974 1750 5029 ita
1781 4975 2017 5047 graviter
2050 4983 2135 5032 est

522 5061 769 5124 vexatus,
796 5064 980 5113 utnec
1004 5062 1357 5130 manducare,
1390 5080 1491 5119 nec
1522 5064 1738 5133 bibere,
1761 5068 1847 5121 vel
1872 5067 2133 5121 incedere

522 5158 727 5217 posset.
761 5153 1062 5208 Ardoribus
1091 5165 1273 5211 autem
1330 5158 1607 5233 languoris
1649 5161 1875 5231 hujusce
1914 5168 2134 5216 coactus

528 5244 647 5314 [al.,
688 5251 991 5321 excoctus],
1020 5253 1239 5308 tandem
1273 5266 1555 5325 peccatum
1604 5274 1764 5311 suum
1790 5256 2130 5329 recognovit,

525 5343 581 5391 et
601 5338 737 5393 sella
768 5357 827 5395 se
884 5346 1202 5413 gestatoria,
1259 5364 1434 5419 usque
1482 5349 1550 5404 ad
1587 5351 1858 5417 Rhenum,
1892 5349 2132 5420 indeque

526 5429 746 5505 navigio
776 5449 947 5504 usque
995 5435 1061 5489 ad
1122 5438 1436 5507 praedictam
1494 5441 1700 5505 villam,
1755 5439 1946 5511 sicque
2003 5446 2131 5492 ante

526 5528 774 5599 corporis
795 5529 922 5583 almi
966 5532 1316 5601 praesentiam
1348 5533 1577 5605 perferri
1610 5535 1771 5601 fecit;
1807 5534 1993 5605 ibique
2020 5531 2135 5587 cul-

529 5641 655 5695 pam
685 5608 840 5679 suam
864 5626 1171 5693 confessus,
1190 5629 1397 5685 absolvi
1419 5646 1478 5684 se
1504 5631 1685 5702 petiit,
1716 5628 2136 5703 etquantitatem

530 5730 669 5771 certe
699 5716 785 5771 sui
814 5718 1059 5788 corporis
1084 5720 1315 5789 ponderi
1334 5736 1627 5793 coanuans
1656 5723 1847 5789 dedit;
1872 5720 2139 5787 factisque

533 5807 673 5862 votis
700 5811 983 5867 annuatim
1021 5811 1321 5880 solvendis,
1378 5829 1478 5883 per
1507 5829 1603 5868 sex
1658 5816 1961 5869 remoratus
1998 5807 2137 5872 dies,

2214 483 2380 537 dibus
2409 482 2521 536 suis
2548 481 2617 535 ad
2657 497 2756 535 sua
2791 495 2959 534 sanus
3010 478 3257 533 recessit.
3291 479 3677 537 Demorantibus
3694 485 3765 541 hic

2215 578 2456 650 praefatis
2484 594 2583 649 per
2607 577 2737 632 anni
2772 577 3011 648 spatium
3052 591 3177 631 cum
3208 581 3432 646 patrono
3450 593 3539 632 suo
3575 577 3766 646 clericis,

2216 670 2364 724 nulla
2384 677 2443 722 ut
2474 667 2655 723 ferunt
2698 666 2817 720 dies
2846 665 3127 736 praeteriit,
3188 680 3295 736 quo
3350 681 3455 720 non
3488 665 3666 720 ibidem
3692 669 3767 723 Dei

2212 760 2473 816 miracula
2520 765 2888 829 patrarentur.
2936 758 2998 810 In
3047 756 3183 827 ipsis
3211 762 3391 811 autem
3415 756 3602 830 vigiliis
3626 761 3769 814 sancti

2210 852 2439 908 Joannis
2471 850 2744 922 Baptistae,
2813 848 3226 904 conﬂuentibus
3274 849 3344 902 de
3384 848 3604 904 Saxonia
3630 848 3771 919 pluri-

2214 944 2337 1010 bus,
2386 949 2440 997 et
2486 958 2517 996 a
2565 940 2883 1015 longinquis
2929 939 3101 993 etiam
3157 937 3493 1011 regionibus,
3531 938 3699 994 decem
3722 948 3765 994 et

2215 1043 2338 1091 octo
2389 1033 2627 1107 insignia
2668 1032 2971 1104 probantur
3020 1038 3242 1086 ostensa
3301 1048 3315 1095 ;
3367 1030 3556 1101 vixque
3605 1031 3770 1102 aliquis

2213 1140 2360 1197 aeger
2384 1123 2639 1187 accessit,
2670 1122 2765 1193 qui
2796 1137 2907 1176 non
2938 1136 3128 1192 sospes
3169 1120 3455 1190 alacerque
3510 1119 3773 1174 recesserit.

2214 1216 2315 1270 Ubi
2357 1222 2505 1269 tanta
2532 1229 2713 1268 rerum
2768 1213 2948 1273 delata
3002 1221 3085 1266 est
3115 1210 3298 1281 cepia,
3329 1220 3386 1264 ut
3425 1217 3477 1264 et
3506 1210 3599 1279 ipsi
3626 1210 3775 1264 clerici

2214 1307 2411 1362 exinde
2442 1307 2710 1372 viverent,
2756 1312 2811 1359 et
2841 1311 3070 1359 caatcros
3098 1303 3194 1375 qui
3214 1308 3581 1357 remanserant
3609 1300 3658 1355 in
3686 1316 3779 1356 mo-

2215 1400 2451 1454 nasterio
2482 1405 2881 1463 sustentarent,
2911 1396 3309 1466 ecelesiamqee
3342 1393 3512 1465 ipsius
3536 1392 3661 1448 villa:
3685 1410 3776 1447 am-

2114 1505 2133 1517 κ
2216 1488 2547 1561 pliiicarent,
2577 1488 2661 1542 vel
2703 1488 3047 1542 dccorarent.
3111 1485 3307 1538 Postea
3354 1482 3573 1556 contigit
3599 1488 3649 1536 ut
3680 1496 3777 1551 pro-

2217 1588 2340 1649 pter
2387 1594 2543 1650 aquae
2597 1576 2983 1649 indigentiam,
3037 1574 3184 1627 foras
3234 1580 3387 1626 extra
3439 1569 3775 1625 monasterium

2215 1689 2395 1739 suum,
2430 1671 2583 1725 idem
2640 1685 2857 1724 sacrum
2916 1682 3115 1737 corpus
3165 1666 3471 1729 etlerretur,
3503 1669 3554 1717 et
3598 1662 3773 1717 obviam

2140 1779 2187 1847 Β
2215 1764 2388 1818 sancti
2415 1761 2599 1818 Jovini
2629 1758 2959 1835 pignoribus
2992 1764 3323 1828 portaretur.
3356 1754 3514 1847 Cujus
3536 1753 3653 1807 dum
3676 1752 3777 1806 fuis-

2216 1860 2299 1907 set
2326 1853 2380 1905 in
2411 1866 2700 1906 occursum
2742 1848 3036 1918 perlatum,
3100 1861 3227 1900 mox
3268 1850 3329 1899 ut
3357 1843 3515 1897 simul
3538 1848 3781 1904 venerunt,

2216 1944 2542 1999 obnubilato
2575 1942 2714 1997 coelo
2742 1957 2864 1996 cum
2885 1955 3084 2014 magna
3138 1938 3364 1992 siccitas
3421 1935 3679 1997 existeret,
3707 1948 3785 1987 co-

2218 2035 2371 2104 piosa
2400 2031 2705 2102 pluviarum
2737 2028 2817 2084 vis
2847 2026 3017 2082 effusa
3048 2032 3135 2082 est
3163 2043 3179 2091 ς
3206 2033 3260 2080 et
3288 2026 3417 2079 dum
3452 2024 3789 2078 humectaren-

2219 2135 2308 2182 tur
2336 2125 2509 2180 imbre
2532 2123 2778 2179 omnium
2808 2120 3160 2181 vestimenta,
3196 2119 3364 2189 pallia
3392 2117 3661 2179 duntaxat,
3695 2127 3787 2183 quae

2217 2231 2384 2286 supra
2422 2218 2733 2268 sanctorum
2791 2209 3143 2280 praefatorum
3204 2206 3524 2261 ferebantur
3579 2216 3784 2273 corpora,

2219 2303 2435 2375 penitus
2495 2302 2695 2356 intacta
2753 2307 3079 2355 manserunt
3124 2314 3155 2351 a
3201 2296 3408 2367 pluvia.
3471 2294 3546 2348 lbi
3599 2292 3783 2364 quidam

2217 2399 2402 2453 luscus
2442 2398 2627 2452 lumen
2670 2395 2857 2450 amissi
2908 2392 3106 2463 recipit
3162 2390 3331 2446 oculi.
3377 2389 3475 2455 Qui
3537 2388 3697 2443 statim
3720 2384 3785 2440 fu-

2218 2489 2395 2564 giens,
2431 2503 2536 2542 nec
2564 2486 2737 2540 Deum
2788 2484 3129 2559 glorificans,
3190 2488 3251 2536 ut
3279 2490 3402 2536 erat
3441 2476 3789 2549 jocularis,in-

2221 2591 2409 2660 gratus
2461 2581 2689 2637 recessit
2720 2598 2734 2646 ;
2764 2587 2820 2634 at
2869 2578 2966 2633 ubi
3019 2579 3244 2632 domum
3309 2575 3578 2646 pervenit,
3628 2572 3778 2627 lumen

2221 2678 2369 2749 quod
2416 2683 2698 2746 receperat
2729 2675 2926 2729 iterum
2952 2690 2961 2695 ‘
2987 2672 3246 2744 perdidit.
3281 2672 3420 2725 Dum
3448 2685 3571 2726 vero
3597 2682 3787 2739 perven-

2223 2782 2335 2828 tum
2377 2780 2460 2827 est
2486 2771 2552 2825 ad
2571 2770 2965 2825 monasterium
2992 2784 3114 2823 enm
3174 2765 3468 2837 utriusque
3494 2761 3652 2817 sancti
3690 2773 3787 2814 cor-

2224 2878 2378 2934 pore,
2414 2861 2489 2915 ita
2543 2860 2718 2915 sancti
2766 2858 3033 2914 Balderici
3095 2858 3296 2929 pignus
3353 2863 3437 2911 est
3466 2859 3792 2928 aggravatum,

2219 2962 2278 3007 ut
2303 2951 2618 3007 nullatenus
2674 2949 2882 3005 moveri
2932 2956 3137 3019 posset,
3185 2946 3370 3002 donec
3426 2942 3594 2998 sancti
3644 2936 3790 2994 Joviui

2219 3058 2394 3115 usque
2416 3042 2485 3096 ad
2514 3040 2825 3096 caenobium
2845 3038 3161 3110 praecedere
3183 3037 3438 3093 membra
3461 3034 3710 3090 fecissent.

2294 3173 2428 3226 Cum
2455 3179 2634 3226 autem
2665 3170 2902 3226 domnus
2957 3168 3105 3224 Dado
3163 3167 3529 3223 Virdunensis
3554 3165 3797 3237 episcOpus

2143 3247 2191 3315 C
2220 3266 2363 3320 hanc
2393 3281 2425 3319 a
2477 3281 2606 3339 rege
2662 3264 2924 3334 (Arnulfo
2982 3254 3433 3329 Transrhenensi)
3494 3260 3794 3329 impetrasset

2228 3359 2528 3426 abbatiam,
2558 3364 2612 3412 et
2634 3358 2753 3412 haec
2782 3356 2919 3410 mira
2948 3354 3211 3425 coepisset
3240 3353 3459 3419 audire,
3486 3346 3740 3407 constituit
3753 3351 3798 3399 ut

2229 3455 2491 3511 omnibus
2521 3454 2683 3508 annis
2715 3453 2879 3507 trium
2932 3450 3400 3506 monasteriorum
3439 3463 3586 3502 sacra
3613 3444 3798 3519 pignora

2231 3551 2394 3606 simul
2434 3552 2491 3605 in
2521 3549 2822 3621 quemdam
2875 3547 3120 3602 medium
3162 3545 3518 3600 deferrentur
3546 3543 3705 3596 locum
3723 3550 3799 3591 no-

2231 3648 2381 3701 mine
2413 3645 2773 3699 Gaudiacum.
2826 3643 2902 3697 De
2955 3641 3091 3696 sede
3115 3640 3330 3695 scilicet
3357 3638 3513 3694 urbis
3537 3634 3801 3691 Virdunen-

2226 3737 2301 3792 sis
2345 3742 2568 3790 sanctus
2618 3734 2881 3800 Vitonus,
2913 3738 2969 3786 et
3012 3738 3235 3786 sanctus
3286 3728 3570 3801 Agerieus,
3621 3727 3801 3779 sanctus

2224 3843 2355 3882 vero
2389 3825 2704 3880 Baldericus
2755 3825 2823 3879 de
2880 3821 3213 3878 monasterio
3256 3835 3384 3888 suo,
3417 3828 3472 3875 et
3500 3822 3702 3872 sanctus
3723 3811 3798 3864 Ro-

2227 3924 2417 3978 dvicus
2447 3922 2516 3976 de
2533 3920 2792 3976 Wasloio.
2831 3922 2892 3974 1n
2916 3933 3024 3990 quo
3054 3924 3330 3973 conventu
3367 3916 3648 3970 innumera
3677 3912 3797 3979 post-

2228 4018 2452 4073 modum
2506 4024 2635 4071 sunt
2690 4021 2898 4086 patrata
2954 4012 3237 4077 miracula,
3292 4019 3356 4067 ut
3386 4012 3473 4067 vix
3519 4000 3796 4080 praeterierit

2226 4109 2543 4178 hujusmodi
2602 4107 2787 4173 coitio,
2861 4106 2916 4160 in
2968 4121 3077 4176 qua
3137 4120 3249 4160 non
3280 4097 3797 4174 aliquisinfirmorum

2228 4203 2392 4257 fuerit
2439 4202 2703 4272 sospitate
2762 4200 3213 4273 redintegratus:
3263 4198 3503 4252 maxime
3530 4203 3698 4249 tamen
3722 4186 3798 4250 illi,

2228 4292 2319 4364 qui
2382 4293 2683 4362 patrocinia
2720 4290 2870 4346 beati
2927 4289 3199 4344 Balderiei
3256 4296 3392 4344 sunt
3430 4293 3678 4358 expetere
3702 4277 3799 4335 visi.

2230 4383 2476 4446 Quodam
2522 4382 2615 4436 tali
2646 4387 2924 4436 conventu
2958 4379 3181 4450 quidam
3235 4379 3452 4433 locutus
3510 4384 3592 4431 est
3632 4377 3800 4427 mutus,

2230 4487 2394 4542 quem
2423 4470 2787 4525 Virdunensis
2806 4468 3139 4539 arripientes
3194 4482 3384 4521 secum
3430 4466 3627 4521 ducere
3651 4471 3804 4530 caepe-

2152 4566 2208 4635 D
2230 4549 2378 4629 runt,
2401 4567 2713 4617 asserentes
2752 4559 2900 4630 quod
2929 4567 3243 4613 sanctorum
3273 4558 3476 4623 virtus,
3530 4567 3661 4626 quos
3676 4549 3805 4603 detu-

2231 4653 2428 4719 lerant,
2489 4654 2595 4707 hoc
2639 4651 2964 4705 miraculum
3015 4654 3404 4721 perpetrasset.
3460 4646 3653 4717 Sicque
3700 4638 3803 4694 dum

2233 4745 2471 4815 separati
2511 4744 2720 4815 quique
2772 4741 3109 4797 referrentur
3176 4739 3245 4794 ad
3305 4755 3428 4805 sua,
3473 4744 3620 4793 tanto
3665 4727 3805 4787 sancti

2233 4835 2502 4889 Balderiei
2547 4835 2792 4905 pondere
2841 4842 3133 4907 aggravata
3178 4838 3307 4886 sunt
3359 4845 3506 4896 ossa,
3538 4835 3596 4884 ut
3625 4822 3808 4897 penitus

2234 4942 2457 4980 manere
2511 4926 2833 4981 viderentur
2888 4923 3214 4979 immobilia.
3270 4923 3349 4976 Ad
3379 4936 3550 4994 quem
3597 4909 3808 4973 miraculi

2234 5030 2513 5092 stuporem
2543 5019 2960 5075 recurrentibus
2987 5019 3195 5083 multis,
3229 5018 3359 5072 dum
3395 5019 3706 5088 quaeruntur
3723 5004 3808 5067 sui,

2233 5117 2487 5173 curinibi
2512 5116 2676 5172 vellet
2699 5114 3001 5178 immorari,
3030 5123 3088 5169 et
3132 5113 3265 5185 quid
3288 5112 3497 5167 ibidem
3528 5105 3813 5179 disponeret

2233 5210 2690 5283 operari,accidit
2743 5217 2804 5264 ut
2850 5209 3228 5279 requireretur
3253 5207 3345 5262 ille
3374 5205 3472 5277 qui
3496 5204 3700 5261 locutus
3720 5195 3813 5251 fue-

2235 5315 2319 5361 rat
2355 5314 2558 5362 mutus.
2586 5305 2939 5375 Tandemque
2997 5308 3307 5366 revocatus,
3376 5299 3477 5354 ubi
3540 5296 3606 5352 ad
3662 5294 3811 5347 locum

2234 5397 2397 5452 defixi
2414 5397 2708 5468 perductus
2734 5401 2817 5451 est
2870 5392 3139 5467 pignoris,
3172 5407 3297 5446 mox
3351 5390 3568 5461 absque
3617 5376 3813 5440 difficul-

2236 5496 2346 5542 tate
2363 5472 2750 5552 sublatum-et
2770 5486 2838 5540 ad
2879 5499 3040 5538 suum
3090 5497 3305 5537 sacrum
3353 5475 3815 5553 corpusgralanter

2237 5585 2323 5634 est
2342 5576 2659 5633 coenobium
2685 5583 3045 5648 reportatum.

2312 5714 2571 5769 Praafahis
2597 5714 2796 5786 praesul
2830 5712 3000 5779 Dado,
3037 5719 3325 5783 postquam
3354 5708 3498 5762 hanc
3535 5699 3697 5758 sancti
3723 5692 3814 5748 Bal-

2238 5810 2410 5865 derici
2438 5808 2676 5866 obtinuit
2712 5807 3011 5881 [abbatiam
3064 5823 3150 5863 res
3204 5802 3468 5877 quasdam
3520 5806 3664 5855 trans
3692 5791 3811 5845 Rhe-
