4010 6162
224 266 305 322 317

810 261 1139 320 ΗΙΞΤΟΒΙᾹΞ
1174 263 1505 322 ECCLESUE
1543 265 1873 324 REMENSIS
1912 268 2089 325 LIBRI
2129 269 2451 335 QUA'I‘UOR.
2479 302 2551 312 —-
2592 271 2716 327 LIB.
2766 273 2847 327 IV.

3388 276 3494 335 318

220 421 328 460 num
353 405 471 458 sitas
490 401 556 457 ab
581 402 852 458 Adelardo
905 402 1109 459 abbate
1150 404 1219 459 ad
1250 403 1396 460 idem
1426 404 1636 462 dudum
1665 422 1782 463 mo-
1803 410 1858 482 Α
1877 424 2003 464 eum
2032 408 2248 465 clericis
2278 409 2530 476 recessit,
2554 416 2610 464 et
2638 410 2693 464 in
2727 411 3064 467 eminentem
3120 413 3265 469 villae
3315 416 3494 472 conti-

219 494 473 552 nasterium
526 492 701 561 datas,
751 509 850 564 pro
892 494 1021 550 villa
1073 496 1293 553 Gerlani
1347 504 1555 565 monte,
1608 514 1778 569 super

215 584 447 641 Mosellam
490 582 832 652 conjacente,
900 584 1148 639 mutavit.
1212 586 1291 639 Ad
1348 602 1517 657 quam
1570 587 1774 655 villam,

214 678 318 733 dum
342 674 611 730 sanciendi
664 675 770 731 sibi
827 692 1013 744 causa,
1056 675 1336 748 proficisci
1367 676 1562 733 fratres
1613 679 1779 748 hujus

211 767 609 843 congregationis
663 769 1039 839 praecepisset,
1075 769 1152 824 illi
1199 776 1545 825 assumentes
1582 786 1776 827 secum

214 862 390 934 patroni
416 859 519 924 sui,
550 860 737 915 domui
769 860 1029 916 videlicet
1050 860 1323 917 Balderici
1352 862 1625 926 membra,
1647 879 1778 933 pro-

208 947 309 1002 fecti
327 956 444 1001 sunt
470 947 695 1019 exsequi
716 948 999 1016 jussa.Qui
1027 949 1157 1004 dum
1191 948 1259 1003 ad
1299 949 1636 1022 villam,quae
1670 952 1778 1006 De-

208 1056 261 1094 va
293 1040 348 1111 [j,
378 1039 535 1109 Dena]
578 1039 801 1107 dicitur,
868 1041 1273 1111 pervenissent,
1332 1049 1484 1098 tanto
1527 1044 1775 1112 pondere

204 1138 360 1184 sancta
383 1127 556 1184 deﬁxa
580 1138 711 1184 sunt
733 1129 987 1203 pignora,
1041 1138 1101 1187 ut
1132 1134 1391 1206 progredi
1422 1150 1775 1206 nequaquam

203 1218 413 1273 valerent
434 1218 664 1274 ulterius
682 1235 750 1274 ea
786 1218 1050 1284 ferentes,
1076 1220 1324 1293 initoque
1355 1224 1679 1291 consilio,ut
1705 1225 1773 1279 ad

203 1308 452 1364 ecclesiam
482 1308 830 1365 deferrentur
857 1310 1033 1380 ipsius
1046 1312 1210 1377 villae,
1239 1314 1342 1367 sub
1374 1314 1774 1371 honoresancti

203 1402 379 1457 Martini
399 1402 653 1469 dicatam,
681 1403 997 1474 perferendi
1022 1405 1300 1477 recipiunt
1324 1407 1767 1477 possibilitatem.

201 1492 297 1556 Quo
320 1491 534 1561 perlatis
561 1492 910 1566 pignoribus,
944 1502 1005 1548 ut
1023 1501 1147 1564 post
1167 1494 1477 1550 orationem
1509 1496 1579 1550 ab
1594 1498 1771 1552 eccle-

200 1581 267 1635 sia
290 1590 363 1635 est
381 1581 671 1651 perlatum,
723 1582 922 1638 iterum
975 1585 1150 1639 sancti
1208 1595 1539 1659 aggravatur
1569 1580 1775 1658 corpu-

197 1672 376 1728 sculum
418 1690 433 1738 ;
477 1673 925 1747 mirantibusque
982 1678 1219 1742 cunctis,
1270 1685 1325 1732 et
1390 1679 1555 1750 quod'
1583 1680 1772 1752 aliqua

200 1766 310 1821 inibi
339 1768 474 1823 Deus
502 1784 607 1840 pro
643 1769 818 1824 sancti
861 1772 948 1825 sui
984 1771 1385 1843 glorificatione
1416 1775 1575 1848 signa
1603 1776 1772 1830 vellet

198 1855 457 1911 ostendere
516 1857 850 1928 quibusdam
890 1858 1219 1927 ferentibus,
1268 1860 1315 1915 si
1363 1861 1457 1932 qui
1511 1862 1772 1919 adessent

198 1946 311 2001 forte
335 1945 568 2013 debiles,
596 1954 683 2001 est
710 1947 1058 2018 requisitum.
1108 1950 1547 2007 Advenientibus
1588 1960 1773 2008 autem

196 2036 317 2092 lasis
340 2036 639 2109 aliquibus,
672 2045 838 2109 atque
858 2039 1057 2095 delatis
1076 2042 1433 2113 quibusdam,
1448 2044 1531 2099 vir
1547 2045 1773 2116 quidam

195 2127 656 2200 claudnserigitur,
686 2135 741 2183 et
767 2128 975 2183 femina
1000 2131 1252 2201 qumdam
1286 2133 1523 2188 brachiis
1553 2134 1621 2188 ab
1648 2142 1773 2191 octo

196 2224 315 2272 retro
339 2217 493 2272 annis
558 2225 843 2273 contracta
897 2219 1208 2283 resolvitur,
1260 2220 1495 2293 duaeque
1549 2220 1774 2277 feminae

193 2319 467 2364 caecaesunt
519 2308 870 2375 illuminatae,
913 2318 969 2365 et
1026 2310 1210 2366 infans
1258 2328 1531 2368 annorum
1558 2321 1774 2384 septem

195 2409 347 2455 mutus
372 2401 517 2473 loqui
550 2401 745 2472 C(Bpit.
769 2401 835 2455 In
868 2418 977 2474 quo
1008 2403 1129 2459 loco
1155 2420 1287 2459 crux
1327 2404 1397 2459 ab
1430 2404 1606 2476 ipsius
1630 2406 1774 2460 villze

192 2494 477 2550 hominibus
507 2494 693 2566 posita
717 2502 820 2559 est,
850 2497 947 2550 ubi
979 2506 1170 2568 postea
1190 2499 1314 2554 duae
1334 2500 1557 2555 feminae
1583 2500 1773 2554 lumen

192 2584 439 2639 oculorum
472 2593 828 2655 receperunt.
854 2593 909 2641 et
934 2588 1180 2643 candelae
1204 2589 1476 2644 divinitus
1505 2604 1771 2655 accensae,

193 2677 428 2749 multique
454 2678 697 2734 diversis
724 2687 856 2736 sunt
879 2680 950 2734 ab
978 2678 1401 2737 inﬁrmitatibus
1422 2681 1666 2737 liberati.

782 2784 992 2840 CAPUT
1016 2785 1176 2840 XLII.

247 2876 311 2927 De
329 2875 540 2930 ecclesia
567 2879 747 2931 sancti
765 2879 1009 2939 Romani,
1026 2882 1075 2931 et
1093 2878 1377 2933 miraculis
1404 2881 1463 2933 in
1485 2880 1706 2937 Galloni

685 2948 751 3019 Li,
790 2948 1029 3019 Gerlani]
1063 2954 1257 3004 monte.

248 3037 522 3094 Ecclesiam
556 3040 737 3095 sancti
764 3040 1016 3107 Romani,
1042 3042 1098 3096 in
1138 3041 1366 3113 praefata
1402 3043 1532 3098 villa
1562 3044 1772 3101 Gellani

193 3136 350 3184 monte
375 3138 770 3200 constructam,
794 3132 1004 3188 dudum
1050 3133 1177 3188 Milo
1243 3133 1574 3204 praepositus
1604 3149 1774 3190 cano-

190 3218 405 3276 nicomm
434 3223 604 3294 hujus
640 3224 745 3280 loci
801 3225 870 3279 ab
929 3225 1013 3280 eis
1057 3224 1347 3280 auferebat
1396 3243 1410 3279 :
1443 3241 1607 3296 quam
1639 3226 1770 3281 dum

189 3306 370 3365 Bosone
397 3313 607 3368 comite
661 3313 769 3368 sibi
828 3330 950 3369 eam
1000 3314 1266 3369 reddente
1320 3314 1676 3385 recepissent,
1716 3322 1772 3371 et

187 3402 334 3456 sancti
364 3403 633 3460 Balderici
664 3405 912 3461 membra
940 3406 1073 3461 illuc
1106 3406 1446 3472 retulissent,
1481 3406 1774 3461 audientes

189 3489 318 3544 multi
346 3492 413 3546 ad
446 3494 626 3564 ipsius
650 3504 940 3566 cmperunt
964 3495 1244 3551 confluere
1275 3494 1601 3565 patrocinia.
1627 3496 1774 3551 Inter

187 3598 305 3652 quos
327 3585 445 3641 dna:
486 3601 652 3641 caecae
695 3586 913 3641 nobiles
965 3586 1185 3642 feminae
1229 3585 1481 3641 deductae
1522 3595 1672 3651 sunt,
1719 3594 1774 3641 et

187 3672 405 3741 quaedam
430 3675 648 3746 perlata
675 3675 1015 3747 paupercula
1062 3676 1324 3732 omnibus
1364 3675 1477 3731 fere
1507 3676 1773 3731 membris

184 3771 452 3822 contracta.
504 3766 677 3821 Nocte
727 3782 858 3821 vero
914 3766 1227 3840 vigiliarum
1280 3766 1455 3821 sancti
1518 3766 1769 3833 Romani,

186 3853 295 3909 dum
319 3856 384 3912 de
414 3872 571 3912 more
611 3856 911 3931 pervigiles
964 3857 1019 3910 in
1069 3856 1307 3913 ecclesia
1358 3858 1775 3913 celebrarentur

182 3944 422 4012 excubiae,
468 3946 662 4002 subito
718 3954 927 4003 tantum
972 3947 1184 4002 caelitus
1205 3955 1289 4003 est
1327 3948 1513 4002 lumen
1539 3946 1772 4002 effusum

185 4038 233 4084 ut
255 4018 425 4088 omnia
453 4050 584 4105 quae
630 4033 847 4089 fuerant
886 4050 1119 4090 accensa
1171 4033 1453 4091 videretur
1483 4035 1774 4090 luminaria

180 4138 430 4192 superare.
462 4128 651 4182 Altare
701 4134 931 4193 tantum,
964 4143 1133 4198 supra
1179 4129 1330 4199 quod
1382 4128 1557 4183 sancti
1616 4137 1775 4183 erant

182 4214 571 4285 ossadeposita,
630 4216 804 4272 densa
846 4216 956 4288 tegi
988 4216 1282 4272 videbatur
1302 4218 1525 4284 nebula,
1560 4217 1775 4288 ipsum-

179 4322 268 4376 que
303 4309 434 4363 sacri
482 4308 741 4380 pignoris
795 4308 952 4379 quasi
991 4309 1200 4364 moveri
1222 4309 1551 4365 cernebatur
1588 4318 1774 4383 gesta-

181 4410 302 4452 men.
325 4399 706 4470 Cumrepente
732 4415 844 4453 una
889 4415 1159 4455 caecarum
1213 4401 1472 4472 primum,
1529 4416 1767 4472 moxque

177 4488 323 4546 altera
347 4508 469 4548 sese
500 4492 696 4547 videre
760 4494 1121 4565 proclamant.
1177 4494 1310 4548 Tum
1371 4492 1555 4547 media
1577 4492 1769 4560 jacens

177 4586 444 4648 contracta,
473 4581 575 4636 ubi
605 4582 777 4653 cmpit
840 4582 1100 4647 clamare,
1160 4582 1543 4653 auxiliumque
1574 4582 1691 4646 Dei,
1723 4587 1777 4637 et

176 4670 324 4725 sancti
355 4670 626 4726 Balderici
667 4671 977 4741 deprecari,
1012 4672 1277 4742 paulatim
1313 4671 1626 4737 resolvitur,
1661 4671 1777 4742 pri-

179 4775 302 4815 mum
340 4763 604 4830 brachiis,
627 4770 683 4818 et
706 4764 837 4819 inde
863 4764 1187 4835 poplitibus,
1219 4764 1398 4820 donec
1426 4769 1608 4818 erecta
1623 4763 1776 4819 stetit

178 4849 222 4905 in
244 4854 489 4922 pedibus.
522 4858 654 4921 Quae
682 4855 1033 4927 postmodum
1057 4870 1195 4909 sana
1207 4853 1422 4919 effecta,
1446 4854 1771 4909 clericorum

174 4941 295 5012 stipe
324 4945 429 5001 huc
457 4961 639 5017 usque
657 4952 1015 5001 sustentatur.
1053 4946 1224 5019 Igitur
1246 4945 1375 4999 dum
1407 4944 1632 5014 praefato
1662 4960 1774 4999 mo-

176 5041 401 5090 rarentur
423 5036 480 5090 in
512 5037 637 5091 loco
662 5036 847 5091 clerici
903 5052 1028 5091 cum
1052 5036 1281 5110 pignore
1336 5051 1514 5099 sacro,
1542 5035 1775 5110 contigit

177 5123 385 5188 quadam
418 5141 657 5196 vespera
687 5142 811 5181 cum
842 5126 1005 5181 simul
1037 5127 1365 5194 residerent,
1397 5133 1457 5180 ut
1485 5126 1770 5195 cujusdam

178 5210 369 5272 lilonis
386 5219 553 5276 amici
587 5221 777 5288 homo,
817 5221 1086 5276 ebrietate
1143 5226 1308 5292 atque
1328 5219 1512 5275 furore
1539 5235 1773 5274 succen-

176 5308 543 5378 sus,caapisset
597 5310 665 5364 ad
723 5326 819 5366 eos
847 5310 1055 5377 dicere,
1085 5310 1221 5381 quid
1280 5309 1356 5363 ibi
1404 5307 1673 5375 facerent,
1721 5315 1775 5363 et

176 5409 322 5464 quare
354 5400 406 5455 in
438 5401 630 5455 villam
660 5402 877 5458 Milonis
898 5402 1130 5477 ingressi
1157 5401 1394 5457 fuissent
1414 5401 1441 5455 ?
1464 5401 1774 5466 Quibusre-

176 5490 568 5554 spondentibus
621 5494 769 5564 quod
822 5494 1000 5549 sancti
1080 5491 1350 5548 Balderici
1395 5506 1506 5547 non
1560 5489 1773 5544 Milonis

175 5575 361 5633 eadem
395 5596 486 5635 res
516 5589 703 5637 essent
729 5600 744 5647 ;
778 5582 987 5654 illoque
1045 5581 1459 5638 contradicente
1488 5580 1635 5652 quod
1659 5594 1795 5651 non,

1876 514 2039 572 gnam
2068 514 2260 568 rupem
2291 498 2674 553 conscendens
2722 515 2843 555 sese
2892 502 2948 556 in
3010 518 3258 574 praeceps
3316 504 3491 572 dedit,

1876 594 2065 665 sicque
2095 593 2313 648 attritus
2332 590 2525 660 jacuit,
2558 600 2882 648 utmortuus
2910 596 2994 650 vel
3022 596 3183 651 morti
3208 596 3495 654 videretur

1877 684 2180 755 proximus,
2215 683 2457 754 indeque
2489 684 2738 739 sublatus
2762 692 2889 739 ante
2911 687 3082 742 sancti
3100 687 3346 758 corporis
3360 694 3519 759 pne-'

1876 775 2110 830 sentiam
2143 783 2226 830 est
2255 773 2809 845 deportatus,ibique
2829 776 3047 830 tandem
3081 792 3140 831 se
3157 776 3491 848 culpabilem

1878 867 2138 933 reddens,
2172 867 2448 938 insperate
2479 873 2727 934 sanatus,
2788 873 2844 922 et
2873 867 3104 943 integrae
3138 869 3192 924 in
3224 870 3374 927 brevi
3403 886 3491 926 rc-

1876 959 2099 1014 stitutus
2117 966 2201 1013 est
2227 959 2501 1029 SOSpitati.

1948 1052 2083 1105 Item
2114 1052 2246 1106 dum
2277 1068 2456 1123 nuper
2477 1052 2546 1106 ad
2577 1059 3048 1123 praememoratam
3079 1053 3265 1109 villam
3292 1053 3495 1110 Wasli-

1876 1143 2016 1199 ciam
2047 1143 2209 1211 hujus
2235 1145 2408 1199 sancti
2444 1145 2692 1199 membra
2722 1144 2895 1199 relata
2941 1144 3199 1209 fuissent,
3229 1146 3492 1217 quoniam

1876 1233 2209 1289 Godefridus
2238 1233 2510 1305 principis
2538 1233 2758 1289 Henrici
2801 1250 2992 1290 comes
3019 1235 3208 1306 palatii
3240 1234 3494 1290 eamdem

1874 1329 2189 1394 pervaserat
2213 1323 2419 1389 villam,
2470 1323 2694 1393 quidam
2733 1323 3061 1379 clericorum
3089 1322 3263 1378 sancti
3297 1322 3496 1379 Balde-

1875 1410 1973 1466 rici
2003 1411 2073 1465 ad
2126 1411 2386 1466 eumdem
2431 1411 2788 1466 Godefridnm
2845 1428 2943 1482 pro
2985 1413 3088 1468 hac
3142 1428 3311 1467 causa
3368 1428 3497 1483 per-

1876 1510 2173 1568 rexerunt;
2215 1502 2414 1567 et{cum
2472 1503 2680 1557 nullam
2722 1504 2945 1568 dignam
3007 1503 3317 1574 potuissent
3347 1502 3494 1575 apud

1876 1608 2003 1647 eum
2036 1592 2325 1662 percipere
2358 1592 2799 1662 responsionem,
2849 1608 2952 1646 nec
2987 1593 3161 1667 magis
3189 1607 3248 1646 se
3280 1608 3380 1662 pro
3412 1592 3495 1646 eis

1875 1684 2006 1739 inde
2034 1700 2199 1755 quam
2258 1699 2355 1754 pro
2412 1699 2513 1739 suo
2561 1701 2698 1740 cane
2753 1684 3024 1739 facturum
3088 1684 3490 1755 respondisset,

1874 1776 2109 1831 clericus
2133 1775 2357 1847 quidam
2389 1791 2455 1829 ex
2486 1775 2909 1831 hisintentando
2933 1776 3353 1847 subjecit,quod
3366 1774 3494 1831 cali-

1874 1867 2004 1921 dum
2046 1867 2280 1938 proinde
2337 1867 2597 1922 sudorem
2660 1868 2955 1923 sudaturus
3005 1875 3170 1935 esset,
3206 1882 3309 1923 nec
3337 1865 3493 1920 canis

1873 1974 2006 2013 suus
2035 1958 2324 2026 adjuturus
2350 1976 2476 2015 eum
2510 1960 2665 2016 foret.
2700 1962 2793 2016 Ille
2816 1961 3148 2016 furibundus
3167 1962 3235 2016 ad
3261 1961 3375 2015 haec
3395 1976 3492 2015 eos

1872 2068 1903 2105 a
1923 2067 2023 2106 suo
2054 2052 2302 2123 praecipit
2327 2052 2455 2120 ejici
2486 2061 2811 2123 conspectu.
2863 2054 3071 2118 Quibus
3100 2053 3492 2108 recedentibus

1874 2140 1993 2211 ipse
2026 2156 2148 2195 mox
2164 2141 2349 2195 divina
2380 2142 3187 2213 plectiturultione,validaque
3206 2150 3495 2213 correptus

1873 2228 2029 2283 febre
2059 2230 2228 2299 coapit
2279 2230 2601 2301 gravissime
2657 2230 2864 2296 vexari,
2900 2230 3197 2299 nimiisque
3229 2227 3492 2283 succendi

1874 2317 2167 2372 ardoribus
2220 2324 2385 2389 atque
2445 2316 2862 2373 ferventissimis
2911 2318 3141 2372 effluere
3172 2317 3490 2372 sudoribus.

1875 2405 2092 2459 Mittens
2143 2405 2309 2478 igitur
2355 2405 2422 2458 ad
2469 2405 2794 2475 episc0pum
2853 2404 3239 2460 Coloniensem
3274 2404 3493 2457 Wiefri-

1875 2492 2028 2557 dum,
2069 2493 2216 2547 hunc
2246 2493 2314 2547 ad
2346 2509 2403 2547 se
2455 2494 2643 2548 venire
2698 2494 2875 2564 petiit,
2933 2494 3099 2565 eique
3160 2508 3270 2547 rem
3308 2492 3495 2547 retulit

1873 2593 2040 2657 atque
2066 2586 2120 2639 id
2152 2585 2220 2640 ab
2253 2602 2319 2641 co
2346 2587 2562 2641 consilii
2618 2588 2887 2658 percepit,
2909 2598 2969 2641 ut
2997 2588 3064 2641 ad
3092 2585 3350 2657 praefatos
3380 2589 3496 2640 cle-

1876 2674 2019 2728 ricos
2051 2676 2309 2741 mitteret,
2341 2690 2547 2746 eosque
2579 2675 2648 2728 ad
2679 2689 2736 2728 se
2767 2674 2956 2729 venire
2981 2674 3208 2740 faciens,
3238 2680 3292 2727 et
3312 2680 3492 2728 errata

1878 2764 2183 2838 corrigens,
2216 2764 2285 2819 ab
2317 2765 2397 2819 eis
2434 2765 2504 2820 de
2534 2764 2969 2820 suaintirmitate
2998 2763 3291 2819 concilium
3318 2768 3373 2816 et
3405 2776 3495 2831 pa-

1879 2855 2012 2909 riter
2039 2855 2303 2910 auxilium
2331 2863 2622 2926 qumreret.
2655 2854 2809 2919 Quod
2832 2853 2925 2908 ille
2964 2852 3288 2913 obaudiens,
3340 2858 3395 2906 et
3424 2850 3494 2904 ad

1876 2961 1974 3000 eos
1995 2945 2237 3011 mittens,
2270 2944 2337 2998 ad
2363 2960 2423 3000 se
2479 2944 2667 2999 venire
2717 2943 3013 2998 mandavit.
3041 2945 3105 2997 At
3151 2942 3353 2996 missus
3373 2940 3495 3007 ejus

1876 3042 2042 3112 typho
2073 3057 2173 3096 ceu
2191 3041 2486 3096 videbatur
2534 3041 2756 3096 inﬂatus
2784 3039 3082 3110 superbire,
3115 3037 3300 3106 cmpit,
3333 3041 3392 3090 ut
3424 3034 3495 3088 ad

1870 3150 2030 3188 suum
2055 3133 2339 3188 dominum
2370 3149 2495 3189 mox
2524 3134 2709 3189 clerici
2759 3137 3077 3207 pergerent,
3124 3126 3492 3199 imperitando

1873 3221 2194 3292 praecipere.
2219 3222 2425 3285 Quibus
2456 3220 2839 3287 renuentibus,
2886 3220 2982 3274 sed
3006 3234 3131 3273 eum
3164 3215 3494 3272 charitalern

1872 3331 2058 3369 secum
2091 3314 2269 3369 facere
2296 3314 2637 3386 rogantibus,
2680 3314 2772 3369 ille
2803 3312 3159 3383 contempsit,
3190 3325 3369 3381 eoque
3410 3322 3497 3361 rc-

1873 3408 2128 3472 cedente,
2157 3407 2212 3460 in
2235 3406 2356 3476 ipso
2385 3420 2612 3479 egressu
2647 3420 2826 3476 equus
2847 3404 2968 3472 ejus
3006 3401 3261 3456 incitatus
3285 3399 3354 3454 ab
3378 3399 3496 3469 ipso

1874 3496 2175 3567 prosiliens
2206 3496 2333 3562 ruit,
2365 3503 2420 3550 et
2455 3494 2603 3550 collo
2635 3494 2808 3550 fracto
2841 3493 3177 3549 interiit.Sic
3211 3492 3302 3546 ille
3320 3489 3499 3544 humi-

1873 3588 2037 3642 liatus
2067 3587 2135 3642 ad
2168 3586 2364 3642 fratres
2414 3587 2598 3654 rediit,
2651 3586 2982 3642 charitatem
3016 3601 3181 3656 quam
3213 3588 3501 3654 Spreverat

1874 3677 2008 3749 egit,
2037 3686 2092 3731 et
2132 3676 2207 3730 ita
2236 3683 2519 3731 correctus
2552 3676 2805 3731 recessit.
2843 3671 3495 3740 Hinciterum.tertioque

1873 3767 2050 3821 vocati
2094 3774 2260 3837 atque
2304 3765 2481 3835 petiti,
2549 3766 2715 3833 hujus
2763 3764 2984 3818 tandem
3040 3764 3140 3817 viri
3200 3760 3497 3831 compertis

1875 3858 2266 3923 incommodis,
2299 3856 2367 3911 ad
2400 3872 2527 3909 eum
2561 3866 2672 3909 tum
2705 3840 2926 3909 demum
2952 3854 3201 3919 veniunt,
3234 3850 3496 3923 patientis

1874 3947 2287 4018 compatiuntur
2319 3945 2675 4012 cruciatibus,
2736 3953 2791 3998 et
2818 3944 3172 3999 confitentem
3206 3949 3495 4012 peccatum

1874 4054 2055 4102 suum,
2087 4036 2650 4105 emendationemque
2677 4033 3083 4105 promittentem
3105 4032 3362 4104 precibus
3381 4033 3498 4087 suis

1875 4132 2162 4186 absolvere
2210 4130 2449 4183 student.
2512 4128 2577 4183 At
2617 4126 2709 4182 ille
2757 4126 2939 4181 statim
2972 4142 3030 4181 se
3063 4126 3261 4181 melius
3292 4126 3492 4180 habere

1877 4222 2179 4295 professus,
2203 4222 2295 4276 ubi
2328 4236 2606 4276 recessere
2660 4219 2878 4286 fratres,
2912 4219 3211 4280 convaluit,
3247 4234 3336 4273 res
3361 4234 3499 4288 quas

1878 4317 2151 4370 invaserat
2179 4313 2441 4381 reddidit,
2465 4329 2529 4369 ac
2570 4312 2838 4383 deinceps
2865 4311 2933 4366 ab
2967 4327 3156 4366 earum
3180 4326 3238 4364 se
3270 4309 3496 4365 laesione

1874 4409 2164 4464 continuit.
2227 4409 2426 4461 Verum
2478 4412 2634 4461 tanta
2674 4406 2871 4460 domus
2927 4404 3048 4471 ejus
3099 4401 3293 4457 affecta
3341 4402 3496 4457 clade

1878 4497 2050 4552 fuisse
2103 4496 2447 4567 perhibetur,
2504 4501 2564 4549 ut
2611 4495 2697 4548 vix
2764 4494 2934 4565 aliqui
2992 4492 3358 4547 remanserint
3400 4491 3497 4562 qui

1875 4590 2087 4644 eisdem
2114 4589 2280 4642 rebus
2328 4586 2413 4640 usi
2457 4585 2671 4640 fuerant
2704 4603 2718 4651 ;
2754 4586 2856 4658 ipsi
2897 4585 3063 4639 etiam
3099 4584 3228 4654 equi
3251 4592 3307 4637 et
3328 4598 3498 4637 canes

1877 4676 2206 4743 interierint,
2230 4683 2285 4731 et
2339 4677 2458 4746 ipse
2487 4689 2771 4745 pervasor,
2816 4672 3047 4744 perditis
3095 4688 3217 4727 cum
3249 4681 3374 4727 cute
3402 4688 3498 4726 ca-

1877 4766 2043 4837 pillis,
2076 4772 2131 4820 et
2161 4764 2410 4837 ungulis,
2437 4764 2526 4818 vix
2555 4762 2813 4817 evaserit.

2481 4873 2688 4929 CAPUT
2707 4872 2884 4926 XLIII.

2086 4950 2161 5003 De
2188 4948 2452 5002 miraculo
2480 4949 2538 4999 in
2566 4946 2750 5001 Rheno
2790 4945 3010 5012 ﬂumine
3035 4946 3277 5013 patrato.

1943 5040 2094 5094 Tunc
2125 5038 2196 5094 ob
2231 5038 2638 5093 infestationem
2659 5037 3059 5111 Hungarorum,
3091 5052 3212 5106 quae
3242 5031 3495 5103 primitus

1874 5142 1941 5182 eo
1971 5134 2221 5197 tempore
2246 5126 2302 5181 in
2335 5128 2440 5182 hcc
2471 5133 2773 5182 emerserat
2812 5142 3063 5199 regnum,
3090 5124 3326 5180 concilio
3354 5121 3494 5176 inito

1872 5216 2121 5271 canonici
2153 5216 2330 5270 sancti
2388 5216 2655 5272 Balderici
2700 5216 2951 5269 Rhenum
2979 5231 3101 5269 cum
3136 5212 3363 5268 domino
3390 5227 3492 5266 suo

1873 5314 2233 5364 transmeant.
2293 5309 2424 5363 Inde
2489 5308 2727 5381 quadam
2785 5323 3016 5377 vespera
3060 5311 3388 5367 remeantes,
3437 5303 3491 5356 in

1874 5396 2118 5451 fluminis
2145 5396 2332 5453 medio
2364 5413 2558 5451 navem
2594 5396 2759 5465 jaclis
2790 5394 3043 5469 deﬁgunt
3072 5394 3348 5448 anchoris.
3385 5392 3492 5445 lte-

1874 5488 2129 5560 lictisque
2161 5489 2351 5560 paucis
2382 5489 2439 5543 in
2499 5489 2621 5544 navi
2651 5505 2773 5543 cum
2822 5504 2978 5542 sacro
3022 5487 3251 5558 pignore
3309 5492 3491 5538 custo-

1874 5578 2059 5644 dibus,
2088 5578 2191 5648 ipsi
2210 5578 2277 5632 ad
2295 5578 2610 5649 pnedictam
2645 5593 2903 5647 scapnam
2923 5583 3219 5647 prOperant
3240 5586 3488 5640 sumpos—

175 5660 420 5725 Balderici
474 5671 579 5727 sed
635 5670 851 5730 Milonis
885 5673 1247 5741 haberentur,
1295 5669 1766 5729 comminantibus
1865 5664 2130 5727 sessionis
2168 5670 2349 5726 villam
2379 5670 2530 5743 jscil.
2580 5668 2927 5739 Wastitiam].
2959 5668 3091 5722 Tres
3108 5682 3237 5721 vero
3260 5662 3482 5735 quidam
