4008 6158
517 290 623 370 319

1642 293 2005 351 FLODOARDI
2047 286 2346 345 CANONICI
2392 282 2719 371 REMENSIS

3697 281 3789 337 320

514 438 775 503 latrones,
807 442 1088 505 comperto
1143 429 1290 502 quod
1347 425 1505 498 pauci
1535 421 1872 478 resedissent
1898 418 1954 471 in
1994 415 2119 469 navi
2143 423 2198 489 Α
2224 409 2528 474 Guntmari,
2562 416 2617 462 et
2667 422 2735 461 ex
2782 405 3027 476 ipsorum
3078 402 3328 471 jussione
3375 401 3671 471 praedictum
3705 404 3791 460 iter

515 529 792 592 custodes,
822 525 1008 595 ibique
1040 524 1349 583 thesauros,
1390 516 1474 570 vel
1507 517 1828 569 ornamenta
1847 506 2021 562 sancti
2038 519 2123 558 re-

516 617 782 671 mansisse
814 593 937 681 rati,
966 625 1270 667 conscensa
1319 604 1554 659 tendunt
1606 601 1701 655 illo
1755 597 1968 670 cymba.
1995 593 2123 658 Sed,

516 715 811 780 antequam
835 691 1215 777 pertingercni
1237 700 1304 754 ad
1340 699 1512 768 ipsam
1540 710 1701 765 quam
1735 691 1995 762 petebant
2024 701 2129 740 na-

513 816 657 866 vem,
714 798 901 854 ezeeati
933 796 1220 858 divinitus,
1281 789 1608 862 perditoque
1664 799 1830 840 sensu
1857 779 2129 852 remigare

512 908 625 947 non
645 893 913 957 valentes,
944 889 1154 959 impetu
1179 881 1423 939 fluminis
1440 880 1567 935 ferri
1594 881 1900 948 coeperunt.
1925 872 2126 942 Sicque

514 986 766 1041 navicula
794 999 987 1040 eorum
1046 980 1194 1044 navi,
1234 993 1356 1049 quae
1406 973 1575 1029 sancti
1619 985 1818 1040 corpus
1846 966 2123 1033 servabat,

512 1078 750 1148 impacta
776 1074 1147 1144 contritaque,
1179 1068 1379 1124 mediis
1423 1082 1519 1121 eos
1568 1064 1625 1118 in
1653 1060 1915 1116 fluetibus
1953 1058 2121 1111 dere-

515 1147 700 1236 liquit.
733 1165 973 1229 Quorum
1000 1161 1218 1216 duobus
1250 1156 1417 1212 ﬂuvio
1437 1170 1557 1209 mox
1591 1147 2120 1220 absorptis,tertius,

517 1257 610 1327 qui
635 1256 797 1310 etiam
830 1253 1070 1308 famulus
1113 1258 1231 1307 erat
1259 1247 1432 1303 sancti
1462 1243 1752 1308 Balderici,
1792 1241 1937 1309 jacta
1958 1252 2123 1291 manu

442 1348 453 1351 '
516 1360 710 1398 navem
743 1338 919 1397 sancti
946 1341 1196 1412 arripuit,
1256 1346 1311 1393 et
1342 1336 1521 1391 taliter
1574 1331 1813 1387 evadens
1868 1332 2122 1391 mortem,

516 1433 954 1505 clericorumque
984 1433 1282 1505 perductus
1299 1430 1355 1483 in
1379 1425 1747 1499 praesentiam,
1772 1420 1907 1476 nihil
1936 1432 2125 1473 eorum

517 1545 641 1600 quae
671 1541 864 1597 passus
895 1524 1073 1578 fuerat
1100 1521 1321 1576 edicere
1339 1518 1529 1584 valuit,
1559 1516 1737 1569 donec
1752 1513 1808 1566 in
1827 1511 2126 1566 crastinum

514 1615 871 1681 refocillatus,
917 1626 1194 1683 sensuque
1253 1614 1476 1678 recepto
1532 1604 1751 1659 tandem
1806 1615 1929 1672 quae
1975 1605 2130 1673 gesta

516 1709 735 1763 fuerant
760 1705 1052 1761 enarravit.
1116 1703 1405 1772 Postquam
1452 1713 1583 1753 vero
1643 1712 1673 1749 a
1728 1692 1954 1764 przefato
2007 1691 2129 1745 loco

516 1797 681 1864 hujus
706 1794 852 1849 beati
885 1794 984 1848 viri
1015 1792 1081 1846 ad
1110 1806 1275 1845 suum
1307 1784 1704 1842 monasterium
1736 1788 1867 1836 sunt
1897 1794 2020 1834 ossa
2051 1793 2133 1831 re-
2159 1803 2206 1870 Β

518 1885 646 1949 lata,
677 1883 847 1937 multa
892 1880 1032 1934 inibi
1084 1879 1339 1932 feruntur
1395 1882 1615 1930 ostensa
1673 1868 1956 1933 miracula,
2010 1882 2131 1937 qum

522 1993 633 2047 prie
664 1973 1020 2028 multitudine
1067 1987 1178 2025 non
1225 1968 1501 2022 habentur
1543 1964 1764 2033 scripta.
1796 1962 1928 2014 Illuc
1957 1973 2136 2028 nuper

521 2069 743 2139 quidam
776 2082 987 2137 pauper
1014 2063 1299 2119 candelam
1354 2060 1613 2115 deferens
1636 2058 1691 2111 in
1722 2055 1927 2111 circulo
1957 2053 2132 2107 devo-

520 2159 710 2222 lutam,
743 2156 907 2227 paulo
935 2162 1060 2209 ante
1075 2155 1265 2208 horam
1297 2149 1663 2220 vespertinam
1696 2159 1862 2215 supra
1893 2141 2131 2197 loculum

516 2263 799 2303 sacrorum
832 2247 971 2300 hanc
1003 2244 1191 2315 posuit
1248 2242 1478 2297 ossium.
1525 2239 1624 2304 Qui
1683 2239 1820 2291 dum
1851 2235 1977 2289 data
2007 2248 2136 2287 ora-

518 2337 669 2390 tione
723 2335 1028 2399 recederet,
1090 2332 1273 2391 subito
1346 2329 1600 2398 candela,
1649 2341 1851 2396 supero
1905 2336 2137 2378 accensa

522 2428 672 2500 igne,
701 2428 871 2498 cmpit
908 2426 1123 2480 ardere.
1183 2425 1313 2489 Quae
1343 2423 1523 2477 donec
1579 2425 1762 2474 custos
1793 2416 2040 2473 ecclesiae
2067 2414 2135 2467 ad

516 2517 907 2589 vespertinalia
961 2516 1233 2587 pulsanda
1278 2514 1431 2573 venit
1485 2511 1663 2584 signa,
1698 2507 1885 2578 pallio,
1921 2503 2132 2559 cuisu-

521 2609 761 2678 perjeeta
782 2606 1025 2678 jacebat,
1054 2604 1247 2670 illaeso,
1273 2601 1620 2675 deﬂagravit,
1638 2614 1741 2653 nec
1774 2596 1938 2651 ullam
1966 2592 2134 2664 pallio

519 2698 827 2765 lmsionem,
861 2698 949 2753 cui
978 2698 1311 2760 adhaerebat,
1363 2693 1619 2769 aggessit.
1654 2691 1815 2751 Multa
1870 2695 2137 2760 praeterea

504 2780 839 2856 sanitatum,
872 2789 1436 2859 clarificationumque
1468 2786 1674 2840 ibidem
1708 2780 2042 2839 creberrime
2065 2778 2132 2832 ad

522 2879 856 2933 declaranda
891 2878 1065 2932 sancti
1095 2878 1179 2931 sui
1203 2877 1399 2931 merita
1416 2874 1678 2930 Dominus
1709 2870 2001 2928 ostendere
2020 2868 2137 2942 dig-

521 2976 685 3021 natur
713 2965 995 3033 miracula,
1030 2966 1099 3019 ad
1143 2967 1411 3021 honorem
1452 2964 1664 3019 scilicet
1696 2979 1758 3017 ac
1780 2961 2000 3015 laudem
2031 2973 2136 3013 no-

523 3054 688 3110 minis
707 3054 813 3122 sui,
847 3054 993 3126 quod
1017 3063 1100 3109 est
1129 3054 1482 3109 benedictum
1512 3053 1569 3106 in
1594 3051 1813 3105 saecula.

1120 3166 1331 3222 CAPUT
1361 3166 1538 3220 XLIV.

668 3259 743 3312 De
770 3257 1048 3312 miraculis
1077 3258 1136 3310 in
1160 3258 1484 3310 monasterio
1505 3258 1811 3309 sanctorum
1840 3254 1994 3306 Bome

1100 3343 1162 3382 ac
1198 3329 1361 3383 Deda:
1387 3329 1573 3394 factis.

598 3424 657 3477 In
682 3428 1100 3492 praememorato
1154 3420 1395 3492 denique
1454 3418 1764 3491 puellarum
1797 3413 2139 3470 monasterio

527 3516 734 3584 (supra,
761 3530 885 3583 oap.
919 3512 1094 3582 28),in
1126 3529 1236 3584 quo
1254 3511 1601 3583 praefatarum
1625 3514 1936 3562 sanctarum
1959 3506 2136 3570 Bovze,

528 3624 592 3661 ac
633 3607 794 3661 Dodae
830 3605 1091 3660 translata
1119 3604 1329 3675 praefati
1358 3617 1550 3658 sumus
1589 3615 1841 3670 corpora,
1874 3596 2141 3666 nonnulla

532 3699 883 3771 postmodum
918 3704 1126 3770 patrata
1155 3698 1457 3769 probantur
1488 3693 1772 3749 miracula.
1798 3691 1894 3746 Ubi
1926 3689 2142 3760 frigori-

533 3789 622 3843 tici
647 3796 810 3861 atque
837 3788 1069 3843 diversis
1086 3785 1508 3863 regritudinibus
1544 3782 1796 3853 occupati
1828 3779 2137 3843 venientes,

533 3886 719 3947 Optata
738 3888 1022 3934 merentur
1050 3878 1315 3948 sospitate
1344 3874 1537 3931 donari
1568 3871 1802 3926 maxime
1837 3871 1892 3923 in
1933 3869 2024 3922 die
2049 3882 2145 3922 so-

536 3970 836 4024 Iemnitatis
866 3970 1180 4025 earumdem
1238 3970 1424 4039 (idest
1476 3966 1545 4020 24
1608 3964 1867 4034 Aprilis).
1925 3968 1983 4014 tu
2039 3974 2146 4030 qua

533 4060 787 4130 quaedam
810 4075 989 4129 nuper
1035 4058 1242 4128 puella,
1300 4056 1493 4111 auditu
1535 4054 1807 4118 frustrata,
1863 4050 1915 4104 vi
1951 4047 2146 4102 invali—

535 4148 745 4202 tudinis
774 4164 973 4201 sensus
1007 4148 1172 4214 hujus
1209 4144 1480 4200 obturatis
1509 4142 1800 4206 meatibus,
1832 4141 2145 4194 interventu

534 4236 855 4290 earumdem
920 4245 1233 4289 sanctarum
1291 4232 1490 4287 Christi
1547 4246 1896 4301 sponsarum,
1931 4229 2145 4299 perdita

534 4324 744 4381 dudum
775 4326 965 4381 munia
982 4324 1229 4393 recipere
1257 4322 1455 4376 meruit
1482 4320 1719 4375 aurium.

1141 4439 1354 4494 CAPUT
1388 4438 1535 4492 XLV.

893 4516 968 4568 De
995 4514 1202 4567 visione
1254 4510 1543 4580 cujusdam
1580 4509 1788 4579 puellm.

610 4607 849 4662 Habetur
878 4606 933 4661 in
956 4608 1062 4662 hoc
1093 4606 1425 4660 monasterio
1457 4604 1707 4675 qumdam
1740 4598 2142 4656 sanctimonia-

540 4697 789 4771 Iisvirgo,
819 4698 1000 4768 neptis
1027 4694 1308 4767 quondam
1339 4692 1620 4748 Guntmari
1647 4691 1886 4764 religiosi
1918 4689 2146 4761 presby-

539 4787 663 4854 teri,
692 4787 916 4843 nomine
931 4785 1196 4849 Ricuidis,
1211 4784 1685 4854 cuiapparuerunt
1707 4782 1835 4836 olim
1856 4796 1955 4851 per
1967 4780 2145 4835 visum

539 4880 733 4935 beatus
759 4880 953 4934 Petrus
976 4877 1260 4948 apostolus
1285 4882 1340 4930 et
1367 4874 1563 4929 beatus
1592 4872 1897 4946 Remigius,
1928 4870 2146 4943 signiﬁ-

539 4980 729 5027 cantes
757 4972 829 5039 ei,
861 4971 1009 5043 quod
1042 4970 1147 5024 iter
1172 4969 1356 5023 Romae
1395 4966 1597 5032 eidem,
1645 4965 1773 5020 dum
1808 4973 2152 5020 reverteren-

540 5069 631 5118 tur
650 5063 718 5117 ad
745 5061 941 5132 ipsam,
968 5059 1297 5131 prazcepturi
1352 5065 1538 5112 essent
1561 5075 1575 5122 ;
1604 5065 2078 5127 asserueruntque
2092 5073 2152 5111 se

540 5155 725 5211 medio
756 5169 946 5209 mense
967 5152 1300 5223 Septembri,
1339 5149 1550 5205 scilicet
1579 5148 1931 5203 Exaltationis
1951 5155 2153 5203 sanctze

541 5249 851 5316 Crucisdie,
868 5263 1205 5304 reversuros.
1229 5247 1345 5310 Qua
1357 5245 1767 5315 exspectatione
1780 5260 2049 5315 suspensa
2064 5261 2096 5297 n
2108 5244 2154 5297 i-

546 5340 623 5394 hil
653 5340 783 5395 inde
800 5339 987 5405 alicui,
1020 5336 1295 5408 prohibita
1325 5335 1537 5408 scilicet
1567 5334 1634 5388 ab
1667 5334 1766 5399 eis,
1801 5351 1929 5389 ausa
1950 5342 2033 5389 est
2061 5335 2152 5387 in-

546 5428 760 5484 timare.
788 5428 885 5483 Die
911 5442 1041 5482 vero
1072 5442 1179 5497 qua
1228 5404 1594 5495 praedixerant
1630 5424 1924 5492 redituros,
1957 5424 2154 5478 iterum

546 5528 915 5593 apparaerunt
936 5520 1009 5587 ei,
1035 5520 1300 5587 jubentes
1327 5524 1385 5573 ut
1422 5517 1715 5573 accersiret
1754 5517 1972 5572 fratrem
1996 5533 2154 5571 suum

544 5606 896 5665 Fredericum
919 5608 1321 5680 presbyterum,
1354 5616 1407 5662 et
1425 5607 1802 5661 exhortaretur
1822 5622 1947 5660 eum
1977 5606 2155 5678 sequi,

547 5707 712 5771 prout
741 5697 920 5773 magis
962 5698 1252 5769 potuisset,
1307 5695 1537 5769 vestigia
1568 5695 1833 5765 praemissi
1857 5695 2160 5750 sacerdotis

2225 505 2541 575 injungeret
2565 499 2645 553 illi
2675 512 2863 552 secum
2917 494 3170 566 exsequi,
3220 493 3313 549 tali
3345 493 3591 548 videlicet
3609 501 3792 561 tenore,

2225 608 2286 654 ut
2317 597 2383 651 ab
2414 612 2478 649 ea
2503 595 2594 648 die
2627 609 2729 647 nec
2759 592 2872 658 ille,
2904 607 3010 646 nec
3050 590 3169 661 ipsa
3216 604 3436 643 carnem
3457 589 3791 656 comederent,

2228 699 2323 746 aut
2352 689 2539 743 vinum
2586 687 2862 750 biberent,
2922 685 3101 739 donec
3137 684 3240 738 iter
3276 683 3455 753 ipsum
3504 682 3792 753 arriperent,

2231 782 2336 837 nisi
2367 786 2580 835 tantum
2617 778 2753 844 vini,
2803 783 3072 848 quantum
3101 774 3209 830 emi
3260 773 3527 844 potuisset
3545 788 3607 827 ex
3624 775 3794 843 pretio,

2232 870 2382 942 quod
2404 884 2572 938 super
2597 866 2770 921 altare
2801 862 3080 935 quoddam
3105 861 3174 917 ab
3207 860 3351 932 ipsis
3399 860 3450 915 ei
3490 859 3797 929 designatum

2226 966 2511 1033 repertura
2547 964 2712 1022 esset,
2744 957 2866 1027 ipsa
2921 954 3185 1009 duntaxat
3225 951 3550 1023 perciperet.
3586 951 3644 1005 Ut
3683 966 3797 1025 ergo

2225 1055 2358 1109 inde
2387 1051 2564 1124 magis
2595 1050 2930 1104 crederetur.
2950 1046 3214 1117 quasdam
3231 1058 3472 1110 sorores,
3503 1050 3609 1097 tres
3637 1042 3803 1096 videli-

2224 1156 2312 1204 cet
2338 1144 2788 1202 sanctimoniales
2805 1142 2970 1209 hujus
2998 1138 3345 1203 monasterii,
3378 1138 3446 1192 ad
3468 1138 3523 1191 id
3544 1137 3797 1209 inquiren-

2225 1238 2355 1293 dum
2385 1237 2490 1290 sibi
2511 1240 2682 1289 testes
2710 1228 3413 1295 ascisceret,denominatis
3430 1226 3803 1296 scilicetperso~

2226 1326 2335 1391 nis,
2376 1339 2515 1395 quas
2545 1322 2813 1377 advocare
2841 1319 3149 1373 debuisset.
3179 1318 3412 1371 Sanctus
3441 1322 3618 1369 autem
3645 1314 3804 1369 Remi-

2226 1420 2351 1493 gius
2382 1419 2489 1472 hoc
2517 1416 2749 1486 insuper
2786 1413 3022 1479 addidit,
3082 1420 3142 1466 ut
3197 1411 3411 1465 diceret
3440 1409 3531 1462 illa
3560 1407 3696 1462 fratri
3722 1421 3804 1461 suo

2232 1517 2507 1582 quatenus
2538 1513 2685 1562 esset
2705 1519 2937 1570 memor,
2971 1503 3117 1575 quod
3146 1502 3223 1555 illi
3257 1500 3538 1571 quondam
3567 1512 3805 1568 apparue-

2236 1607 2336 1666 rat,
2369 1605 2422 1652 et
2452 1597 2503 1651 ei
2532 1594 2962 1649 locutusiuerat.
2996 1591 3215 1645 Addens
3247 1589 3413 1642 etiam
3445 1601 3545 1658 pro
3571 1586 3716 1659 signo
3738 1600 3808 1638 re-

2232 1688 2589 1764 cognitionis,
2618 1685 2767 1757 quod
2799 1701 2923 1739 eum
2950 1683 3005 1736 in
3030 1682 3208 1752 palma
3235 1681 3304 1734 de
3318 1678 3543 1734 cultello
3566 1675 3809 1732 visusfue-

2234 1788 2317 1833 rat
2364 1777 2719 1848 percussisse.
2777 1775 2843 1826 At
2882 1772 2975 1825 illa
3021 1784 3145 1824 mox
3186 1769 3254 1823 ad
3305 1766 3596 1839 praefatum
3624 1766 3811 1818 tratrem

2235 1886 2395 1925 suum
2427 1869 2671 1932 mittens,
2716 1864 2994 1918 mandavit
3022 1863 3074 1916 ei
3102 1870 3163 1916 ut
3190 1860 3262 1914 ad
3290 1876 3364 1927 .se
3407 1859 3717 1913 festinanter
3736 1871 3815 1908 ve-

2236 1963 2399 2017 niret.
2434 1960 2534 2025 Qui
2565 1959 2799 2014 veniens
2836 1970 3078 2010 sororem
3135 1969 3291 2007 suam
3321 1952 3457 2006 hora
3496 1951 3604 2019 jam
3626 1962 3818 2017 veSper-

2238 2052 2354 2107 tina
2375 2050 2623 2120 jejunam
2647 2048 2850 2113 adhuc,
2879 2054 2933 2100 et
2963 2045 3033 2098 de
3062 2043 3275 2098 visione
3297 2041 3458 2097 valde
3493 2038 3815 2110 stupefactam

2240 2140 2469 2196 invenit.
2513 2138 2642 2202 Quae
2689 2136 2965 2190 advocans
2996 2131 3383 2186 denominatas
3414 2128 3523 2183 sibi
3557 2126 3818 2182 sanctimo-

2238 2233 2431 2297 niales,
2458 2230 2660 2299 pariter
2676 2234 2803 2282 ante
2832 2225 3153 2279 denOtatum
3180 2222 3351 2276 altare
3383 2229 3594 2291 septem
3612 2218 3817 2289 psalmos

2237 2322 2647 2395 pmnitentiales
2671 2320 3123 2379 decantaverunt,
3147 2313 3353 2369 additis
3374 2313 3603 2382 insuper
3627 2308 3817 2363 litania-

2238 2430 2361 2467 rum
2393 2411 3032 2482 precibus,accesserunt
3048 2404 3119 2458 ad
3142 2403 3335 2469 altare,
3356 2409 3414 2456 et
3437 2406 3693 2455 exuentcs
3707 2411 3820 2466 ope-

2237 2503 2507 2569 rimentis,
2527 2505 2857 2572 repererunt
2884 2498 2938 2552 iu
2961 2512 3137 2552 cornu
3154 2494 3404 2563 ejusdem
3426 2491 3615 2547 altaris
3628 2489 3822 2545 obolum

2237 2612 2486 2667 parvum,
2526 2609 2693 2665 quem
2741 2598 3087 2647 assumentes
3144 2604 3269 2642 cum
3318 2581 3825 2660 gratiarumactione

2237 2690 2512 2746 dederunt
2538 2704 2639 2759 pro
2680 2687 2834 2752 vino,
2875 2684 3025 2755 quod
3072 2680 3458 2737 tantummodo
3482 2679 3599 2733 haec
3642 2673 3826 2730 sancti-

2239 2780 2499 2834 monialis
2519 2777 2682 2841 bibit,
2724 2791 2835 2831 non
2892 2773 3162 2842 deinceps
3215 2768 3453 2840 amplius
3491 2768 3673 2822 vinum
3691 2779 3826 2818 sum-

2238 2881 2418 2943 ptura,
2443 2871 2622 2925 donec
2652 2869 2755 2923 iter
2784 2866 3091 2934 injunctum
3145 2870 3254 2916 tam
3287 2863 3424 2933 ipsa,
3457 2875 3621 2931 quam
3651 2853 3829 2928 praedi-

2237 2969 2359 3016 ctus
2389 2961 2558 3015 frater
2585 2974 2739 3021 suus,
2758 2956 2980 3010 inirent.
3007 2952 3163 3017 Quod
3189 2950 3426 3005 ﬁdeliter
3447 2956 3507 3004 et
3536 2945 3834 3002 ﬁducialiler

2239 3048 2590 3118 arripientes,
2644 3058 2931 3115 prospere,
2982 3041 3095 3096 Deo
3119 3040 3374 3108 juvante,
3420 3044 3478 3093 et
3526 3038 3581 3091 S.
3615 3036 3763 3090 Petro
3789 3039 3833 3085 et

2165 3124 2213 3193 C
2238 3146 2427 3195 smcto
2462 3138 2710 3211 Remigio
2730 3133 3250 3209 suﬁ‘ragantibus,ut
3280 3130 3418 3202 ipsis
3468 3129 3832 3209 promiserantz

2244 3200 2695 3303 peregeruntlc
2719 3200 2985 3295 deincevps
3028 3239 3060 3277 a
3090 3200 3350 3277 carnibus
3381 3200 3485 3274 illa
3512 3224 3723 3295 (praeter
3747 3200 3837 3268 Do;

2245 3322 2530 3391 minicam)
2567 3319 2828 3385 abstinet,
2853 3333 2916 3372 ac
2945 3315 3125 3370 tribus
3154 3312 3354 3368 diebus
3384 3312 3443 3365 in
3492 3306 3835 3365 hebdomada.

2241 3430 2418 3484 usque
2439 3414 2570 3467 dum
2586 3412 2803 3482 signum
2833 3415 2999 3463 sonet
3025 3407 3095 3461 ad
3141 3404 3465 3470 secundam,
3509 3401 3646 3456 nihil
3676 3396 3839 3469 operis

2241 3508 2372 3579 agit,
2394 3506 2745 3562 orationibus
2788 3510 2842 3557 et
2897 3499 3220 3573 psalmodize
3274 3513 3480 3555 vacans
3520 3514 3537 3561 ;
3570 3494 3716 3567 quod
3744 3490 3837 3546 sibi

2241 3618 2419 3673 usque
2451 3602 2517 3655 ad
2546 3607 2761 3670 septem
2783 3611 2958 3652 annos
2986 3600 3384 3650 commemorat
3399 3590 3705 3670 adimplere
3720 3602 3841 3658 prm-

2242 3700 2487 3764 ceptum.
2520 3690 2691 3746 Fratri
2722 3704 2853 3744 vero
2895 3702 2996 3742 suo
3020 3691 3446 3757 prtememorato
3474 3685 3586 3738 hoc
3613 3698 3643 3736 a
3665 3694 3842 3750 supra-

2246 3784 2409 3839 dictis
2426 3783 2632 3839 sanctis
2680 3796 2777 3852 per
2821 3780 2997 3850 ipsam
3038 3778 3359 3832 mandatum
3408 3781 3509 3840 est,
3534 3782 3598 3829 ut
3626 3778 3844 3844 quatuor

2247 3874 2445 3928 diebus
2488 3874 2542 3927 in
2586 3870 2938 3926 hebdomada
2964 3885 2996 3923 a
3048 3866 3330 3931 carnibus,
3363 3863 3512 3920 omni
3549 3878 3679 3917 vero
3709 3867 3843 3916 sexta

2248 3968 2384 4022 feria
2411 3984 2442 4021 a
2470 3967 2599 4022 vino
2621 3981 2840 4036 semper
2862 3964 2990 4018 dum
3014 3962 3302 4025 advixerit,
3324 3960 3525 4014 debeat
3556 3956 3839 4012 abstinere.

2247 4057 2374 4122 Quae
2406 4064 2461 4112 ct
2486 4056 2783 4111 observare
2812 4051 2914 4109 visi
2937 4057 3083 4105 sunt.

2848 4141 3057 4197 CAPUT
3080 4140 3251 4193 XLVI.

2458 4241 2532 4292 De
2558 4239 2726 4292 altero
2750 4238 2931 4293 Remis
2964 4233 3271 4304 puellarum
3298 4233 3645 4286 monasterio.

2317 4331 2563 4385 Alterum
2621 4330 2863 4401 denique
2916 4329 3162 4399 puellare
3217 4323 3621 4381 monasterium
3678 4320 3849 4376 Remis

2246 4418 2484 4475 habetur
2508 4421 2673 4475 situm
2697 4420 2763 4474 ad
2785 4426 3017 4490 portam,
3036 4434 3160 4489 qua:
3182 4416 3313 4472 olim
3336 4409 3854 4479 Collaticia,scilicet

2173 4492 2226 4561 ί)
2252 4529 2283 4567 a
2304 4513 2657 4569 conferendis
2687 4513 2983 4579 mercibus,
3026 4526 3173 4565 nunc
3204 4506 3510 4563 Basilicaris
3558 4505 3719 4576 [forte
3759 4504 3852 4556 Ba-

2244 4604 2420 4675 seillo]
2447 4610 2692 4669 vocatur,
2727 4618 2795 4657 eo
2811 4601 2957 4673 quod
2984 4601 3129 4655 circa
3151 4616 3208 4653 se
3232 4596 3473 4651 basilicis
3487 4594 3727 4659 dudum,
3756 4605 3854 4662 pne

2247 4696 2460 4750 caeteris
2489 4695 2681 4765 portis,
2709 4694 3020 4748 abundasse
3052 4692 3257 4746 feratur
3279 4705 3407 4755 ;seu
3438 4688 3587 4759 quod
3603 4684 3859 4740 euntibus

2247 4784 2315 4838 ad
2344 4784 2653 4845 basilicam,
2705 4782 2762 4836 in
2801 4782 2921 4837 vico
2975 4780 3148 4835 sancti
3200 4776 3432 4849 Remigii
3472 4774 3858 4834 consistentes,

2252 4876 2440 4946 pervia
2462 4875 2645 4929 fuerit.
2676 4875 2852 4945 Supra
2872 4889 3034 4945 quam
3060 4872 3264 4926 domno
3314 4868 3610 4941 Rigoberto
3646 4864 3858 4919 habita-

2253 4967 2434 5020 culum
2460 4964 2627 5019 fuisse
2668 4961 3222 5019 commemoravimus
3268 4959 3324 5029 [ι.
3359 4973 3416 5022 n,
3460 4971 3509 5010 c.
3566 4953 3683 5023 12].
3717 4948 3863 5015 Quod

2255 5056 2649 5112 monasterium
2700 5057 2973 5111 domnus.
3006 5051 3343 5106 Gunthertus
3384 5047 3468 5102 vir
3524 5044 3763 5099 illustris
3816 5042 3865 5094 in

2254 5152 2464 5206 honore
2518 5149 2690 5204 sancti
2756 5147 2896 5202 Petri
2980 5143 3348 5201 construxisse
3405 5138 3663 5203 traditur,
3724 5134 3867 5207 quod

2258 5240 2461 5314 regale,
2484 5239 2570 5293 vel
2594 5237 2775 5293 ﬁscale
2794 5242 3037 5297 vocatur,
3062 5248 3128 5288 eo
3150 5231 3299 5303 quod
3328 5230 3383 5284 in
3403 5227 3570 5299 regali
3594 5231 3869 5297 potestate.

2255 5350 2433 5405 usque
2466 5333 2536 5386 ad
2567 5332 2833 5386 moderna
2897 5335 3144 5396 tempora
3194 5323 3359 5378 fuerit
3415 5320 3689 5375 habitum.
3723 5315 3871 5382 Quod

2256 5398 2651 5478 monasterium
2686 5417 2990 5473 Ludovicus
3021 5415 3321 5484 imperator
3351 5403 3602 5478 Alpheidi
3644 5402 3770 5473 [al.,
3791 5398 3874 5453 Al-

2259 5514 2408 5584 paidi
2463 5517 2513 5566 et
2564 5510 2738 5580 infra]
2802 5507 2929 5562 filia:
2972 5522 3105 5572 suae,
3150 5503 3307 5559 uxori
3346 5497 3581 5573 Begonis
3629 5490 3876 5553 comitis,

2259 5606 2405 5660 dono
2453 5603 2626 5669 dedit,
2659 5601 2950 5672 eidemque
2993 5613 3150 5654 sacro
3192 5596 3313 5651 loco
3344 5586 3713 5647 immanitatis
3741 5598 3881 5653 prae-

2258 5699 2477 5761 ceptum
2491 5688 2792 5762 delegavit,
2807 5696 2865 5741 ut
2881 5694 2935 5740 et.
2960 5695 3115 5757 pater
3133 5683 3315 5755 ipsius
3332 5678 3557 5735 Karolus
3573 5674 3882 5743 imperator
