4010 6162
244 305 322 360 321

238 434 390 506 egerat
407 426 542 483 olim.
573 418 719 486 Quod
769 416 1085 473 ccenobium
1119 422 1311 486 postea
1349 429 1449 483 per
1478 410 1777 483 precariam
1808 411 1859 479 Α

235 499 1039 594 ipsiusAIpheidis,ve1filiorum
1067 505 1188 573 ejus
1209 502 1426 557 Letardi
1449 509 1503 556 et
1531 499 1781 565 Ebrardi,

235 588 290 665 ad
307 612 484 678 partem
512 608 562 655 et
605 597 1010 670 possessionem
1040 592 1325 649 Remensis
1353 590 1577 646 devenit
1606 588 1782 644 eccle-

235 699 327 754 siae.
340 694 421 748 llic
431 690 604 746 haberi
621 687 883 743 asseritur
900 687 1037 741 deus
1051 684 1248 740 sanctii
1272 682 1502 737 Andreae
1518 680 1779 754 apostoli:

232 788 357 857 cujus
373 781 617 839 beneﬁcia
643 780 824 847 multi,
858 778 953 850 qui
982 794 1109 833 eum
1136 775 1371 832 osculari
1396 780 1785 846 promerentur

231 879 498 949 frequenter
555 872 912 943 experiuntur
969 868 1192 923 infirmi.
1252 867 1500 921 Vidimus
1557 865 1667 931 hic,
1726 864 1783 918 in

229 968 418 1025 ecclesia
443 964 642 1020 scilicet
672 964 835 1032 hujus
864 961 1127 1029 cmuobii,
1160 976 1381 1016 cereum
1412 959 1542 1032 igne
1573 954 1783 1013 caelesti

230 1067 293 1113 ter
327 1071 521 1127 quoque
550 1070 841 1109 accensum
873 1071 888 1119 ;
949 1068 1113 1123 quem
1145 1066 1370 1106 cereum
1409 1048 1610 1104 collata
1658 1060 1786 1099 cera

227 1149 420 1204 fecerant
466 1146 680 1217 quidam
712 1146 861 1200 cives
904 1145 1223 1209 Remenses,
1267 1143 1363 1215 qui
1405 1142 1475 1196 ad
1510 1140 1786 1195 visitanda

226 1252 367 1307 nuper
383 1234 745 1305 Apostolorum
775 1232 966 1288 limina
998 1232 1229 1304 profecti
1259 1231 1505 1286 fuerant.
1539 1229 1787 1283 Vidimus

226 1329 268 1382 in
282 1329 368 1382 hoc
384 1340 588 1397 quoque
613 1326 950 1380 monasterio
978 1324 1216 1394 puellam
1245 1323 1538 1393 quamdam
1558 1320 1785 1375 sudasse

224 1416 516 1490 sanguinem,
565 1430 688 1485 qua:
726 1422 856 1469 tunc
888 1412 1237 1468 hebdomada
1268 1412 1436 1483 plena
1477 1410 1654 1480 jacuit
1684 1409 1789 1463 im-

222 1515 355 1574 mota,
392 1507 536 1578 quasi
590 1515 830 1573 mortua,
872 1513 927 1560 et
958 1505 1201 1561 visiones
1258 1505 1308 1558 ei
1357 1512 1486 1559 sunt
1545 1509 1785 1558 ostensae

223 1599 475 1654 nonnulla.

744 1669 953 1725 CAPUT
1010 1669 1205 1724 XLVII.

300 1767 364 1819 De
384 1764 562 1853 domno
612 1764 944 1830 Guntberdo,
983 1768 1034 1817 et
1062 1764 1235 1833 ipsius
1287 1777 1457 1817 uxore
1491 1764 1674 1817 Berta.

1808 1773 1860 1841 B

269 1874 552 1931 Praemissus
629 1876 819 1948 itaque
895 1876 1134 1931 domnus
1197 1875 1537 1930 Gunthertus
1624 1872 1789 1941 hujus

215 1970 465 2027 instructor
491 1970 758 2038 cmnobii,
787 1971 979 2027 relicta
1004 1972 1261 2045 conjuge,
1289 1969 1568 2025 maritima
1588 1974 1790 2039 petens

216 2062 327 2129 loca,
359 2063 444 2117 ille
496 2063 659 2118 etiam
708 2064 1109 2119 monasterium
1140 2063 1419 2135 quoddam
1469 2059 1788 2116 condidisse

215 2153 364 2208 fertur.
395 2155 487 2209 Ubi
524 2163 577 2211 et
615 2174 649 2210 a
686 2156 941 2211 barbaris
991 2155 1294 2211 decollatus
1333 2152 1788 2224 fuisseytraditur,

215 2240 385 2296 Relicta
412 2258 536 2298 vero
564 2243 743 2314 ipsius
774 2243 977 2298 domna
1010 2244 1166 2298 Berta
1204 2242 1520 2298 caenobium
1544 2238 1790 2311 puellare

213 2330 326 2398 apud
352 2331 712 2397 Avennacum,
754 2331 984 2385 Domino
1028 2330 1132 2385 sibi
1166 2331 1348 2385 locum
1381 2345 1481 2400 per
1536 2327 1791 2402 angelum

211 2421 591 2488 demonstrante,
625 2424 954 2478 construxit.
991 2423 1053 2478 Et
1093 2423 1223 2477 dum
1259 2422 1397 2477 inibi
1441 2437 1638 2493 aquam
1679 2435 1790 2474 non

210 2508 416 2575 haberet,
449 2510 761 2582 impetravit
805 2527 835 2565 a
866 2510 1285 2582 possessoribus
1316 2509 1585 2581 proximae
1616 2509 1790 2574 silvae,

210 2603 384 2675 argenti
438 2603 571 2658 libra
607 2605 761 2671 data,
810 2603 1018 2660 fontem
1051 2603 1368 2674 quemdam,
1419 2601 1638 2656 duobus
1681 2600 1793 2655 fere

211 2692 414 2749 millibus
453 2712 482 2749 a
518 2712 619 2752 suo
648 2695 987 2751 monasterio
1037 2696 1359 2751 distantem.
1405 2695 1478 2748 Ex
1507 2708 1617 2765 quo
1645 2692 1793 2747 fonte

211 2796 309 2836 mox
351 2784 485 2837 rivus
526 2801 786 2855 egressus
816 2791 1035 2840 secutus
1062 2791 1144 2839 est
1198 2800 1320 2839 eam
1380 2783 1447 2837 ad
1480 2781 1792 2837 coenobium

211 2880 523 2930 remeantem.
550 2874 652 2938 Qui
698 2873 878 2928 adhuc
913 2873 1141 2947 largiter
1163 2871 1418 2938 afﬂuens,
1440 2886 1540 2941 pro
1558 2886 1623 2926 eo
1645 2869 1795 2941 quod

210 2968 505 3023 tantumdem
545 2968 713 3024 fuerit
758 2975 997 3039 emptus,
1030 2967 1194 3022 Bibra
1230 2968 1519 3022 vocitatur.
1556 2963 1796 3038 Privigni

210 3054 412 3126 denique
431 3057 601 3128 ipsius
618 3058 839 3113 domnae
861 3058 1050 3118 Bertm,
1077 3056 1426 3128 insurgentes
1441 3062 1631 3110 contra
1649 3070 1793 3120 eam,

213 3143 571 3202 interemerunt
602 3149 774 3203 illam.
800 3147 900 3214 Qui
928 3147 1111 3202 statim
1136 3146 1318 3201 traditi
1344 3147 1555 3200 Satanm
1574 3144 1630 3198 in
1653 3144 1797 3198 inte-
1824 3149 1874 3218 (ζ

212 3236 345 3291 ritum
358 3240 551 3307 carnis,
576 3240 648 3294 ab
680 3241 920 3295 humano
942 3255 1108 3295 sensu
1132 3239 1188 3292 in
1208 3238 1493 3292 beluinam
1521 3236 1795 3291 feritatem

214 3334 719 3399 mutati,decessisse
746 3334 864 3405 [ms.
895 3351 974 3401 νη
997 3333 1313 3403 defecisse],
1348 3332 1614 3387 feruntur.
1640 3331 1796 3401 Nepti

211 3440 317 3479 vero
339 3428 517 3481 domui
549 3428 863 3491 Guntherti,
898 3428 1125 3482 nomine
1154 3426 1399 3492 Montiae,
1421 3441 1543 3496 quae
1573 3425 1800 3481 sceleris

214 3516 351 3586 hujus
365 3529 737 3577 consentanea
758 3522 954 3588 fuerat,
972 3528 1134 3576 noctu
1148 3520 1396 3595 vigilanti
1416 3521 1625 3575 domna
1642 3520 1801 3573 Berta

212 3604 355 3661 fertur
372 3611 724 3681 apparuisse,
743 3610 907 3681 eique
934 3609 1288 3681 praecepisse,
1320 3619 1379 3663 ut
1397 3606 1800 3679 corpusdomni

211 3699 557 3759 Guntbertiad
589 3706 742 3760 hunc
772 3705 952 3760 locum
986 3702 1217 3758 referrre
1239 3710 1537 3776 satageret,
1560 3719 1624 3757 ac
1647 3703 1804 3770 juxta

211 3808 343 3848 suum
371 3796 529 3851 funus
558 3797 888 3861 collocaret;
922 3796 1114 3868 sicque
1146 3796 1223 3851 illi
1260 3804 1545 3866 peccatum
1569 3793 1805 3850 consciae

216 3887 344 3942 necis
370 3906 478 3945 suae
508 3891 782 3945 Dominus
812 3890 1142 3963 indulgeret.
1178 3890 1306 3954 Qua:
1338 3888 1557 3958 signum
1588 3894 1804 3957 petens,

214 3995 303 4048 quo
323 3982 422 4037 sibi
451 3984 744 4038 dimissum
774 3984 828 4037 id
871 3999 995 4037 esse
1044 3983 1232 4047 sciret,
1264 3981 1472 4036 audivit
1501 3980 1648 4051 quod
1680 3994 1809 4034 mox

219 4074 405 4141 utjussa
422 4079 781 4149 complesset,
802 4092 866 4132 ex
890 4078 1010 4146 ejus
1025 4092 1118 4132 ore
1138 4078 1221 4131 vel
1248 4076 1471 4131 naribus
1494 4080 1811 4144 erumperet

214 4171 427 4242 sanguis.
460 4172 618 4237 Quod
667 4180 721 4226 et
770 4171 1056 4242 impletum
1084 4178 1185 4239 est,
1220 4171 1350 4225 dum
1389 4182 1590 4239 corpus
1619 4166 1807 4222 domui

217 4254 469 4314 Guntbeni
514 4262 676 4329 juxta
731 4260 931 4334 pignus
1008 4260 1181 4314 Bertae
1241 4258 1575 4314 reconditur.
1644 4256 1811 4325 Hujus

214 4344 401 4402 domnae
422 4350 838 4419 Bertaa'corpus
867 4356 991 4419 post
1022 4355 1240 4403 centum
1272 4347 1491 4403 circiter
1516 4361 1690 4400 annos
1720 4345 1810 4399 in-

212 4447 405 4494 ventum
434 4450 517 4497 est
535 4443 834 4513 integrum,
860 4449 913 4497 et
933 4443 1107 4515 plagae
1142 4440 1317 4512 ipsius
1346 4440 1423 4494 ita
1445 4447 1575 4494 tunc
1606 4436 1811 4493 recenti

814 285 1143 343 HISTORI/E
1184 281 1514 339 ECCLESl/E
1554 276 1882 335 REMENSIS
1922 274 2098 329 LIBRI
2137 268 2463 335 QUATUOR.
2494 297 2561 307 —
2596 264 2716 318 LIB.
2762 263 2844 316 IV.

3391 253 3497 313 322

1888 402 2276 477 praeceptionis
2328 398 2501 470 ipsius
2549 394 2696 469 regis
2747 390 3004 456 obtinuit,
3038 395 3091 443 et
3142 402 3240 459 pro
3294 385 3501 442 conﬁr—

1887 496 2086 550 mando
2118 509 2184 548 eo
2223 490 2350 545 huic
2391 486 2660 551 ecclesiae,
2692 502 2724 538 a
2762 483 3021 537 Formoso
3077 494 3219 551 papa
3260 476 3494 548 privile-

1883 588 2032 664 gium
2066 585 2383 659 apostolicae
2409 580 2559 635 sedis
2582 575 2919 650 impetravit.

2456 710 2662 767 CAPUT
2704 708 2929 763 XLVIII.

2060 812 2135 864 De
2163 807 2371 863 duabus
2400 803 2631 858 ccclesiis
2670 799 2846 853 sancti
2878 795 3088 855 Hilarii
3127 794 3317 848 Remis.

1957 919 2093 973 Sunt
2132 917 2222 971 hic
2248 913 2432 969 Remis
2459 909 2705 966 ecclesiae
2736 907 2859 961 duae
2881 905 2938 959 in
2965 904 3173 959 honore
3200 899 3375 956 sancti
3403 898 3498 953 lli-

1885 1008 2049 1063 larii:
2098 1022 2207 1060 una
2250 1003 2390 1057 infra
2439 1001 2734 1063 civitatem,
2783 996 2838 1050 in
2885 1011 2993 1066 qua
3027 1009 3204 1063 nuper
3246 990 3499 1069 quaedam

1886 1096 2071 1168 puella
2097 1098 2401 1157 contracta,
2441 1096 2495 1144 et
2522 1084 2819 1159 paralytica
2846 1083 3034 1137 divina
3079 1087 3163 1135 est
3187 1085 3368 1134 erecta
3392 1077 3502 1132 vir-

1886 1195 2001 1243 tute
2026 1205 2040 1253 ;
2074 1187 2264 1249 altera,
2297 1198 2419 1254 qua:
2445 1187 2527 1235 est
2549 1177 2828 1249 antiquior
2848 1174 3111 1240 ecclesia,
3139 1177 3265 1226 ante
3291 1176 3505 1241 portam

1885 1281 2069 1336 Martis
2104 1280 2227 1345 sita,
2251 1293 2414 1349 quam
2465 1282 2690 1328 sanctus
2716 1268 3044 1343 Rigobertus
3067 1263 3313 1336 pontifex
3350 1270 3508 1316 ante-

1886 1371 2205 1428 cessoribus
2264 1368 2466 1423 nostris
2505 1363 2724 1420 clericis
2784 1362 2849 1416 ad
2882 1358 3216 1430 sepulturam
3263 1355 3506 1425 ipsorum

1886 1460 2061 1515 dedit.
2104 1461 2233 1524 Qua:
2264 1456 2495 1520 dudum,
2528 1453 2739 1507 scilicet
2792 1456 2917 1504 ante
2948 1444 3370 1508 discessionem,
3420 1440 3504 1495 vel

1886 1549 2271 1620 expulsionem
2320 1544 2508 1600 domui
2569 1539 2771 1596 Artaldi
2829 1536 3097 1608 episc0pi,
3151 1532 3360 1589 crebris
3389 1530 3511 1584 illu-

1887 1642 2164 1698 strabatnr
2218 1638 2519 1694 miraculis.
2569 1635 2723 1691 Unde
2754 1641 2809 1687 et
2861 1641 2994 1686 tunc
3045 1628 3114 1683 ab
3154 1642 3244 1694 eo,
3293 1624 3509 1680 civibus

1888 1749 2109 1806 quoque
2136 1730 2397 1806 suffragia
2420 1727 2750 1792 ferentibus,
2778 1722 2940 1779 tectis
2965 1736 3029 1776 ac
3056 1718 3212 1774 novis
3233 1723 3318 1772 est
3344 1731 3510 1785 repa-

1889 1805 2007 1879 rata
2039 1805 2411 1894 laquearibus.
2446 1818 2578 1872 Nam
2627 1814 2849 1887 quidam
2891 1825 3091 1871 caecus,
3118 1806 3342 1862 nomine
3375 1805 3513 1858 Pau-

1888 1917 1995 1981 Ius,
2044 1913 2362 1970 admonitus
2412 1912 2466 1966 in
2500 1909 2730 1974 somnis,
2783 1912 2842 1961 ut
2870 1904 2937 1960 ad
2970 1900 3222 1958 eamdem
3257 1907 3512 1971 pergeret

1890 2004 2203 2070 ecclesiam,
2237 2003 2424 2057 lumen
2469 2000 2545 2054 ibi
2579 2004 2922 2068 recepturus,
2976 1990 3217 2057 advenit,
3252 1997 3306 2043 et
3352 2003 3513 2043 recu-

1890 2102 2084 2165 perato
2117 2092 2348 2158 lumine,
2381 2104 2485 2144 nec
2515 2103 2689 2154 mora,
2746 2085 2942 2141 videns
2978 2079 3238 2136 abcessit.
3282 2076 3511 2143 Quidam

1892 2204 1961 2242 ex
1985 2184 2234 2256 episcOpi
2276 2181 2494 2237 famulis
2544 2195 2670 2234 cum
2720 2178 2790 2232 ad
2840 2177 3015 2247 ipsam
3049 2178 3304 2246 pergeret
3331 2169 3513 2225 eccle-

1892 2276 2037 2329 siam
2087 2274 2418 2345 piscatorem
2450 2284 2574 2324 cum
2633 2266 2880 2337 piscibus
2909 2270 3035 2318 ante
3084 2260 3230 2316 fores
3265 2257 3514 2314 ecclesia:

1892 2363 2118 2419 obvium
2150 2360 2375 2425 habuit;
2408 2374 2548 2430 quos
2593 2354 3017 2428 apprehendens
3053 2351 3203 2406 velut
3232 2355 3517 2419 empturus

1893 2454 2137 2510 abstulit.
2193 2456 2256 2507 At
2298 2467 2509 2523 pauper
2552 2449 2646 2503 ille
2682 2447 2940 2519 piscator,
2976 2450 3033 2498 ut
3088 2443 3216 2496 inde
3256 2441 3362 2495 sibi
3390 2455 3512 2494 cum

1896 2551 2086 2600 sancto
2120 2541 2321 2597 Hilario
2360 2538 2702 2603 conveniret,
2746 2534 3102 2589 devotionum
3147 2530 3414 2585 clamores
3440 2528 3518 2581 lu-

1895 2637 2057 2711 gubri
2087 2642 2273 2689 mente
2304 2633 2360 2687 in
2394 2648 2519 2686 eum
2555 2628 2804 2701 ingessit.
2857 2626 2918 2679 At
2947 2625 3041 2679 ille
3069 2621 3385 2693 de3piciens
3410 2620 3516 2674 hu-

1889 2728 2201 2798 juscemodi
2221 2741 2406 2791 voces,
2433 2722 2744 2785 ecclesiam,
2769 2718 2928 2789 quasi
2953 2717 3177 2771 missam
3205 2714 3510 2775 auditerus,

1898 2816 2136 2872 intravit.
2160 2814 2265 2870 Ubi
2296 2815 2425 2868 dum
2466 2817 2654 2876 staret,
2687 2808 2871 2864 subito
2902 2805 3127 2873 corruit,
3162 2803 3516 2879 graviterque

1895 2916 2121 2964 vexatus
2150 2907 2385 2976 ejicitur.
2439 2904 2513 2958 De
2546 2919 2654 2974 qua
2691 2900 2980 2955 vexatione
3012 2913 3120 2952 non
3175 2910 3345 2966 parvo
3372 2901 3522 2949 tem-

1818 3024 1829 3035 ι
1896 3017 2029 3073 pore
2058 2998 2344 3056 laboravit.
2378 2997 2442 3052 In
2472 2997 2634 3067 hujus
2662 2991 2910 3049 ecclesiae
2942 2987 3265 3046 cmmeterio
3288 2985 3516 3058 quidam

1897 3094 2210 3165 Scotigena,
2243 3089 2338 3144 Dei
2370 3089 2590 3154 Servus,
2620 3085 2751 3141 olim
2773 3083 3041 3155 sepultus.
3066 3081 3174 3136 Sed
3206 3096 3329 3135 cum
3346 3079 3459 3148 jam
3489 3094 3521 3133 a

1899 3186 2105 3242 nostris
2134 3191 2189 3239 et
2240 3198 2464 3249 nomen,
2497 3189 2549 3235 et
2575 3178 2843 3234 memoria
2900 3176 3072 3247 ipsius
3103 3174 3403 3244 sepulturae
3438 3171 3523 3227 vi-

1899 3279 2125 3333 deretur
2154 3276 2385 3341 abolita,
2422 3272 2632 3344 apertis
2689 3286 2811 3325 sese
2843 3268 3012 3340 coepit
3063 3263 3416 3321 manifestare
3439 3262 3525 3317 vi-

1900 3368 2076 3422 sibus.
2110 3366 2242 3419 Nam
2276 3364 2405 3417 dum
2429 3361 2653 3432 quidam
2684 3357 2886 3413 civium
2917 3371 3029 3411 non
3056 3354 3124 3409 de
3147 3350 3522 3414 inferioribus,

1900 3455 1998 3510 sed
2031 3470 2242 3526 pauper
2273 3451 2462 3517 rebus,
2486 3449 2618 3504 olim
2651 3446 2855 3502 nostris
2879 3445 3078 3499 diebus
3099 3442 3331 3509 obisset,
3364 3439 3525 3495 amici

1903 3544 2022 3612 ejus
2072 3543 2139 3597 ad
2207 3538 2581 3615 Hildegarium
2638 3536 2800 3605 hujus
2853 3533 3098 3589 ecclesia:
3145 3529 3527 3602 presbyterum

1903 3636 2253 3701 accedentes,
2288 3639 2485 3704 petunt
2513 3630 2582 3685 ab
2629 3644 2695 3684 eo
2725 3635 2786 3683 ut
2841 3626 3022 3681 locum
3064 3624 3171 3679 sibi
3228 3623 3528 3695 sepulturae

1907 3727 2227 3798 impertiret,
2263 3725 2356 3779 ubi
2391 3723 2790 3793 sarcophagum
2822 3718 3149 3789 ,rcperireut
3176 3716 3232 3769 in
3264 3730 3374 3786 quo
3404 3730 3530 3770 cor-

1907 3837 2015 3891 pus
2070 3818 2245 3889 ipsius
2275 3814 2578 3870 recondere
2612 3817 2860 3883 possent,
2894 3810 3121 3881 quiazdc
3164 3807 3327 3862 rebus
3357 3806 3532 3878 ipsius

1908 3909 2057 3966 unde
2079 3914 2328 3964 emerent
2357 3922 2469 3961 non
2491 3904 2782 3959 haberent.
2821 3901 2921 3966 Qui
2942 3902 3069 3954 dum
3095 3899 3175 3954 eis
3196 3898 3367 3970 petita
3398 3913 3533 3953 con-

1910 4003 2191 4068 cessisset,
2248 3998 2590 4068 sepulturam
2649 3993 2792 4049 servi
2845 3992 2940 4046 Dei
2999 3999 3374 4062 apcrucrunt;
3431 3989 3529 4044 sed

1912 4095 2092 4165 ipsum
2123 4092 2244 4161 ejus
2287 4089 2686 4162 sarcOphagum
2740 4084 2955 4156 aperire
2986 4083 3372 4154 nequiverunt.
3417 4082 3533 4146 Quo

1912 4186 2121 4252 audito,
2164 4184 2456 4255 presbyter
2504 4178 2757 4244 accessit,
2799 4185 2853 4233 et
2900 4160 3305 4247 coopertoriuni
3345 4190 3534 4229 sarco-

1912 4278 2078 4353 phagi
2133 4277 2315 4330 levare
2370 4279 2610 4338 tentans,
2658 4268 3058 4341 aliquantulum
3092 4266 3309 4337 aperuit
3345 4266 3533 4337 sepul-

1913 4383 2086 4422 crum.
2133 4366 2203 4420 De
2235 4379 2343 4436 quo
2371 4378 2498 4417 mox
2541 4360 2839 4435 fragrantia
2869 4367 3032 4412 tanta;
3058 4354 3344 4411 suavitatis
3371 4371 3526 4410 emao

1913 4459 2079 4524 navit,
2140 4464 2199 4511 ut
2253 4470 2534 4526 nunquam
2578 4470 2636 4508 se
2677 4450 3143 4507 delectabiliorem
3202 4456 3433 4503 testatus
3464 4448 3532 4502 sit

214 4528 448 4589 afﬂuxere
472 4534 775 4609 sanguine.
801 4550 864 4588 ac
890 4534 935 4587 Si
958 4535 1150 4588 eadem
1179 4533 1314 4588 hora
1334 4532 1548 4587 viventi
1572 4531 1805 4585 fuissent
1830 4518 1888 4587 D
1915 4546 2160 4601 hausisse
2191 4518 2436 4600 odorem-1.
2464 4541 2965 4612 [ntrospicicnsque
2993 4538 3142 4593 videt
3168 4553 3367 4608 corpus
3395 4538 3532 4593 inte-

215 4619 434 4695 ingestae.
451 4627 529 4681 Ad
548 4628 747 4683 horum
763 4626 1004 4697 denique
1016 4633 1333 4681 sanctorum
1349 4625 1620 4679 honorem
1633 4631 1687 4678 et
1700 4640 1813 4677 me-

214 4713 355 4771 ritum
378 4720 905 4787 demonstrandum,
960 4721 1131 4774 multa
1162 4718 1510 4790 postmodum
1543 4716 1812 4772 Dominus

213 4800 441 4877 dignatus
462 4816 546 4864 est
575 4809 798 4879 operari
818 4808 1101 4867 miracula.
1128 4823 1250 4878 quae
1272 4822 1438 4862 causa
1460 4806 1810 4880 negligentia

212 4907 304 4948 non
320 4897 593 4954 habentur
611 4899 869 4970 ascripta.
896 4900 971 4953 De
1004 4897 1346 4970 quibuslibet
1364 4904 1544 4968 autem
1578 4897 1806 4951 tribula-

213 4984 432 5044 tionibus
462 4992 714 5062 ipsorurn
743 4992 1097 5066 congregatio
1114 4989 1807 5059 Dominimisericordiam,

212 5089 295 5143 per
307 5094 489 5134 eorum
510 5081 972 5136 intercessionem
995 5081 1243 5151 expetiit,
1263 5078 1698 5133 misericorditer
1714 5078 1811 5131 im-

212 5180 410 5232 pensam
468 5172 580 5225 sibi
616 5172 1052 5227 consolationem
1083 5170 1372 5241 percipere
1411 5170 1627 5223 meruit.
1659 5169 1809 5232 Quee-

210 5254 315 5310 dam
356 5268 628 5328 praeterea
682 5260 881 5315 mulier
928 5259 997 5314 ab
1049 5259 1216 5314 altare
1264 5259 1429 5327 hujus
1484 5258 1803 5313 monasterii

211 5341 416 5401 linteum
447 5365 634 5419 nuper
664 5349 837 5404 furata
864 5365 1051 5404 secum
1082 5348 1228 5403 ferre
1252 5348 1449 5413 voluit,
1482 5347 1581 5402 sed
1614 5348 1802 5419 egredi

208 5433 474 5492 ecclesiam
526 5438 686 5493 nullo
716 5439 879 5495 modo
925 5438 1123 5509 potuit,
1155 5449 1334 5494 donec
1363 5454 1522 5493 suum
1553 5437 1806 5493 confessa

210 5536 419 5597 reatum,
448 5532 733 5587 sublatum
764 5532 1002 5589 restituit
1028 5533 1185 5588 altari
1237 5534 1438 5590 velum.
1476 5534 1586 5589 Hoc
1616 5550 1808 5589 mona-

206 5619 436 5687 sterium,
492 5622 585 5678 vel
639 5622 915 5678 abbatiam
965 5624 1202 5678 domnus
1255 5623 1421 5678 Fulco
1480 5624 1678 5693 praesul
1736 5623 1806 5677 ab

208 5708 379 5768 Odone
405 5731 536 5788 rege
567 5717 801 5773 concedi
841 5717 1091 5773 ecclesiae
1122 5717 1380 5772 Remensi
1418 5734 1518 5788 per
1546 5717 1805 5791 paginam

1909 4650 2067 4709 grum
2126 4630 2564 4687 sacerdotalibus
2620 4627 2811 4683 infulis
2849 4627 3187 4693 redimitum,
3247 4642 3531 4698 recompo—

1911 4736 2161 4792 nensque
2183 4719 2423 4791 sepulcri
2449 4718 2669 4789 pallam,
2694 4731 2808 4771 non
2832 4731 2998 4770 ausus
3023 4722 3107 4770 est
3130 4715 3270 4769 hanc
3290 4714 3529 4785 amplius

1908 4811 2118 4866 violare
2148 4808 2520 4879 sepulturam;
2546 4805 2795 4877 permisit
2817 4813 3000 4859 tamen
3028 4811 3087 4858 ut
3118 4804 3264 4858 idem
3303 4819 3525 4874 corpus,

1910 4898 2176 4971 depositis
2214 4897 2569 4970 quibusdam,
2619 4900 3092 4965 superponeretur
3138 4893 3361 4949 tabulis.
3404 4894 3529 4964 Ipsa

1911 5000 2073 5046 nocte
2103 4991 2253 5045 visus
2281 4996 2363 5044 est
2395 4989 2447 5043 ei
2467 4987 2772 5043 avunculus
2801 5002 2936 5040 suus
2976 4985 3264 5056 presbyter
3292 4986 3349 5040 in
3380 5001 3527 5042 som-

1910 5079 2017 5145 nis,
2051 5078 2145 5149 qui
2171 5078 2283 5147 jam
2309 5077 2517 5131 dudum
2547 5076 2881 5142 decesserat,
2910 5090 3165 5129 asserens
3189 5074 3338 5145 quod
3368 5075 3527 5130 valde

1909 5167 2231 5223 offendisset
2260 5168 2430 5221 Deum
2457 5164 2727 5236 prmterita
2744 5164 2853 5231 die,
2872 5163 3109 5217 maxime
3138 5163 3184 5217 si
3208 5163 3524 5235 sepulcrum

1907 5261 2081 5314 sancti
2112 5260 2318 5315 violare
2350 5257 2814 5329 przesumpsisset.
2869 5257 3018 5311 Idem
3051 5272 3273 5328 quoque
3330 5256 3527 5312 beatus

1908 5353 1989 5407 vir
2014 5352 2238 5422 quidam
2277 5352 2382 5405 sub
2415 5350 2548 5420 ipsis
2578 5349 2776 5403 diebus
2807 5357 3080 5419 apparuit,
3112 5359 3167 5403 et
3192 5349 3322 5420 quia
3361 5349 3523 5404 valde

1907 5451 2228 5516 gravaretur
2249 5459 2361 5514 prae
2391 5442 2637 5513 pondere
2659 5448 2712 5496 ct
2744 5441 3071 5516 indignitate
3096 5441 3397 5512 superjecti
3418 5440 3525 5494 sibi

1907 5533 2191 5587 cadaveris
2214 5532 2506 5599 intimavit,
2532 5539 2587 5586 et
2610 5537 2668 5586 ut
2694 5531 2963 5585 indicaret
2984 5530 3307 5601 presbytero
3326 5528 3523 5598 jussit:

1908 5626 2037 5697 quia
2069 5625 2176 5679 nisi
2208 5625 2315 5679 cito
2346 5640 2546 5695 corpus
2587 5624 2639 5677 id
2686 5624 2829 5694 [ms.,
2853 5624 2986 5694 jam]
3023 5621 3250 5678 fetidum
3282 5637 3311 5674 a
3341 5620 3527 5690 sepul-

1910 5726 2137 5773 turasua
2154 5717 2467 5788 repelleret,
2488 5716 2673 5771 divina
2700 5717 3026 5787 quantocius
3046 5715 3253 5769 ultione
3272 5712 3543 5786 plccten-'
