4012 6164
514 237 622 296 3‘23

1625 230 1989 288 FLODOARDI
2033 227 2704 306 CANONlCKREMENSlS

3669 243 3754 302 324

516 360 620 414 dus
650 363 810 413 esset.
844 356 938 411 His
968 354 1259 426 presbyter
1288 354 1762 412 admonitionibus
1790 357 2126 429 pavefactus,
2152 364 2205 433 Α
2231 360 2400 431 cepit,
2432 359 2752 431 facturaque
2782 357 2948 413 ﬁdem
2971 356 3150 424 dictis,
3180 372 3300 414 cum
3325 359 3511 416 marito
3536 361 3595 416 ad
3614 363 3758 422 vicum

515 448 749 504 cadaver
777 444 923 517 quod
954 444 1253 515 sepultura:
1291 444 1466 499 sancti
1495 446 1902 516 superpositum
1928 446 2127 515 fuerat,

513 539 636 608 ejici
669 538 798 594 fecit
819 554 943 593 cum
976 537 1351 606 festinatione,
1381 545 1436 593 et
1466 546 1654 609 aperta
1685 539 1817 593 alibi
1844 540 2130 611 sepultura

513 627 841 683 recondidit.
865 626 1025 681 Visus
1045 633 1129 681 est
1156 626 1301 681 idem
1320 634 1545 682 sanctus
1569 628 1784 683 Domini
1806 636 2000 699 postea
2017 629 2131 684 cui-

514 718 637 773 dam
669 717 894 783 rustico,
929 716 1261 788 praecipiens
1292 716 1343 772 ei
1372 723 1435 772 ut
1463 717 1570 772 iret
1598 717 1666 772 ad
1689 719 2010 790 episcopum
2032 719 2130 773 Ar-

510 809 742 876 toldum,
762 808 1106 864 etindicaret
1121 808 1172 864 ei
1196 824 1261 864 ex
1278 808 1466 863 verbis
1489 809 1631 878 ejus,
1651 817 1711 865 ut
1733 825 1936 880 corpus
1954 810 2129 881 ipsius

511 903 657 975 quod
682 910 835 958 extra
861 900 1099 973 jaccbat,
1133 902 1276 956 intra
1298 901 1585 956 ecclesiam
1609 901 1946 956 transferret.
1972 902 2127 966 Quod

511 996 656 1050 idem
687 995 927 1049 rusticus
971 994 1223 1050 intimare
1257 993 1476 1060 timens,
1513 994 1755 1065 neglexit
1784 994 2123 1048 mandatum.

510 1085 621 1141 Nec
648 1086 813 1159 longe
830 1092 956 1155 post
978 1084 1175 1139 iterum
1199 1098 1473 1153 apparens
1493 1082 1795 1156 evigilanti,
1823 1082 2029 1136 duriter
2048 1082 2128 1135 in-

512 1178 757 1249 crepavit
785 1178 958 1240 illum,
1002 1192 1173 1249 quare
1203 1183 1537 1246 prazccptum
1568 1174 1827 1249 neglexit,
1860 1183 1913 1229 et
1945 1174 2123 1229 corri-

511 1270 672 1341 piens
692 1270 850 1342 alapa
865 1270 985 1338 ejus
1001 1268 1277 1340 percussit
1299 1266 1593 1321 maxillam.
1618 1266 1717 1331 Qui
1739 1281 1865 1320 mox
1878 1267 2124 1320 auditum

513 1359 697 1413 amisit
729 1358 899 1429 ipsius
928 1358 1077 1412 auris
1103 1358 1159 1411 in
1191 1373 1300 1428 qua
1330 1371 1622 1427 percussus
1651 1361 1732 1409 est
1770 1362 1945 1426 parte,
1974 1354 2125 1424 capi-

514 1446 695 1517 tisque
730 1446 921 1501 dolore
953 1461 1052 1517 per
1080 1444 1371 1499 dimidium
1394 1442 1508 1497 fere
1537 1450 1766 1498 vexatus
1793 1450 1876 1498 est
1898 1459 2127 1498 annum.

507 1539 723 1594 Deinde
778 1538 998 1594 cuidam
1039 1538 1363 1608 presbytero
1391 1537 1446 1591 in
1474 1536 1668 1593 eadem
1719 1537 1973 1603 ecclesia,
2025 1535 2127 1590 sub

508 1626 795 1697 praemisso
835 1626 1122 1681 sacerdote
1173 1625 1457 1693 servienti,
1497 1642 1774 1697 apparens
1830 1625 1886 1678 in
1916 1624 2128 1680 visione

511 1716 751 1786 quadam
778 1716 1064 1772 Dominica
1098 1722 1279 1781 nocte,
1310 1714 1763 1783 admonuiteum,
1792 1713 2128 1785 utepiscopo

508 1803 798 1871 indicaret,
832 1813 1106 1876 quatenus
1138 1820 1341 1875 corpus
1366 1805 1542 1875 ipsius
1580 1804 1635 1857 in
1676 1803 1993 1874 praedictam
2033 1816 2128 1856 ec-

512 1895 740 1951 clesiam
771 1895 1134 1964 transferret;
1191 1896 1373 1951 locum
1406 1911 1625 1968 quoque
1680 1894 1776 1949 ubi
1808 1894 2127 1966 ponendum

510 1985 655 2043 foret
684 1989 981 2043 ostendere
1020 2003 1137 2044 non
1166 1988 1371 2055 omisit,
1401 1988 1663 2044 intimans
1694 1987 1744 2042 ei
1788 1986 2023 2055 obitum,
2073 1994 2129 2041 et

508 2094 730 2145 causam
762 2079 970 2149 obitus,
998 2080 1086 2136 vel
1116 2080 1386 2136 adventus
1421 2081 1528 2147 sui,
1569 2078 1888 2155 significans
1917 2095 1976 2134 se
1997 2080 2131 2134 Sco-

506 2166 751 2241 tigenam
785 2166 976 2234 fuisse,
1012 2168 1351 2240 Romamque
1381 2169 1650 2225 orationis
1681 2168 1853 2244 gratia
1883 2183 2007 2223 cum
2038 2181 2130 2222 so-

507 2258 608 2313 ciis
636 2259 868 2329 petendi
900 2260 1098 2315 itinere
1158 2269 1508 2332 occupatum,
1551 2277 1583 2316 a
1620 2260 1927 2316 latronibus
1963 2275 2130 2331 super

504 2350 747 2405 Axonam
778 2348 1004 2406 ﬂuvium
1048 2350 1221 2407 fuisse
1253 2361 1626 2424 peremptum,
1661 2353 1903 2424 indeque
1927 2368 2129 2423 corpus

504 2453 664 2493 suum
687 2454 718 2493 a
746 2439 915 2495 sociis
944 2440 1053 2495 huc
1068 2440 1335 2509 delatum,
1359 2441 1551 2513 ibique
1580 2442 1854 2512 sepultum
1883 2459 1897 2507 ;
1927 2457 2129 2513 propa-

505 2529 628 2585 lans
648 2531 813 2585 etiam
842 2546 1045 2587 nomen
1067 2549 1254 2601 suum,
1287 2534 1437 2605 quod
1466 2542 1755 2589 vocaretur
1774 2533 2128 2589 Morolilanus

510 2621 649 2692 [sciL
680 2623 1058 2695 Merolianus],
1076 2624 1283 2696 jubens
1309 2633 1368 2680 ut
1391 2625 1447 2679 id
1479 2641 1704 2693 nomen,
1737 2642 1808 2680 ne
1839 2626 1977 2680 forte
2007 2640 2129 2679 me-

505 2715 680 2770 moria
735 2715 1111 2784 delaberetur,
1142 2718 1420 2772 ascribere
1463 2724 1702 2786 curaret,
1744 2717 2127 2788 inclinansque

506 2819 569 2859 se
606 2813 932 2878 partemque
991 2814 1176 2875 cretae,
1218 2825 1339 2880 qum
1384 2808 1609 2864 fortuitu
1632 2808 1873 2878 jacebat,
1927 2824 2130 2880 appre-

504 2894 757 2949 hendens
777 2895 933 2951 dedit
958 2896 1030 2961 ci,
1057 2897 1389 2969 praecipiens
1411 2904 1471 2953 ut
1498 2897 1631 2952 illud
1659 2898 1925 2953 continuo
1951 2898 2127 2952 adno—

504 2990 644 3040 taret
670 2985 725 3038 in
756 3001 881 3041 arca
927 3003 1049 3058 quae
1079 2987 1221 3043 lecto
1251 2986 1425 3058 ipsius
1462 2987 1796 3042 adhaerebat.
1832 2987 1999 3051 Quam
2031 2986 2125 3041 ille

503 3086 707 3134 cretam
738 3078 890 3133 visus
936 3085 1018 3133 cst
1048 3078 1352 3150 accepisse,
1386 3095 1704 3151 nomenque
1735 3079 2120 3150 descripsisse.

506 3166 572 3222 In
607 3184 717 3240 quo
749 3169 878 3223 dum
912 3184 1011 3240 pro
1031 3170 1074 3224 L
1107 3168 1307 3236 littera,
1337 3170 1377 3224 R
1405 3168 1693 3238 scriberet,
1725 3168 2000 3243 corrigere
2020 3170 2125 3224 hoc

508 3276 633 3315 eum
666 3261 902 3327 monuit,
953 3268 1009 3316 et
1038 3261 1114 3316 ita
1145 3261 1199 3315 in
1233 3262 1530 3316 crastinum
1561 3262 1668 3317 hoc
1715 3276 1917 3317 nomen
1945 3261 2122 3317 ascri-

505 3359 660 3423 ptum
690 3353 975 3408 inventum
1019 3360 1122 3419 est,
1180 3361 1240 3408 ut
1278 3361 1572 3409 testaretur
1611 3354 1757 3409 idem
1813 3354 2122 3426 presbyter,

505 3441 654 3511 quod
689 3440 968 3516 vigilando
999 3458 1101 3512 per
1129 3441 1274 3497 diem
1336 3452 1443 3497 tam
1475 3442 1619 3498 bene
1650 3443 1893 3499 scribere
1924 3445 2124 3516 nequi-

505 3532 697 3587 visset.
734 3534 941 3597 Quibus
968 3534 1401 3590 revelationibus
1422 3536 1667 3591 monitus
1695 3535 2012 3607 episcopus,
2040 3552 2125 3591 ec-

503 3619 726 3675 clesiam
753 3623 976 3693 quidem
1010 3624 1307 3679 restaurari
1340 3624 1489 3691 fecit,
1522 3625 1618 3680 sed
1649 3640 1851 3696 corpus
1873 3634 2121 3681 sanctum

503 3729 614 3769 non
656 3718 956 3772 transtulit.
992 3718 1103 3773 Nec
1133 3718 1227 3774 diu
1254 3724 1446 3789 postea
1499 3718 1581 3774 sic
1610 3719 1659 3774 ei
1690 3719 1943 3792 contigit,
1974 3728 2034 3774 ut
2067 3720 2123 3774 in

500 3807 694 3864 eadem
735 3810 970 3867 ecclesia
991 3827 1174 3867 coram
1209 3812 1436 3886 Hugone
1467 3812 1719 3885 principe
1749 3829 1809 3869 se
1840 3812 2123 3870 abdicaret

499 3897 768 3970 episcopii
797 3900 1219 3976 gubernatione.

1098 4011 1306 4066 CAPUT
1344 4012 1518 4067 XLIX.

566 4100 643 4153 De
671 4098 904 4153 ecclesiis
935 4101 995 4153 in
1022 4099 1219 4152 honore
1252 4104 1429 4154 sancti
1454 4104 1687 4156 Martini
1713 4105 2051 4172 circumqua-

603 4184 705 4239 que
730 4185 828 4239 per
858 4174 1025 4224 totum
1062 4172 1276 4224 circiter
1310 4174 1637 4240 episcopium
1666 4178 2008 4228 constructis.

569 4262 631 4315 In
686 4261 894 4316 honore
919 4277 1144 4333 quoque
1200 4261 1345 4316 beati
1381 4262 1595 4317 Martini
1645 4264 1830 4320 multa:
1878 4264 2116 4320 circum-

497 4365 720 4421 quaque
754 4365 853 4420 per
884 4356 1058 4405 totum
1098 4350 1315 4405 circiter
1352 4351 1697 4423 episcopium
1731 4352 2004 4409 habentur
2022 4370 2112 4410 ec-

2229 452 2500 523 pervenit,
2532 459 2588 505 et
2619 451 2757 505 dans
2775 465 2946 520 super
2971 448 3327 521 quarumdam
3352 450 3665 508 ecclesiarum
3691 456 3758 511 al-

2230 540 2365 595 taria
2389 539 2798 609 jusjurandum,
2826 538 3048 594 tandem
3077 537 3325 609 pervenit
3364 539 3427 593 ad
3453 540 3599 609 hujus
3622 545 3759 599 eccle-

2228 632 2322 686 siae
2353 632 2602 699 domum,
2647 631 2921 687 accedens
2964 630 3033 684 ad
3068 630 3257 697 altare,
3309 629 3431 685 dum
3466 630 3588 687 falsa
3619 644 3762 691 mente

2228 720 2438 789 dejerat
2467 719 2738 791 improba,
2770 725 2999 790 repente
3036 725 3193 775 utero
3221 718 3461 791 disrupto
3488 720 3764 789 ojuslabun~

2229 809 2317 864 iur
2347 810 2514 866 humo
2571 810 2840 877 intranea,
2881 806 3284 880 procidensque
3328 814 3531 864 mortua
3573 811 3765 867 ostendit

2228 918 2392 974 quam
2422 918 2553 958 vera
2581 909 2766 957 essent
2790 917 2911 973 quae
2932 901 3002 956 de
3022 916 3083 956 se
3112 901 3305 956 marito
3326 899 3525 956 fuerant
3546 902 3761 959 intimata.

2230 995 2325 1049 Ille
2356 1001 2490 1049 nutu
2520 994 2613 1049 Dei
2636 1000 2999 1065 compunctus
3027 994 3095 1048 ad
3126 992 3462 1060 miraculum,
3488 995 3672 1050 vovisse
3689 1002 3766 1051 tra-

2227 1086 2377 1140 ditur
2399 1103 2460 1142 se
2505 1086 2739 1141 ulterius
2769 1085 3057 1140 mulierem
3093 1099 3204 1140 non
3257 1084 3550 1139 habiturum
3578 1104 3593 1152 ;
3639 1086 3765 1142 fami-

2226 1178 2468 1249 liamque
2495 1178 2654 1233 uxori
2693 1177 3002 1252 delegatam
3042 1176 3223 1231 eidem
3260 1175 3511 1231 addicens
3546 1176 3762 1241 ecclesia,

2226 1267 2368 1321 hanc
2396 1265 2477 1321 eis
2504 1265 2657 1320 dedit
2687 1265 2889 1339 legem,
2918 1270 2978 1320 ut
3001 1264 3201 1335 capitis
3240 1279 3456 1318 censum
3482 1263 3661 1319 ibidem
3685 1268 3764 1321 de-

2227 1356 2555 1428 penderent,
2576 1355 2824 1425 nulliqne
2844 1360 3043 1425 praeter
3061 1353 3115 1407 id
3128 1353 3353 1409 obnoxii
3373 1353 3578 1409 servitio
3604 1354 3762 1410 forent.

2231 1444 2357 1508 Quae
2376 1443 2597 1498 familia
2626 1444 2731 1497 hac
2753 1442 2858 1497 sibi
2882 1443 3004 1516 lege
3034 1450 3268 1506 servata,
3299 1441 3365 1496 ad
3387 1441 3490 1496 duo
3516 1442 3683 1509 millia,
3703 1443 3767 1498 vel

2230 1532 2466 1603 amplius
2494 1533 2803 1587 excrevisse
2834 1531 3106 1602 reperitur
3133 1530 3333 1602 capita,
3364 1538 3420 1585 ut
3444 1530 3583 1596 olim,
3604 1530 3770 1586 scilicet

2230 1628 2521 1693 antequam
2585 1627 2890 1676 vastaretur
2938 1636 2969 1674 a
3008 1618 3281 1686 barbaris,
3329 1618 3598 1675 duodecim
3640 1618 3771 1674 libras

2155 1686 2205 1754 Β
2229 1686 2441 1790 argenti
2467 1716 2718 1788 partibus
2748 1721 3033 1788 praestaret
3061 1714 3332 1771 ecclesiae.

2880 1829 3090 1886 CAPUT
3128 1828 3185 1883 L.

2334 1905 2409 1958 De
2447 1903 2728 1958 miraculis
2782 1903 2960 1957 sancti
2998 1902 3231 1956 Martini
3273 1900 3446 1957 Remis
3473 1898 3692 1953 ostensis.

2297 1995 2433 2050 Aliis
2456 1997 2619 2051 etiam
2651 1994 2934 2050 nonnullis
2963 1993 3111 2049 beati
3152 1993 3331 2049 Patris
3361 1992 3516 2062 hujus
3539 1989 3672 2047 urbis
3694 2004 3772 2045 no-

2226 2090 2337 2139 stra
2367 2084 2540 2139 fertur
2568 2083 2830 2157 insignita
2880 2082 3183 2138 miraculis.
3236 2082 3309 2137 Ex
3359 2082 3549 2154 quibus
3593 2095 3650 2135 ea
3680 2094 3772 2149 quae

2227 2179 2449 2228 sanctus
2505 2172 2801 2246 Gregorius
2820 2172 3159 2228 Turonensis
3217 2172 3401 2244 (Gneo.
3430 2172 3519 2226 tib.
3549 2187 3595 2225 iv
3620 2171 3770 2225 Mirus.

2227 2264 2285 2320 S.
2313 2264 2561 2329 Martini,
2583 2279 2632 2318 c.
2672 2261 2764 2333 26)
2795 2261 2851 2316 in
2881 2262 2999 2316 suis
3028 2261 3417 2317 miraculorum
3438 2259 3584 2314 libris
3605 2263 3777 2313 enarrat

2229 2354 2319 2410 hic
2357 2355 2551 2409 indere
2582 2353 2812 2426 placuit,
2859 2359 2921 2408 ut
2948 2352 2994 2407 si
3024 2353 3119 2424 qui
3149 2353 3271 2408 haec
3314 2351 3569 2428 legentes,
3597 2364 3652 2404 ea
3675 2346 3780 2402 forte

2227 2461 2337 2501 non
2362 2446 2723 2521 legerint,hic
2742 2445 2988 2518 reperire
3016 2445 3250 2517 possint.
3280 2443 3486 2499 Rerfert
3507 2440 3639 2496 enim
3664 2436 3777 2510 quod

2227 2541 2545 2591 transeunte
2575 2551 2635 2590 se
2656 2536 2935 2607 quondam
2959 2550 3061 2606 per
3074 2550 3282 2608 pagum
3313 2534 3638 2591 Remensem,
3668 2533 3783 2581 retu-

2227 2628 2352 2684 lerit
2377 2629 2428 2683 ei
2470 2628 2693 2700 quidam
2723 2627 3034 2691 Remensis,
3065 2642 3347 2681 carcerem
3386 2626 3437 2680 in
3465 2639 3569 2696 quo
3592 2619 3780 2677 famulus

2229 2717 2404 2789 ipsius
2432 2716 2674 2772 hominis
2699 2717 2842 2770 inter
2858 2714 3334 2787 reliquosvinctus
3363 2713 3647 2779 tenebatur,
3666 2708 3779 2764 beati

2226 2807 2442 2863 Martini
2471 2806 2671 2862 virtute
2711 2804 3067 2876 patefactum,
3110 2805 3436 2875 vinctosque
3463 2802 3527 2858 ab
3563 2797 3783 2873 ergastulo

2194 2950 2201 2961 ,
2228 2899 2531 2967 absolutos,
2560 2898 2767 2954 liberos
2797 2897 3155 2953 abscessisse.
3199 2897 3330 2952 Erat
3358 2896 3498 2952 enim
3528 2889 3784 2963 hujusmodi

2227 3004 2434 3056 carcer,
2466 2996 2528 3043 ut
2565 3003 2734 3058 super
2756 2993 2963 3042 struem
2999 2986 3279 3061 tignorum
3309 3001 3435 3041 axes
3452 2981 3603 3039 validi
3632 2995 3785 3050 super-

2154 3057 2204 3127 C
2228 3081 2395 3153 positi
2436 3057 2878 3151 pulpitarentur:
2911 3094 2977 3134 ac
3004 3057 3248 3150 desuper
3274 3078 3371 3150 qui
3402 3075 3635 3133 eumdem
3661 3072 3781 3144 [θήρ.

2225 3171 2467 3243 eosdem]
2501 3171 2904 3242 opprimerent,
2923 3170 3175 3243 insignes
3199 3170 3419 3226 fuerant
3440 3167 3634 3238 lapides
3650 3162 3785 3219 collo-

2226 3263 2355 3319 cati.
2389 3263 2765 3317 Nihilominus
2790 3271 2845 3317 et
2873 3262 3072 3317 ostium
3113 3262 3354 3319 carceris
3381 3275 3501 3315 sera
3531 3258 3660 3314 ferro
3689 3270 3785 3309 mu-

2225 3357 2360 3421 nita,
2393 3356 2656 3422 obducto,
2686 3355 2837 3410 clave
2878 3355 3121 3427 pessulo,
3161 3354 3544 3410 obserabatur.
3576 3348 3670 3404 Sed
3701 3348 3781 3401 vir-

2227 3455 2314 3502 tus
2334 3444 2617 3505 antistitis.
2645 3451 2708 3498 ut
2734 3445 2853 3515 ipse
2884 3444 3091 3500 relator
3120 3443 3383 3511 asseruit,
3422 3440 3620 3513 lapides
3641 3434 3785 3509 pulpio

2224 3543 2389 3607 taque
2421 3533 2662 3602 disjecit,
2696 3540 2918 3589 catenas
2946 3532 3241 3608 confregit,
3270 3533 3477 3587 trabem
3498 3526 3785 3602 qumvincto-

2225 3645 2345 3683 rum
2374 3626 2689 3683 coarctabat
2713 3627 2886 3697 pedes
2912 3627 3150 3696 aperuit,
3182 3641 3247 3680 ac
3282 3641 3388 3681 nec
3415 3630 3640 3680 reserato
3657 3618 3781 3684 ostio,

2225 3717 2480 3773 homines
2537 3732 2637 3787 per
2671 3732 2801 3771 aera
2828 3715 3149 3771 sublevatos
3199 3714 3368 3783 foras,
3400 3722 3539 3771 tecto
3584 3716 3784 3783 patente,

2223 3809 2499 3881 produxit,
2524 3808 2716 3864 dicens
2740 3826 2752 3863 :
2792 3828 2818 3860 ι(
2839 3808 2948 3880 Ego
2978 3824 3098 3862 sum
3120 3807 3408 3875 Martinus,
3437 3806 3589 3862 miles
3608 3798 3785 3863 Christi,

2221 3900 2507 3957 absolutor
2524 3908 2725 3965 vester,
2744 3900 3026 3955 abscedite
3042 3916 3167 3956 cum
3190 3916 3351 3971 pace,
3380 3906 3432 3955 et
3460 3898 3601 3954 abite
3621 3889 3785 3951 securi.

2220 3990 2328 4046 Sed
2356 4006 2478 4046 cum
2519 4004 2646 4054 nos,
2686 3988 2870 4060 inquit
2900 3988 3217 4064 Gregorius,
3249 3990 3319 4044 ad
3353 4004 3534 4061 regem
3561 3981 3784 4041 acceden-

2220 4086 2304 4135 tes
2324 4080 2487 4149 hujus
2515 4078 2736 4135 virtutis
2773 4077 3097 4133 miraculum
3125 4076 3550 4139 difi‘amaremus,
3589 4071 3786 4128 afﬁrma-

2218 4168 2297 4224 vit
2327 4184 2419 4224 rex
2450 4168 2723 4240 quosdam
2761 4183 2826 4223 ex
2855 4168 2942 4222 his
2993 4167 3087 4240 qui
3141 4166 3382 4223 absoluti
3422 4168 3626 4223 fuerant
3665 4160 3784 4216 adsc

2216 4260 2462 4328 venisse,
2503 4266 2667 4332 atque
2697 4259 3157 4332 compositionem
3193 4258 3324 4315 fisco
3365 4259 3619 4323 debitam,
3655 4265 3784 4326 quam

2216 4348 2294 4403 illi
2328 4349 2542 4404 fredum
2570 4357 2791 4418 vocant,
2820 4357 2875 4406 et
2904 4365 2963 4405 se
2992 4349 3164 4406 fuisse
3202 4351 3316 4407 reis
3345 4350 3622 4406 indultam.
3651 4364 3677 4397 ι
3703 4341 3785 4395 Re-

497 4442 698 4508 clesiaa,
729 4441 932 4497 divinis
954 4443 1232 4498 miraculis
1258 4442 1564 4512 illustratse,
1588 4445 1653 4500 ad
1687 4462 1810 4518 qua:
1831 4446 2113 4503 neminem
2138 4426 2196 4496 Ι)
2220 4440 2325 4497 fert
2353 4441 2519 4497 etiam
2548 4442 2695 4497 idem
2719 4442 3013 4515 Gregorius
3038 4445 3153 4511 (ubi
3177 4459 3366 4514 supra.
3393 4445 3487 4498 lib.
3518 4459 3576 4508 ιι,
3595 4454 3696 4507 θαρε
3722 4433 3786 4493 Π)

500 4530 781 4586 credimus
805 4532 1111 4587 enarranda
1140 4532 1415 4589 sufficere.
1453 4535 1512 4588 In
1534 4534 1656 4591 vico
1677 4535 1919 4607 denique
1945 4537 2119 4591 sancti

495 4619 729 4696 Remigii
752 4629 968 4678 constat
993 4622 1229 4678 ecclesia
1254 4624 1419 4692 hujus
1445 4624 1590 4681 beati
1616 4625 1971 4694 confessoris,
1997 4642 2119 4699 quae

494 4708 819 4767 clericorum
848 4711 978 4766 olim
1010 4711 1182 4767 fertur
1212 4713 1474 4769 habuisse
1504 4716 2012 4790 congregationem,
2046 4717 2115 4772 de

495 4820 604 4879 qua
634 4807 741 4862 tale
773 4807 916 4878 apud
973 4824 1074 4863 nos
1106 4810 1339 4864 refertur
1382 4809 1729 4865 miraculum.
1762 4812 1991 4877 Quidam
2032 4812 2115 4867 vir

492 4898 741 4966 illustris,
795 4915 920 4955 cum
951 4901 1194 4957 duxisset
1245 4917 1493 4969 uxorem,
1528 4918 1637 4958 non
1697 4903 1860 4979 longe
1901 4912 2025 4975 post
2053 4904 2109 4959 in

491 4992 905 5063 expeditionem
920 5002 1197 5065 praecepto
1216 4995 1361 5067 regis
1388 4996 1688 5066 profectus,
1712 4996 1917 5068 diuque
1928 5012 2111 5053 mora-

493 5086 606 5146 tus,
639 5087 931 5153 postquam
961 5082 1182 5137 domum
1213 5083 1487 5150 rediisset,
1518 5083 1889 5159 significatum
1921 5093 2004 5141 est
2031 5087 2109 5141 illi

491 5166 640 5240 quod
665 5184 805 5224 uxor
845 5169 964 5238 ejus
994 5170 1264 5227 adulterio
1293 5170 1487 5228 fuisset
1516 5180 1791 5244 corrupta.
1825 5174 1995 5239 Quam
2025 5175 2111 5230 vir

487 5276 715 5317 uxorem
751 5261 1010 5336 diligens,
1044 5263 1137 5318 tali
1188 5265 1593 5321 examinatione
1644 5265 1878 5336 probare
1930 5267 2107 5324 voluit

486 5354 696 5419 audita,
730 5361 787 5409 ut
818 5370 984 5425 supra
1013 5372 1169 5411 sacra
1214 5358 1571 5413 ecclesiarum
1606 5376 1727 5431 quas
1763 5358 1818 5413 in
1853 5359 1953 5415 hac
1980 5360 2103 5417 vico

487 5442 766 5499 habentur
795 5459 932 5498 uxor
972 5444 1078 5499 sibi
1106 5446 1317 5511 juraret
1362 5447 1553 5502 altaria
1586 5448 1734 5519 quod
1773 5449 1878 5505 hoc
1915 5449 2104 5505 crimi-

486 5548 557 5588 ne
607 5538 752 5589 esset
785 5532 1029 5601 innoxia,
1060 5533 1250 5607 sicque
1290 5535 1552 5591 immunis
1587 5536 1695 5592 sibi
1749 5539 2097 5609 postmodum

485 5620 628 5679 foret
656 5638 687 5678 a
719 5637 879 5679 noxa.
912 5621 1064 5689 Quod
1105 5622 1199 5680 illa
1229 5640 1341 5683 non
1372 5626 1642 5697 abnuens,
1682 5634 1937 5701 prompta
1965 5645 2094 5686 sus-

2219 4548 2277 4587 se
2305 4532 2584 4603 quondam
2616 4534 2758 4587 hanc
2788 4532 2981 4587 urbem
3008 4532 3232 4604 petisse,
3268 4541 3323 4588 et
3354 4533 3411 4587 in
3441 4528 3665 4587 sacrario
3707 4524 3787 4577 hu-

2212 4621 2306 4691 jus
2337 4620 2626 4676 Remensis
2671 4620 2921 4677 ecclesia:
2974 4622 3194 4696 Sigonis
3221 4638 3413 4677 aurem
3449 4621 3654 4677 surdam
3675 4611 3787 4668 refe-

2218 4712 2464 4768 rendarii
2496 4712 2768 4787 Sigeberti
2798 4713 2967 4788 regis,
3018 4715 3219 4770 virtute
3247 4715 3399 4771 beati
3450 4710 3667 4776 Martini,
3705 4721 3785 4761 cu-

2209 4803 2301 4873 jus
2324 4802 2676 4858 habebantur
2713 4803 2861 4874 apud
2887 4819 2946 4858 se
2986 4804 3238 4876 pignora,
3273 4804 3404 4859 dum
3428 4803 3788 4872 collequeretur

2212 4911 2425 4965 secum,
2465 4895 2651 4951 subito
2691 4894 3018 4967 patefactam
3049 4905 3214 4969 atque
3242 4903 3488 4952 sanatam
3527 4893 3699 4949 fuisse.

2854 5002 3064 5057 CAPUT
3099 5002 3183 5057 LI.

2636 5092 2714 5146 De
2740 5097 2931 5147 sancta
2958 5094 3148 5148 Macra
3169 5093 3403 5159 virgine.

2279 5177 2443 5234 Passa
2475 5183 2560 5234 est
2591 5178 2648 5234 in
2681 5179 2787 5236 hoc
2819 5180 3075 5236 Bemensi
3105 5195 3248 5256 pago
3279 5180 3444 5235 beata
3472 5177 3639 5234 Macra
3664 5172 3790 5243 virgo

2205 5268 2310 5324 sub
2367 5269 2682 5326 Rictiovaro
2739 5271 3021 5342 praefecto,
3061 5288 3183 5343 quae
3235 5280 3356 5343 post
3394 5262 3788 5342 insuperabilem

2206 5359 2409 5414 Christi
2440 5359 2849 5416 confessionem
2880 5361 3205 5436 gravissima
3236 5369 3506 5420 tormenta
3544 5367 3789 5432 perpessa.

2206 5456 2333 5520 post
2361 5449 2789 5504 mammillarum
2813 5450 3236 5520 abscissionem,
3262 5460 3317 5508 et
3344 5448 3677 5523 repentinam
3703 5457 3788 5497 cu—

2199 5538 2470 5593 rationem
2495 5554 2596 5610 per
2617 5540 2925 5613 angelicam
2951 5541 3005 5596 in
3029 5557 3251 5599 carcere
3272 5542 3659 5602 visitationem,
3683 5534 3790 5588 dum

2198 5646 2368 5703 super
2412 5648 2554 5703 prun
2662 5640 2716 5689 et
2757 5635 2983 5693 testulas
3008 5651 3273 5693 accensas
3320 5635 3468 5692 nuda
3490 5633 3793 5692 volutaretur
