4008 6158
248 258 333 314 325

846 257 1181 314 HISTORIA;
1220 260 1552 318 ECCLESIIE
1590 261 1918 319 REMENSIS
1958 262 2136 318 LIBRI
2177 258 2514 327 QUATUOR.
2540 292 2610 303 —
2650 263 2777 322 LIB.
2803 268 2888 322 IV.

3456 277 3561 334 326

241 413 342 452 cum
362 394 599 466 precibus
619 403 673 450 et
697 397 1003 468 gratiarum
1031 400 1374 469 actionibus,
1407 402 1816 457 immaculatum
1846 408 1894 475 Α
1921 401 2047 472 set],
2080 400 2457 469 rediissetque
2484 400 2731 471 tandem,
2759 405 2871 461 Deo
2896 406 3133 476 jubente
3162 411 3555 483 tranquillitas,

237 487 330 541 Deo
355 485 571 541 reddens
610 486 888 557 spiritum,
922 505 987 543 ac
1041 490 1392 561 triumphans
1421 493 1815 559 adversarium,

239 578 351 633 inibi
381 578 489 633 laeta
518 578 672 650 petiit
709 580 933 636 ccelum.
967 580 1183 654 Corpus
1242 585 1361 654 ejus
1387 584 1533 640 haud
1565 585 1757 655 procul
1787 601 1819 639 a

236 666 337 722 loco
369 667 451 721 ubi
505 684 661 739 passa
702 678 806 735 est,
841 678 974 727 tunc
1007 673 1222 727 exstitit
1276 675 1621 728 tumulatum.
1652 674 1819 729 Multa

236 776 339 816 vero
366 768 478 831 post
495 776 760 816 annorum
782 762 1065 819 curricula
1097 764 1315 820 cuidam
1339 764 1579 821 bubulco
1625 766 1816 837 pervi-

235 853 596 922 sionemlocus,
630 871 738 927 quo
784 855 1117 912 beatissima
1151 859 1325 933 virgo
1368 860 1589 915 condita
1614 859 1811 929 fuerat,

229 944 353 1013 juxta
381 949 657 1018 quamdam
689 950 741 1002 in
778 951 996 1007 honore
1030 951 1187 1008 beati
1212 954 1423 1009 Martini
1444 962 1811 1011 constructam

232 1039 501 1106 ecclesiam,
527 1042 796 1097 revelatus
822 1050 925 1098 est.
978 1046 1039 1098 In
1069 1060 1183 1116 quo
1222 1046 1342 1101 visu
1374 1048 1722 1114 admonetur,
1753 1054 1813 1101 ut

230 1144 397 1199 corpus
431 1130 804 1187 sacratissima:
829 1132 1065 1206 virginis
1108 1134 1252 1189 intra
1312 1135 1592 1206 praefatam
1635 1137 1816 1191 eccle-

228 1218 337 1271 siam
365 1220 748 1274 reconderetur
777 1220 1273 1288 honorificentius,
1322 1233 1595 1295 quatenus
1621 1226 1817 1280 incolis

228 1306 438 1373 ejusdem
469 1307 592 1374 loci,
621 1316 785 1379 prout
835 1310 1100 1378 decebat,
1153 1311 1526 1368 innotesceret
1553 1314 1816 1369 manifes-

228 1393 329 1449 tius.
356 1395 497 1459 Quod
528 1403 585 1451 et
624 1412 749 1452 mox
797 1414 830 1453 a
878 1398 1015 1454 viris
1078 1400 1192 1455 Deo
1250 1401 1580 1456 amabilibus
1610 1419 1813 1477 magno

224 1495 401 1542 constat
428 1497 706 1560 peractum
749 1492 975 1549 decore.
1014 1495 1077 1547 In
1131 1509 1242 1565 quo
1273 1495 1451 1551 donec
1495 1497 1813 1552 venerabile

222 1593 388 1649 corpus
414 1580 531 1649 ejus
557 1581 852 1652 requievit,
888 1583 1139 1657 insignia
1195 1600 1293 1655 per
1338 1585 1514 1656 ipsius
1544 1585 1814 1641 interces-

221 1667 396 1725 sionem
414 1679 539 1727 sunt
558 1679 765 1743 patrata
791 1674 1085 1732 miracula.
1119 1675 1201 1729 Ibi
1239 1676 1369 1731 caeci
1397 1677 1597 1742 visum,
1628 1677 1813 1732 claudi

219 1777 448 1834 gressum,
476 1736 631 1818 surdi
662 1764 942 1827 auditum,
981 1765 1221 1821 Domino
1249 1766 1369 1835 ejus
1428 1736 1660 1822 obtentu
1693 1767 1809 1822 lar-
1838 1736 1888 1804 Β

218 1848 369 1921 giente
390 1861 828 1921 promeruerunt.
890 1853 1230 1909 Procedenti
1262 1870 1391 1910 vero
1449 1861 1698 1926 tempore
1729 1857 1814 1911 vir

218 1941 402 2010 quidam
421 1951 684 2000 strenuus
700 1954 1016 2001 sanctarum
1036 1945 1299 2001 fundator
1319 1946 1566 2002 etcultor
1585 1949 1808 2018 aedium,

218 2036 403 2091 nomine
432 2038 734 2111 Daugulfus
768 2041 831 2112 [j,
877 2040 1231 2116 Dangulfus],
1270 2041 1390 2110 ejus
1410 2041 1505 2095 ubi
1528 2058 1682 2098 nunc
1711 2061 1809 2099 ve-

219 2132 423 2194 neratur,
447 2126 699 2184 fundavit
726 2130 1019 2202 templum,
1046 2131 1104 2183 in
1138 2145 1249 2201 quo
1268 2130 1415 2184 illius
1446 2132 1815 2188 sacratissima

217 2219 455 2273 transtulit
482 2222 758 2289 membra,
792 2232 1067 2298 regnante
1096 2239 1299 2297 magno
1344 2223 1678 2295 imperatore
1714 2226 1815 2281 Ca-

217 2306 310 2360 rolo
339 2309 461 2371 ;ubi
492 2326 609 2366 non
666 2313 899 2368 minima
929 2329 1182 2385 quoque,
1219 2315 1451 2371 Domino
1492 2324 1814 2387 praestante,

215 2411 332 2469 saepe
359 2401 622 2457 miracula
654 2416 997 2478 peraguntur
1027 2406 1163 2478 (26).
1199 2406 1371 2471 Quam
1410 2424 1589 2479 nuper
1619 2409 1807 2463 eccle-

214 2489 343 2557 siam,
382 2498 639 2565 tempore
698 2497 921 2553 scilicet
996 2499 1409 2570 persecutionis
1464 2499 1807 2574 Ilungaric'ce,

214 2581 354 2637 iidem
381 2585 598 2642 barbari
631 2591 972 2646 succendere
1034 2591 1349 2663 cupientes,
1385 2608 1612 2647 acervos
1636 2610 1810 2665 quos-

219 2672 321 2727 dam
355 2674 567 2750 frugum
596 2695 852 2752 magnos,
886 2681 981 2752 qui
1033 2680 1235 2752 parieti
1282 2682 1528 2750 ejusdem
1552 2683 1807 2738 adhaese-

216 2772 332 2831 rant,
362 2766 686 2837 incendunt,
717 2772 1041 2845 exustisque
1069 2773 1380 2846 segetibus,
1440 2773 1661 2828 ﬂamma
1682 2774 1811 2830 licet

214 2858 429 2914 ecclesia:
458 2869 608 2917 tecta
639 2862 943 2931 lambente,
1004 2864 1263 2919 eamdem
1294 2873 1479 2919 tamen
1505 2866 1809 2921 accendere

216 2951 569 3020 nequiverunt.
820 3027 1031 3084 CAPUT
1064 3028 1153 3082 [Π

364 3115 434 3167 De
468 3119 679 3171 sanctis
707 3119 905 3186 Ruﬁno
935 3122 985 3172 et
1016 3119 1236 3172 Valerio
1278 3119 1637 3186 martyribus.

274 3220 466 3280 Eodem
500 3234 757 3298 tempore
806 3243 917 3299 quo
981 3230 1096 3284 hac
1148 3244 1304 3283 sacra
1334 3227 1490 3301 virgo
1534 3237 1812 3299 passaest,

218 3311 490 3373 Iaucinator
518 3320 649 3388 ejus
699 3320 1045 3376 Rictiovarus
1102 3338 1201 3391 per
1255 3320 1451 3375 urbem
1515 3321 1812 3376 Remorum

217 3407 484 3475 transiens,
510 3419 566 3466 et
596 3411 865 3482 quosdam
897 3412 1242 3468 Christianos
1263 3412 1334 3466 ad
1356 3412 1627 3467 culturam
1670 3414 1813 3469 deo-

216 3513 313 3552 rum
341 3504 702 3574 compellens,
727 3514 787 3560 ut
818 3521 913 3561 eos
940 3523 1208 3577 superare
1237 3505 1511 3576 nequivit,
1550 3506 1813 3560 trucidari

216 3596 465 3666 praecepit.
501 3598 568 3651 Et
602 3615 858 3673 egressus
890 3599 1019 3655 inde
1053 3599 1418 3671 reperitduos
1443 3599 1710 3669 quosdam
1725 3598 1812 3653 vi-

217 3696 288 3735 ros
322 3683 571 3741 Luﬁnum
601 3697 654 3742 et
683 3688 982 3757 Valerium,
1033 3688 1141 3742 ﬁde
1178 3689 1378 3743 Christi
1421 3688 1697 3753 robustos,
1728 3704 1816 3743 re-

222 3774 401 3846 galium
426 3784 616 3834 tamen
662 3779 983 3835 horreorum
1033 3781 1311 3836 custodes.
1375 3780 1522 3844 Quos
1550 3795 1814 3851 compre-

224 3862 535 3933 hensos,ubi
570 3870 844 3940 comperit
865 3869 1378 3924 Christidilectione
1403 3868 1821 3924 etconfessione

222 3950 566 4025 ﬁrmissimos,
604 3958 782 4029 plagis
812 3958 1049 4013 afﬂictos
1089 3959 1347 4013 diuturna
1371 3958 1608 4014 carceris
1639 3973 1822 4012 mace-

225 4050 699 4107 ravitretrusione:
732 4051 828 4107 ubi
877 4051 1128 4124 angelica
1182 4050 1501 4106 visitatione
1528 4064 1592 4106 ac
1619 4065 1822 4105 conso-

222 4135 403 4192 latione
428 4139 661 4195 relevati
689 4149 743 4195 et
768 4139 1059 4195 confortati
1090 4146 1238 4194 sunt.
1271 4139 1359 4193 Sic
1381 4138 1572 4193 invicti
1599 4137 1819 4193 tandem

222 4230 421 4299 reperti,
452 4231 747 4303 capitalem
804 4231 994 4286 subire
1045 4230 1397 4286 sententiam.
1434 4230 1680 4301 Cumque
1711 4244 1822 4285 non

222 4330 327 4387 post
354 4322 514 4399 longa
550 4325 822 4395 temporis
876 4323 1162 4380 intervalla
1192 4324 1261 4378 ad
1293 4323 1486 4378 urbem
1529 4324 1820 4379 Remorum

221 4412 569 4468 sacratissima
609 4414 1023 4469 deducerentur
1069 4430 1261 4470 eorum
1319 4412 1567 4467 membra
1606 4410 1824 4465 feretris

1921 496 2236 567 presbyter,
2272 493 2372 565 qui
2406 494 2612 551 sanctis
2634 496 3005 571 deserviebat,
3027 512 3082 557 et
3105 503 3172 557 ad
3208 508 3431 577 propria
3442 509 3555 577 jam

1920 589 2127 645 dudum
2159 589 2349 644 redire
2382 588 2666 659 cupiebat,
2695 596 3022 652 acceleravit
3075 606 3390 653 sanctorum
3408 617 3555 656 mar-

1919 692 2101 759 tyrum
2131 689 2329 763 glebas
2376 686 2596 751 tollere,
2626 694 2683 742 et
2710 690 2779 743 ad
2832 689 3074 745 dicatum
3106 689 3215 743 sibi
3245 689 3425 746 locum
3458 708 3551 746 re-

1921 779 2080 835 ferre.
2118 778 2363 847 Postque
2396 774 2680 831 celebrata
2737 778 3032 832 missarum
3060 777 3327 833 solemnia
3356 778 3551 834 levan-

1918 876 2007 924 tur
2036 885 2066 922 a
2096 863 2492 921 sacerdotibus
2544 872 2761 920 sacrata
2827 865 3042 921 Christo
3083 881 3332 936 corpora,
3383 876 3551 938 atque

1918 971 2268 1029 cummagna
2330 953 2670 1024 populorum
2709 955 2952 1010 referunt
2984 956 3281 1009 comitante
3312 963 3547 1011 caterva.

1917 1047 2155 1118 Contigit
2186 1053 2380 1100 autem
2414 1043 2558 1097 diem
2588 1044 2761 1111 illam,
2787 1062 2907 1116 quae
2936 1044 3216 1099 Dominica
3237 1044 3555 1098 scilicetha-

1915 1140 2172 1204 bebatur,
2200 1144 2501 1191 ventorum
2575 1138 2709 1192 ﬂatu
2772 1136 2941 1191 fuisse
3002 1136 3335 1200 nimbosam,
3391 1135 3465 1190 ita
3493 1141 3554 1190 ut

1919 1248 2113 1288 omnes
2137 1229 2413 1294 candelae,
2447 1244 2571 1299 quae
2599 1230 2669 1284 ad
2698 1229 3025 1300 obsequium
3059 1238 3373 1283 sanctorum
3405 1226 3553 1282 fere-

1919 1325 2142 1390 bantur,
2170 1322 2223 1377 vi
2260 1321 3018 1395 turbinisexstinguerentur.
3052 1319 3296 1390 Cumque
3315 1335 3553 1389 carpen-

1918 1423 1999 1468 tes
2038 1414 2141 1467 iter
2170 1419 2389 1482 partem
2450 1410 2697 1465 ﬂuminis
2750 1410 2982 1464 fuissent
3040 1408 3296 1481 ingressi,
3355 1424 3550 1463 cereus

1916 1506 2172 1578 quiante
2229 1513 2549 1559 sanctorum
2611 1504 2845 1578 pignora
2896 1501 3178 1556 ferebatur
3217 1500 3543 1569 exstinctus,

1916 1602 2144 1664 repente
2169 1592 2389 1647 cmlitus
2435 1606 2725 1652 accensus,
2760 1589 3020 1645 omnibus
3063 1588 3258 1642 mirum
3291 1589 3546 1645 exhibuit

1915 1684 2322 1757 spectaculum.
2363 1684 2563 1755 Sicque
2590 1683 2735 1738 inter
2761 1684 3083 1739 commistos
3111 1682 3382 1755 grandine
3409 1684 3549 1738 nim-

1913 1778 2034 1845 bos,
2060 1785 2114 1833 et
2141 1784 2432 1832 ventorum
2461 1776 2624 1831 ﬂatus
2651 1777 2719 1831 ad
2744 1784 2982 1847 quatuor
3005 1774 3117 1830 fere
3135 1775 3308 1829 millia
3327 1775 3547 1832 duravit

1914 1882 1978 1920 ex
1994 1866 2259 1921 miracqu
2286 1864 2522 1919 ﬂamma.
2542 1864 2821 1935 Disposuit
2847 1864 3091 1935 denique
3108 1872 3297 1935 postea
3318 1865 3546 1936 presby-

1914 1968 1997 2013 ter
2022 1974 2243 2013 cereum
2270 1959 2446 2029 ipsum
2480 1958 2535 2011 in
2568 1957 2856 2011 meliorem
2892 1956 3120 2011 formam
3150 1957 3217 2010 dc
3236 1957 3431 2011 eadem
3455 1973 3545 2012 re-

1915 2048 2079 2104 ficere
2112 2066 2256 2105 cera.
2292 2050 2540 2120 Cumque
2573 2048 2627 2102 id
2656 2064 2685 2102 a
2715 2047 3101 2102 sacerdotibus
3130 2048 3239 2102 sibi
3279 2048 3541 2118 subjectis

1917 2138 2250 2206 efficeretur,
2284 2139 2483 2192 mirum
2512 2138 2662 2192 dictu
2734 2137 2881 2192 inter
2917 2153 3115 2192 manus
3140 2153 3331 2193 eorum
3362 2139 3543 2195 mollis

1915 2230 2085 2303 cmpit
2105 2246 2355 2285 crescere
2377 2236 2585 2294 cera,et
2609 2229 2665 2283 in
2697 2246 2952 2303 magnam
2970 2229 3335 2301 grandescere
3367 2246 3541 2302 quan-

1916 2301 2151 2356 titatcm.

2528 2370 2739 2426 CAPUT
2784 2372 2915 2426 LIII.

2198 2464 2275 2516 De
2297 2461 2574 2515 miraculis
2588 2462 2893 2515 earumdem
2921 2466 3245 2517 sanctorum.

1985 2577 2229 2650 Cumque
2262 2577 2340 2631 illi
2376 2583 2684 2646 stupentes,
2714 2577 3159 2649 admirantesquc
3207 2586 3536 2650 perstrepe-

1912 2680 2052 2739 rent,
2084 2673 2370 2745 ingressus
2400 2672 2712 2743 presbyter,
2746 2672 3006 2727 etvidens
3027 2680 3239 2727 auctam
3261 2673 3341 2729 sic
3363 2673 3535 2728 fuisse

1909 2782 2090 2822 ceram
2124 2765 2363 2820 credidit
2394 2780 2493 2819 eos
2524 2765 2685 2818 aliam
2719 2781 2899 2820 ceram
2926 2765 3025 2829 illi,
3058 2765 3209 2837 quod
3242 2780 3352 2820 non
3384 2781 3533 2835 prae-

1910 2862 2152 2927 ceperat,
2187 2855 2476 2925 adjecisse.
2509 2855 2617 2908 Sed
2658 2856 2880 2931 cognito
2915 2856 3135 2911 tandem
3165 2872 3196 2909 a
3226 2855 3538 2911 sacerdoti-

1917 2946 2044 3013 bus,
2077 2945 2228 3017 quod
2257 2945 2553 3012 acciderat,
2613 2945 2897 3009 miraculo,
2930 2947 3038 3001 Deo
3066 2946 3270 3019 gratias
3301 2945 3438 3020 egit,
3480 2952 3537 3001 et

1918 3053 2099 3092 ceram
2125 3036 2181 3089 in
2214 3035 2448 3090 ecclesia
2465 3034 2531 3088 ad
2555 3035 2875 3090 memoriam
2900 3042 3060 3090 tantae
3083 3035 3158 3089 rei
3189 3034 3537 3106 reposuit.De

1851 3111 1901 3178 C
1923 3145 2029 3199 qua
2057 3142 2183 3181 cera
2216 3124 2460 3179 Riculfus
2487 3124 2841 3179 Suessionum
2872 3123 3207 3179 venerabilis
3238 3124 3538 3195 episcopus

1918 3214 2183 3286 reliquias
2213 3212 2318 3267 sibi
2348 3211 2547 3266 deferri
2577 3212 2761 3280 jussit.
2792 3212 2898 3266 Sed
2931 3220 2983 3266 et
3013 3212 3317 3266 vicinarum
3348 3211 3536 3267 eccle-

1917 3306 2125 3360 siarum
2159 3301 2403 3375 religiosi
2438 3300 2963 3370 presbyteriexinde
2977 3300 3048 3355 ob
3076 3300 3427 3356 devotionem
3447 3317 3542 3356 ex-

1916 3401 2121 3472 petitas
2150 3396 2450 3466 particulas
2476 3394 2533 3447 in
2561 3394 2813 3449 ecclesiis
2843 3391 3238 3447 venerabiliter
3270 3392 3539 3448 condide—

1915 3499 2067 3547 runt.
2096 3487 2213 3542 Alia
2247 3494 2429 3542 autem
2456 3485 2595 3552 vice,
2630 3501 2756 3539 cum
2774 3485 2841 3539 de
2873 3482 3201 3538 Suessonica
3232 3483 3540 3538 civitatein

1917 3600 2027 3654 qua
2055 3579 2127 3634 ob
2154 3577 2390 3632 similem
2419 3574 2861 3646 persecutionem
2889 3573 3055 3628 delati
3088 3572 3326 3641 fuerant,
3351 3575 3418 3629 ad
3454 3576 3541 3631 lo-

1918 3689 2046 3728 cum
2080 3669 2363 3741 proprium
2389 3666 2744 3733 referrentur,
2778 3665 3008 3719 claudus
3026 3664 3251 3734 quidam
3275 3682 3398 3720 cum
3424 3681 3538 3721 cae—

1924 3763 2058 3816 teris
2085 3760 2180 3830 qui
2212 3765 2771 3825 sanctorumcorpora
2799 3756 2995 3809 devoto
3024 3753 3543 3809 comitabanturob-

1924 3851 2141 3922 sequio,
2177 3846 2554 3917 reptabundus
2585 3844 2784 3898 annisu
2817 3858 2926 3914 quo
2960 3850 3192 3911 poterat,
3219 3842 3533 3899 incedebat.

1923 3945 2042 3999 Non
2075 3941 2301 4013 quidem
2329 3940 2473 3992 hunc
2530 3946 2725 3992 natura
2764 3935 3020 3991 claudum
3052 3935 3407 4004 prodrfxerat,
3438 3939 3538 3993 sed

1926 4051 1990 4088 ex
2011 4041 2259 4102 tempore
2274 4030 2351 4084 illi
2379 4035 2981 4099 accesseratgressuum
2998 4025 3237 4081 dolenda
3249 4027 3534 4085 debilitas.

1925 4127 2168 4197 Cumque
2200 4126 2269 4179 ad
2300 4122 2505 4192 villam,
2536 4139 2659 4194 quae
2708 4121 2941 4175 Vasneia
2978 4119 3199 4186 dicitur,
3234 4122 3537 4191 venissent,

1924 4231 2048 4270 mox
2076 4213 2273 4268 nativae
2327 4210 2642 4267 rectitudini
2689 4209 2995 4275 restitutus,
3050 4208 3309 4278 projectis
3362 4209 3541 4264 admi-

1924 4304 2126 4359 niculis
2155 4305 2271 4358 suis
2301 4302 2467 4373 coepit
2494 4301 2694 4356 vadere
2719 4299 2943 4370 plantis,
2967 4307 3021 4352 et
3047 4299 3218 4352 Deum
3252 4299 3307 4352 in
3334 4299 3541 4354 sanctis

1924 4397 2037 4450 suis
2074 4393 2384 4448 mirabilem
2426 4408 2520 4447 ore
2550 4391 2864 4446 collaudare
2892 4389 3148 4465 gratanti.
3185 4390 3454 4446 Praeterea
3483 4390 3539 4445 in
3578 4382 3581 4385 ’

224 4496 474 4571 imposita,
505 4504 563 4558 in
610 4504 735 4560 Ioco
790 4504 907 4570 illo,
974 4504 1070 4559 ubi
1114 4518 1262 4557 nunc
1284 4500 1550 4556 tumulata
1583 4500 1824 4569 ipsorum
1846 4481 1900 4549 D
1927 4502 2021 4541 905
2044 4485 2138 4556 Clui
2164 4500 2393 4538 ‘Sacmm
2424 4483 2605 4537 locum
2656 4482 2860 4536 "mare
2893 4489 2947 4536 εί
2979 4498 3066 4536 res
3094 4481 3304 4537 δδηοιίδ
3334 4492 3537 4554 πῖπίῖ-

223 4596 561 4664 requiescunt
598 4613 744 4662 ossa,
788 4597 861 4651 ita
910 4604 1041 4652 tunc
1094 4595 1293 4651 feretra
1321 4593 1529 4663 sunt[e.
1565 4595 1600 4646 ἰ.
1624 4591 1818 4646 ferun-

222 4681 307 4752 tur]
339 4692 653 4759 aggravata,
686 4695 745 4739 ut
775 4700 1124 4755 nequaquam
1159 4684 1280 4738 loco
1313 4681 1523 4737 moveri
1550 4681 1818 4736 valerent.

222 4767 275 4823 Et
300 4772 367 4826 ita
396 4775 507 4829 Deo
541 4774 776 4843 jubente
833 4771 1037 4827 factum
1094 4788 1215 4827 esse
1278 4771 1563 4841 probatur,
1614 4778 1673 4824 ut
1725 4770 1818 4825 ubi

222 4862 540 4930 pauperibus
557 4862 926 4932 eleemosynae
957 4860 1353 4915 distribuerant
1374 4859 1821 4933 largitatem,ibi-

224 4950 326 5006 dem
354 4969 584 5009 suorum
629 4969 923 5024 corporum
974 4961 1182 5027 gratam
1226 4951 1574 5022 perciperent
1598 4950 1821 5021 requie-

221 5039 426 5097 tionem.
461 5044 569 5098 Sed
596 5043 728 5097 dum
777 5058 957 5113 nuper
1012 5057 1150 5115 gens
1180 5039 1415 5095 barbara
1441 5038 1820 5094 Nordmanno-

220 5147 322 5187 rum
341 5135 598 5190 saevitura
626 5151 686 5189 se
699 5133 890 5189 Galliis
922 5132 1236 5198 infudisset,
1258 5130 1329 5186 ob
1353 5129 1626 5185 vitandam
1652 5128 1818 5196 hujus

220 5221 609 5281 persecutionis
664 5222 988 5293 procellam,
1043 5236 1235 5276 eorum
1270 5219 1497 5294 pignora
1528 5218 1595 5272 ad
1623 5218 1815 5271 urbem

220 5316 331 5362 sunt
358 5309 687 5367 Remensem
719 5311 925 5375 delata,
960 5310 1251 5382 positaque
1285 5308 1341 5361 in
1382 5308 1530 5361 beati
1562 5306 1701 5362 Petri
1733 5323 1818 5362 ec-

219 5395 386 5463 clesia,
416 5410 472 5458 et
503 5421 605 5475 per
625 5404 747 5459 dies
776 5403 1044 5475 plurimos
1088 5401 1291 5455 ibidem
1325 5400 1426 5454 sub
1462 5401 1669 5455 honore
1695 5417 1814 5455 ser-

218 5492 340 5544 vata.
370 5491 434 5546 At
459 5508 583 5547 cum
610 5493 725 5562 jam
757 5492 1004 5559 demum,
1027 5490 1276 5544 barbaris
1316 5488 1726 5556 recedentibus,
1762 5491 1814 5543 in

219 5585 307 5628 nos
340 5575 606 5635 bacchata
642 5581 739 5635 diu
769 5586 1072 5651 tempestas
1130 5575 1445 5632 desedisset
1473 5576 1814 5647 [i,desmvis-

277 5684 382 5757 (26)
423 5687 569 5746 Loco
600 5705 825 5745 nomem
865 5696 949 5743 est
976 5690 1199 5744 Fismes.

1924 4578 2078 4632 ribus
2107 4576 2395 4650 delegatus
2426 4575 2725 4645 pervadere
2763 4575 3203 4647 nituntur,quam
3225 4577 3333 4630 cito
3347 4576 3536 4631 divina

1922 4673 2059 4727 ultio
2089 4682 2360 4737 exoratur,
2409 4687 2520 4725 uno
2552 4670 2805 4741 exemplo
2860 4669 3099 4725 sufficiat
3128 4671 3534 4725 demonstrare.

1922 4765 2191 4834 Tempore
2213 4779 2323 4833 quo
2356 4763 2499 4816 inter
2526 4778 2684 4835 reges
2715 4763 2959 4817 Odonem
2992 4770 3044 4817 et
3066 4762 3322 4817 Karolum
3339 4778 3534 4837 graves

1921 4857 2228 4931 agebantur
2259 4856 2587 4911 Francorum
2622 4856 2675 4908 in
2706 4872 2875 4928 regno
2929 4854 3240 4923 discordim,
3271 4872 3370 4926 per
3392 4856 3535 4911 hanc

1920 4949 2266 5006 occasionem
2296 4948 2444 5003 licito
2486 4948 2691 5019 rapinae
2741 4956 2795 5004 et
2824 4948 3267 5019 depmedationes
3301 4948 3531 5015 fiebant,

1919 5038 2210 5093 confusum
2243 5046 2358 5092 erat
2413 5037 2605 5109 fasque
2659 5038 2926 5109 nefasque
2956 5056 2971 5104 ;
3005 5055 3281 5110 nusquam
3315 5039 3411 5094 Dei
3438 5048 3534 5094 aut

1920 5126 2279 5182 humanarum
2310 5127 2472 5182 timor
2503 5127 2709 5200 legum,
2742 5128 2837 5181 sed
2862 5128 2911 5182 vi
2935 5129 3252 5197 ctpotentia
3275 5127 3533 5183 universa

1918 5216 2279 5281 constabant;
2307 5216 2604 5286 aliquando
2635 5216 2701 5269 ad
2733 5216 2939 5283 villam,
2972 5232 3093 5288 qua:
3127 5216 3359 5271 Basilica
3390 5217 3532 5271 dici-

1917 5315 2005 5361 tur
2037 5306 2654 5379 prredonesadfuerunt,
2676 5318 3075 5380 cmperuntque
3106 5323 3301 5364 omnes
3319 5324 3532 5380 paupe-

1918 5416 2037 5453 rum
2070 5400 2466 5454 substautiolas
2494 5399 2730 5454 auferre.
2751 5401 2899 5456 Tunc
2926 5401 3177 5473 quaedam
3205 5402 3530 5457 muliercula

1916 5507 2040 5545 cum
2080 5491 2407 5561 supellectili
2438 5508 2537 5546 sua
2558 5491 2776 5566 fugiens
2805 5494 2872 5547 ad
2893 5493 3182 5547 ecclesiam
3211 5501 3527 5548 sanctorum

1916 5588 2237 5652 martyrum,
2269 5596 2430 5635 cursu
2482 5580 2830 5651 rapidissimo
2872 5581 3154 5636 tendebat.
3189 5582 3357 5646 Quam
3398 5579 3524 5652 qui-
