4010 6162
513 222 617 278 327

1606 217 1984 275 FLODOARDI
2026 212 2330 274 CANONICI
2370 212 2718 285 REMENSIS.
3669 223 3754 281 323

507 352 633 406 dam
659 367 723 405 ex
761 349 850 403 his
882 348 975 420 qui
999 347 1066 401 ad
1096 346 1455 418 praedandum
1481 354 1768 415 venerant,
1788 348 1860 402 ita
1880 355 1940 402 ut
1965 346 2121 403 sede-
2151 347 2203 418 Α
2222 350 2437 417 quaret.
2472 343 2647 409 Quod,
2679 358 2805 398 cum
2859 357 2960 414 per
2983 341 3103 397 dies
3152 341 3539 415 aliquotﬁeret‘,
3560 362 3648 405 nec
3673 350 3761 419 jam

504 439 601 494 bat
625 453 768 510 equo
797 435 1145 493 velocissime
1187 436 1403 508 insequi
1434 437 1619 508 cmpit,
1652 436 1846 492 volens
1876 451 1996 490 eam
2026 442 2120 491 ω-

505 543 658 598 pere,
699 532 754 581 et
783 524 927 580 seria
948 541 1048 580 sua
1078 524 1158 579 illi
1214 524 1451 580 auferre.
1508 525 1615 579 Sed
1645 541 1769 580 cum
1799 524 2021 596 quidam
2050 524 2119 578 de

505 618 812 674 astantibus
840 617 1050 673 diceret
1084 636 1095 672 :
1130 618 1249 673 Noli
1295 617 1481 685 miser,
1523 617 1636 672 noli
1670 616 1818 671 illam
1841 616 1896 670 in
1918 615 2115 671 atrium

505 715 819 763 sanctorum
852 706 1072 779 insequi
1129 714 1458 780 martyrum,
1492 722 1563 762 ne
1593 706 1691 761 tibi
1739 705 1869 761 mali
1908 704 2119 777 aliquid

505 799 808 874 contingat.
829 799 925 854 llle
963 797 1104 853 nihil
1124 800 1353 867 veritus,
1376 798 1616 853 admisso
1649 813 1796 869 equo
1829 796 2119 868 rapidissi-

503 908 591 948 me
622 892 927 967 fugientem
963 890 1360 963 insequebatur
1379 891 1782 946 mulierculam.
1812 891 1877 945 At
1897 890 1993 944 ubi
2014 889 2119 960 pri-

506 986 614 1041 mis
644 987 785 1042 atrio
814 986 1049 1058 pedibus
1101 1003 1279 1058 equus
1334 986 1554 1053 institit,
1612 986 1797 1041 subito
1827 993 2120 1040 cernuatus

503 1077 720 1134 cecidit.
754 1078 945 1134 Sessor
969 1085 1151 1133 autem
1185 1078 1304 1147 ejus
1333 1087 1442 1133 tam
1473 1077 1624 1150 gravi
1664 1077 1917 1132 allisione
1952 1093 2120 1132 vexa-

505 1179 594 1224 tus
615 1178 717 1238 est,
740 1176 854 1225 uta
875 1185 1090 1225 summo
1118 1186 1265 1245 genu
1295 1170 1542 1242 usquead
1560 1169 1779 1240 pedem,
1811 1169 2031 1240 dirupta
2049 1169 2122 1224 ti-

505 1258 620 1327 hia,
651 1274 777 1314 caro
798 1259 948 1314 velut
975 1258 1120 1315 ferro
1152 1259 1327 1314 incisa
1353 1258 1683 1324 dehisceret,
1746 1273 1919 1329 osque
1942 1257 2119 1328 ipsum

506 1347 688 1403 carnis
731 1347 996 1421 tegimine
1031 1347 1150 1419 [ms.
1183 1350 1224 1415 ἱ,
1254 1346 1512 1420 tegmine]
1547 1347 1837 1414 nudatum,
1864 1352 2075 1418 pateret
2105 1364 2120 1412 ;

505 1438 972 1510 ctquisuperbus
1016 1455 1188 1511 eques
1231 1446 1478 1506 venerat,
1504 1440 1618 1508 jam
1646 1440 1985 1506 humiliatus,
2020 1455 2124 1494 nec

503 1530 618 1586 suis
639 1530 878 1601 pedibus
905 1531 1167 1587 incedere
1181 1531 1392 1599 valens,
1413 1532 1671 1587 manibus
1687 1532 1886 1587 alienis
1897 1532 1965 1587 de
1979 1532 2121 1587 atrio

2220 453 2279 491 se
2302 436 2442 491 intra
2460 435 2605 491 vasis
2652 434 2942 507 angustias
2998 433 3182 506 liquor
3233 434 3486 492 divinitus
3511 446 3675 495 auctus
3693 456 3765 497 ca-

2220 535 2394 598 peret,
2414 542 2478 583 ac
2522 526 2776 602 guttatim
2810 526 2865 580 in
2896 533 3095 581 terram
3129 524 3344 593 ﬂueret,
3382 526 3594 584 clericus
3620 532 3765 587 cccle-

2219 617 2315 673 siae
2338 618 2513 689 ipsius
2540 625 2725 673 custos
2747 618 2852 672 hoc
2889 617 3042 672 solus
3068 615 3466 684 animadvertit,
3485 625 3536 673 et
3564 617 3765 688 subjecto

2218 723 2346 763 vase
2377 708 2572 774 altero,
2614 706 2759 762 intra
2786 721 2992 778 paucos
3049 704 3172 761 dies
3201 705 3268 760 ad
3331 721 3493 761 unum
3519 709 3765 765 sextarium

2219 798 2461 874 collegit,
2487 796 2788 869 furtimque
2818 797 3134 871 abscondit;
3157 803 3354 869 putans
3376 796 3551 853 infelix
3564 799 3766 855 divinum

2219 890 2543 945 miraculum
2586 889 2907 961 cupiditatis
2963 905 3075 945 suae
3129 888 3246 945 fore
3286 889 3661 960 compendium.
3728 900 3769 947 et

2219 982 2367 1037 unde
2395 981 2790 1052 providebatur
2815 980 3075 1037 omnibus
3098 981 3481 1052 patrocinium,
3512 980 3626 1037 inde
3655 981 3772 1037 clan-

2220 1072 2500 1127 destinum
2548 1088 2607 1128 se
2642 1088 2801 1144 posse
2843 1072 3082 1129 credidit
3130 1070 3393 1143 perﬁcere
3441 1070 3641 1127 furtum.
3686 1073 3768 1129 Sed

2222 1161 2489 1229 Christus,
2518 1160 2613 1233 qui
2660 1166 2881 1216 sanctos
2935 1176 3066 1216 suos
3113 1158 3406 1215 miriﬁcare
3456 1160 3590 1232 apud
3620 1175 3773 1217 omnes

2223 1254 2565 1320 decreverat,
2599 1269 2712 1309 non
2737 1254 2830 1309 diu
2881 1252 3134 1324 permisit
3208 1253 3395 1320 latere,
3427 1252 3506 1308 vel
3545 1252 3674 1308 illius
3695 1271 3775 1325 pu-

2224 1348 2467 1403 dendum
2494 1348 2727 1415 facinus,
2751 1348 2838 1403 vel
2866 1347 3016 1420 quod
3055 1348 3123 1403 ad
3151 1362 3374 1403 suorum
3398 1354 3667 1418 martyrum
3684 1347 3775 1421 glo-

2224 1438 2361 1492 riam
2383 1438 2691 1494 contulerat
2731 1453 2953 1492 munus.
3002 1437 3134 1491 Nam
3189 1435 3424 1508 quadam
3471 1434 3554 1491 die
3574 1435 3774 1502 domum,

2223 1545 2344 1600 quae
2376 1528 2618 1584 basilicae
2637 1529 2900 1593 adhaeret,
2931 1527 2989 1581 in
3019 1543 3128 1599 qua
3148 1526 3317 1581 etiam
3344 1524 3777 1595 Suessonicusepi-

504 1624 754 1679 ecclesia
785 1625 1065 1696 projectus
1094 1633 1197 1680 est.
1238 1625 1389 1681 Tunc
1405 1641 1550 1697 equo
1574 1632 1628 1681 et
1649 1642 1770 1696 qum
1802 1625 2006 1681 habere
2023 1640 2124 1696 po-
2147 1631 2198 1699 Β
2222 1638 2447 1694 sc0pus,
2480 1639 2602 1677 cum
2620 1621 2749 1677 illuc
2776 1620 2991 1676 accedit
3017 1636 3244 1676 manere
3276 1619 3570 1686 consuevit,
3590 1617 3777 1690 presby-

503 1713 610 1769 tuit
638 1714 841 1769 sanctis
871 1715 1203 1785 martyribus
1246 1731 1347 1787 pro
1377 1731 1443 1771 eo
1495 1716 1658 1780 datis,
1690 1714 1855 1771 morti
1890 1715 2119 1786 quidem

501 1802 814 1858 subtractus
830 1810 948 1869 est;
979 1803 1079 1858 sed
1111 1803 1261 1875 quod
1291 1803 1593 1874 supervixit
1640 1803 1905 1873 temporis
1936 1803 2118 1858 inuti-

504 1894 573 1949 lis
604 1904 658 1950 et
712 1894 849 1950 nulli
905 1896 1058 1966 operi
1113 1903 1275 1966 aptus
1318 1896 1436 1964 fuit,
1502 1897 1883 1952 testimonium
1916 1895 2119 1952 divinae

504 1985 726 2041 virtutis
772 1987 828 2040 in
860 2002 959 2042 sua
1007 1986 1293 2042 debilitate
1324 1987 1743 2056 circumferens,
1771 1996 1826 2042 et
1848 1988 1968 2043 aliis
1994 1988 2122 2060 qui-

506 2077 720 2149 busque
748 2077 1024 2133 salubrem
1072 2079 1346 2146 timorem,
1393 2080 1645 2151 exemplo
1700 2088 1925 2151 patratae
1958 2080 2014 2134 in
2063 2095 2121 2135 se

506 2165 753 2230 ultionis,
784 2166 1086 2235 incutiens,
1134 2184 1205 2222 ne
1250 2168 1379 2222 talia
1408 2177 1636 2243 agentes
1670 2168 1874 2224 similia
1903 2167 2123 2239 patian-

505 2262 611 2309 tur.
642 2255 780 2333 Ill\ud
817 2272 1039 2327 quoque
1092 2257 1465 2325 notissimum,
1496 2265 1551 2313 et
1589 2258 1851 2314 omnibus
1888 2258 2125 2314 habetur

503 2349 885 2423 pervulgatum
929 2392 942 2418 ,
1017 2351 1086 2405 ad
1146 2359 1462 2409 sanctorum
1512 2360 1811 2424 martyrum
1870 2353 2124 2424 sepulcra

502 2440 692 2496 oleum
740 2442 1039 2514 aliquando
1088 2444 1350 2501 crevisse.
1383 2444 1669 2517 Siquidem
1703 2444 1997 2517 presbyter
2027 2462 2123 2501 vas

498 2530 775 2602 quoddam
809 2529 975 2588 fictile
997 2533 1151 2601 juxta
1185 2534 1355 2588 altare
1391 2541 1670 2604 posuerat,
1690 2534 1758 2588 ad
1783 2534 2122 2589 servandum

500 2619 705 2682 oleum,
742 2620 888 2691 quod
924 2621 1131 2676 ibidem
1158 2622 1227 2677 ad
1260 2622 1469 2678 fontem
1515 2624 1768 2692 luminis,
1803 2624 2000 2679 ardere
2023 2624 2122 2680 de-

501 2709 687 2764 bebat.
723 2711 779 2764 In
804 2725 914 2783 quo
946 2726 1079 2766 vase
1127 2728 1319 2781 parum
1364 2711 1590 2783 quidem
1617 2712 1726 2768 olei
1755 2722 2115 2780 remanserat,

503 2798 710 2867 majore
739 2799 859 2868 ejus
889 2807 1043 2871 parte
1073 2800 1130 2855 in
1168 2800 1495 2870 lychnorum
1528 2800 1734 2855 lumine
1765 2811 2117 2873 consumpta,

506 2903 629 2943 cum
661 2894 890 2958 repente
919 2887 1084 2958 caapit
1126 2903 1399 2954 crescere,
1423 2896 1478 2944 et
1508 2890 1660 2944 nullo
1706 2888 2037 2961 inSpiciente
2060 2892 2117 2945 in

505 2976 684 3045 majus
731 2976 943 3049 augeri,
1000 2976 1179 3033 donec
1214 2993 1277 3034 os
1305 2978 1452 3035 vasis
1483 2995 1739 3035 crescens
1766 2981 1950 3036 oleum
1982 2997 2119 3036 exae-

990 3316 997 3319 ”
1066 3366 2109 3497 AUCTARIUM

2218 1720 2304 1769 ter
2338 1713 2524 1769 nescio
2573 1713 2705 1786 quid
2751 1728 2931 1769 causa:
2975 1711 3167 1780 fuerit,
3216 1712 3514 1786 ingressus,
3560 1709 3680 1765 vidit
3704 1725 3777 1765 vas

2219 1805 2358 1860 illud
2384 1805 2507 1860 oleo
2540 1802 2906 1874 superﬂuere,
2929 1802 3231 1859 etmiratur
3252 1802 3401 1885 unde
3421 1801 3514 1857 illa
3546 1807 3673 1856 esset
3693 1798 3776 1855 olei

2220 1896 2400 1967 copia,
2424 1912 2548 1952 cum
2582 1895 2698 1951 illic
2744 1910 2971 1966 perraro
3028 1894 3347 1964 hujusmodi
3387 1892 3605 1950 inveniri
3643 1891 3781 1964 possit

2222 1988 2422 2060 liquor,
2448 1988 2615 2058 erepit
2681 1985 3029 2058 percunctari
3097 1986 3364 2042 clericum
3411 1985 3540 2042 tanti
3581 1982 3780 2040 criminis

2222 2080 2531 2148 conscium,
2572 2080 2731 2149 cujus
2778 2086 2926 2134 esset
2983 2078 3190 2145 oleum,
3222 2078 3457 2150 autquis
3477 2076 3598 2133 illud
3624 2074 3780 2130 ibide-

2225 2172 2522 2244 posuisset.
2549 2171 2657 2226 Sed
2675 2187 2796 2227 cum
2814 2170 2907 2226 illc
2928 2170 3158 2237 diceret,
3191 2169 3409 2225 nescire
3428 2184 3485 2224 se
3507 2168 3639 2225 unde
3651 2171 3781 2231 esset,

2224 2264 2406 2335 pueri,
2440 2263 2533 2334 qui
2560 2262 2629 2317 ad
2663 2261 2957 2317 discendos
2987 2261 3231 2333 psalmos
3283 2260 3490 2317 ibidem
3519 2257 3783 2315 residebant

2225 2360 2282 2407 et
2309 2368 2426 2407 rem
2454 2367 2674 2408 omnem
2707 2356 2993 2417 noverant,
3018 2350 3406 2405 indicaverunt
3436 2349 3719 2420 presbytero
3743 2351 3785 2399 et

2225 2440 2429 2497 factum
2452 2440 2775 2496 miraculum
2805 2448 2860 2495 et
2884 2437 3132 2495 custodis
3161 2437 3388 2494 furtum.
3432 2437 3523 2492 Ille
3559 2433 3785 2492 hocaudi-

2224 2535 2279 2583 to
2310 2528 2421 2583 cito
2452 2529 2519 2583 ad
2546 2544 2641 2583 vas
2679 2527 2828 2600 quod
2881 2528 3037 2597 juxta
3090 2525 3264 2581 altare
3291 2526 3473 2582 stabat
3507 2522 3721 2592 recurrit,
3744 2530 3786 2575 et

2224 2619 2601 2690 pavimentum
2628 2621 2810 2675 adhuc
2832 2620 2939 2675 olei
2961 2616 3340 2674 exundatione
3362 2613 3780 2673 madensinvenit.

2222 2710 2467 2784 Cumque
2499 2712 2829 2767 immensum
2857 2712 2911 2766 in
2943 2712 3147 2767 sanctis
3169 2711 3281 2766 suis
3299 2708 3783 2786 glorificaretDeum,

2218 2803 2360 2858 alius
2388 2802 2611 2876 quidam
2638 2804 2706 2858 de
2758 2803 3087 2859 custodibus
3115 2803 3346 2859 advenit
3373 2809 3427 2858 et
3451 2801 3709 2858 confessus
3724 2804 3785 2853 est

2217 2907 2278 2946 se
2310 2908 2565 2965 magnam
2604 2898 2819 2963 partem
2854 2890 2961 2947 olei
3011 2890 3207 2962 ipsius,
3247 2890 3403 2946 nullo
3434 2898 3584 2956 teste,
3614 2886 3784 2949 tulisse,

2220 2990 2275 3038 et
2299 2982 2394 3039 ubi
2427 2983 2622 3052 voluit,
2665 2990 2721 3039 et
2749 2984 2894 3040 sicut
2932 2983 3107 3040 voluit
3136 2983 3493 3055 expendisse.

2268 3368 3294 3511 FLODOARDI

506 3604 615 3670 Ea:
660 3604 866 3671 codice
930 3606 1325 3691 Igniacensi,
1391 3609 1504 3693 qui
1560 3609 1837 3676 continet
1899 3608 2707 3765 B-reviariumd-Flodoardi
2773 3607 2955 3675 libris
3025 3606 3268 3674 duobus
3337 3601 3787 3691 cmprehensum

1380 3712 1385 3717 '
1893 3717 2041 3765 cum
2087 3718 2288 3765 arinen
2337 3717 2448 3765 tce.

1380 3712 1385 3717 ‘
1893 3717 2041 3766 cum
2087 3712 2448 3786 appendice.

1521 3883 1689 3948 (Apud
1723 3882 1909 3943 Labbe,
1936 3882 2177 3935 Biblioth.
2211 3894 2313 3931 mss
2336 3922 2353 3942 ,
2387 3891 2505 3935 tom.
2537 3882 2599 3941 II,
2633 3883 2840 3948 p.363.)

1979 4020 2345 4032 —__—

571 4159 718 4229 (Post
748 4160 1086 4230 epitaphium
1113 4161 1629 4232 Fulconisepiscopi,
1654 4161 1752 4217 lib.
1785 4179 1860 4231 IV,
1889 4179 1990 4234 cap
2031 4164 2110 4236 8):
2139 4170 2189 4240 (ζ
2217 4172 2346 4222 nota
2374 4166 2670 4223 conventio
2702 4166 2888 4223 habita
2919 4166 3065 4222 inter
3082 4166 3384 4223 canonicos
3417 4169 3611 4222 sanctae
3645 4155 3789 4215 Maria?

503 4248 751 4318 Denique
796 4248 1111 4303 Winmarus
1160 4249 1283 4317 ejus
1331 4249 1732 4320 interemptor,
1786 4258 1917 4319 etc.,
1949 4269 2119 4323 usque

501 4334 696 4389 ﬁnivit.
731 4335 795 4388 At
823 4350 956 4391 vero
1011 4334 1270 4405 pralfatus
1314 4336 1478 4392 Fulco
1531 4345 1721 4409 utpote
1759 4339 1842 4394 vir
1869 4341 2116 4411 sapiens,

501 4423 786 4495 Deumque
846 4422 1051 4477 timens
1120 4430 1509 4480 testamentum
1532 4442 1691 4480 suum
1741 4427 1855 4497 jam
1905 4428 2118 4485 dudum

499 4515 871 4584 ordinaverat,
901 4523 955 4571 et
1001 4516 1069 4571 de
1121 4516 1244 4587 jure
1294 4518 1611 4589 patrimonii
1644 4519 1729 4575 sui
1788 4521 2118 4592 quibusdam

498 4608 752 4664 ecclesiis
781 4609 1153 4677 distribuerat,
1196 4610 1341 4665 inter
1390 4628 1527 4683 quas
1574 4612 1831 4670 Ecclesia:
1859 4614 2120 4669 Remensi

498 4718 598 4772 pro
626 4702 823 4757 animae
851 4718 965 4757 sum
994 4703 1240 4758 remedio
1272 4703 1457 4758 villam
1513 4705 1835 4762 Nemincum
1867 4724 1989 4779 quae
2017 4707 2121 4762 sita

497 4801 581 4849 est
608 4795 663 4850 in
694 4796 1015 4867 cpisc0patu
1038 4796 1390 4852 Noviomcnsi
1429 4799 1683 4868 contulit,
1704 4800 1860 4868 cujus
1873 4801 2119 4856 redditas

497 4906 598 4961 pro
655 4889 807 4945 illius
857 4890 1127 4946 memoria
1172 4893 1459 4948 annuatim
1506 4896 1804 4950 recolenda
1833 4897 2121 4952 canonicis

499 4981 871 5036 Remensibus
902 4981 1246 5037 dividuntur.
1298 4984 1373 5038 De
1405 4984 1564 5054 cuius
1592 4986 1756 5040 etiam
1784 4986 1925 5041 villa:
1948 5001 2117 5040 censu

497 5073 755 5129 canonici
783 5073 1180 5129 Noviomcnses
1226 5075 1431 5130 habent
1469 5077 1704 5149 singulis
1729 5077 1890 5131 annis
1909 5077 2121 5132 solidos

495 5182 559 5219 ιχ
583 5167 732 5221 illius
764 5174 1019 5223 monetae.
1078 5167 1248 5237 Cujus
1291 5176 1476 5223 autem
1533 5168 1923 5223 conventionis
1951 5184 2117 5223 causa

2219 4255 2507 4310 Remensis
2537 4272 2600 4310 ac
2646 4263 2850 4311 sanctae
2905 4256 3086 4312 Maria:
3144 4256 3530 4312 Noviomcnsis
3576 4254 3638 4308 de
3664 4246 3791 4305 tertia

2220 4353 2373 4416 parte
2397 4344 2541 4400 villae
2566 4361 2690 4417 qua?
2735 4346 2937 4401 dicitur
2982 4346 3253 4402 Bidricus.
3290 4346 3601 4402 Harduinus
3626 4336 3793 4397 Novio~

2219 4437 2430 4492 mensis
2456 4438 2707 4493 ecclesim
2738 4438 3186 4507 archidiaconus,
3220 4445 3415 4511 postea
3433 4443 3609 4493 autem
3632 4432 3795 4504 Lingo-

2222 4529 2414 4584 nensis
2444 4528 2619 4584 factus
2651 4529 2968 4602 episcopus,
2993 4530 3170 4602 ipsam
3204 4531 3422 4586 tertiam
3456 4535 3654 4601 partem
3680 4519 3794 4576 γὶΙΙω

2221 4627 2576 4699 supradicta,
2606 4645 2728 4700 quae
2758 4628 2864 4683 sibi
2895 4645 2926 4683 a
2979 4627 3303 4700 parentibus
3349 4628 3477 4697 jure
3508 4614 3796 4679 haereditatis

2221 4726 2486 4784 cesserat,
2514 4716 2774 4774 fratribus
2830 4718 3080 4773 ecclesiae
3117 4715 3505 4773 Noviomcnsis
3532 4728 3624 4786 pro
3647 4720 3794 4765 reme-

2221 4809 2313 4865 dio
2350 4811 2549 4867 animae
2579 4827 2692 4867 suae
2717 4812 3044 4880 contulerat,
3077 4827 3243 4882 quam
3283 4811 3415 4866 dum
3443 4808 3605 4883 longe
3633 4795 3794 4860 remoti

2220 4908 2493 4970 tenerent,
2521 4903 2814 4974 praedones
2863 4900 3109 4977 regionis
3138 4917 3240 4972 per
3266 4900 3582 4956 invasioncs
3610 4891 3794 4950 crebras

2220 5001 2385 5066 atque
2415 4995 2785 5066 praedationes
2831 4994 3194 5051 vehementer
3245 4991 3560 5049 vastabant.
3590 4987 3691 5052 Qua
3716 4995 3796 5035 ne-

2221 5084 2474 5139 cessitate
2507 5083 2802 5155 compulsi,
2834 5082 2933 5139 sed
2967 5089 3021 5137 et
3051 5099 3082 5137 a
3123 5080 3383 5136 fratribus
3424 5074 3696 5134 Remensis
3720 5086 3795 5125 cc-

2220 5173 2400 5229 clesize
2430 5174 2771 5241 commoniti,
2808 5173 2876 5228 ad
2903 5172 3236 5227 Trecensum
3278 5186 3397 5224 cam
3432 5168 3692 5225 dederunt
3715 5172 3794 5232 pro

498 5255 711 5309 nummi
742 5255 828 5309 isti
852 5255 1104 5312 ecclesiae
1118 5255 1475 5312 Noviomcnsi
1495 5257 1563 5311 ab
1582 5257 1825 5312 Ecclesia
1853 5256 2111 5311 Remensi
2216 5264 2372 5321 libris
2404 5284 2462 5321 ιιι
2494 5283 2845 5322 nummorum
2877 5265 3400 5330 Vermandcnsium,
3429 5277 3569 5335 quos
3596 5251 3795 5329 singulis

494 5347 903 5418 persolvantur,
939 5348 1030 5402 hic
1059 5365 1341 5419 apponere
1366 5365 1477 5405 non
1500 5350 1863 5425 incongruum
1878 5349 2117 5405 aestima-

2218 5356 2378 5411 annis
2396 5357 2712 5428 acciperent
2743 5356 2811 5411 de
2834 5372 3004 5412 censu
3065 5355 3210 5427 apud
3240 5352 3564 5409 Nemincum
3590 5346 3640 5404 in
3683 5343 3794 5397 festo

493 5457 664 5496 mus:
698 5448 757 5496 ut
800 5457 931 5515 ergo
984 5441 1200 5496 facilius
1230 5443 1337 5498 hoc
1383 5444 1762 5507 ostendamus,
1792 5441 2114 5497 memoriale
2217 5444 2271 5500 S.
2300 5444 2566 5515 Dionysii.
2599 5446 2752 5510 Quod
2820 5447 2865 5501 si
2919 5447 2989 5501 de
3048 5461 3218 5501 censu
3267 5441 3535 5500 solvendo
3567 5429 3795 5508 injustitia

491 5534 929 5608 scriptumillius
949 5536 1093 5608 pacti
1120 5536 1250 5591 huic
1279 5537 1434 5608 Operi
1465 5537 1848 5594 adnectamus.

566 5649 594 5677 α
622 5630 683 5683 In
723 5627 947 5684 nomine
974 5634 1177 5684 sanctae
1204 5635 1259 5682 et
1297 5628 1597 5686 individum
1636 5631 1934 5698 Trinitatis,
1980 5647 2120 5702 prae-

498 5720 746 5775 sentibus
769 5728 825 5775 et
874 5719 1075 5775 futuris
1104 5725 1305 5775 sanctae
1352 5722 1541 5776 matris
1572 5723 1828 5779 Ecclesia:
1875 5722 2008 5777 filiis
2051 5723 2122 5777 sit

2133 5550 2192 5620 D
2217 5535 2358 5590 facta
2387 5534 2571 5602 fuerit,
2599 5535 2929 5591 emendetur
2978 5533 3101 5608 lege
3160 5532 3285 5591 fori.
3326 5532 3379 5586 Si
3408 5544 3539 5588 vero
3565 5521 3795 5620 villa‘ipsa

2221 5634 2429 5684 vastata
2449 5626 2629 5695 fuerit,
2674 5628 2976 5684 Remenses
3002 5626 3196 5683 fratres
3233 5626 3302 5682 ab
3335 5626 3435 5680 hac
3463 5613 3794 5679 conventione

2224 5719 2350 5776 ideo
2397 5735 2509 5775 non
2554 5720 2799 5776 resiliant
2832 5738 2846 5787 ;
2878 5727 2931 5775 et
2962 5721 3007 5776 si
3069 5719 3359 5774 emendata
3413 5714 3594 5776 fuerit,
3625 5702 3793 5766 Novio-
