4008 6158
236 221 311 278 329
709 209 1111 270 COLVENERII
1150 210 1377 271 SCIIOL.
1422 209 1489 269 IN
1528 208 1699 270 HIST.
1740 208 1902 269 BEM.
1943 204 2124 266 ECCL.
2151 233 2225 248 —
2265 203 2337 261 IN
2376 200 2630 262 LIBRUM
2670 203 2959 267 PRIMUM.
3412 214 3520 275 330

228 372 393 417 menses
413 353 588 409 fratres
613 352 667 407 in
687 367 788 408 sua
819 352 1198 410 conventione
1236 353 1364 410 ideo
1416 353 1780 411 nihilominus
1800 358 1855 430 Α
1875 349 2342 422 archiepiscOpus
2373 343 2518 401 dirui
2544 346 2693 417 fecit,
2734 350 2961 423 quando
2984 349 3151 406 etiam
3183 350 3304 423 ipse
3335 356 3520 411 eccle—

229 453 529 523 permaneant.
563 443 748 527 Hujus.
767 457 902 498 vero
933 443 1331 500 conventionis
1364 444 1500 500 ratio
1522 443 1666 500 facta
1695 453 1781 502 est
1879 446 2018 502 siam
2049 443 2294 499 duorum
2361 455 2589 495 arcuum
2637 441 2992 518 longitudine
3049 444 3353 515 ampliavit,
3377 454 3431 503 et
3461 448 3518 503 in

224 536 399 596 consilio
415 541 565 605 atque
585 547 868 587 consensu
890 530 1781 605 WidonisarchiepisCOpi,Odal-
1880 546 2225 605 unoquoque
2254 529 2435 583 latere
2493 528 2692 584 turrim
2733 548 2902 587 unam
2930 531 3207 589 aediﬁcare
3238 533 3522 592 inchoavit

225 626 298 682 rici
342 620 609 695 praepositi,
668 618 934 675 Richardi
988 620 1213 688 decani,
1277 620 1481 676 Odonis
1517 622 1777 691 cantoris,
1882 640 2028 680 anno
2055 619 2336 678 incarnati
2368 618 2535 674 Verbi
2569 621 2732 679 1152.
2777 623 2886 680 Sed
2918 624 3182 697 quoniam
3205 625 3273 681 de
3304 626 3517 698 prmdi-

221 729 386 770 necnon
427 710 583 767 totius
628 709 1113 786 congregationis.
1169 712 1233 765 At
1282 726 1348 765 ex
1401 710 1572 766 altera
1624 720 1779 783 parte
1882 721 1971 771 cta
1996 712 2272 785 opinione
2305 708 2460 764 nulla
2500 709 2559 764 in
2612 710 2755 768 libro
2810 712 3104 770 Flodoardi
3133 715 3340 771 mentio
3361 716 3519 772 inve-

223 804 422 861 similiter
440 816 693 857 concessa
713 808 800 855 est
828 800 934 855 ista
968 799 1271 856 conventio
1294 799 1548 855 Balduini
1572 800 1779 857 Novio-
1882 806 2052 869 nitur,
2086 805 2373 860 incertum
2407 817 2533 857 esse
2556 802 2803 873 videtur,
2854 805 3004 879 quod
3063 822 3245 877 neque
3282 807 3508 878 scripto,

218 896 377 952 mensis
403 893 636 965 episcOpi
662 892 973 958 voluntate,
1000 899 1171 963 atque
1199 891 1432 948 consilio
1460 892 1779 967 Haganonis
1882 911 2065 966 neque
2089 900 2231 948 teste
2266 890 2457 962 aliquo
2479 892 2897 963 comprobatur.
2940 894 3107 950 Porro
3125 894 3227 950 iste
3252 894 3516 951 Flodoar—

220 983 460 1056 praepositi,
486 981 977 1047 Rotbertidecani,
1017 982 1302 1053 totiusque
1334 981 1780 1054 congregationis
1882 989 2006 1051 dus,
2040 988 2134 1059 qui
2167 986 2344 1055 hujus
2375 985 2566 1055 cperis
2616 994 2703 1042 est
2751 995 2964 1057 auctor,
3007 988 3108 1044 fuit
3131 995 3519 1060 contempera-

212 1071 432 1129 communi
462 1070 740 1143 suﬁragio.
778 1070 1021 1140 Insuper
1055 1070 1222 1124 etiam
1255 1078 1493 1141 utraque
1517 1085 1641 1140 pars
1678 1086 1780 1125 vo-
1883 1092 2022 1131 nens
2052 1074 2288 1129 Ilerivaei
2323 1074 2763 1144 archipraesulis,
2826 1077 3052 1149 Seulphi
3107 1090 3329 1149 quoque
3351 1085 3519 1150 atque

211 1167 346 1221 lentes
390 1171 592 1235 pactum
639 1165 745 1218 hoc
776 1161 898 1217 fore
936 1168 1300 1232 perpetuum,
1355 1162 1626 1232 scriptum
1659 1159 1780 1215 fieri
1885 1169 2116 1236 Artoldi,
2167 1174 2230 1222 ut
2293 1184 2361 1221 ex
2421 1166 2602 1238 ipsius
2660 1169 2842 1224 verbis
2894 1170 3275 1241 perpenditur,
3328 1178 3380 1225 et
3420 1172 3519 1243 qui

213 1258 492 1331 delegamnt,
549 1256 696 1329 quod
741 1265 889 1311 esset
937 1256 998 1309 in
1046 1255 1452 1326 sempiternum
1507 1255 1783 1326 praedicta:
1886 1257 2102 1312 minora
2120 1258 2323 1311 horum
2357 1271 2530 1327 opera
2579 1259 2875 1325 enarravit,
2898 1274 3011 1313 rem
3046 1260 3201 1314 istam
3236 1277 3513 1335 magnam,

211 1346 532 1403 conventionis
550 1345 954 1401 testimonium.
990 1347 1190 1398 Actum
1213 1358 1358 1398 anno
1382 1342 1782 1398 incarnationis
1885 1350 1929 1404 si
1961 1366 2153 1404 verum
2182 1365 2311 1403 esse
2362 1347 2550 1415 sciret,
2596 1348 2825 1405 forsitan
2872 1366 2983 1406 non
3030 1350 3328 1406 omisisset,
3371 1353 3515 1408 sane

212 1439 452 1494 Dominicm
479 1437 615 1492 mill.
657 1455 730 1505 LI,
789 1435 1105 1491 indictione
1143 1452 1221 1501 ιιι,
1255 1441 1521 1509 regnante
1549 1435 1782 1490 Henrico
1886 1438 2147 1511 praefatus
2188 1437 2432 1503 Seulfus,
2466 1445 2526 1491 ut
2565 1439 2832 1510 scriptum
2870 1439 3161 1504 habemus,
3195 1439 3517 1497 immunita-

210 1547 328 1605 rege,
354 1545 483 1585 anno
530 1546 686 1595 χχιιι,
740 1528 1265 1598 archiepiscopatus
1313 1527 1504 1582 domni
1534 1526 1784 1581 Widonis
1885 1534 1996 1583 tem
2017 1527 2243 1583 claustri
2267 1527 2433 1582 nobis
2460 1527 2694 1602 largitus
2724 1535 2827 1595 est,
2868 1527 3128 1583 videlicet
3156 1528 3351 1584 domos
3376 1546 3515 1585 ven-

213 1638 325 1677 anno
357 1637 512 1689 xvnn,
572 1619 828 1676 Balduini
888 1617 1148 1690 episcopi
1199 1617 1583 1673 Noviomensis
1634 1632 1783 1672 anno
1885 1616 2078 1681 dendi,
2120 1617 2370 1683 emendi,
2404 1632 2503 1671 seu
2548 1616 2788 1673 invicem
2846 1616 3244 1683 commutandi,
3274 1633 3373 1688 pro
3404 1634 3516 1689 qua

208 1730 300 1770 vni.
328 1734 350 1765 ι
1811 1745 1859 1812 Β
1884 1709 2181 1782 largitione
2209 1709 2497 1764 annuatim
2538 1708 2915 1765 defunctionis
2969 1709 3091 1777 ejus
3138 1709 3285 1764 diem
3319 1711 3514 1767 recoli-

260 1807 367 1860 Item
394 1805 480 1859 lib.
512 1820 591 1871 tv,
622 1819 747 1874 cap.
803 1803 894 1870 19,
921 1804 1055 1874 post
1107 1805 1268 1872 finem
1298 1804 1495 1873 capitis
1530 1819 1543 1856 :
1577 1802 1651 1857 De
1677 1802 1782 1858 isto
1813 1798 1858 1812 ν
1884 1814 2030 1865 mus,
2061 1798 2151 1853 cui
2182 1799 2345 1853 etiam
2369 1798 2639 1871 obsequio
2682 1798 2887 1869 Tilpini
2925 1804 3089 1871 atque
3116 1799 3368 1856 Widonis
3394 1817 3514 1858 me-

205 1894 404 1965 Seulpho
432 1893 691 1950 solebant
720 1893 910 1948 dicere
963 1892 1149 1948 nostri
1208 1901 1590 1947 antecessores
1635 1892 1785 1964 quod
1885 1887 2140 1955 moriam,
2170 1886 2264 1958 qui
2293 1886 2472 1958 pridie
2520 1902 2685 1959 quam
2731 1886 2836 1941 iste
2882 1887 3262 1957 decesserunt,
3294 1890 3516 1945 etmul-

206 1984 296 2053 ipse
321 1982 668 2053 ampliaverat
713 1981 986 2053 templum
1052 1981 1163 2036 hoc
1218 1989 1485 2052 quantum
1536 1980 1788 2035 continet
1886 1988 1942 2037 ta
1972 1980 2232 2036 Ecclesiae
2264 1980 2411 2036 bona
2449 1980 2831 2047 contulerunt,
2864 1995 2975 2035 non
3016 1980 3295 2039 immerito
3316 1983 3516 2053 adjun-

199 2071 440 2145 lougitudo
459 2088 690 2127 arcuum
719 2072 907 2126 trium.
940 2070 1214 2125 Dicebant
1241 2085 1466 2141 quoque
1496 2070 1646 2141 quod
1669 2070 1787 2142 ipse
1887 2069 2088 2143 gimus.
2123 2070 2280 2126 Nunc
2311 2071 2498 2141 itaque
2528 2068 2816 2141 paululum
2850 2068 3108 2144 digressi.
3136 2071 3202 2127 ad
3233 2071 3511 2128 narratio-

199 2169 399 2217 veterem
425 2160 622 2217 turrim
648 2166 1059 2227 construxerat,
1095 2174 1263 2231 quam
1300 2159 1540 2214 domnus
1558 2158 1787 2217 Samson
1891 2162 1977 2217 nis
2005 2161 2205 2217 seriem
2238 2163 2531 2219 articulum
2552 2162 2901 2218 reducamus.

766 2562 870 2668 IN
937 2559 1296 2667 LIBROS
1363 2560 1836 2668 HISTORIM
1906 2562 2386 2669 REMENSIS
2453 2561 2916 2666 EGCLESIZE

944 2786 1709 2915 SCHOLIA
1791 2787 2123 2916 SEU
2209 2783 2728 2915 NOTZE

215 3028 455 3101 Quibus
486 3030 786 3093 obscura
818 3047 1106 3110 quaeque
1134 3029 1583 3103 illustrantur,
1617 3029 1820 3092 dubia
1850 3034 1911 3093 et
1940 3030 2242 3093 involuta
2267 3027 2708 3109 explicantur,
2744 3029 2981 3093 mutila
3007 3046 3083 3093 ac
3113 3029 3470 3110 depravata

1347 3131 1744 3211 supplentur
1769 3134 1832 3195 et
1863 3131 2334 3196 emendantur.

1196 3299 1547 3364 AUCTORE
1590 3298 1918 3364 GEORGIO
1962 3296 2475 3364 COLVENERIO.

177 3489 261 3549 SS.
306 3493 649 3569 Theologiae
676 3489 910 3548 doctore
956 3494 1008 3545 et
1054 3484 1227 3569 regio
1258 3478 1679 3569 acordinario
1712 3481 1779 3539 in
1808 3478 2146 3569 Academia
2174 3479 2477 3569 Duacenci
2515 3478 2847 3569 professore
2887 3477 3215 3555 collegium
3259 3480 3513 3541 ecclesiae

1066 3564 1128 3624 S.
1181 3563 1348 3623 Petri
1387 3562 1703 3639 praeposito
1747 3570 1800 3620 et
1847 3563 2181 3622 Academiae
2223 3561 2609 3622 cancetlurio.

1322 3766 1427 3828 (Ea:
1458 3763 1763 3815 Bibliotheca
1788 3764 2023 3826 Patrum,
2056 3773 2175 3815 tom.
2201 3763 2380 3827 XVII.)

934 4140 1454 4239 SCHOLIA
1535 4139 1657 4236 IN
1730 4138 2193 4236 LIBRUM
2271 4137 2779 4235 PRIMUM.

817 4552 1180 4609 PROLOGUS.
1835 4576 1885 4646 Ο
1983 4550 2149 4620 Cujus
2176 4551 2337 4604 etiam
2366 4550 2629 4616 fornicem
2669 4548 3378 4618 prodeuntibusdexterum.
3414 4550 3524 4606 Hoc

231 4644 510 4702 Praeclara
540 4646 792 4717 praesuli
830 4648 897 4701 R.
937 4644 1289 4699 Flodoardus.
1352 4642 1441 4698 Sic
1495 4657 1616 4697 cum
1654 4641 1717 4696 R.
1747 4641 1805 4696 Ρ.
1847 4640 1883 4646 ν
1910 4651 1994 4700 est
2024 4657 2148 4696 eum
2181 4640 2275 4712 qui
2307 4657 2338 4696 a
2376 4640 2613 4695 dexteris
2663 4648 2744 4695 est
2796 4640 2863 4694 iis
2912 4641 3004 4712 qui
3031 4640 3307 4696 civitatem
3339 4641 3525 4715 ingrc-

166 4732 360 4796 lacobo
414 4738 747 4795 Sirmondo
796 4736 1169 4804 extendimus,
1201 4752 1324 4791 cum
1376 4750 1476 4788 ms.
1510 4733 1581 4787 sit
1612 4733 1651 4787 Β
1684 4733 1720 4786 F
1753 4732 1810 4799 L,
1914 4737 2157 4791 diuntur.

166 4827 271 4895 ubi,
300 4839 361 4885 ut
402 4830 575 4885 idem
612 4827 948 4882 Sirmondus
964 4825 1059 4893 ait,
1093 4840 1192 4895 per
1220 4824 1454 4878 litteram
1474 4822 1536 4877 Β.
1564 4821 1817 4877 nonnulli
1986 4827 2180 4881 Nautaz
2203 4824 2471 4893 siquidem
2494 4837 2725 4892 cygnum
2770 4823 2959 4878 bonam
2983 4824 3279 4894 ρνορηοείη
3302 4822 3529 4892 prodere

166 4927 347 4985 putant
372 4919 765 4990 Rodulphum
819 4916 1139 4987 episcopum
1184 4913 1605 4967 Lauduncnscm
1649 4910 1817 4965 intcl-
1916 4915 2124 4982 feriant,
2145 4917 2207 4967 ut
2226 4914 2306 4967 ait
2346 4912 2619 4968 Emilius.
2672 4910 2790 4966 lliec
2832 4912 2999 4967 verba
3026 4928 3149 4966 cum
3183 4911 3419 4966 disticho
3441 4927 3529 4965 se—

164 5004 272 5077 ligi,
302 5026 481 5080 quem
516 5005 803 5063 scribitin
836 5004 1105 5060 Chronico
1158 5018 1258 5057 suo
1294 5002 1383 5056 hic
1411 5007 1601 5055 auctor
1631 5007 1819 5055 noster
1920 5012 2124 5073 quente
2153 5007 2372 5071 sumpta
2393 5006 2521 5055 sunt
2546 5016 2611 5054 ex
2638 4999 2848 5055 Isidoro
2872 5000 2969 5054 lib.
3004 5017 3077 5055 xu
3109 5000 3390 5073 Originum
3413 4999 3529 5054 sive

164 5096 358 5154 abiisse
388 5112 562 5154 anno
596 5096 713 5153 948
747 5113 759 5149 :
792 5110 977 5166 neque
1009 5095 1126 5149 haec
1156 5090 1389 5147 historia
1432 5089 1668 5145 ulterius
1696 5105 1819 5161 pro-
1920 5092 2407 5166 Etymologiarum,
2439 5106 2559 5160 cap.
2594 5091 2648 5157 7,
2677 5106 2742 5146 ex
2795 5106 2904 5163 quo
2944 5090 3122 5159 adjeci
3152 5089 3400 5146 voculam
3426 5091 3527 5146 ait.

164 5191 430 5259 greditur.
1922 5183 2167 5239 Isidorus
2208 5199 2273 5238 ea
2331 5182 2641 5252 desumpsit
2691 5198 2756 5236 ex
2806 5182 2996 5239 Servio
3028 5182 3085 5236 in
3116 5198 3133 5236 ι
3163 5179 3404 5248 {Eneid.,
3464 5182 3531 5237 ad

737 5274 949 5330 CAPUT
998 5273 1281 5328 PRIMUM.
1919 5293 2136 5333 versum
2166 5295 2179 5331 :

222 5370 444 5425 Fratris
474 5367 776 5424 militibus
930 5367 1287 5433 interfectum.
1315 5362 1405 5419 Sic
1432 5361 1620 5417 omnia
1637 5375 1822 5416 exem-
2136 5365 2315 5430 Aspice
2340 5365 2565 5415 laetantes
2587 5364 2665 5415 bis
2714 5379 2858 5415 senos
2889 5365 3085 5429 agmine
3116 5379 3317 5429 cygnos.

163 5455 351 5524 plaria,
388 5469 585 5531 atque
630 5456 709 5509 ita
741 5456 1058 5527 frequenter
1077 5454 1342 5524 loquitur,
1374 5450 1666 5507 subaudita
1681 5464 1824 5523 prae-
1922 5446 2096 5503 Habet
2116 5454 2299 5503 autem
2332 5446 2609 5502 distichon
2653 5447 2758 5502 hoc
2804 5447 3056 5501 Aimilius
3085 5446 3264 5501 Macer
3288 5446 3344 5500 in
3371 5443 3536 5499 Orni-

158 5551 466 5620 positione,
496 5564 623 5623 pro
664 5564 694 5601 a
724 5547 903 5603 fratris
929 5546 1218 5613 militibus,
1249 5560 1415 5616 quam
1438 5543 1709 5614 adjecitJ.
1735 5543 1824 5600 Sic
1928 5540 2213 5615 thogonia,
2269 5554 2435 5612 quem
2481 5539 2683 5595 librum
2732 5539 2863 5595 citat
2888 5539 3147 5605 Servius;
3182 5539 3312 5611 item
3334 5533 3542 5591 Nonius

160 5640 295 5700 infra
320 5660 457 5717 cap.
496 5642 563 5699 6.
600 5640 783 5697 turbis
798 5643 1029 5696 remotus
1052 5630 1435 5711 popularibus.
1928 5631 2240 5704 Marcellus,
2264 5631 2432 5690 verbo
2495 5637 2764 5706 prosecta.
2805 5631 2907 5688 Ubi
2956 5638 3139 5688 tamen
3166 5644 3267 5700 pro
3292 5626 3542 5682 Emilius

467 5747 805 5809 PATROL.
861 5740 1197 5808 CXXXV.
3051 5755 3064 5767 ·
3175 5733 3247 5793 11
