4008 6158
511 269 608 324 331

1341 254 1742 312 COLVENERH
1784 251 2060 306 SCHOLIA
2103 251 2164 304 IN
2209 249 2378 302 lllS’l‘.
2423 245 2709 300 liEMENS.
2755 244 3018 298 ECCLES.
3688 251 3772 306 33g

511 403 652 456 male
685 401 885 470 legitur
915 399 1172 460 Licinius,
1225 400 1284 448 ut
1329 393 1480 448 docti
1508 391 1862 445 adnotarunt.
1906 387 2130 442 Servius
2157 393 2206 458 Α
2237 385 2382 456 Orig.
2417 399 2536 454 pro,
2567 400 2672 436 non
2708 385 2974 449 fet-issent.
3011 380 3070 432 Et
3103 379 3264 448 paulo
3298 387 3416 448 post
3445 383 3531 434 :Eo
3554 381 3610 434 de
3631 387 3776 438 media

511 497 606 552 ubi
665 509 826 562 supra
886 491 952 542 ad
998 504 1256 542 versum:
1311 488 1576 553 Ignavum
1641 485 1820 550 fucos,
1881 482 2126 535 nominat

513 589 747 642 Marcum
797 583 1100 636 Aimilium.
1153 579 1310 642 Quod
1375 593 1506 632 vero
1563 576 1632 630 de
1693 573 1981 628 anseribus
2039 573 2129 625 hic

511 671 881 743 subjungitur,
904 675 1182 737 sumptum
1215 675 1298 720 est
1321 682 1385 720 ex
1419 665 1616 719 eodem
1644 663 1838 716 lsidori
1866 661 2010 726 loco,
2033 658 2130 714 ubi

514 764 580 818 dc
613 759 876 831 Capitolio
907 774 1005 828 per
1034 771 1260 811 anseres
1306 761 1519 810 servato
1577 752 1708 806 citat
1739 751 1970 815 Livium,
2007 749 2132 802 Plu-

513 857 762 912 tarchum
795 853 1111 908 etFlorum.
1144 850 1352 914 Quibus
1384 849 1508 902 addi
1537 854 1715 918 potest
1749 843 2073 899 Pliniuslib.
2101 860 2134 897 x

517 950 649 1004 llist.
683 947 801 1000 Nat.
861 961 984 1014 cap.
1033 943 1122 1006 2‘2,
1157 951 1212 996 et
1241 943 1341 996 lib.
1377 957 1525 1006 xxxx,
1573 957 1617 994 c.
1649 941 1705 1006 4,
1739 939 1926 1008 etipse
1957 936 2134 1010 Virgi—

517 1041 627 1094 lius
649 1040 746 1093 lib.
782 1055 872 1090 van
895 1035 1154 1090 1Eneidos
1185 1035 1286 1088 sub
1311 1033 1496 1087 ﬁnem.

593 1129 750 1183 Urbis
780 1131 956 1180 auth
983 1131 1180 1180 nostra:
1216 1141 1406 1178 nomen
1427 1127 1842 1178 Durocortorum
1862 1119 2136 1189 quondam

520 1217 741 1270 dictum.
780 1215 858 1268 Ita
913 1215 1013 1268 hoc
1033 1213 1154 1268 loco
1185 1223 1239 1266 et
1289 1211 1432 1266 infra
1475 1226 1694 1280 semper
1722 1209 1916 1282 legunt
1941 1222 2133 1260 exem-

521 1309 696 1380 plaria
727 1306 783 1361 C.
817 1305 880 1358 M.
905 1315 960 1359 et
989 1305 1038 1372 .l,
1072 1323 1170 1376 pro
1201 1321 1309 1376 quo
1341 1305 1394 1358 S.
1425 1305 1634 1374 ubique
1665 1301 1948 1357 substituit
1973 1303 2140 1354 Duro—

521 1401 732 1450 cortum
766 1412 780 1460 ;
813 1393 962 1464 quod
991 1393 1430 1466 legiturquidem
1461 1387 2138 1463 vulgariterintextululii

523 1487 745 1543 Caesaris
777 1486 895 1540 loco
933 1485 1018 1538 hic
1046 1485 1303 1556 allegato.
1335 1485 1534 1537 Verum
1567 1483 1792 1536 Fulvius
1831 1481 2054 1536 Ursinus
2083 1479 2137 1532 in

521 1581 638 1635 suis
658 1577 1140 1633 emendationibus
1169 1582 1398 1630 testatur
1429 1576 1482 1629 in
1513 1575 1656 1630 libro
1685 1590 1786 1628 suo
1815 1591 1844 1628 a
1867 1572 2140 1626 sexcentis

525 1689 668 1745 pene
697 1671 859 1726 annis
902 1669 1234 1739 conscripto,
1277 1675 1330 1722 et
1366 1668 1474 1722 alio
1508 1667 1698 1722 codice
1729 1667 1990 1720 Vaticano
2033 1664 2140 1736 legi

523 1763 958 1822 Durocortorum,
992 1757 1270 1828 quomodo
1311 1763 1365 1810 et
1413 1757 1740 1810 Ptolomaeus
1769 1756 1900 1826 legit
1949 1763 2144 1822 Δοηρο-

525 1852 789 1916 κόρτορον.
825 1847 1028 1899 Eadem
1061 1844 1222 1898 lectio
1252 1843 1513 1912 probatur
1535 1861 1600 1896 ex
1639 1843 1870 1908 (Ethico,
1908 1851 1962 1896 et
1992 1859 2144 1897 com-

529 1938 798 1992 mentario
822 1936 1132 2007 Hieronymi
1161 1935 1353 1989 Suritae
1383 1935 1452 1988 ad
1487 1935 1831 1988 itinerarium
1861 1935 2142 2000 Antonini,

530 2033 584 2080 et
611 2043 676 2080 ex
706 2026 995 2079 Hincmaro
1027 2024 1186 2094 epist.
1214 2023 1268 2087 6,
1295 2023 1439 2076 inter
1468 2039 1562 2076 eas
1594 2037 1714 2092 quae
1738 2038 1768 2074 a
1798 2021 1924 2075 ΚΡ.
1957 2023 2145 2074 Busaeo

531 2115 695 2170 editae
715 2123 861 2178 sunt,
895 2132 942 2170 c.
989 2119 1074 2170 18.
1111 2115 1299 2168 Petrus
1329 2115 1561 2180 Divaeus,
1593 2123 1646 2168 et
1674 2115 2013 2168 Abrahamus
2043 2113 2145 2168 Or-

527 2209 694 2262 telius
749 2208 802 2261 in
847 2223 947 2261 suo
985 2207 1261 2261 Thesauro
1320 2205 1698 2280 Geographico
1739 2209 2149 2261 Durocottorum

529 2300 794 2364 scribunt,
839 2305 1042 2352 mutata
1077 2299 1254 2352 littera
1287 2317 1316 2352 r
1348 2299 1404 2351 in
1434 2303 1477 2352 t.

606 2391 844 2444 Vastatis
893 2390 1222 2455 regionibus,
1245 2393 1542 2442 exercitum.
1575 2389 1770 2443 Caesar.
1808 2387 1894 2442 Sic
1923 2387 2050 2460 Orig
2099 2395 2154 2441 et

531 2481 584 2544 C,
623 2498 721 2552 pro
751 2497 860 2552 quo
909 2481 1038 2535 ΜΞ]
1070 2482 1212 2534 male
1257 2481 1446 2552 legunt
1494 2483 1661 2547 factis
1717 2480 2039 2546 legionibus,
2097 2487 2154 2533 ut

531 2572 811 2626 declarant
831 2587 895 2624 ea
916 2587 1039 2641 quae
1079 2571 1136 2622 in
1175 2571 1388 2623 Caesare
1419 2569 1759 2639 praecedunt.

601 2666 842 2719 Ethicus
895 2667 1056 2716 etiam
1115 2666 1172 2716 in
1232 2662 1656 2729 Cosmographiu
1735 2663 1812 2714 sic
1869 2663 2149 2714 memorat.

531 2757 708 2809 Verba
729 2773 851 2826 quae
879 2755 1008 2809 citat
1037 2756 1295 2826 leguntur
1325 2754 1380 2806 in
1407 2752 1690 2807 ltinerario
1717 2751 2147 2821 provinciarum.

535 2844 683 2914 quod
707 2845 980 2898 Antonino
1012 2845 1275 2914 Augusto,
1305 2843 1442 2896 alias
1473 2841 1746 2895 Antonino
1772 2842 1902 2909 imp.
1927 2840 2154 2894 ascribi-

533 2940 642 3000 tur,
675 2940 728 2986 et
759 2932 814 2985 in
833 2931 1078 2985 editione
1105 2930 1406 2984 Basileensi
1453 2931 1587 2982 1575
1617 2929 2155 3001 AEthiciCosmogra-

535 3025 680 3096 phiae
695 3023 1067 3096 subiungitur,
1089 3030 1280 3092 estque
1313 3023 1614 3076 verisimile
1643 3021 1914 3075 zEthicum
1947 3021 2154 3074 utrius—

534 3133 642 3188 que
665 3123 942 3171 auctorem
972 3131 1113 3169 esse.
1147 3115 1405 3168 Videatur
1439 3113 1690 3184 praefatio
1737 3113 1895 3166 dictae
1955 3111 2154 3165 editio-

537 3211 642 3264 nis.
688 3209 1132 3282 Cosmographiae
1185 3209 1390 3262 Ethici
1451 3207 1766 3278 philosolihi
1817 3205 2148 3260 meminitS.

537 3301 844 3357 Evcrardus
875 3299 1286 3354 Cisoniensisid
1315 3315 1414 3354 suo
1449 3307 1802 3354 testamento.

605 3391 676 3444 Μ.
703 3392 762 3444 Ρ.
793 3392 865 3444 Μ.
892 3389 969 3442 lta
1007 3390 1214 3460 ubique
1255 3389 1534 3459 exemplar
1579 3395 1826 3441 nostrum
1877 3386 1942 3439 Μ.
1995 3383 2152 3449 Quod

539 3482 996 3554 lege,miliuplus
1047 3485 1244 3546 minus,
1313 3482 1394 3535 vel
1453 3481 1639 3551 potius
1665 3482 1840 3533 millia
1867 3494 2152 3547 passuum,

541 3579 599 3626 ut
623 3570 735 3624 vult
765 3569 1126 3640 Hieronymus
1148 3570 1324 3624 Surita
1373 3569 1529 3622 initio
1560 3568 1644 3622 sui
1677 3565 2063 3622 Commentarii
2099 3565 2154 3617 in

535 3667 648 3734 jam
681 3665 888 3740 dictum
943 3662 1315 3726 ltinerarium,
1351 3661 1594 3714 refutans
1625 3659 1785 3712 aliam
1819 3659 2154 3728 interpretat—

543 3757 748 3810 tionem
783 3772 796 3808 :
830 3754 984 3818 Quod
1009 3751 1238 3823 liquido,
1289 3750 1487 3820 inquit,
1522 3749 1849 3804 confirmare
1884 3749 2158 3818 possimus

540 3849 657 3902 vias
681 3863 774 3901 eas
804 3847 966 3901 certis
1017 3851 1069 3899 et
1106 3843 1491 3898 constantibus
1525 3841 1766 3912 lapidum
1792 3841 2158 3896 dimensioni-

541 3938 643 3992 bus
661 3935 828 3990 fuisse
860 3935 1176 3990 demetatas.
1211 3933 1313 3987 Pro
1341 3947 1448 4002 quo
1472 3941 1526 3985 et
1559 3931 1694 3984 illud
1727 3930 1876 3996 facit,
1911 3931 2057 4000 quod
2101 3929 2156 3983 in

543 4027 662 4097 ipso
683 4023 977 4080 ltinerario
1007 4038 1116 4076 non
1141 4020 1517 4092 legantur-nisi
1547 4019 1668 4072 duae
1695 4019 1888 4072 litterae
1922 4018 2154 4072 ltl.P.—.l

543 4111 816 4167 distinctis
863 4109 1083 4181 punctis
1130 4107 1311 4177 posuit
1368 4106 1432 4160 ill.
1473 4107 1528 4159 Ρ.
1557 4107 1650 4173 ill,
1713 4107 1916 4160 omissa
1945 4105 2158 4178 virgula

545 4200 947 4271 superjacente.

616 4316 746 4368 Item
775 4329 808 4366 ιι
828 4315 1184 4368 Durocortoro
1221 4311 1564 4374 Div-odorum,
1601 4315 1654 4362 et
1685 4307 1848 4378 paulo
1881 4314 2026 4378 post,
2055 4309 2155 4361 Di-

2237 482 2405 542 noctc,
2441 492 2555 546 pro,
2586 493 2642 528 eo
2673 476 2757 528 alio
2787 473 2967 526 inedia
2995 477 3164 525 nocte.

2303 570 2368 621 Et
2381 567 2570 619 docilis
2595 569 2766 618 rector
2797 565 3021 616 rostrati
3051 562 3218 626 Belga
3248 557 3438 614 covini.
3462 560 3531 614 Ita
3559 561 3606 614 in
3623 563 3667 614 S.
3689 579 3782 618 cor-

2233 663 2442 709 rectum
2472 670 2533 706 ex
2559 653 2702 725 Orig.
2764 667 2872 721 quo
2931 651 3094 704 modo
3127 657 3180 702 et
3207 649 3230 702 .l
3269 647 3415 720 legit,
3447 665 3561 702 cum
3587 650 3644 702 il.
3670 652 3784 722 legat

2234 746 2523 798 monstrati
2545 744 2768 808 Bolgaco
2795 743 2958 792 vinci.
2987 740 3044 790 lu
3077 739 3313 808 Corpore
3347 737 3638 804 Poetarum,
3665 740 3785 794 edito

2237 832 2490 906 Lugduni
2521 830 2674 892 1603,
2707 830 2909 903 legitur
2927 843 3148 898 quoque
3179 828 3468 880 monstrati
3494 836 3544 879 et
3573 827 3620 879 in
3648 828 3789 896 primo

2237 941 2396 978 versu
2429 925 2596 977 Aturi
2625 939 2722 992 pro
2752 923 2961 988 Satyri,
3003 936 3126 974 cum
3159 935 3290 972 vera
3317 919 3492 985 lectio,
3523 926 3574 972 ut
3601 919 3648 972 in
3675 920 3791 973 The-

2237 1028 2398 1066 sauro
2430 1027 2529 1065 suo
2562 1011 2724 1064 docet
2749 1009 3007 1074 Ortelius,
3030 1008 3297 1074 sitAtyri.
3335 1006 3424 1060 Est
3449 1013 3615 1060 autem
3635 1007 3794 1076 Atyrus

2238 1101 2614 1155 Tarbellorum
2647 1099 2700 1151 in
2743 1097 2913 1151 Gallia
2969 1096 3292 1166 Aquitanica
3327 1094 3517 1148 ﬂuvius
3547 1109 3796 1162 erumpens

2241 1191 2297 1244 in
2327 1189 2620 1244 Oceanum.
2655 1189 2822 1242 Porro
2863 1186 3094 1240 covinus
3123 1192 3206 1238 est
3255 1184 3438 1236 rhcdae
3479 1198 3566 1236 seu
3596 1182 3795 1235 vehiculi

2239 1279 2420 1334 falcati
2444 1295 2642 1353 genus,
2676 1293 2784 1348 quo
2817 1275 3064 1330 Britanni
3112 1283 3170 1328 et
3225 1273 3362 1327 Galli
3405 1273 3456 1326 in
3489 1272 3670 1342 praeliis
3700 1279 3798 1326 ute-

2239 1371 2460 1426 bantur.

2883 1461 3090 1514 CAPUT
3127 1460 3220 1512 IlI.

2311 1557 2368 1610 S.
2401 1553 2666 1609 Sinicium
2691 1554 2940 1606 videlicet
3005 1552 3334 1606 Suessonicw
3361 1548 3499 1600 sedis
3523 1548 3702 1614 primo,
3729 1560 3805 1596 no-

2244 1653 2383 1700 lrum
2405 1653 2593 1716 postea
2617 1647 2925 1715 praesulem.
2959 1644 3018 1697 Et.
3051 1643 3196 1695 infra
3219 1643 3582 1696 Suesso.~ticum
3606 1645 3654 1690 et
3679 1638 3806 1691 Sues-

2169 1713 2215 1778 B
2243 1742 2380 1792 soni.
2419 1739 2538 1792 llaec
2570 1745 2652 1792 est
2675 1737 2828 1807 quasi
2849 1745 3117 1806 perpetua
3146 1733 3308 1787 lectio
3331 1730 3644 1802 antiquioris
3659 1743 3808 1782 exem-

2247 1827 2414 1897 plaris
2445 1827 2511 1893 Μ,
2539 1844 2700 1898 quam
2735 1828 2767 1878 S
2827 1825 3033 1896 ubique
3087 1823 3314 1876 mutavit
3370 1819 3554 1874 addita
3613 1818 3808 1882 litterati,

2245 1921 2578 1992 scripsitque
2638 1921 2985 1974 Sucssionica:
3025 1923 3078 1971 et
3117 1917 3416 1990 Suessioni,
3451 1919 3548 1966 etc.
3573 1910 3669 1964 Sed
3695 1907 3812 1962 auti-

2248 2031 2410 2085 quam
2447 2013 2684 2066 retinere
2743 2011 2966 2080 placuit,
3001 2025 3066 2062 eo
3099 2008 3246 2078 quod
3291 2005 3660 2075 probationem
3689 2015 3810 2052 suam

2253 2109 2450 2161 habeat
2482 2123 2546 2160 ex
2596 2107 2920 2168 Ptolomaeo,
2975 2103 3186 2156 a‘Ethico
3220 2107 3270 2154 et
3326 2099 3467 2159 aliis,
3503 2105 3654 2165 atque
3683 2092 3814 2146 etiam

2251 2215 2316 2252 ex
2347 2197 2548 2252 Gallica
2579 2213 2711 2252 voce
2745 2198 3010 2258 Soissons,
3068 2191 3281 2246 taunetsi
3337 2185 3713 2259 postm-ioribus
3737 2198 3817 2234 Sae-

2253 2291 2392 2345 culis
2417 2290 2522 2342 alia
2551 2290 2618 2342 sit
2639 2288 2913 2349 usitatior,
2949 2285 3140 2355 (pia-in
3171 2283 3314 2336 Julio
3348 2280 3555 2333 Caesare
3589 2274 3819 2329 interdum

2257 2379 2549 2449 reperitur.
2593 2378 2701 2430 Nec
2731 2376 2894 2429 refert
2919 2383 3100 2428 utrum
3130 2375 3232 2426 hoc
3259 2389 3324 2423 an
3353 2371 3447 2423 illo
3483 2367 3637 2421 modo
3669 2363 3825 2417 utier-.1-

2259 2477 2362 2521 tur.
2400 2468 2666 2520 Caeterum
2727 2465 2927 2518 veritas
2957 2461 3197 2515 historiae
3261 2459 3350 2512 hic
3405 2465 3630 2510 narrata:
3673 2468 3728 2504 ex
3776 2464 3824 2502 eo

2256 2557 2612 2614 confirmatur
2643 2557 2788 2626 quod
2819 2556 2870 2608 S.
2902 2555 3082 2607 Sixtus
3115 2561 3168 2606 et
3197 2553 3250 2604 S.
3281 2549 3520 2604 Sinicius
3551 2548 3632 2610 (de
3663 2541 3826 2612 quibus

2255 2646 2640 2717 Martyrologia
2697 2641 2953 2696 Kalendis
3002 2638 3366 2710 Septembris}
3403 2641 3669 2706 ponantur
3697 2627 3826 2700 primi

2257 2741 2310 2793 in
2367 2739 2614 2810 catalogo
2665 2735 3054 2804 episc0poruu'1
3106 2727 3586 2791 Suessonensium,
3631 2724 3752 2776 sicut
3790 2730 3828 2770 et

2256 2827 2630 2890 Remensium,
2663 2833 2722 2876 ut
2763 2823 2949 2876 videre
2981 2827 3060 2874 est
3092 2821 3146 2872 in
3181 2817 3380 2872 tabulis
3415 2813 3626 2868 Antonii
3659 2812 3827 2864 Dento-

2255 2923 2458 2988 charis,
2493 2921 2587 2974 ubi
2625 2919 2936 2973 referuntur
2969 2915 3288 2985 martyrium
3325 2913 3470 2982 passi
3503 2909 3603 2964 sub
3631 2908 3833 2962 Nerone,

2183 3032 2230 3099 ρ
2255 3019 2396 3071 sicut
2427 3025 2480 3070 et
2505 3014 2796 3068 Amansius
2855 3013 3048 3066 horum
3100 3023 3406 3062 successor.
3446 3009 3613 3074 Atque
3643 3001 3705 3054 ob
3736 3011 3834 3050 eam

2255 3125 2496 3174 causam,
2531 3115 2668 3161 teste
2695 3106 2888 3159 eodem
2909 3103 3264 3164 Demochare,
3291 3099 3592 3169 episeolms
3622 3091 3840 3146 Suessio-

2255 3197 2446 3252 nensis
2479 3197 2712 3266 primum
2749 3195 2926 3248 locum
2951 3191 3166 3247 obtinet
3197 3187 3728 3256 intersui‘traganeos
3747 3177 3841 3246 epi-

2255 3304 2452 3358 SCOpos
2481 3285 2774 3357 provincia:
2811 3282 3176 3344 liemcnsis,et
3205 3281 3344 3332 inter
3368 3294 3471 3331 eos
3510 3277 3742 3328 decumis
3767 3285 3848 3336 ap-

2257 3385 2512 3455 pellatur,
2557 3381 2902 3452 primamque
2923 3393 3112 3431 vocem
3133 3375 3348 3429 obtinet
3375 3373 3430 3425 in
3468 3363 3845 3424 deliberationi-

2257 3479 2378 3542 bus,
2405 3483 2506 3529 etc.
2543 3493 2554 3526 :
2589 3474 2714 3543 quia
2763 3471 3020 3525 videlicet
3077 3468 3242 3520 iidem
3293 3465 3528 3518 fuerunt
3559 3459 3712 3532 primi
3741 3455 3844 3524 epi-

2257 3565 2409 3634 scopi
2441 3565 2848 3616 Suessonenses
2880 3567 2930 3612 et
2963 3559 3287 3611 lic-menses.
3339 3551 3574 3606 Nomina
3607 3563 3726 3600 vero
3753 3541 3846 3612 cpi-

2257 3673 2548 3727 scoporum
2583 3655 2674 3725 qui
2709 3654 2840 3708 olim
2864 3653 3088 3706 subesse
3119 3650 3300 3702 solent
3321 3645 3742 3714 archiepiscopo
3763 3638 3850 3690 lie-

2257 3749 2432 3804 mensi
2467 3749 2584 3800 huic
2607 3755 2737 3798 sunt
2768 3763 2780 3797 :
2812 3741 3242 3802 Suessionensis,
3279 3733 3715 3795 Catalaunensis,
3737 3730 3854 3781 Lau-

2259 3841 2524 3896 dunensis
2577 3839 3001 3900 Bellovacensis,
3043 3829 3455 3892 Ambianensis,
3488 3824 3852 3882 Novioduuen-

2259 3933 2355 3994 sis,
2409 3926 2883 3990 Silvanectensis,
2961 3919 3403 3984 Camaracensis,
3482 3908 3852 3969 Atrebatensis,

2259 4017 2622 4074 Tornacensis
2651 4024 2706 4070 et
2762 4011 3111 4067 Morinensis.
3147 4009 3352 4063 Deletis
3383 4017 3573 4060 autem
3607 4000 3858 4056 Ziloriu'sa

2261 4111 2448 4166 Carolo
2477 4109 2524 4162 V
2557 4109 2690 4178 imp.
2709 4106 2864 4170 1553,
2897 4103 3058 4157 sedes
3082 4099 3414 4172 CplSCOlltills
3431 4115 3495 4152 ex
3521 4103 3673 4168 parte.
3701 4101 3856 4145 trans-

2259 4199 2367 4254 lata
2396 4207 2478 4253 est
2511 4195 3138 4262 Bononiann,manetque
3168 4188 3545 4244 Bononiensis
3583 4185 3856 4254 episcopus

2259 4292 2440 4346 eidem
2483 4287 2740 4343 Remensi
2797 4283 3224 4353 metropolitano
3256 4281 3564 4348 subjectus.
3601 4277 3705 4331 Sed
3733 4285 3860 4326 anno

546 4403 826 4458 vadorum.
879 4399 1242 4471 Frequentius
1294 4399 1350 4452 in
1390 4398 1538 4452 dicto
1583 4397 1866 4451 ltinerario
1897 4395 2149 4450 scribitur

2259 4385 2419 4448 1.339,
2453 4382 2508 4434 in
2540 4379 2818 4434 erectione
2851 4391 3115 4431 novorum
3151 4375 3204 4428 in
3241 4363 3427 4446 Belgio
3463 4371 3860 4443 episcOpatumu

549 4493 902 4558 Divodorum,
921 4491 1200 4564 quomodo
1224 4490 1519 4546 verisimile
1553 4497 1636 4544 est
1667 4490 1909 4543 secundo
1937 4503 2161 4558 quoque

549 4583 671 4637 loco
705 4581 999 4657 legendum
1047 4595 1188 4644 esse,
1222 4580 1300 4634 uti
1341 4579 1472 4654 legit
1527 4579 1574 4634 J.
1621 4579 1743 4632 llaec
1775 4577 1942 4632 hodie
1970 4575 2164 4631 civitas

549 4675 829 4738 Metensis,
863 4681 955 4728 aut
979 4673 1217 4728 Theonis
1253 4672 1378 4726 villa
1401 4687 1525 4726 esse
1553 4671 1814 4726 creditur.

623 4768 749 4822 Item
814 4785 847 4821 a
925 4769 1139 4833 Bugaco
1203 4767 1553 4822 Nervicorum
1631 4763 1862 4817 Restitui
1943 4777 2041 4832 pro
2095 4761 2164 4814 ab

551 4861 789 4924 Agrucco
815 4871 878 4908 ex
911 4855 1057 4908 dicto
1093 4853 1400 4918 ltinerario,
1445 4851 1500 4904 in
1530 4867 1638 4922 quo
1703 4859 1884 4905 tamen
1911 4851 2163 4921 quaedam

552 4943 888 5015 exemplaria
919 4943 1108 5014 legunt
1137 4943 1420 5010 Bujaemn.
1457 4940 1684 4994 Videtur
1717 4949 1896 4993 autem
1929 4939 2163 5012 intelligi

553 5033 816 5104 Oppidum
851 5030 1170 5097 Harmoniae,
1212 5029 1361 5100 quod
1385 5037 1514 5083 tunc
1537 5029 1804 5083 Bavacum
1836 5027 2054 5082 dicitur.

1199 5179 1406 5234 CAPUT
1460 5179 1526 5232 ll.

629 5293 824 5348 Castra
847 5293 904 5344 in
959 5289 1304 5344 altitudine-172
1349 5288 1494 5357 peda
1521 5304 1593 5340 xu
1634 5289 1944 5356 fossamque
1967 5286 2168 5356 pedum

555 5401 682 5440 xvm
714 5386 923 5438 munire
942 5383 1112 5452 jubet.
1157 5380 1366 5436 Clarius
1393 5379 1538 5452 Orig.
1577 5398 1588 5432 :
1629 5403 1646 5428 ι
1684 5378 1865 5434 Castra
1889 5379 1946 5432 in
1985 5378 2170 5432 altitu—

553 5474 740 5528 dinem
771 5471 973 5544 pedum
995 5488 1068 5525 xu
1096 5471 1238 5526 vallo
1265 5469 1519 5540 fossaque
1552 5467 1934 5544 duodeviginti
1967 5466 2168 5537 pedum

555 5563 770 5618 munire
791 5561 968 5630 jubet.
1007 5586 1029 5606 ιο

627 5653 764 5708 Cum
792 5655 948 5720 ﬁnem-
977 5651 1332 5721 Oppugnandi
1363 5666 1472 5706 nos:
1509 5649 1740 5714 fecisset.
1758 5647 1845 5701 Sic
1871 5645 2082 5702 restitui
2109 5661 2172 5700 ex

2263 4473 2574 4547 pet-bullam
2595 4471 2742 4526 Pauli
2771 4471 2856 4535 1V,
2905 4469 3202 4523 subtractae
3255 4474 3384 4520 sunt
3407 4460 3748 4532 aliietropoli
3783 4459 3864 4510 lle-

2265 4567 2440 4622 mensi
2474 4562 2905 4626 Cameracensis,
2965 4559 3344 4614 Atrebatensis
3375 4567 3429 4612 et
3497 4549 3866 4610 Tornacensis.

2265 4665 2318 4713 et
2347 4657 2508 4711 sedes
2531 4650 2940 4708 Cameracensis
2965 4655 3146 4703 erecta
3177 4655 3260 4700 est
3291 4647 3344 4698 in
3375 4644 3872 4715 illi}ll‘OIJOllltlllﬂlD,

2265 4747 2350 4800 cui
2385 4743 2647 4812 subjectae
2683 4747 2811 4794 sunt
2875 4736 3261 4792 Atrebacensis
3311 4742 3366 4788 et
3410 4731 3798 4790 'l‘ornacensis,
3829 4731 3875 4778 et

2265 4833 2385 4888 aliae
2414 4833 2534 4886 duae
2569 4839 2819 4884 recenter
2848 4824 3342 4892 erectae,videlieet
3375 4817 3808 4876 Audomarcnsis
3831 4821 3875 4866 et

2267 4920 2672 4976 Namurcensis.

2337 5017 2418 5069 Ac
2447 5015 2658 5067 bcatmn
2689 5011 2994 5065 Memmium
3029 5007 3392 5062 Cutaluunicce
3421 5005 3584 5058 urbis
3623 5005 3878 5056 rectorem.

2272 5107 2366 5162 llic
2397 5107 2606 5177 primus
2641 5103 2860 5175 ponitur
2881 5102 2934 5155 in
2965 5098 3211 5171 catalogo
3235 5096 3732 5150 Cutalaunensiam
3759 5104 3884 5160 pou—

2271 5193 2500 5247 titicum.
2535 5193 2606 5245 De
2637 5209 2703 5246 eo
2739 5192 3040 5246 Romanum
3093 5185 3568 5260 Martyrologium,
3621 5177 3884 5237 Usuardus

2271 5293 2324 5340 et
2353 5286 2444 5339 alii
2475 5285 2508 5337 5
2531 5283 2778 5358 Augusti.

2341 5377 2541 5443 Nepote
2571 5389 2686 5440 suo,
2727 5376 2784 5426 ut
2823 5373 3028 5438 ferunt,
3061 5375 3244 5423 sancto
3273 5370 3550 5422 [)i‘eitiano
3585 5362 3835 5422 Sucssoni
3864 5373 3890 5410 rt

2271 5482 2324 5520 se
2347 5468 2598 5534 pontifice
2637 5465 2909 5518 ordinato.
2947 5463 3002 5514 ln
3046 5459 3080 5514 C
3109 5461 3264 5514 deest
3293 5463 3498 5523 sam-to,
3535 5473 3731 5527 neque
3761 5455 3890 5506 titu-

2273 5557 2422 5608 tulus
2445 5553 2753 5608 sanctitatis
2776 5551 3077 5622 apponitur
3107 5549 3161 5602 in
3193 5548 3394 5603 tabulis
3416 5544 3816 5608 Democharis,
3846 5540 3896 5594 in

2274 5643 2476 5713 quibus
2509 5643 2728 5698 tertium
2755 5643 2933 5697 locum
2962 5639 3194 5696 obtinet.
3231 5637 3290 5691 Et
3319 5653 3442 5692 cum
3480 5637 3690 5690 omnia
3717 5646 3898 5688 exem-
