4008 6158
238 248 317 306 333
1486 239 1556 294 IN
1597 234 1858 293 LIBRUM
1896 233 2183 291 PRIMUM.
3413 240 3519 298 334

232 379 367 453 plaria
388 381 565 433 nostra
591 374 777 449 legant
802 372 1051 431 Suessoni
1096 372 1153 427 in
1184 370 1383 438 dativo,
1415 369 1586 426 habet
1615 369 1783 427 Sues-
1808 375 1863 440 Α
1891 381 2013 437 pus,
2048 365 2337 438 Prigenius
2367 365 2614 433 diacon.,
2648 388 2676 417 ι)
2737 376 2793 423 et
2823 369 2877 423 in
2908 365 3159 442 margine
3209 368 3519 439 Betausius,

232 475 362 529 εοηίε,
1886 464 2188 529 Prigemus,
2234 464 2385 512 recte
2446 464 2746 528 reponatur
2799 461 2854 515 in
2907 467 3080 528 textu,
3128 461 3413 519 Betausius
3471 471 3526 519 et

282 560 477 617 Favebat
497 560 748 629 pignera.
779 556 866 613 Sic
894 555 1008 612 fere
1038 556 1247 628 ubique
1283 554 1472 610 omnia
1500 550 1785 623 exempla.
1888 551 2316 615 Primogem‘tus.
2344 547 2628 618 Sequitur.

229 652 306 717 ria,
331 648 416 703 etsi
444 648 527 702 MS
575 648 600 703 J
636 650 741 703 hoc
762 646 882 703 loco
924 647 1179 717 pignora,
1213 651 1343 711 etc.,
1392 642 1507 698 fere
1548 641 1782 712 ubique.
1958 642 2083 694 Post
2111 653 2267 707 quem
2294 638 2472 706 Aper,
2504 638 2631 691 inde
2656 640 3058 694 Maternianus.
3085 638 3157 693 De
3189 639 3296 695 hoc
3320 640 3529 698 additio

228 739 337 794 lllud
363 745 529 793 tamen
560 736 874 807 antiquitati
906 742 1191 791 consonat.
1218 735 1353 789 Hinc
1390 733 1562 787 Aldus
1589 732 1785 786 Manu-
1892 733 2089 789 Molani
2122 733 2188 787 ad
2210 732 2660 805 Martyrologium
2692 732 2931 788 Usuardi
2961 732 3030 788 30
3062 734 3261 806 Aprilis
3290 754 3303 790 :
3340 761 3366 786 ‹‹
3424 738 3532 794 Eo-

226 832 310 886 tius
328 831 373 884 in
398 829 633 901 epitome
661 827 1068 900 orthographiae
1084 842 1219 894 suae,
1250 828 1523 893 «Pignus,
1542 825 1790 895 pigneris
1893 826 2018 881 dem
2066 825 2158 879 die
2191 824 2398 879 natalis
2423 826 2600 880 sancti
2645 824 2987 879 Maderniani
3029 825 3318 884 Remensis
3352 831 3534 886 archi-

226 917 440 974 dicebant
462 928 699 983 veteres,
726 919 981 987 pignoris
1009 914 1356 988 posteriores.
1402 936 1427 965 »
1895 918 2168 990 episc0pi,
2204 918 2301 988 qui
2334 923 2524 972 sextus
2564 919 2709 972 rexit
2747 916 3006 971 eamdem
3036 917 3352 977 Ecclesiam.
3392 947 3416 969 ι»
3446 924 3535 978 ln-

278 1011 573 1066 Clericorum
594 1012 812 1079 pariter
829 1012 1024 1064 enituit
1048 1012 1362 1066 ministeriis
1384 1010 1654 1063 decorata.
1689 1006 1793 1072 Qui
1898 1018 1981 1066 ter
2006 1013 2207 1081 Aprum
2239 1019 2297 1064 et
2314 1010 2716 1067 Maternianum
2743 1009 3119 1065 Demochares
3143 1012 3331 1082 adjicit
3357 1014 3541 1072 Disco-

225 1117 341 1156 nunc
364 1101 624 1164 canonici,
659 1101 793 1157 olim
830 1101 1153 1171 simpliciter
1181 1101 1369 1157 clerici
1413 1098 1792 1156 nominaban-
1899 1104 2056 1170 lium,
2091 1119 2255 1174 quem
2283 1111 2506 1157 sextum
2544 1103 2674 1159 facit
2706 1102 2880 1171 hujus
2900 1102 3053 1157 sedis
3082 1104 3427 1177 episcopum,
3449 1110 3545 1182 qui

222 1203 306 1256 tur,
334 1199 385 1246 ut
411 1199 623 1247 constat
651 1208 716 1247 ex
748 1192 1102 1264 antiquorum
1143 1193 1362 1265 scriptis
1395 1202 1449 1248 et
1478 1209 1543 1248 ex
1580 1192 1795 1248 Joanne
1899 1193 2249 1263 subscriptus
2279 1191 2489 1263 legitur
2514 1192 2572 1245 in
2604 1191 2851 1247 concilio
2885 1191 3301 1267 Agrippinensi,
3328 1198 3430 1252 sub
3450 1201 3548 1254 Ju-

221 1280 395 1336 Molano
423 1280 523 1335 lib.
555 1298 571 1335 ι
605 1281 675 1336 de
708 1279 1024 1348 Canonicis,
1053 1299 1099 1338 c.
1131 1285 1185 1338 2.
1898 1284 1975 1340 lio
2025 1300 2167 1355 papa
2199 1282 2384 1353 primo
2416 1285 2634 1350 fcontra
2672 1283 3019 1354 Euphratem
3075 1287 3377 1359 celebrato,
3407 1290 3554 1348 circa

823 1374 1033 1431 CAPUT
1075 1376 1157 1431 ιν.
1899 1392 2105 1430 annum
2133 1373 2353 1429 Domini
2384 1374 2512 1429 346.
2545 1374 2653 1429 Sed
2684 1373 2834 1430 forte
2872 1374 3037 1433 fuerit
3056 1386 3265 1435 tantum
3299 1382 3553 1454 chorepi-

277 1463 384 1528 Quae
411 1471 705 1518 narrantur
733 1463 844 1519 hoc
872 1480 996 1535 cap.
1031 1465 1099 1520 de
1119 1465 1311 1537 primis
1337 1464 1675 1536 martyribus
1700 1481 1798 1520 ur-
1899 1484 2125 1539 scOpus,
2166 1466 2252 1521 vel
2307 1466 2646 1521 titulotenus
2685 1466 2996 1524 Remorum
3053 1473 3369 1545 episcopus,
3402 1483 3461 1531 ut
3488 1476 3558 1532 de

220 1552 290 1609 bis
308 1551 601 1621 Remensis,
623 1554 934 1621 Timotheo,
967 1555 1301 1626 Appollinari
1331 1563 1384 1610 et
1413 1555 1557 1620 aliis,
1577 1554 1801 1609 desum—
1899 1560 2036 1614 Abel
2068 1558 2294 1630 quidam
2319 1557 2688 1628 respondent.
2717 1558 2860 1614 Nam
2885 1561 3221 1620 Discholium
3251 1567 3405 1621 illum
3444 1585 3555 1623 non

221 1650 293 1713 pta
308 1651 420 1697 sunt
452 1658 518 1697 ex
547 1643 705 1709 actis,
742 1659 869 1715 quae
902 1645 1274 1716 manuscripta
1304 1662 1365 1701 se
1394 1644 1602 1701 habere
1625 1651 1800 1701 testa-
1831 1699 1879 1718 n
1910 1664 2032 1703 esse
2054 1645 2394 1701 addendum
2428 1643 2704 1715 probatur
2727 1645 2787 1700 in
2816 1649 3013 1718 primis
3045 1669 3111 1708 ex
3144 1662 3474 1711 testamento
3497 1657 3557 1714 Β.

219 1699 289 1788 ξω»
321 1735 511 1790 Baron.
551 1736 611 1789 in
663 1699 812 1791 notis
860 1736 931 1791 ad
973 1736 1125 1792 Rom.
1166 1699 1534 1811 liiartyrolog.,
1592 1737 1682 1792 die
1732 1734 1803 1792 23
1831 1699 1883 1769 Β
1912 1738 2153 1813 Remigii
2202 1736 2349 1791 infra
2380 1699 2508 1807 cap.
2550 1736 2661 1789 18:
2725 1760 2753 1787 (ι
2816 1699 3076 1799 Ecclesiae
3103 1699 3286 1817 inquit
3313 1748 3366 1803 8.

217 1828 429 1904 Augusti,
484 1845 717 1901 quorum
750 1830 861 1885 hoc
890 1838 975 1885 est
1020 1831 1302 1887 exordium
1333 1850 1347 1886 :
1382 1855 1408 1878 «
1443 1831 1554 1886 Sub
1586 1831 1804 1886 Nerone
1904 1830 1999 1885 ubi
2034 1846 2158 1886 cum
2206 1829 2391 1884 tribus
2429 1828 2869 1887 successoribus
2901 1835 3018 1890 suis
3063 1839 3384 1909 requiescit.
3423 1861 3448 1891 υ
3501 1840 3564 1897 Ε1

218 1922 538 1991 imperatore,
573 1922 875 1993 Lampadio
909 1923 1161 1994 praeside,
1194 1948 1220 1970 »ι
1276 1931 1380 1980 etc.
1417 1924 1491 1978 Eo
1532 1924 1680 1979 enim
1713 1922 1804 1976 die
1905 1934 2104 1991 supra:
2169 1943 2194 1963 «
2266 1917 2537 1973 Ecclesiae
2596 1915 2913 1978 Jovinianae
2948 1966 2962 1991 ,
3028 1936 3160 1993 etc.,
3227 1929 3322 1983 ubi
3393 1930 3561 1985 etiam

214 2010 545 2066 conformiter
584 2010 924 2079 Flodoardo,
965 2011 1084 2067 dies
1107 2012 1388 2067 natalitius
1419 2028 1610 2068 eorum
1666 2010 1808 2066 assi-
1911 2008 2159 2079 quinque.
2201 2006 2582 2072 confessores,
2638 2008 2888 2077 proximi
2928 2023 3313 2072 antecessores
3367 2017 3558 2074 domni

215 2106 400 2171 gnatur,
451 2108 508 2155 et
562 2100 653 2155 die
707 2100 1047 2172 praecedenti
1104 2100 1157 2156 S.
1199 2101 1367 2155 Mauri
1420 2108 1475 2156 et
1533 2100 1809 2156 sociorum
1910 2098 2137 2163 Nicasii,
2167 2104 2302 2166 etc.,
2332 2096 2550 2154 conditi
2582 2105 2731 2152 sunt.
2780 2121 2811 2152 ι)
2863 2104 2982 2159 Νοη
3015 2116 3146 2162 sunt
3174 2107 3345 2179 igitur
3374 2111 3562 2180 plures

214 2195 499 2260 martyrum.
531 2189 776 2261 Tempus
815 2190 983 2245 etiam
1014 2190 1165 2244 addit
1194 2189 1388 2245 Petrus
1410 2190 1498 2245 ‘de
1530 2188 1813 2244 Natalibus
1915 2205 2079 2261 quam
2109 2204 2333 2255 novem,
2366 2190 2461 2262 qui
2493 2190 2819 2260 praecedunt
2856 2194 2907 2249 S.
2946 2197 3244 2253 Nicasium.
3300 2202 3559 2256 Secundo

215 2279 293 2335 lib.
322 2297 405 2348 vn,
431 2298 480 2338 c.
516 2282 611 2349 95,
643 2281 912 2338 videlicet
949 2281 1093 2337 circa
1123 2298 1323 2336 annum
1364 2282 1582 2337 Domini
1614 2282 1703 2337 57.
1737 2282 1813 2336 De
1915 2297 1982 2336 ex
2014 2281 2251 2352 epistola
2281 2283 2487 2338 Ebonis
2517 2281 2585 2336 ad
2620 2282 2953 2341 Balduinum
2997 2289 3257 2345 Ferreum
3287 2292 3556 2348 Flandriae

213 2369 405 2437 iisdem,
436 2375 491 2425 et
534 2371 818 2442 praecipue
850 2370 1015 2425 beato
1046 2369 1253 2439 Mauro,
1284 2370 1392 2426 late
1423 2370 1535 2443 agit
1570 2369 1815 2425 Joannes
1914 2370 2319 2439 marchionem,
2344 2387 2469 2443 qua:
2488 2378 2662 2426 exstat
2678 2373 2831 2442 apud
2863 2374 3144 2432 Molanum
3175 2379 3228 2432 in
3257 2379 3435 2434 Nata].
3457 2381 3552 2435 SS.

212 2456 430 2514 Molanus
474 2460 534 2514 in
590 2460 883 2515 Natalibus
933 2459 1025 2514 SS.
1070 2459 1262 2535 Belgii,
1314 2460 1406 2515 die
1452 2459 1524 2514 22
1578 2459 1810 2531 August.
1916 2460 2089 2534 Belgii
2117 2460 2185 2514 14
2206 2460 2473 2524 Octobris,
2508 2460 2566 2515 in
2596 2476 2705 2532 qua
2725 2461 2931 2517 diserte
2968 2466 3161 2521 scribit
3201 2468 3259 2521 B.
3294 2469 3556 2524 Donatia—

210 2549 322 2605 Nam
360 2568 566 2623 corpus
599 2552 855 2621 ejusdem
896 2550 1043 2606 beati
1092 2550 1262 2606 Mauri
1302 2552 1448 2623 quod
1482 2552 1591 2607 hoc
1631 2550 1813 2622 capite
1915 2569 2047 2607 num
2110 2553 2408 2623 septimum
2449 2552 2619 2607 fuisse
2658 2552 2810 2608 sedis
2853 2554 3150 2612 Remensis
3202 2559 3551 2631 episc0pum.

210 2640 380 2696 scribit
415 2641 768 2698 Flodoardus
806 2640 1075 2696 reservari
1116 2640 1172 2693 in
1210 2640 1442 2695 ecclesia
1483 2641 1540 2695 Β.
1585 2638 1813 2706 Celsini,
1916 2643 2100 2699 Tertio
2139 2660 2205 2697 ex
2238 2642 2512 2698 Hincmari
2543 2642 2799 2712 epistola,
2834 2660 2958 2714 qum
2988 2644 3131 2700 infra
3164 2653 3340 2701 exstat
3367 2648 3466 2703 lib.
3494 2665 3550 2703 ιιι

208 2736 317 2797 post
333 2735 550 2785 aetatem
576 2729 752 2801 ipsius
774 2727 1088 2789 Flodoardi.
1125 2727 1228 2783 sub
1246 2728 1529 2799 Arnulpho
1550 2724 1813 2781 Remensi
1918 2749 2040 2806 cap,
2081 2731 2172 2798 εἳ,
2204 2731 2300 2786 ubi
2327 2732 2382 2786 S.
2427 2731 2737 2804 Remigium
2768 2739 2928 2786 vocat
2980 2732 3259 2787 decimum
3293 2735 3549 2807 quintum

210 2822 637 2895 archiepiscOpo,
686 2830 970 2878 reservato
1008 2822 1210 2893 capite,
1258 2824 1404 2879 circa
1449 2838 1655 2878 annum
1705 2819 1818 2876 Do-
1919 2825 2217 2880 Remorum
2247 2821 2878 2894 archiepiscopum.Cur
2909 2832 3098 2879 autem
3124 2825 3302 2881 dehis
3332 2827 3552 2897 episco-

210 2910 325 2964 mini
360 2912 494 2966 1012
525 2912 857 2967 translatum
903 2917 987 2965 est
1019 2911 1074 2964 in
1106 2910 1372 2984 Belgium,
1404 2912 1471 2967 ad
1502 2911 1684 2967 locum
1731 2909 1793 2964 di

1967 2918 2006 2972 is
2035 2923 2089 2972 et
2109 2916 2232 2971 aliis
2263 2916 2427 2985 hujus
2454 2916 2753 2987 provinciae
2776 2917 2983 2972 sanctis
3004 2933 3183 2987 pauca
3212 2918 3550 2986 scribantur,

209 3012 337 3057 ctum
365 3004 641 3072 Florinas,
673 3003 938 3061 dioecesis
972 3003 1318 3072 Leodiensis,
1352 3012 1414 3059 ut
1444 3011 1596 3075 patet
1622 3019 1686 3057 ex
1719 3001 1816 3057 lit-
1858 3067 1895 3082 Λ
1920 3025 2140 3065 causam
2173 3007 2328 3063 affert
2360 3008 2473 3063 Eho
2502 3008 2561 3062 in
2592 3007 2757 3064 citata
2812 3010 3088 3079 epistola:
3126 3029 3151 3059 α
3188 3009 3335 3079 Ejus,
3373 3011 3571 3082 inquit‘

210 3092 326 3147 teris
362 3093 543 3164 ipsius
574 3067 844 3164 Arnulphi
878 3092 947 3147 ad
981 3091 1274 3148 Baltricum
1299 3067 1665 3149 Leodiensem
1694 3091 1819 3163 epi-
1850 3067 1899 3137 C
1923 3100 2269 3171 (Donatiani),
2315 3100 2603 3171 sanctique
2647 3067 2906 3173 Remigii,
2949 3116 3013 3156 ac
3060 3067 3552 3156 innumerabilium

209 3195 440 3250 Swpum.
472 3199 618 3254 quas
646 3182 839 3237 videre
871 3189 955 3237 est
985 3181 1040 3236 in
1073 3182 1305 3239 Molano.
1921 3199 2236 3247 sanctorum
2253 3189 2377 3244 vitae
2404 3189 2634 3261 scripta,
2657 3190 3056 3246 Wandalorum
3069 3191 3379 3247 vastatione
3405 3191 3552 3248 scias

274 3275 367 3328 Ubi
407 3275 670 3330 dominus
719 3275 1108 3342 Gondebertus,
1162 3277 1247 3329 vir
1291 3277 1652 3344 clarissimus,
1701 3291 1821 3330 cum
1923 3297 2043 3336 esse
2064 3280 2263 3336 deleta.
2300 3300 2324 3331 »

206 3380 359 3420 uxore
380 3383 482 3421 sua
499 3368 725 3423 Bertha.
753 3367 829 3420 De
856 3366 943 3421 his
973 3367 1078 3421 late
1096 3366 1236 3421 infra
1257 3368 1349 3424 lib.
1374 3384 1448 3438 ιν,
1470 3384 1520 3425 c.
1553 3369 1621 3425 46
1652 3374 1707 3422 et
1733 3368 1822 3421 47.
1997 3373 2137 3426 Hinc
2167 3373 2508 3425 Donatianus
2535 3373 2744 3425 exstitit
2770 3373 3069 3442 episcopus,
3102 3372 3258 3443 cujus
3285 3374 3449 3427 etiam
3463 3374 3554 3443 pi-

872 3454 1085 3509 CAPUT
1112 3454 1172 3509 V.
1928 3462 2428 3532 gnora'maritimas
2450 3464 2508 3517 in
2527 3469 2711 3532 partes
2742 3466 2982 3533 episcopi
3006 3467 3448 3533 Noviomagensis
3472 3464 3556 3519 vel

270 3547 376 3603 Sub
404 3564 519 3619 quo
545 3550 834 3603 Betausius
865 3549 1165 3617 reperitur,
1193 3550 1289 3619 qui
1317 3564 1437 3603 cum
1465 3548 1831 3616 Primogenito
1937 3553 2287 3606 Tornacensis
2337 3552 2589 3619 prazlata.
2632 3551 2721 3605 Sic
2776 3557 2831 3604 et
2862 3550 3006 3605 infra
3051 3551 3296 3623 loquitur
3344 3559 3553 3614 auctor,

208 3636 417 3693 diacone
455 3656 582 3707 suo,
610 3641 827 3710 primus
853 3653 922 3693 em
952 3639 1053 3692 hac
1079 3639 1298 3706 Belgica
1319 3642 1603 3709 provincia
1633 3641 1834 3707 legitur
1935 3642 2262 3698 nominatim
2294 3641 2394 3696 lib.
2429 3660 2508 3708 ιιι,
2541 3658 2641 3713 cap
2672 3642 2762 3709 23,
2810 3643 2941 3714 quia
2972 3642 3214 3699 Ecclesia
3263 3643 3557 3699 Novioma-

208 3731 499 3786 Arelatensi
546 3735 740 3803 primae
769 3732 1086 3798 interfuisse
1113 3731 1338 3799 synodo,
1378 3733 1560 3788 relate
1583 3748 1680 3802 per
1710 3732 1832 3785 Ma-
1932 3731 2119 3803 gensis
2150 3739 2204 3786 et
2230 3731 2586 3785 Tornacensis
2611 3731 2885 3785 sexcentis
2914 3731 3075 3784 annis
3102 3731 3273 3785 unitze
3309 3730 3553 3799 fuerunt,

206 3818 376 3872 riuum
403 3823 723 3889 episcopum
768 3819 1075 3873 beatissimo
1099 3833 1262 3887 papa
1313 3819 1605 3888 Sylvestro,
1654 3820 1826 3874 Volu-
1931 3823 2187 3877 videlicet
2225 3830 2528 3893 atempore
2567 3822 2620 3875 S.
2657 3820 2925 3887 Medardi,
2968 3821 3062 3892 qui
3095 3822 3235 3875 obiit
3276 3838 3423 3876 anno
3451 3822 3557 3876 Do-

204 3907 348 3961 siano
376 3912 429 3962 ct
458 3910 691 3963 Aniano
716 3907 1046 3961 consulibus.
1074 3906 1366 3962 Berausius
1393 3909 1526 3981 legit
1550 3909 1598 3963 Μ
1631 3906 1736 3963 etJ
1776 3904 1831 3960 in
1932 3911 2066 3965 mini
2098 3912 2224 3973 556,
2267 3926 2444 3981 usque
2476 3910 2545 3964 ad
2594 3916 2810 3963 aetatem
2861 3910 2913 3962 8.
2962 3908 3224 3963 Bernardi
3261 3908 3555 3964 Claraeval-

207 3991 432 4052 elencho
488 3997 746 4066 archiep.
794 3996 1080 4063 Remens,
1110 3998 1389 4068 quomodo
1426 3999 1591 4053 etiam
1630 3997 1835 4071 legitur
1932 3999 2105 4054 lensis
2134 3998 2371 4053 abbatis.
2416 3997 2894 4068 Noviomagensis,
2932 3995 3043 4052 alio
3082 3996 3311 4053 nomine
3359 3997 3559 4053 Novio-

204 4086 265 4138 ad
287 4089 608 4163 marginem
632 4094 763 4144 tom.
783 4089 801 4143 1
828 4087 1220 4156 Conciliorum,
1245 4089 1298 4144 in
1321 4089 1747 4162 subscriptione.
1775 4090 1834 4143 In
1937 4088 2223 4143 mensis'et
2239 4085 2680 4142 Noviodunensis
2702 4085 2866 4154 (Gal.,
2888 4088 3097 4155 Noyon)
3120 4086 3342 4142 dicitur.
3368 4086 3562 4142 Trans-

207 4175 436 4243 epistola
478 4192 620 4234 vero
648 4193 680 4231 a
708 4176 924 4248 synodo
955 4177 1158 4247 scripta
1196 4178 1266 4233 ad
1294 4178 1617 4235 Silvestrum
1645 4179 1840 4235 Ambi—
1941 4177 2085 4231 latus
2134 4184 2215 4230 est
2246 4183 2430 4229 autem
2486 4174 2577 4230 hic
2614 4175 2811 4229 beatus
2866 4174 3113 4246 pontifex
3162 4176 3231 4229 ad
3284 4174 3561 4249 insignem

205 4270 407 4336 taurus,
461 4276 522 4324 et
556 4269 616 4323 in
664 4270 1256 4344 margin:Bethausus,
1300 4278 1359 4326 ut
1395 4272 1666 4328 Aaronius
1693 4285 1840 4326 anno
1942 4264 2210 4319 Flandriae
2250 4263 2539 4318 maritimae
2570 4262 2874 4326 civitatem,
2932 4263 3139 4335 Brugas
3166 4260 3391 4330 dictam,
3440 4278 3562 4335 quae

205 4353 302 4410 314
330 4357 594 4434 corrigit.
623 4356 685 4424 G,
727 4357 761 4412 8
791 4364 846 4412 et
870 4357 918 4413 J.
953 4358 1059 4413 hoc
1089 4359 1209 4415 loco
1243 4360 1548 4425 Betansius,
1582 4378 1648 4416 ex
1680 4359 1838 4415 tabu-
1863 4428 1903 4434 _
1942 4359 2068 4408 ante
2098 4352 2348 4422 subjecta
2378 4351 2482 4408 fuit
2517 4352 2774 4408 Ecclesiae
2830 4353 3186 4419 Tornacensi,
3223 4353 3322 4407 sed
3363 4368 3562 4423 nuper,

204 4445 285 4513 lis,
316 4457 378 4504 ut
408 4428 678 4522 apparet,
710 4449 1064 4505 Democharis
1091 4451 1458 4522 scripserunt,
1492 4452 1587 4524 qui
1611 4457 1840 4506 testatur
1863 4428 1920 4498 Ῐ)
1945 4444 2206 4500 videlicet
2261 4460 2406 4499 anno
2466 4445 2629 4510 1559,
2686 4445 2807 4515 ipsa
2972 4444 3262 4500 Donatiani
3321 4445 3568 4499 Ecclesia

205 4553 325 4591 eum
358 4539 417 4593 in
450 4539 703 4594 concilio
733 4539 1038 4594 Arelatensi
1080 4540 1327 4595 secundo
1355 4542 1679 4599 Bethanium
1707 4539 1838 4606 dici,
1912 4567 1917 4573 -
1943 4540 2126 4589 erecta
2154 4542 2236 4588 est
2268 4533 2325 4587 in
2352 4533 2695 4588 cathedram.
2740 4532 2861 4586 Fuit
2894 4547 2961 4587 eo
2993 4532 3289 4587 translatus
3319 4539 3567 4602 tempore

205 4630 361 4699 quod.
382 4638 557 4685 notat
586 4630 838 4685 habitum
869 4646 991 4685 esse
1022 4647 1166 4686 anno
1193 4630 1318 4686 3l6.
1348 4630 1553 4685 Verum
1585 4647 1651 4686 ex
1670 4632 1841 4685 Baro-
1943 4624 2076 4678 dicti
2100 4623 2305 4678 Ebonis
2334 4622 2735 4692 archiepiscopi
2770 4622 3079 4688 Remensis,
3113 4630 3167 4676 et
3192 4620 3368 4676 Caroli
3397 4622 3565 4688 Calvi,

206 4717 294 4772 nio
321 4726 378 4774 et
404 4719 586 4775 dictis
612 4718 1283 4778 consulibusostenditur
1312 4718 1650 4773 celebratum
1677 4716 1844 4772 fuisse
1945 4727 2111 4778 anno,
2143 4719 2203 4766 ut
2230 4710 2467 4766 Jacobus
2515 4710 2767 4781 Meyerus
2795 4710 2987 4765 scribit
3014 4710 3068 4763 in
3096 4709 3214 4763 suis
3264 4710 3571 4766 Annalibus

204 4819 344 4863 anno
370 4808 511 4877 314,
548 4807 649 4879 qui
678 4816 763 4862 est
800 4804 1046 4861 Silvestri
1072 4803 1353 4876 pontificis
1383 4804 1592 4875 primus
1623 4814 1677 4859 et
1702 4804 1848 4860 Con-
1948 4804 2239 4870 Flandriae,
2271 4804 2394 4857 863.
2434 4801 2571 4857 Illud
2606 4810 2789 4856 tamen
2834 4817 2944 4857 non
2980 4807 3157 4872 potest
3188 4817 3311 4855 cum
3342 4801 3573 4857 veritate

205 4897 431 4952 stantini
476 4898 624 4967 imp.
678 4911 861 4950 nonus
928 4894 1097 4950 Porro
1146 4909 1212 4948 ex
1254 4894 1512 4963 praesenti
1557 4892 1849 4948 Flodoardi
1950 4893 2273 4959 subsistere,
2315 4892 2463 4964 quod
2494 4906 2605 4947 non
2653 4890 2861 4946 asserit
2889 4890 3138 4962 quidem,
3179 4891 3279 4969 sed
3312 4889 3570 4946 se‘inve-

204 4985 319 5044 loco
375 4985 761 5045 conﬁrmatur
791 4986 1066 5041 sententia
1117 4984 1344 5041 Caesaris
1370 4984 1608 5051 Baronii,
1641 5000 1748 5055 qua
1774 4983 1852 5037 ait
1951 4982 2097 5036 nisse
2123 4982 2313 5036 scribit
2345 4980 2493 5035 idem
2524 4980 2798 5050 Meyerus,
2825 4979 3090 5035 videlicet
3119 4995 3247 5033 eum
3274 4978 3342 5032 ab
3373 4979 3577 5050 Diony-

203 5078 509 5151 episcopos
543 5079 674 5133 illos
723 5077 818 5148 qui
854 5078 907 5130 in
941 5076 1104 5131 tomis
1155 5074 1523 5130 Conciliorum
1554 5072 1851 5143 subscripti
1952 5070 2035 5126 sio
2066 5068 2219 5124 urbis
2269 5070 2453 5125 Romae
2480 5068 2746 5140 episcopo
2802 5069 2974 5124 sacris
3015 5069 3264 5123 ablutum
3305 5068 3574 5136 fontibus,

208 5174 333 5221 suut
357 5165 643 5222 secundae
674 5164 889 5235 synodo
913 5163 1245 5230 Arelatensi,
1269 5161 1699 5217 subscribendos
1731 5176 1853 5217 esse
1957 5166 2312 5229 creatumque
2341 5158 2411 5212 ab
2440 5157 2638 5213 eodem
2675 5157 2970 5212 Remorum
3006 5155 3328 5226 pontiﬁcem
3361 5155 3581 5211 circiter

206 5256 417 5326 primae,
455 5256 626 5328 quod
656 5262 881 5310 secutus
903 5261 985 5310 est
1029 5254 1086 5308 in
1118 5252 1545 5309 novissimorum
1579 5250 1859 5305 Concilio—
1957 5250 2153 5304 salutis
2200 5265 2404 5303 annum
2461 5249 2583 5303 270.
2631 5248 2785 5315 Nam,
2825 5255 2887 5302 ut
2914 5264 2979 5302 ex
3013 5247 3292 5317 praedictis
3344 5256 3580 5315 constat,

208 5365 330 5405 rum
382 5350 655 5405 editione
688 5347 1004 5404 Coloniensi
1037 5359 1181 5401 anno
1220 5343 1359 5399 1606
1386 5343 1471 5398 vir
1508 5341 1861 5398 doctissimus
1961 5340 2248 5396 Betausius
2279 5341 2383 5396 luit
2423 5340 2714 5395 Remensis
2769 5340 3068 5411 episcopus
3098 5356 3243 5397 anno
3284 5341 3407 5398 314.
3449 5344 3584 5397 Suc-

205 5442 522 5499 Severinus
555 5443 776 5497 Binius.
803 5439 1007 5496 Poterit
1045 5445 1099 5493 et
1129 5437 1258 5492 hinc
1287 5441 1467 5490 textus
1497 5426 1856 5505 subscriptio-
1959 5440 2244 5488 cesserunt
2296 5434 2347 5487 ei
2379 5433 2523 5504 Aper
2571 5438 2627 5486 et
2667 5431 3058 5500 Maternianus,
3106 5434 3309 5489 deinde
3335 5435 3588 5490 Donatiu-

208 5530 291 5584 nis
320 5531 661 5586 emendari.
697 5529 830 5584 Cum
863 5530 1013 5584 enim
1047 5527 1125 5582 ibi
1155 5527 1406 5601 legatur:
1451 5547 1478 5575 α
1534 5525 1605 5579 Ex
1635 5539 1860 5596 provm-
1962 5540 2087 5579 nus.
2118 5525 2184 5578 Ut
2212 5540 2344 5580 vero
2374 5524 2512 5578 nihil
2542 5525 2880 5589 omittamus,
2920 5524 2975 5578 in
3011 5524 3213 5580 tabulis
3238 5526 3590 5580 Democharis

208 5619 290 5674 cia
321 5620 675 5689 Galliarum,
697 5617 915 5677 civitate
945 5617 1260 5674 Remorum.
1298 5613 1616 5670 lbethanius
1644 5612 1864 5685 episco-
1966 5622 2189 5670 vocatur
2221 5612 2278 5667 L.
2315 5613 2655 5671 Donatianus
2686 5614 2986 5682 Romanus,
3019 5611 3262 5670 Cornelii
3287 5622 3343 5669 et
3370 5614 3589 5670 Lucina:
