4012 6164
472 276 581 333 335

1311 271 1702 329 COLVENERII
1743 269 2017 328 SCHOLIA
2057 265 2122 323 IN
2167 264 2331 321 HIST.
2372 265 2656 325 REMENS.
2699 267 2965 327 ECCLES.

3692 270 3783 330 336

464 406 631 466 ﬁlius.
672 408 799 475 Quae
829 407 897 463 de
929 405 1050 461 Vita
1079 404 1255 477 ipsius
1283 403 1541 471 existant,
1573 402 1800 459 adnotat
1836 382 2086 456 Molanus
2114 400 2169 471 Α
2191 410 2312 463 nos,
2366 396 2466 451 sed
2504 396 2711 453 multos
2749 413 2994 474 paganos
3029 391 3314 453 Wandalis
3369 394 3588 452 Arianis
3633 396 3786 455 fuisse

464 495 534 552 ad
564 496 870 551 Usuardum
905 495 971 551 15
1008 493 1279 562 Octobris,
1321 499 1377 548 et
1401 491 1472 548 de
1522 491 1699 565 ipsius
1725 490 2088 548 translatione

465 586 535 642 ad
563 586 820 643 eumdem
854 585 1001 642 diem
1043 584 1371 641 Laurentius
1409 582 1620 639 Surius.

362 667 371 671 ’
533 674 695 743 Quem
728 675 911 731 beatus
942 676 1248 732 Viventius.
1272 672 1444 743 Hujus
1464 671 1720 728 meminit
1747 671 1995 728 Molanus
2027 671 2085 727 in

462 766 748 825 additione
772 767 844 825 ad
871 766 1176 825 Usuardum
1209 766 1301 821 die
1340 765 1371 822 7
1401 764 1768 837 Septembris.

1101 854 1315 912 GAPUT
1358 855 1443 911 VI.

531 947 855 1019 Antiquitas
895 948 956 1001 in
985 946 1203 1002 ecclesia
1255 960 1375 1016 qua:
1401 946 1472 999 ad
1529 944 1806 1015 Apostolos
1858 945 2081 1010 dicitur,

462 1042 738 1095 exstitisse
756 1041 961 1108 fertur.
986 1039 1065 1093 Ita
1094 1037 1161 1092 M.
1193 1046 1299 1093 etc.
1322 1037 1430 1093 Sed
1450 1037 1506 1092 in
1528 1037 1577 1091 M
1598 1037 1895 1093 recentiori
1918 1051 2082 1089 manu

459 1134 899 1206 superscriptum
926 1141 1010 1190 est
1037 1135 1094 1191 S.
1125 1134 1533 1204 Symphoriani.
1569 1132 1725 1198 Quod
1756 1132 1790 1187 S
1818 1131 2006 1186 retulit
2026 1130 2081 1184 in

460 1229 691 1290 textum,
720 1222 863 1278 sicut
883 1230 938 1278 et
968 1222 1075 1277 alia
1100 1223 1353 1294 quaedam
1376 1221 1444 1276 ad
1463 1221 1887 1292 explicationem
1911 1217 2080 1290 perti-

461 1310 669 1374 nentia,
707 1311 809 1366 hoc
840 1311 1005 1366 modo
1032 1328 1046 1364 :
1085 1335 1109 1358 α
1144 1311 1273 1375 Qum
1302 1311 1371 1365 ad
1402 1310 1716 1381 Apostolos,
1747 1310 1900 1374 olim,
1933 1324 2082 1364 nunc

459 1400 515 1456 S.
534 1401 921 1473 Symphoriani
935 1401 1156 1470 dicitur,
1173 1423 1202 1453 α
1219 1401 1497 1473 quomodo
1514 1401 1677 1457 etiam
1697 1400 1831 1473 legit
1850 1401 1899 1461 J.
1920 1400 2082 1454 Eam-

458 1492 585 1548 dem
607 1493 1023 1550 adnotationem
1050 1494 1214 1549 habet
1231 1494 1287 1548 in
1307 1493 1512 1549 Gallico
1534 1510 1636 1549 suo
1659 1491 1957 1562 exemplari
1983 1492 2080 1545 Ni-

457 1583 647 1639 colaus
666 1584 971 1648 Chesneau,
995 1585 1241 1640 decanus
1256 1591 1310 1640 et
1325 1584 1626 1640 canonicus
1637 1584 1884 1652 ejusdem
1901 1583 2081 1638 eccle-

455 1672 553 1728 siae
598 1673 653 1728 8.
709 1674 1117 1745 Symphoriani.
1149 1674 1258 1729 Sed
1297 1689 1406 1729 non
1438 1674 1612 1745 probo
1662 1672 1812 1744 quod
1843 1672 2077 1727 adnota-

455 1764 638 1820 tiones
666 1765 999 1840 marginales
1055 1767 1112 1820 in
1159 1772 1367 1821 textum
1418 1764 1748 1821 referentur.
1802 1764 1953 1818 Idem
1986 1771 2073 1818 ta-

458 1867 588 1907 men
618 1853 674 1907 in
707 1861 857 1907 textu
892 1853 1099 1908 habent
1129 1854 1315 1909 omnia
1342 1852 1677 1924 exemplaria
1701 1852 1803 1906 lib.
1850 1869 1910 1918 u,
1942 1867 1996 1907 c.
2018 1852 2070 1906 6.

528 1944 657 2010 Quae
713 1953 896 1999 autem
923 1946 1030 2000 hoc
1082 1945 1262 2017 capite
1321 1946 1391 2001 de
1448 1946 1710 2018 martyrio
1760 1947 1813 2001 8.
1875 1945 2074 2001 Nicasii

459 2030 755 2104 Eutropiae,
785 2042 840 2089 et
887 2035 1163 2090 sociorum
1194 2044 1375 2090 narrat
1404 2045 1615 2103 auctor,
1671 2052 1736 2091 ea
1765 2036 2076 2107 desumpsit

457 2138 556 2195 pro
586 2121 796 2192 majore
828 2129 980 2194 parte
1011 2139 1076 2178 ex
1106 2124 1277 2199 gestis
1319 2124 1566 2195 ipsorum
1596 2133 1918 2196 martyrum,
1951 2141 2073 2197 quae

458 2231 526 2272 ex
550 2215 923 2286 manuscripto
955 2216 1145 2271 codice
1178 2226 1423 2288 accepta,
1456 2218 1733 2274 habentur
1785 2218 1931 2289 apud
1962 2219 2070 2273 Su-

458 2310 598 2366 rium
663 2318 797 2366 tom.
830 2311 944 2379 VII,
999 2312 1147 2382 apud
1176 2312 1478 2368 Vicentium
1531 2313 1586 2368 in
1626 2314 1861 2385 Speculo
1918 2314 2069 2380 hist.,

454 2403 497 2459 I.
523 2421 631 2469 χχι,
657 2421 781 2476 οιρ.
816 2406 883 2460 37
907 2412 961 2461 et
988 2405 1095 2475 38;
1129 2407 1348 2463 Petrum
1377 2409 1447 2463 de
1478 2408 1763 2465 Natalibus
1794 2411 1834 2464 Ι.
1878 2428 1916 2477 ι,
1948 2426 2067 2481 cap.

452 2494 544 2563 69,
600 2503 654 2552 et
691 2496 747 2551 S.
781 2496 1117 2553 Antoninum
1160 2507 1300 2570 part.
1336 2518 1374 2553 ιι
1418 2500 1580 2565 Hist.,
1622 2501 1703 2555 tit.
1737 2502 1826 2568 11,
1860 2517 1981 2572 cap.
2016 2503 2067 2556 8.

451 2589 560 2645 Sed
591 2588 812 2660 plenius
848 2596 902 2643 et
933 2589 1233 2660 perfectius
1269 2591 1414 2646 inter
1440 2592 1588 2647 Vitas
1616 2593 2073 2668 Sanctorum-Co-

452 2680 615 2736 lonia)
646 2696 878 2736 excusas
906 2680 961 2734 in
994 2682 1149 2750 folio,
1179 2683 1233 2736 in
1257 2683 1404 2754 ipsas
1435 2684 1613 2739 adhuc
1631 2686 1786 2756 quasi
1813 2696 2072 2760 typogra-

448 2774 597 2845 phiaa
629 2772 863 2829 infantia
889 2791 1019 2829 ann.
1060 2775 1221 2830 1483.
1252 2776 1384 2830 Item
1427 2775 1480 2829 in
1515 2775 1802 2831 breviariis
1834 2778 2072 2849 prepriis

450 2861 847 2917 cathedralium
889 2863 1266 2932 ecclesiarum,
1314 2864 1621 2931 Remensis,
1663 2865 2069 2937 Ambianensis,

447 2948 825 3004 Atrebatensis
868 2960 926 3005 et
962 2952 1279 3023 Brugensis.
1318 2952 1418 3007 Ubi
1474 2962 1602 3008 ante
1633 2955 1819 3009 omnia
1863 2956 2071 3010 consti-

2102 1720 2155 1789 B

2189 487 2501 558 permistos.
2560 491 2715 556 Quod
2745 507 2876 548 vero
2917 490 3150 563 praedito
3200 496 3452 561 tempore
3510 492 3792 565 contigerit

2188 580 2643 656 hocmartyrium
2696 597 2827 656 (non
2859 593 3065 642 autem.
3098 591 3158 640 ut
3209 583 3531 658 Sigebertus
3568 594 3716 642 notat
3739 588 3789 642 in

2187 673 2475 745 Chronico,
2507 693 2574 734 ex
2620 679 2959 754 vulgaribus,
3000 688 3061 735 ut
3100 678 3403 734 verisimile
3442 687 3528 733 est
3558 679 3785 736 Franco-

2184 783 2305 823 rum
2331 769 2675 839 Amnalibus,
2703 773 2807 827 sub
2837 771 3049 827 Hunnis
3080 787 3169 828 an.
3198 771 3324 838 453,
3366 778 3480 839 aut,
3512 779 3573 826 ut
3603 772 3789 828 Demo-

2184 857 2398 923 chares.
2458 859 2583 932 454)
2644 876 2710 916 ex
2748 860 3055 917 Flodoardo
3111 865 3299 916 nostro
3345 859 3630 930 probatur,
3671 861 3786 932 quia

2183 945 2324 1001 inter
2339 947 2392 1002 S.
2415 947 2711 1015 Nicasium,
2770 957 2824 1005 et
2852 950 2906 1005 S.
2939 949 3250 1023 Remigium
3283 947 3635 1003 intercedunt
3660 966 3786 1021 qua-

2184 1043 2309 1092 tuor
2354 1039 2447 1092 alii
2501 1040 2772 1111 episcOpi,
2823 1039 2918 1111 qui
2950 1039 3089 1094 infra
3145 1047 3503 1095 recensentur
3569 1056 3687 1109 cap.
3734 1041 3782 1096 9.

2184 1128 2350 1184 Porro
2386 1130 2439 1185 S.
2470 1130 2755 1203 Remigius
2808 1132 2946 1186 obiit
2976 1147 3067 1186 an.
3104 1131 3255 1186 Dom.
3295 1130 3420 1197 544,
3449 1130 3789 1201 episcOpatus

2182 1220 2267 1275 sui
2306 1221 2394 1283 74,
2424 1222 2598 1277 aetatis
2628 1225 2717 1291 95,
2748 1230 2805 1277 ut
2836 1230 2985 1294 patet
3014 1238 3077 1277 ex
3135 1223 3307 1293 ipsius
3346 1223 3626 1293 epitapbio
3658 1223 3788 1278 infra

2183 1312 2288 1367 hoc
2323 1313 2519 1368 eodem
2552 1313 2674 1379 lib.,
2707 1331 2755 1369 c.
2784 1315 2871 1369 21.
2909 1315 2981 1367 Ex
3015 1329 3124 1385 quo
3155 1314 3409 1385 sequitur
3438 1330 3565 1368 eum
3597 1313 3784 1369 factum

2181 1420 2301 1459 esse
2332 1405 2656 1477 episc0pum
2687 1423 2776 1461 an.
2810 1406 2942 1462 470.
2976 1408 3153 1478 Atque
3191 1407 3265 1461 ita
3290 1421 3390 1476 pro
3422 1414 3658 1476 quatuor
3680 1408 3788 1462 istis

2182 1494 2459 1565 episc0pis
2491 1496 2841 1551 intermediis
2888 1512 2998 1551 non
3030 1496 3476 1568 relinquerentur
3516 1497 3622 1551 nisi
3668 1498 3787 1552 anni

2181 1586 2250 1640 16
2280 1594 2374 1641 aut
2400 1587 2488 1640 17.
2523 1587 2676 1642 Adde
2708 1588 2856 1660 quod
2898 1587 2950 1642 8.
2988 1588 3354 1659 Hieronymus
3402 1588 3541 1643 obiit
3570 1605 3659 1642 an.
3692 1589 3781 1644 421

2180 1680 2274 1728 aut
2301 1674 2427 1728 422.
2458 1676 2633 1741 Quare
2656 1677 2884 1732 omnino
2915 1682 3043 1731 ante
3066 1676 3170 1732 hoc
3193 1677 3381 1732 saltem
3413 1684 3633 1749 tempus
3662 1692 3789 1733 con-

2175 1764 2362 1838 tigisse
2390 1774 2625 1836 oportet.
2652 1767 2900 1839 Denique
2922 1784 3021 1839 pro
3050 1769 3149 1823 hac
3176 1768 3454 1823 sententia
3483 1766 3612 1823 facit
3646 1768 3786 1839 quod

2174 1856 2317 1912 inter
2346 1864 2656 1914 coaetaneos
2687 1861 2742 1914 Β.
2797 1859 2993 1915 Nicasii
3027 1860 3344 1915 nominetur
3373 1861 3429 1914 Β.
3491 1860 3787 1928 Servatius,

2175 1951 2269 2022 qui
2324 1967 2671 2024 nequaquam
2701 1952 2902 2008 vixisse
2943 1962 3122 2024 potest
3180 1969 3354 2025 usque
3408 1953 3474 2007 ad
3516 1969 3605 2007 an.
3670 1953 3788 2008 453.

2176 2038 2385 2094 Fuisset
2433 2040 2580 2094 enim
2637 2040 2926 2111 plusquam
2976 2049 3200 2097 centum
3259 2041 3420 2095 annis
3474 2042 3789 2113 episcopus.

2174 2129 2427 2186 Interfuit
2465 2130 2614 2185 enim
2645 2131 2897 2187 conciliis
2924 2132 3236 2188 Sardicensi
3282 2140 3337 2187 et
3374 2133 3785 2205 Agrippinensi,

2173 2224 2467 2279 celebratis
2499 2225 2806 2294 respective
2855 2240 3001 2280 anno
3035 2225 3137 2281 343
3170 2233 3224 2281 et
3255 2225 3379 2280 346.
3422 2225 3577 2290 Quod
3611 2234 3791 2282 autem

2173 2313 2373 2387 legitur
2400 2316 2662 2370 trecentis
2711 2317 2871 2370 annis
2911 2316 3112 2371 vixisse
3145 2317 3464 2388 neutiquam
3508 2316 3792 2387 probabile

2176 2414 2276 2460 est.
2312 2406 2465 2471 Quod
2500 2414 2684 2461 tamen
2716 2407 2784 2462 ad
2817 2407 3018 2463 dictam
3052 2408 3109 2462 Β.
3156 2408 3471 2479 Hieronymi
3505 2409 3790 2480 epistolam

2174 2498 2392 2565 attinet,
2425 2500 2573 2555 salva
2629 2501 2953 2556 auctoritate
2985 2500 3225 2568 Baronii,
3269 2501 3445 2574 magis
3476 2501 3644 2558 credo
3674 2519 3789 2558 eam

2175 2586 2435 2656 scriptam
2477 2604 2598 2642 esse
2629 2604 2775 2644 anno
2822 2589 2946 2643 408.
2980 2589 3110 2644 Nam
3152 2606 3276 2645 cum
3333 2589 3610 2645 excidium
3641 2590 3794 2645 urbis

2175 2675 2467 2733 Remorum
2516 2679 2808 2750 contigerit
2839 2679 2890 2734 in
2950 2678 3060 2735 fine
3091 2697 3219 2735 ann.
3269 2680 3393 2747 407,
3434 2680 3699 2737 videlicet
3728 2683 3794 2736 14

2174 2766 2454 2834 Decemb.,
2489 2783 2599 2822 non
2633 2768 2815 2839 potuit
2843 2769 3040 2824 eodem
3069 2784 3214 2824 anno
3242 2769 3360 2838 ejus
3388 2769 3467 2823 rei
3494 2770 3695 2825 notitia
3725 2770 3791 2824 ad

2172 2856 2230 2910 B.
2264 2855 2653 2927 Hieronymum
2682 2857 2738 2911 in
2767 2858 3087 2914 Bethlehem
3120 2865 3553 2931 complorantem
3586 2875 3790 2928 perve-

2173 2944 2342 2999 nisse.
2377 2946 2556 3000 Altera
2585 2945 2883 3002 difﬁcultas
2914 2948 3002 3002 hic
3041 2955 3122 3003 est
3150 2965 3163 3001 :
3204 2949 3284 3001 An
3325 2964 3356 3002 a
3384 2947 3692 3011 Wandalis,
3724 2964 3791 3002 an

449 3040 716 3096 tuendum
739 3049 819 3096 est
851 3043 920 3097 de
945 3051 1193 3113 tempore
1216 3058 1326 3115 quo
1357 3045 1473 3098 haec
1498 3045 1838 3100 acciderunt.
1875 3048 1987 3111 Qua
2008 3046 2067 3101 in
2100 3041 2298 3112 CveI‘O
2337 3037 2405 3091 ab
2448 3037 2660 3092 Hunni-‘3
2700 3040 2846 3109 ρδςεί
2889 3040 3019 3106 Sint,
3060 3041 3160 3094 sed
3205 3055 3327 3111 quae
3353 3040 3466 3108 iam
3500 3040 3791 3095 manifesta

449 3147 509 3186 rc
539 3148 792 3207 magnam
852 3131 1015 3187 nobis
1047 3132 1346 3202 prteferunt
1383 3133 1561 3189 lucem
1592 3150 1657 3188 ea
1710 3152 1832 3205 quae
1863 3136 1920 3189 in
1960 3134 2071 3192 fine

448 3223 613 3293 hujus
641 3241 761 3296 cap.
797 3224 1035 3279 citantur
1065 3242 1132 3279 ex
1169 3225 1328 3296 epist.
1377 3225 1412 3278 Β
1471 3226 1786 3298 Hieronymi
1819 3229 1887 3283 ad
1928 3232 2070 3302 Age-

448 3314 697 3367 ruchiam
728 3313 849 3368 sive
900 3314 969 3368 ad
1001 3314 1338 3382 Gerontiam,
1373 3331 1538 3385 quam
1592 3315 1851 3386 scriptam
1908 3318 2071 3372 docet

445 3408 715 3465 Baronius
766 3409 823 3463 in
873 3409 1067 3464 Annal.
1112 3426 1203 3464 an.
1262 3411 1386 3465 407.
1447 3412 1623 3476 Quare
1672 3411 1868 3467 eodem
1924 3430 2069 3470 anno

444 3502 744 3559 verisimile
785 3510 869 3558 est
908 3519 972 3557 ea
1003 3504 1326 3577 contigisse.
1360 3504 1493 3557 Nam
1545 3504 1796 3559 Wandali
1828 3513 1883 3559 et
1914 3504 2068 3558 Alani

446 3590 625 3661 pridie
665 3590 778 3645 Kal.
812 3590 1057 3646 Januarii
1090 3607 1235 3647 anno
1266 3592 1392 3657 406,
1436 3592 1668 3647 transito
1701 3592 1913 3658 Rheno,
1947 3592 2071 3645 Gal-

446 3679 548 3734 lias
577 3686 706 3734 sunt
727 3680 986 3755 ingressi,
1020 3688 1079 3735 ut
1110 3681 1279 3735 habet
1322 3681 1379 3734 Β.
1410 3680 1644 3752 Prosper
1694 3681 1750 3735 in
1774 3680 2066 3749 Chronico,

443 3767 704 3823 videlicet
745 3768 981 3824 Arcadio
1040 3776 1251 3824 sextum
1301 3777 1356 3825 et
1397 3770 1590 3825 Anicio
1647 3770 1826 3826 Probo
1898 3786 2065 3836 coss.,

443 3879 584 3935 quos
607 3864 674 3919 ad
707 3880 912 3919 annum
946 3865 1092 3921 hunc
1117 3864 1284 3920 refert
1329 3865 1674 3921 Christianus
1710 3867 1986 3933 Massaeus,
2011 3875 2066 3922 et

441 3957 735 4029 Baronius,
762 3958 866 4014 etsi
896 3959 1132 4032 Prosper
1161 3960 1229 4014 ad
1260 3977 1351 4016 an.
1398 3961 1522 4017 408.
1555 3961 1673 4016 Alia
1702 3961 1849 4016 enim
1883 3961 2058 4017 Chro-

441 4051 568 4108 nica
596 4053 1013 4126 chronologiam
1057 4054 1273 4109 Baronii
1320 4054 1540 4110 duobus
1572 4056 1731 4109 annis
1775 4062 2058 4125 superant.

2174 3128 2505 3199 relinquitur
2523 3145 2586 3183 ex
2615 3129 2890 3184 solutione
2918 3128 3138 3200 prioris.
3165 3130 3297 3184 Nam
3320 3130 3641 3184 Hunnorum
3664 3146 3793 3200 per-

2170 3223 2401 3289 secutio,
2431 3222 2794 3277 etGalliarum
2828 3240 2929 3293 per
2959 3240 3055 3279 eos
3084 3224 3313 3279 vastatio
3331 3223 3433 3278 sub
3467 3238 3599 3295 rege
3624 3222 3792 3277 Attila

2169 3315 2445 3385 posterior
2471 3325 2572 3381 est,
2620 3316 2877 3371 videlicet
2909 3316 3054 3372 circa
3104 3333 3310 3371 annum
3343 3316 3466 3371 450.
3513 3316 3630 3380 Quo
3663 3331 3797 3370 sane

2171 3414 2417 3477 tempore
2470 3407 2606 3463 vixit
2634 3395 2695 3466 Β.
2733 3407 2976 3462 Anianus
3008 3408 3418 3463 Aurelianensis
3471 3406 3793 3479 episcopus.

2170 3508 2223 3555 et
2255 3502 2313 3554 B.
2356 3501 2539 3571 Lupus
2565 3501 2873 3569 Trecensis,
2934 3500 3029 3571 qui
3063 3516 3414 3571 praepropere
3445 3500 3512 3553 ab
3568 3509 3798 3556 auctore

2170 3588 2260 3643 hic
2289 3590 2667 3657 nominantur,
2700 3590 2910 3661 quique
2942 3606 3068 3644 suas
3092 3590 3343 3644 civitates
3381 3588 3650 3659 precibus
3682 3589 3799 3644 suis

2170 3687 2224 3731 et
2254 3677 2465 3732 meritis
2514 3678 2891 3732 liberaverunt
2921 3695 2952 3732 a
3000 3677 3305 3732 vastatione
3338 3678 3513 3731 Attila)
3564 3677 3796 3733 Hunno-

2169 3785 2288 3823 rum
2315 3770 2475 3844 regis.
2507 3770 2614 3825 Sed
2645 3770 2715 3824 de
2746 3771 2800 3827 S.
2838 3770 2986 3841 Lupo
3030 3770 3202 3825 facilis
3223 3769 3398 3824 videri
3431 3778 3627 3840 posset
3654 3786 3792 3825 con-

2168 3861 2394 3928 ciliatio,
2423 3862 2551 3933 quia
2580 3862 2742 3917 annis
2768 3862 2835 3918 52
2866 3861 2970 3917 fuit
2992 3861 3308 3933 cpiscOpus.
3345 3860 3407 3915 At
3426 3861 3611 3916 obstat
3643 3862 3793 3934 quod

2165 3953 2389 4009 demum
2416 3969 2561 4009 anno
2605 3954 2711 4009 4‘27
2742 3954 2811 4008 ad
2852 3953 3167 4025 episcOpale
3198 3953 3395 4008 solium
3444 3960 3676 4008 evectus
3702 3954 3791 4020 sit,

2155 4049 2309 4118 juxta
2336 4048 2604 4105 calculum
2635 4046 2879 4114 Baronii,
2911 4047 3004 4119 qui
3029 4062 3153 4101 eum
3182 4044 3500 4100 defunctum
3529 4053 3786 4101 recenset

443 4142 555 4199 Hoc
614 4143 762 4200 idem
820 4142 1064 4199 referent
1119 4144 1314 4199 iisdem
1381 4160 1524 4200 coss.
1584 4144 1939 4200 Cassiodorus
2002 4145 2058 4198 in
2162 4158 2254 4197 an.
2287 4141 2409 4197 479.
2444 4140 2551 4196 Sed
2581 4140 2925 4196 excusandus
2980 4138 3339 4203 Flodoardus,
3370 4138 3466 4208 qui
3504 4137 3558 4191 in
3593 4137 3702 4193 hac
3732 4152 3788 4192 re

443 4235 713 4292 Chronico
766 4242 821 4292 et
841 4237 1109 4303 Zosimus,
1135 4238 1176 4291 Ι.
1217 4254 1289 4293 γι.
1324 4237 1528 4292 Eodem
1552 4238 1829 4308 pertinere
1846 4253 1967 4308 qua;
1993 4238 2061 4292 de
2163 4230 2413 4302 sequitur
2438 4229 2808 4297 Hincmal‘um,
2851 4226 2993 4299 θρὶει
3044 4227 3099 4295 5»
3131 4243 3178 4282 οι
3223 4227 3308 4287 17-
3342 4225 3488 4280 inter
3517 4240 3617 4281 335
3645 4242 3785 4298 quas

442 4329 545 4385 hac
581 4330 902 4386 calamitosa
955 4330 1266 4401 irruptione
1314 4330 1507 4386 scribit
1545 4331 1770 4387 Hieron.
1829 4330 2060 4402 epistola
2162 4319 2289 4374 R-P-
2313 4319 2470 4374 J01m-
2503 4319 2728 4373 BUSYBUS
2744 4316 3101 4381 edidit-Quot
3125 4314 3285 4369 annis
3312 4313 3593 4369 sederits-
3620 4315 3787 4370 Αηίδο

435 4420 551 4489 jam
581 4420 749 4487 dicta,
800 4420 948 4476 circa
989 4420 1248 4478 eumdem
1281 4438 1489 4477 annum
1541 4422 1739 4477 asserit
1790 4422 2058 4477 Arualdus
2079 4407 2141 4477 D
2162 4426 2265 4465 IIIIS
2291 4426 2401 4466 non
2452 4409 2673 4465 invenio
2726 4410 2782 4464 in
2815 4408 3083 4475 historiis,
3116 4407 3215 4462 sed
3246 4405 3455 4462 ObliSSB
3513 4404 3788 4460 scribitur

442 4508 714 4565 Pontacus
765 4509 823 4564 in
852 4509 971 4565 suis
1012 4510 1160 4566 notis
1197 4511 1266 4566 ad
1315 4510 1517 4569 Chron.
1553 4512 1826 4583 Prosperi.
1884 4513 2060 4584 Atque

440 4602 693 4674 inprimis
720 4605 838 4660 haec
867 4607 1145 4662 sententia
1205 4607 1470 4679 probatur
1504 4609 1759 4673 Baronio,
1795 4608 1926 4663 dum
1966 4624 2055 4663 an.

438 4693 566 4760 407,
593 4701 720 4765 post
743 4695 909 4751 citata
933 4696 1128 4751 eadem
1163 4696 1478 4770 Hieronymi
1507 4698 1698 4765 verba,
1721 4701 1797 4755 ita
1824 4698 2059 4768 subjun-

437 4782 559 4856 git:
623 4802 644 4833 ι
679 4784 834 4849 Quod
876 4792 1060 4842 autem
1117 4785 1263 4841 inter
1297 4787 1432 4843 alias
1491 4788 1785 4844 Galliarum
1833 4786 2056 4843 urbium

439 4873 625 4930 clades
674 4874 915 4933 Rhemos
951 4893 983 4931 a
1020 4876 1303 4933 Wandalis
1356 4879 1559 4934 referat
1613 4879 1944 4946 devastatos,
2000 4879 2056 4933 in

437 4982 559 5022 eam
608 4968 938 5025 sententiam
987 4985 1075 5024 me
1146 4970 1321 5043 magis
1379 4971 1565 5038 trahit,
1630 4979 1689 5026 ut
1747 4971 2053 5027 existimem

436 5055 490 5111 8.
514 5055 794 5112 Nicasium
819 5058 941 5127 ejus
961 5058 1199 5114 civitatis
1218 5058 1567 5131 episcopum,
1591 5075 1701 5114 una
1723 5074 1846 5114 cum
1864 5075 2052 5115 sorore

435 5149 695 5222 Eutropia
724 5158 780 5205 et
798 5150 966 5207 sociis
995 5167 1114 5206 esse
1148 5152 1412 5222 martyrio
1443 5158 1760 5220 coronatos,
1794 5153 1924 5208 licet
1952 5154 2054 5208 ali-

436 5240 531 5310 qui
559 5239 628 5294 ad
660 5241 976 5296 Hunnorum
1004 5240 1061 5295 id
1090 5240 1331 5296 referant
1372 5249 1646 5312 tempora,
1669 5256 1901 5313 quorum
1933 5248 2052 5298 acta

432 5327 711 5400 passionis
747 5343 907 5402 mque
936 5329 1042 5385 sub
1075 5329 1358 5385 Wandalis
1387 5330 1539 5401 ipsos
1570 5346 1694 5386 esse
1716 5346 1912 5402 passos
1942 5332 2048 5387 ha-

430 5415 589 5486 bent,
625 5416 724 5473 sed
776 5420 940 5489 plane
984 5419 1313 5492 corrigenda
1350 5419 1407 5474 in
1452 5434 1519 5476 eo
1564 5419 1693 5475 dum
1751 5419 2049 5478 Wandalos

430 5523 680 5582 paganos
703 5507 874 5567 fuisse
902 5511 1143 5575 tradunt,
1193 5526 1333 5583 quos
1361 5511 1538 5583 liquet
1576 5510 1747 5568 fuisse
1776 5511 2046 5569 Christia-

430 5619 553 5662 nos.
615 5623 644 5657 α
698 5602 789 5668 Sic
827 5605 942 5663 ille.
993 5606 1198 5662 Verum
1238 5606 1387 5679 quod
1428 5606 1497 5662 ad
1527 5607 1805 5679 posterius
1853 5609 2051 5666 attinet

428 5695 733 5777 verisimile
763 5705 847 5756 est
886 5713 997 5759 non
1028 5713 1225 5756 omnes
1252 5698 1551 5758 Wandalos
1579 5698 1750 5757 fuisse
1782 5698 2047 5757 Christia-

2161 4516 2250 4554 an.
2282 4500 2407 4555 453.
2440 4499 2637 4554 Verum
2680 4505 2735 4553 et
2783 4498 2929 4553 hunc
2958 4497 3053 4552 diu
3084 4498 3142 4552 in
3181 4496 3508 4567 episcopatu
3548 4494 3783 4559 vixisse,

2161 4596 2221 4644 et
2264 4595 2553 4660 utramque
2595 4586 3035 4659 persecutionem
3074 4586 3261 4642 videre
3316 4590 3564 4659 potuisse
3626 4608 3693 4647 ex
3719 4602 3785 4644 eo

2161 4684 2340 4748 potest
2368 4675 2578 4750 colligi,
2609 4676 2735 4747 quia
2764 4675 3085 4731 Vincentius
3113 4674 3523 4733 Bellovacensis
3554 4679 3627 4734 de
3661 4679 3783 4750 ipso

2158 4764 2292 4838 agit,
2342 4765 2438 4819 ubi
2495 4765 2566 4819 de
2597 4773 2773 4819 morte
2815 4764 2874 4818 B.
2920 4763 3235 4835 Hieronymi
3278 4772 3333 4820 et
3381 4765 3782 4824 Wandalorum

2158 4854 2569 4924 persecutione,
2600 4862 2857 4926 tanquam
2883 4854 2950 4909 ab
2978 4869 3044 4910 eo
3072 4861 3316 4925 tempore
3340 4854 3535 4911 fuisset
3560 4856 3786 4928 episco-

2157 4961 2493 5019 pus,nempe
2522 4946 2617 5001 lib.
2654 4963 2745 5013 xx,
2778 4962 2826 5001 c.
2861 4947 2945 5014 11,
2980 4945 3048 5001 12
3079 4953 3136 5002 et
3168 4946 3257 5015 13,
3288 4956 3536 5016 secutus,
3569 4958 3632 5003 ut
3662 4949 3781 5021 ipse

2156 5035 2252 5102 ait,
2283 5035 2565 5109 Hugonem
2597 5034 3016 5090 Floriacensem.
3054 5034 3211 5091 Certe
3231 5035 3417 5090 omnia
3447 5051 3644 5091 eorum
3677 5052 3782 5111 ge-

2153 5138 2257 5198 sta,
2288 5136 2397 5185 tam
2430 5130 2485 5185 in
2514 5130 2811 5185 Breviariis
2839 5145 3004 5200 quam
3027 5130 3259 5186 seorsim
3292 5130 3464 5200 edita,
3491 5132 3781 5187 memine-

2152 5233 2279 5281 runt
2320 5225 2652 5281 Wandalicae
2707 5224 3133 5296 persecutionis,
3166 5241 3278 5281 non
3325 5234 3511 5281 autem
3544 5227 3783 5284 Hunno—

2151 5334 2291 5384 rum,
2326 5333 2466 5390 quos
2496 5319 2563 5372 de
2588 5333 2708 5380 suo,
2742 5326 2925 5373 motus
2954 5316 3091 5374 forte
3117 5318 3445 5375 auctoritate
3472 5318 3779 5396 Sigeberti,

2150 5409 2472 5464 Franciscus
2501 5409 2722 5465 Hamus
2771 5408 3057 5463 Wandalis
3089 5409 3376 5483 conjungit
3419 5410 3476 5465 in
3508 5428 3781 5484 compen-

2151 5502 2242 5557 dio
2270 5502 2339 5556 de
2382 5501 2515 5556 Vitis
2566 5510 2901 5565 sanctorum,
2936 5516 3061 5556 cum
3092 5501 3307 5576 integra
3363 5509 3484 5558 acta
3515 5519 3626 5561 non
3671 5506 3777 5560 ha-

2148 5589 2340 5645 beant.
2366 5588 2648 5646 Postremo
2676 5588 3093 5658 Wandalorum,
3126 5603 3239 5646 non
3266 5589 3618 5662 Hunnorum,
3646 5607 3772 5647 me-

2150 5681 2436 5742 minerunt
2463 5681 2827 5754 Hieronymus
2851 5686 2905 5737 et
2936 5679 3052 5739 Ebo
3082 5681 3217 5738 locis
3243 5689 3370 5739 ante
3400 5683 3601 5741 citatis.
3629 5686 3769 5740 Item
