4012 6164
284 300 369 359 337

1568 292 1635 347 ΙΝ
1677 289 1927 346 LIBRUM
1966 291 2247 346 PRIMUM.

3466 306 3572 364 338

280 432 514 505 Hartyrol.
536 429 764 485 Usuardi
790 444 821 483 a
850 428 1064 484 Joanne
1096 427 1309 483 Molano
1357 432 1600 492 auctum,
1624 430 1679 480 et
1706 424 1849 479 Mar-
1874 428 1926 496 Α
1950 424 2246 481 lectionem
2279 425 2338 480 in
2363 425 2628 497 cperibus
2670 429 2986 504 Hieronymi
3018 435 3258 505 prmtulit
3292 436 3569 508 Erasmus,

277 526 565 602 tyrologium
599 523 881 595 proprium
932 522 1191 578 Ecclesiae
1224 521 1651 576 Cameracensis.
1694 518 1851 593 Sige-

277 619 461 673 bertum
506 622 685 669 tamen
724 620 947 668 secutus
1020 620 1103 667 est
1152 613 1313 666 Ottho
1369 611 1739 685 Frisingensis
1794 610 1851 663 in

275 707 446 762 Chron.
474 705 511 768 I,
539 719 613 769 iv,
644 716 693 757 c.
724 701 814 767 28,
836 700 1079 755 Joannes
1101 700 1271 755 Tilius
1296 700 1350 753 iu
1381 699 1652 755 Chronico
1684 699 1850 753 Fran—

273 812 453 860 corum,
474 800 523 848 et
550 793 683 847 Vitae
722 792 816 845 SS.
844 792 1049 846 Gallice
1094 808 1126 845 a
1176 790 1585 846 Parisiensibus
1607 789 1851 845 doctori-

271 889 356 941 bus
378 885 545 940 editze.
600 884 726 939 Post
782 883 899 939 hmo
937 883 1124 938 omnia
1153 900 1184 937 a
1234 900 1323 938 me
1354 883 1589 957 digesta,
1619 882 1844 937 invenio

272 977 537 1041 Massaaum,
564 989 673 1028 non
697 973 1083 1047 indiligentem
1108 973 1454 1038 historicum,
1479 972 1578 1039 lib,
1601 988 1654 1025 χι
1675 970 1845 1026 Chro-

269 1068 486 1122 nicorum
517 1065 732 1131 mundi,
757 1081 886 1119 ann.
946 1064 1072 1128 406,
1138 1080 1360 1119 mecum
1393 1063 1545 1118 idem
1576 1062 1841 1129 sensisse,

268 1153 432 1208 iisdem
456 1150 563 1206 fere
601 1153 789 1206 nixum
830 1151 1156 1217 rationibus,
1208 1152 1342 1206 dum
1408 1151 1527 1206 ait:
1570 1172 1594 1201 α
1640 1150 1843 1205 Eodem

265 1242 517 1297 consulatu
549 1240 827 1311 (videlicet
849 1241 1063 1296 Arcadii
1108 1249 1324 1295 sextum
1358 1239 1607 1296 etAnicii
1641 1239 1842 1311 Probi),

266 1344 383 1390 teste
410 1335 700 1405 Prospero,
733 1335 874 1405 prid.
913 1335 1020 1389 Kal.
1066 1335 1335 1402 Januarii,
1373 1335 1600 1403 trajecto
1632 1334 1842 1400 Rheno,

263 1422 503 1490 Wandali,
544 1422 699 1476 Alani
728 1432 784 1477 et
811 1423 933 1477 alia:
977 1422 1226 1477 barbarie
1274 1423 1531 1478 nationes
1571 1423 1622 1477 in
1646 1422 1846 1477 Gallias

262 1516 525 1582 irrueruut,
560 1522 615 1569 et
646 1513 894 1569 infinitas
952 1515 1132 1570 caedes
1163 1523 1625 1586 perpetraverunt
1654 1534 1670 1569 :
1704 1514 1850 1570 inter

259 1624 373 1679 quas
390 1608 438 1661 S.
467 1607 719 1662 Nicasius
772 1609 956 1662 Remis
1006 1607 1288 1663 occubuit.
1324 1608 1575 1662 Testatur
1606 1607 1846 1678 idipsum

258 1700 454 1770 p:0pria
477 1699 655 1770 ipsius
674 1699 925 1765 historia,
951 1699 1156 1753 nullam
1191 1699 1533 1765 Hunnorum,
1566 1698 1663 1753 sed
1685 1698 1847 1754 Wan-

259 1790 476 1845 dalorum
507 1798 719 1846 tantum
775 1790 985 1846 faciens
1016 1791 1382 1846 mentionem.
1413 1792 1523 1846 Hoc
1547 1798 1601 1845 et
1639 1791 1693 1846 8.
1716 1791 1846 1846 Hie-

259 1900 492 1954 ronymus
521 1884 589 1938 ad
627 1884 941 1938 Geruntiam
984 1883 1329 1954 apertissime
1363 1892 1723 1944 contestatur,
1749 1884 1840 1955 qui

262 1975 341 2029 diu
366 1984 485 2030 ante
512 1976 812 2030 adventum
833 1975 1151 2030 Hunnorum
1187 1976 1240 2029 in
1270 1977 1493 2030 Galliam
1550 1976 1845 2031 defunctus

254 2076 339 2123 est.
362 2068 526 2133 Quare
578 2067 776 2123 merito
821 2068 1159 2121 detestamur
1199 2082 1388 2121 eorum
1447 2068 1841 2142 negligentiam

254 2161 331 2232 qui
358 2161 642 2231 plusquam
664 2159 731 2215 40
758 2159 920 2212 annis
950 2158 1226 2229 posterius
1247 2158 1299 2211 8.
1326 2159 1599 2214 Nicasium
1625 2176 1844 2230 passum

251 2249 491 2314 scribunt,
515 2256 575 2302 ut
600 2248 810 2301 nullum
852 2246 1025 2301 ferme
1056 2247 1199 2301 inter
1231 2248 1411 2316 ipsum
1447 2255 1501 2302 ct
1532 2248 1839 2321 Remigium

252 2347 441 2410 tempus
470 2339 696 2394 fuerit?
756 2340 1027 2395 Hactenus
1082 2339 1196 2395 ille.
1229 2339 1380 2393 Idem
1410 2339 1647 2393 advertit
1676 2340 1842 2394 Nico-

248 2428 346 2482 taus
371 2427 630 2482 Camuzar
660 2428 713 2481 in
746 2426 854 2482 fine
888 2428 974 2481 sui
996 2428 1358 2498 Promptuarii
1389 2444 1668 2483 sacrarum
1697 2428 1842 2482 anti-

252 2520 493 2589 quitatum
517 2520 845 2575 Tricassinae
867 2520 1143 2586 diceeesis,
1176 2519 1383 2574 docens
1430 2535 1541 2574 non
1572 2528 1720 2575 recte
1750 2520 1842 2575 At-

253 2611 344 2665 tilae
374 2612 529 2667 tribui
568 2612 780 2667 caedem
817 2612 1090 2666 S.Nicasii
1119 2629 1149 2666 a
1198 2612 1510 2684 Sigeberto,
1531 2635 1555 2656 «ι
1582 2610 1845 2664 Flodoar-

248 2704 382 2771 dum,
404 2706 607 2777 inquit,
640 2715 921 2760 auctorem
954 2705 1117 2776 paulo
1161 2705 1529 2775 antiquiorem
1578 2702 1718 2757 forte
1748 2719 1836 2756 se-

244 2793 369 2859 culo,
395 2794 485 2865 qui
512 2794 898 2848 sanctissimos
933 2793 1194 2863 praesules
1222 2793 1527 2847 Servatium
1550 2792 1834 2865 Tungren-

244 2901 362 2951 sem,
398 2887 673 2957 Nicasium
721 2895 776 2943 et
814 2887 1024 2958 Lupum
1073 2902 1347 2957 aequaevos
1374 2896 1428 2941 et
1453 2895 1839 2956 contempora-

243 2991 360 3031 neos
388 2975 530 3043 facit,
549 2993 679 3032 cum
710 2985 894 3030 tamen
925 2976 1214 3047 perspicue
1240 2975 1417 3045 palam
1448 2974 1519 3029 sit
1545 2975 1605 3028 D.
1630 2975 1839 3044 Lupum

243 3083 338 3121 non
363 3069 462 3123 nisi
490 3070 563 3122 20
595 3068 759 3123 annis
789 3076 912 3138 post
927 3068 1136 3123 obitum
1161 3067 1407 3137 ipsorum
1434 3066 1744 3120 antistitum
1770 3068 1840 3121 ad

239 3156 594 3227 episcopalem
625 3156 840 3227 apicem
896 3163 1168 3212 evectum.
1201 3176 1231 3204 ι)
1263 3156 1351 3211 Sic
1381 3156 1494 3211 ille.
1526 3156 1679 3220 Quod
1708 3171 1839 3211 vero
1863 3123 1913 3191 Ο

242 3248 442 3317 quidam
486 3249 914 3315 ratiocinantur,
955 3248 1083 3320 quia
1131 3249 1332 3323 legitur
1359 3248 1450 3303 hic
1480 3248 1744 3318 Eutropia
1771 3248 1841 3303 ti-

239 3336 421 3392 muisse
441 3339 681 3393 castitati
710 3355 822 3393 sua:
854 3346 1078 3409 propter
1103 3337 1599 3409 pulchritudinem,
1631 3337 1836 3392 idcirco

241 3426 405 3493 potius
430 3426 497 3481 ab
523 3426 738 3481 Hunnis
769 3426 822 3480 id
857 3426 1056 3481 factum
1112 3442 1273 3498 quam
1303 3442 1333 3479 a
1362 3424 1661 3491 Wandalis,
1685 3423 1835 3496 quod

234 3530 393 3585 genus
428 3519 759 3573 Hunnorum
811 3534 923 3588 pra:
969 3518 1186 3573 cwteris
1236 3518 1292 3571 in
1351 3517 1617 3571 Venerem
1672 3516 1837 3571 fuerit

1950 516 2223 572 Marianus
2260 517 2394 593 legit
2445 520 2781 586 Ageruchia.
2846 524 2981 580 Vide
3032 518 3198 583 ’uotas
3257 536 3473 586 nostras
3503 534 3571 588 ad

1953 611 2264 668 Chronicon
2291 612 2686 670 Cameracense
2715 616 2816 673 lib.
2842 636 2880 685 ι,
2914 636 2962 675 c.
2990 624 3046 678 8.

2021 706 2282 771 Nemetes,
2327 707 2721 774 Argentoracus
2769 713 3049 769 translatae
3110 717 3174 771 in
3203 717 3567 776 Gmnaniam.

1952 793 2014 847 In
2040 793 2373 864 Hieronymo
2405 811 2554 851 nunc
2584 795 2786 871 legitur
2823 816 2836 853 :
2862 802 3116 869 Nemetas,
3144 805 3568 877 Argentoratus,

1945 887 2277 940 translatiin
2302 887 2666 957 Germaniam,
2695 893 2975 961 quomodo
3001 894 3235 951 mutavit
3260 897 3315 953 S.
3366 899 3568 956 Verum

1945 986 2093 1034 recte
2116 978 2319 1052 legitur
2343 983 2650 1047 translatae,
2680 991 2739 1039 ut
2765 986 2834 1040 ad
2858 986 3029 1043 urbes
3058 989 3351 1046 referatur.

2013 1074 2196 1128 Isthuc
2224 1075 2365 1129 enim
2394 1077 2635 1131 intentus
2692 1078 2778 1133 hic
2829 1080 3054 1147 degebat
3091 1084 3310 1152 ofﬁciis.
3342 1083 3411 1139 Μ.
3437 1087 3566 1142 Isto.

1945 1161 2083 1216 Vera
2108 1163 2269 1219 lectio
2298 1166 2475 1219 isthuc
2500 1166 2587 1220 vel
2618 1168 2800 1237 isthic,
2827 1170 3110 1240 quomodo
3139 1171 3343 1244 legitur
3363 1174 3420 1228 in
3449 1175 3571 1231 Vita

1946 1251 2006 1307 Β.
2040 1250 2390 1327 Remigiiper
2421 1254 2793 1320 Hincmarum,
2859 1257 2954 1313 ubi
2989 1261 3154 1329 paulo
3173 1259 3341 1317 latius
3370 1263 3568 1319 decla-

1945 1352 2099 1399 ratur
2127 1345 2275 1415 quod
2304 1345 2396 1400 hic
2424 1346 2625 1401 dicitur
2662 1348 2734 1403 de
2774 1349 3035 1406 incendio
3066 1351 3226 1407 urbis
3248 1353 3566 1422 Remorum,

1947 1441 2002 1487 et
2026 1432 2276 1506 vestigiis
2317 1435 2518 1504 pedum
2554 1436 2676 1504 ejus
2708 1436 2992 1509 lapidibus
3019 1440 3329 1512 impressis,
3355 1444 3498 1501 sicut
3514 1452 3570 1503 et

1948 1523 2090 1580 infra
2110 1525 2177 1580 ab
2213 1531 2436 1581 auctore
2472 1529 2637 1594 c.12,

2591 1633 2800 1692 CAPUT
2812 1636 2923 1691 VlI.

2021 1741 2372 1813 Qusecunque
2403 1742 2506 1797 hoc
2545 1744 2711 1814 capit,
2736 1745 3055 1802 referuntur
3105 1751 3357 1821 (excepta
3390 1758 3570 1808 trans-

2028 1796 2062 1806 τ,
2282 1796 2297 1813 ,
2452 1796 2495 1797 η
3107 1796 3357 1821 μηννν...
3392 1796 3539 1808 ........

1875 1796 1925 1865 B
1948 1836 2150 1890 latione
2182 1851 2281 1906 per
2308 1836 2600 1890 Fulconem
2635 1835 2798 1908 facta)
2829 1839 3027 1894 iisdem
3058 1857 3203 1911 pene
3233 1844 3421 1899 verbis
3459 1847 3565 1900 ha-

1944 1925 2147 1979 bentur
2185 1925 2241 1978 in
2291 1924 2426 1979 actis
2456 1925 2652 1979 horum
2708 1933 3007 1998 martyrum
3054 1929 3293 1987 Coloniae
3356 1935 3573 1989 excusis

1945 2014 2105 2079 1483,
2135 2014 2204 2067 de
2228 2014 2431 2085 quibus
2457 2030 2645 2085 supra.

2017 2104 2188 2170 Quam
2216 2108 2277 2157 ut
2306 2105 2456 2173 apud
2478 2107 2781 2159 Tornacum
2797 2110 3035 2162 castrum
3051 2106 3168 2177 (ubi
3198 2124 3342 2165 nunc
3362 2127 3572 2182 quoque

1945 2196 2156 2247 servari
2177 2194 2546 2262 perhibentur.
2600 2193 2840 2248 Fuerunt
2866 2196 2997 2250 olim
3050 2198 3280 2252 Tornaci
3312 2200 3368 2253 in
3392 2201 3570 2256 eccle-

1942 2282 2021 2336 sia
2050 2282 2107 2334 Β.
2143 2281 2321 2335 Marim
2351 2282 2626 2337 notabiles
2659 2283 2909 2353 reliquiae
2940 2285 2993 2338 S.
3038 2286 3262 2352 Nicasii,
3297 2288 3396 2341 sed
3432 2305 3564 2349 cen-

1942 2380 2056 2426 tum
2106 2370 2264 2424 annis
2290 2377 2415 2439 post
2473 2378 2722 2439 tempora
2758 2371 3056 2427 Flodoardi
3090 2375 3290 2430 Remos
3322 2385 3449 2431 sunt
3474 2394 3563 2433 re-

1944 2462 2086 2526 latae,
2134 2467 2381 2529 tempore
2431 2458 2674 2512 Gervasii
2733 2462 3141 2534 archiepiscOpi
3176 2503 3190 2528 ,
3250 2465 3344 2535 qui
3402 2475 3565 2523 antea

1946 2548 2377 2605 Cenomanensis
2437 2547 2614 2603 fuerat
2657 2549 2973 2621 episcOpus.
3020 2552 3173 2607 Unde
3199 2560 3253 2607 et
3278 2553 3567 2612 Remensis

1948 2640 2190 2695 Ecclesia
2221 2640 2418 2692 festum
2451 2638 2833 2693 translationis
2862 2639 2917 2695 S.
2952 2640 3150 2695 Nicasii
3176 2644 3421 2699 celebrat
3469 2646 3563 2701 die

1934 2732 2005 2785 23
2033 2730 2183 2784 Julii.
2220 2729 2336 2793 Quo
2366 2728 2458 2782 die
2490 2728 2545 2781 in
2590 2728 2864 2783 Breviario
2909 2728 3164 2797 ejusdem
3198 2732 3457 2789 Ecclesia:
3485 2736 3565 2790 sic

1937 2821 2173 2893 legitur:
2212 2841 2236 2871 α
2258 2818 2489 2885 Quidam
2514 2834 2545 2871 e
2575 2817 2795 2872 clericis
2835 2817 3290 2878 Tornacensibus
3327 2826 3564 2882 audiens

1941 2921 2259 2976 Gervasium
2302 2917 2586 2990 praefatum
2639 2919 2939 2974 sacrarium
2986 2921 3063 2988 (S.
3111 2921 3314 2977 Nicasii
3356 2923 3559 2993 Remis)

1942 3014 2248 3069 instaurare
2275 3012 2532 3083 erupisse,
2581 3021 2641 3066 ut
2694 3020 2905 3083 partem
2962 3015 3211 3086 corporis
3246 3019 3302 3072 Β.
3338 3017 3559 3087 Nicasii,

1941 3122 2063 3179 quae
2090 3106 2148 3160 in
2171 3105 2503 3160 Tornacensi
2519 3103 2752 3159 ecclesia
2779 3104 3128 3173 servabatur,
3158 3123 3273 3163 suae
3313 3111 3565 3167 restituat

1941 3199 2190 3255 ecclesiae
2209 3197 2469 3253 omnibus
2494 3196 2677 3252 modis
2708 3196 2977 3265 elaborat,
3019 3204 3355 3273 tempusque
3386 3210 3442 3258 et
3472 3203 3560 3259 lo-

1940 3307 2063 3346 cum
2078 3288 2415 3362 perficiendo
2446 3287 2725 3344 desiderio
2756 3290 2973 3360 quaerit.
3005 3290 3251 3364 Cumque
3295 3293 3353 3348 id
3374 3311 3475 3366 per
3500 3311 3560 3351 se

1940 3390 2200 3453 praestare
2241 3396 2352 3437 non
2375 3386 2583 3451 posset,
2613 3379 2851 3450 quadam
2879 3388 3040 3436 nocte
3068 3382 3435 3440 Tornacensis
3472 3400 3565 3439 ar-

1936 3475 2029 3530 det
2049 3474 2320 3530 ecclesia:
2355 3472 2505 3544 quod
2527 3471 2846 3527 incendium
2898 3473 3173 3528 universa:
3213 3475 3421 3531 civitati
3450 3476 3560 3531 mi-

1936 3572 2097 3621 natur
2115 3566 2351 3621 ruinam.
2385 3563 2685 3619 Praedictus
2714 3577 2847 3618 vero
2898 3561 3154 3630 clericus,
3181 3571 3552 3636 opportunam

1936 3662 2127 3710 nactus
2153 3655 2524 3715 occasionem,
2580 3651 2858 3723 intrepide
2915 3652 3201 3708 ardentem
3268 3654 3557 3709 ecclesiam

1935 3746 2263 3818 ingreditur,
2277 3743 2688 3817 gloriosumque
2718 3742 3033 3797 thesaurum
3060 3742 3337 3812 deferens,
3359 3744 3561 3799 Remos

1937 3835 2212 3908 pervenit,
2246 3833 2615 3903 Gervasioque
2647 3837 2705 3885 ut
2743 3846 2831 3885 res
2855 3847 2916 3885 se
2942 3831 3204 3897 habebat,
3234 3832 3432 3887 ordine
3461 3848 3559 3887 ex-

1938 3926 2110 3998 ponit.
2147 3924 2249 3988 Qui
2302 3929 2589 3993 exceptam
2650 3921 2793 3975 hanc
2816 3920 2965 3974 beati
3014 3920 3265 3991 corporis
3318 3927 3557 3992 partem,

240 3620 391 3673 prona
412 3615 465 3661 et
493 3606 800 3677 impudica,
833 3613 891 3660 ut
922 3606 1078 3660 testis
1116 3613 1199 3660 est
1227 3605 1514 3661 Salvuanus
1544 3605 1643 3659 lib.
1676 3622 1728 3659 ιν
1759 3606 1834 3660 Dc

238 3705 365 3752 recto
379 3699 600 3766 judicio
630 3708 685 3754 et
716 3698 1083 3769 providentia,
1113 3697 1165 3750 id
1199 3697 1364 3751 nimis
1390 3698 1509 3753 leve
1540 3714 1836 3770 argumen-

239 3798 334 3842 tum
359 3800 457 3845 est.
480 3792 620 3846 Nam
654 3791 709 3845 in
767 3790 966 3861 quavis
990 3788 1177 3844 hostili
1223 3789 1531 3860 irruptione
1560 3788 1690 3845 talia
1718 3806 1836 3845 me-

241 3881 331 3935 rito
360 3883 538 3937 timeri
571 3882 799 3938 debent.
1752 3870 1757 3874 ⁷

299 3972 515 4041 Aliique
546 3972 802 4026 nonnulli
852 3971 1148 4025 uirtutibus
1204 3973 1461 4038 insignes.
1515 3971 1580 4024 Ut
1621 3970 1838 4027 Nicasio

241 4076 438 4117 mvus
494 4065 550 4118 S.
608 4063 915 4133 Exuperius
959 4062 1269 4119 Tolosanus
1319 4064 1636 4135 episcopus,
1683 4065 1841 4134 cujus

243 4156 499 4221 meminit,
551 4155 651 4209 ubi
700 4168 885 4225 supra,
932 4154 1316 4227 Hieronymus,
1351 4164 1406 4210 et
1448 4156 1502 4210 S.
1538 4156 1842 4211 Germanus

241 4242 724 4298 Antissiodarcnsis
767 4244 998 4314 aequalis
1038 4244 1189 4315 Lupo
1221 4243 1498 4313 Trecensi,
1532 4246 1631 4301 sed
1672 4245 1726 4300 S.
1750 4246 1844 4300 Ni-

242 4332 374 4385 casio
398 4332 695 4401 posterior.

300 4428 441 4481 Unrle
477 4433 529 4482 et
546 4429 723 4496 juxta
770 4430 831 4483 B.
889 4429 1194 4495 Augustini
1220 4430 1541 4482 sententiam
1581 4428 1840 4497 majorem
1856 4446 1911 4513 D

237 4511 505 4569 charitatis
538 4518 742 4585 reperit
760 4518 1027 4582 fructum,
1046 4524 1153 4570 etc.
1175 4515 1441 4570 Locusest
1458 4516 1692 4585 epistola
1714 4516 1837 4582 180,

236 4613 290 4652 ex
326 4602 478 4670 cujus
500 4602 620 4658 fere
648 4603 835 4658 verbis
886 4604 1153 4674 apposita:
1193 4618 1305 4657 suae
1330 4604 1663 4659 narrationis
1690 4602 1841 4659 ﬁlum

237 4696 499 4749 contexuit
528 4704 726 4750 auctor
762 4696 831 4750 ab
853 4712 919 4751 eo
941 4696 1063 4751 loco
1096 4698 1189 4751 :B.
1218 4698 1405 4766 itaque
1434 4699 1687 4753 Nicasius
1717 4699 1843 4751 ani—

238 4796 363 4836 mam
389 4800 547 4839 suam
581 4800 687 4854 pro
736 4786 1033 4852 fratribus,
1078 4801 1255 4856 usque
1309 4785 1376 4839 ad
1425 4784 1563 4840 illud
1596 4786 1757 4843 :Non
1786 4790 1845 4841 ut

238 4878 590 4928 mercenarius
609 4874 795 4929 videns
835 4877 1021 4944 lupum
1054 4878 1366 4929 venientem.
1405 4874 1529 4930 Haec
1554 4889 1682 4930 vero
1714 4891 1847 4930 sen-

240 4964 396 5018 tentia
420 4965 721 5039 Augustini
753 4965 963 5040 integre
985 4965 1065 5019 sic
1087 4965 1255 5020 habet
1288 4984 1301 5019 :
1332 4987 1352 5017 ι
1386 4966 1518 5020 Nam
1550 4966 1642 5037 qui
1662 4966 1847 5021 clades

241 5052 451 5110 hostiles
480 5057 615 5111 ideo
640 5072 747 5111 non
783 5056 941 5129 fugit,
968 5073 1092 5111 cum
1120 5057 1293 5128 possit
1310 5056 1573 5130 effugere,
1592 5074 1662 5112 ne
1691 5058 1848 5113 dese-

240 5148 309 5194 rat
330 5142 701 5196 ministerium
734 5141 952 5211 Christi,
988 5144 1105 5198 sive
1138 5160 1247 5215 quo
1268 5160 1375 5200 non
1411 5154 1644 5215 possunt
1666 5145 1847 5200 homi-

240 5248 325 5286 nes
352 5235 434 5288 vel
466 5232 595 5288 ﬁeri
641 5234 727 5288 \el
759 5234 942 5291 vivere
972 5236 1287 5303 Christiani,
1318 5237 1583 5305 majorem
1611 5237 1850 5292 charita—

240 5320 301 5374 tis
330 5323 545 5378 invenit
578 5320 816 5377 fructum
847 5340 1034 5395 quam,
1063 5324 1157 5396 qui
1212 5340 1321 5380 non
1355 5333 1581 5397 propter
1630 5324 1847 5391 fratres,

239 5415 326 5467 sed
348 5424 580 5487 propter
610 5415 855 5486 seipsum
924 5417 1164 5493 fugiens,
1217 5425 1385 5491 atque
1413 5421 1851 5491 comprehensus

242 5518 339 5556 non
370 5513 538 5576 negat
571 5502 869 5569 Christum,
892 5504 1236 5577 suscipitquc
1265 5506 1606 5577 martyrium.
1631 5526 1660 5556 ι

309 5599 545 5653 Viduam
585 5598 1046 5666 Aggerunchiam.
1103 5598 1181 5652 lta
1234 5598 1299 5653 Μ.
1335 5598 1603 5654 acccditJ
1636 5600 1853 5667 Agem-

240 5692 507 5759 clu'um,C,
544 5692 893 5760 Geruntiam,
953 5694 1211 5750 similiter
1238 5696 1291 5749 8.
1318 5694 1664 5751 Gcrontiam:
1688 5708 1850 5764 quam

1941 4016 2095 4071 alteri
2126 4015 2269 4086 (quae
2294 4013 2348 4067 in
2376 4027 2502 4067 arca
2532 4009 2817 4066 recondita
2867 4010 3003 4081 erat)
3034 4023 3340 4080 apponens,
3369 4025 3557 4081 aequa-

1942 4109 2016 4163 lia
2037 4108 2223 4163 omnia
2252 4105 2486 4161 invenit.
2516 4103 2874 4159 Postmodum
2893 4118 3024 4158 vero
3053 4103 3326 4176 integrum
3358 4117 3559 4173 corpus

1944 4202 2000 4256 in
2025 4201 2199 4256 aedem
2266 4199 2407 4254 divae
2465 4196 2669 4271 Virgini
2715 4210 2925 4250 sacram
2965 4194 3063 4250 ubi
3102 4210 3250 4251 nunc
3296 4194 3559 4267 religiose

1943 4291 2142 4346 colitur
2168 4288 2490 4345 translatum
2520 4292 2621 4341 est.
2648 4305 2675 4334 α
2700 4284 2825 4339 Haec
2851 4283 2949 4340 ibi.

2548 4394 2758 4450 CAPUT
2813 4393 2949 4447 Vlll.

2013 4510 2088 4562 De
2124 4506 2179 4559 S.
2212 4505 2427 4560 Oricolo
2481 4510 2536 4558 et
2573 4502 2738 4558 sociis
2767 4501 2880 4573 agit
2911 4499 3157 4555 Molanus
3188 4499 3244 4553 in
3275 4498 3562 4554 additione

1942 4601 2010 4657 ad
2037 4597 2483 4671 Martyrologium
2514 4594 2745 4651 Usuardi
2778 4594 2844 4648 18
2868 4589 3311 4652 Novembris.his
3336 4590 3522 4647 verbis
3546 4607 3559 4644 :

1945 4721 1969 4743 α
2006 4696 2128 4765 Ipso
2153 4692 2263 4759 die,
2296 4690 2442 4746 beati
2475 4688 2674 4744 Oricoli
2712 4685 2967 4757 martyris
2998 4686 3385 4755 sociorumque
3412 4683 3558 4752 ejus,

1945 4785 2040 4857 qui
2069 4783 2172 4839 sub
2194 4780 2516 4836 Wandalica
2555 4776 2949 4850 persecutione
2965 4774 3111 4846 passi
3131 4781 3279 4829 sunt.
3303 4793 3333 4825 ν
3361 4773 3423 4829 Ει
3453 4772 3563 4828 Ro-

1947 4889 2176 4932 manum
2207 4868 2651 4943 Martyrologium
2677 4884 2690 4920 :
2721 4886 2744 4917 α
2770 4863 2975 4920 Eodem
2997 4864 3091 4919 die
3118 4870 3430 4920 sanctorum
3446 4860 3565 4918 Ori-

1947 4965 2054 5022 coli
2086 4972 2140 5019 et
2176 4961 2475 5027 sociorum,
2508 4958 2602 5030 qui
2633 4957 2687 5011 in
2719 4954 3106 5028 persecutione
3126 4953 3447 5008 Wandalica
3464 4967 3565 5024 pro

1947 5056 2056 5111 fide
2086 5053 2358 5110 catholica
2389 5050 2535 5122 passi
2561 5057 2709 5104 sunt.
2747 5068 2769 5099 ι
2807 5047 2867 5101 1n
2894 5045 3042 5102 notis
3060 5044 3274 5099 ibidem
3300 5043 3569 5098 Baronius

1947 5149 2053 5204 hoc
2075 5154 2289 5202 tantum
2340 5142 2656 5199 adnotavit:
2693 5162 2722 5189 ιι
2769 5139 2845 5194 De
2903 5154 2993 5206 eo,
3024 5136 3286 5193 videlicet
3318 5133 3561 5202 Oriculo,

1948 5248 2146 5298 caetera
2166 5237 2560 5307 manuscripts,
2580 5251 2644 5290 ex
2659 5232 2865 5306 quibus
2894 5230 3147 5286 Molanus
3182 5227 3333 5300 apud
3361 5226 3566 5283 Usuar-

1951 5331 2103 5386 dum.
2135 5328 2368 5384 Eosdem
2398 5326 2522 5399 lego
2554 5323 2609 5378 in
2632 5322 2920 5378 additione
2942 5318 3260 5391 Coloniensi
3280 5332 3406 5391 quae
3428 5315 3568 5372 facta

1953 5427 2038 5476 est
2070 5419 2138 5474 ad
2170 5417 2474 5473 Usuardum
2507 5428 2654 5468 anno
2677 5410 2836 5467 1521.
2869 5432 2887 5460 ι

2023 5508 2178 5576 Quod
2227 5507 2405 5561 adhuc
2466 5504 2751 5570 manifeste
2802 5513 2997 5570 parere
3054 5495 3278 5551 dicitur.
3332 5494 3410 5547 lta
3437 5490 3505 5546 Μ.
3532 5487 3570 5544 C

1956 5597 2163 5653 recenti
2193 5612 2358 5651 manu
2407 5592 2620 5665 syllaba
2676 5606 2765 5661 ap.
2818 5587 3034 5659 adjecta
3061 5580 3344 5641 est.Unde
3373 5578 3430 5634 C.
3461 5585 3518 5632 et
3540 5577 3567 5633 J

1956 5690 2144 5762 legunt
2171 5702 2458 5759 apparere,
2486 5700 2611 5753 cum
2644 5695 2835 5751 parere
2888 5692 2986 5747 pro
3035 5686 3301 5744 apparere
3327 5666 3574 5725 usitatis-
