4010 6162
405 307 510 361 339
1243 299 1631 354 COLVENERII
1673 299 1947 355 SCllOLlA
1986 301 2052 355 IN
2093 302 2261 359 HIST.
2308 303 2591 361 REMENS.
2636 304 2896 363 ECCLES.
3625 316 3728 372 340

404 438 605 492 simum
628 433 722 499 sit,
755 438 814 486 ut
830 431 1023 487 Matth.
1045 445 1203 485 xxxv:
1242 431 1388 484 Tunc
1413 431 1631 500 parebit
1655 433 1868 496 signum
1888 429 2016 483 Filii
2038 431 2091 498 Α
2118 429 2404 498 cujusdam
2462 431 2748 502 scriptoris
2790 434 3117 489 monasterii
3176 437 3230 491 8.
3276 437 3533 513 Remigii,
3567 456 3731 511 quem

404 530 654 584 hominis,
2115 518 2316 572 vixisse
2344 518 2537 574 scribit
2585 519 2730 575 circa
2783 537 2988 577 annum
3021 523 3238 579 Domini
3285 526 3443 589 1400,
3483 527 3632 599 quod
3655 529 3736 585 sic

471 615 752 682 presbyter
778 611 1014 682 ejusdem
1071 612 1174 666 loci
1237 614 1448 666 nomine
1478 614 1626 667 Βειιο
1664 611 1770 676 MS,
1802 613 1962 667 Becco
1994 630 2009 677 ;
2111 606 2277 660 habet
2308 624 2321 681 ξ
2350 627 2370 655 α
2396 607 2593 662 Cilinia
2623 608 2679 662 in
2725 608 2860 665 ﬂore
2886 611 3192 679 juventutis
3222 616 3439 686 peperit
3469 616 3541 671 de
3566 617 3736 673 unico

404 709 459 774 C,
516 704 770 762 Beto.Per
822 704 1206 775 presbyterum
1265 711 1449 757 autem
1502 702 1662 771 hujus
1720 710 1813 757 aut
1866 701 2012 757 ﬁlius
2114 695 2231 750 viro
2258 710 2358 750 suo
2383 695 2600 752 [Emilio
2627 698 2767 753 duos
2791 697 2956 767 ﬁlios,
2988 700 3249 757 videlicet
3277 703 3645 775 Principium,
3683 714 3741 761 et

403 796 508 851 loci
554 795 758 866 passim
806 794 863 847 in
889 794 991 847 hac
1030 791 1260 847 historia
1309 800 1364 846 et
1408 791 1756 863 antiquorum
1789 790 2014 861 scriptis
2115 786 2282 841 alium
2310 787 2469 855 cujus
2485 804 2689 844 nomen
2720 790 2882 846 nobis
2915 799 3000 847 est
3043 793 3409 868 incognitum,
3434 797 3529 868 qui
3564 797 3743 851 duxe-

403 888 730 961 intelligitur
759 887 804 940 is
825 885 918 956 qui
953 901 1099 939 nunc
1114 892 1323 954 pastor,
1362 883 1655 954 parochus,
1685 890 1778 937 aut
1809 881 2017 937 Gallica
2118 886 2200 932 rat
2222 894 2470 946 uxorem,
2503 896 2567 935 ex
2623 897 2733 952 qua
2780 880 2952 937 ﬁlium
3012 886 3340 955 procreavit,
3376 887 3608 942 nomine
3635 888 3744 942 Lu-

403 998 539 1038 voce
560 988 782 1037 curatus
802 979 1023 1034 dicitur.
1056 978 1145 1033 Sic
1173 978 1360 1032 inVita
1389 978 1567 1032 sancti
1594 977 1828 1032 Bavonis
1860 977 2017 1032 Dom-
2118 986 2272 1040 pum,
2310 971 2404 1041 qui
2433 971 2661 1042 quidem
2716 981 2840 1043 post
2900 975 2954 1030 S.
3011 976 3349 1048 Principium
3402 979 3742 1034 avunculum

405 1072 555 1127 linus
583 1070 946 1142 presbyterex
972 1067 1232 1123 Thurolto
1256 1067 1477 1121 venisse
1507 1066 1835 1138 dicitur,qui
1859 1065 2016 1135 ejus-
2118 1074 2278 1113 suum
2319 1060 2455 1125 (νυιῐ
2478 1061 2664 1116 dicere
2693 1062 2971 1134 Paullum)
3005 1064 3326 1136 episcopum
3359 1066 3746 1121 Suessionen-

406 1162 533 1217 dem
564 1159 668 1217 loci
695 1166 881 1230 pastor
909 1164 1049 1212 erat.
2119 1163 2239 1202 sem
2271 1148 2521 1220 suscipit.
2558 1174 2582 1196 »

1050 1244 1257 1300 CAPUT
1293 1245 1376 1299 1Χ.

483 1344 616 1396 Tum
654 1337 1148 1407 Bennadius,cujus
1196 1342 1379 1392 tamen
1401 1338 1708 1404 Bennagius
1746 1351 1937 1391 nomen
1962 1340 2023 1393 in

410 1434 724 1487 testamento
753 1442 867 1484 suo.
900 1429 961 1482 In
990 1427 1193 1482 tabulis
1217 1425 1590 1491 Democharis,
1619 1434 1673 1480 et
1705 1425 1759 1479 in
1788 1426 2019 1481 Annali-

410 1528 515 1583 bus
545 1524 761 1581 Baronii
817 1525 961 1578 male
1000 1523 1202 1595 legitur
1233 1522 1567 1587 Gennadius,
1600 1520 1698 1575 ubi
1729 1528 1785 1576 et
1809 1522 2024 1578 ohiisse

410 1616 668 1671 scribitur
696 1628 840 1669 anno
862 1613 987 1678 471,
1029 1627 1153 1666 cum
1180 1610 1364 1681 potius
1392 1625 1502 1664 uno
1531 1624 1677 1664 anno
1709 1618 1835 1664 ante
1867 1610 2024 1665 obie-
2124 1605 2195 1660 sit
2215 1607 2363 1678 quod
2394 1612 2783 1663 verumtamen.

410 1705 500 1763 rit.
533 1705 666 1758 Nam
696 1709 757 1757 ut
784 1708 999 1758 constat
1022 1717 1087 1755 ex
1118 1698 1398 1753 adnotatis
1427 1698 1496 1752 ad
1528 1714 1650 1770 cap.
1690 1700 1745 1765 6,
1797 1709 1851 1753 et
1881 1699 2026 1755 intra
2196 1701 2266 1753 Et
2296 1716 2569 1770 aequorum
2595 1704 2832 1756 maxime
2850 1705 2990 1758 uotis
3020 1703 3198 1759 adhuc
3220 1707 3455 1773 insignis
3494 1707 3755 1762 habetur.

411 1795 481 1849 ad
510 1810 633 1864 cap.
662 1789 1052 1861 13,Rcmigius
1068 1788 1445 1859 episc0patum
1463 1787 1709 1858 suscepit
1730 1803 1876 1845 anno
1903 1789 2008 1846 470
2059 1797 2110 1865 Β
2134 1790 2454 1861 Ᾱέᾳυοτιιιη,
2507 1792 2562 1847 id
2614 1799 2698 1847 est
2727 1793 3000 1849 honorum
3038 1802 3093 1849 et
3141 1795 3355 1867 piorum
3387 1797 3666 1867 virorum,
3702 1805 3762 1854 ut

1050 1880 1257 1935 CAPUT
1329 1880 1392 1933 Χ.
2136 1888 2447 1950 opponatur
2484 1880 2711 1952 iniquis.

2189 1242 2253 1295 Iu
2279 1242 2434 1311 cujus
2469 1243 2776 1297 iactatione.
2820 1243 2909 1298 Sic
2930 1245 3118 1299 omnia
3145 1247 3501 1318 exemplaria,
3543 1248 3650 1304 sed
3686 1265 3751 1304 ex

2123 1327 2415 1385 Hincmaro
2446 1329 2663 1385 videtur
2699 1330 2993 1405 legendum
3021 1334 3400 1391 ablactatione.

2193 1425 2318 1477 Ja-m
2346 1427 2524 1478 tamen
2551 1440 2761 1479 senum.
2790 1426 2867 1480 Ita
2893 1425 2967 1481 CJ
2999 1428 3057 1481 In
3079 1427 3125 1481 M
3150 1428 3355 1503 legitur
3377 1430 3507 1485 dum
3541 1435 3752 1497 tamen,

2123 1514 2272 1585 quod
2303 1516 2353 1567 8.
2390 1514 2446 1568 111
2477 1531 2642 1570 unam
2665 1515 2966 1573 dictionem
3016 1519 3381 1592 conjungens,
3402 1523 3664 1593 exponit,
3698 1529 3757 1577 ut

484 1972 613 2036 Quae
643 1971 712 2026 de
734 1969 1016 2025 nativitate
1066 1978 1120 2023 et
1152 1969 1264 2023 vita
1315 1969 1371 2023 S.
1408 1967 1644 2042 Remigii
1693 1970 1799 2025 hoc
1828 1986 1949 2040 cap.
1980 1978 2036 2026 et
2206 1971 2269 2025 In
2297 1970 2452 2039 cujus
2489 1975 2538 2024 et
2576 1973 2699 2040 ipsa
2725 1972 2881 2025 beata
2932 1975 3172 2039 genitria:
3197 1974 3437 2044 ejusdem
3464 1978 3765 2047 requiescit

413 2063 780 2135 sequentibus
834 2061 1073 2127 disserit,
1136 2077 1202 2115 ea
1232 2060 1345 2115 fere
1377 2059 1623 2114 delibata
1651 2068 1777 2115 sunt
1822 2078 1889 2115 ex
1918 2062 2037 2116 Vita
2136 2060 2390 2116 Ecclesia.
2440 2061 2704 2133 Loquitur
2757 2062 2827 2116 de
2858 2062 3022 2117 beata
3069 2064 3359 2133 Balsamia,
3405 2068 3516 2134 vel,
3579 2075 3649 2122 ut
3708 2068 3765 2135 C,

416 2154 589 2225 ipsius
617 2154 1080 2225 perFortunatum
1120 2158 1173 2206 et
1223 2151 1572 2205 llincmarum
1610 2150 1903 2221 descripta.
1939 2152 2035 2206 llla
2135 2153 2425 2220 Balsemia,
2452 2153 2668 2209 nutrice
2697 2153 2751 2207 S.
2806 2153 3064 2226 Remigii,
3092 2172 3215 2227 quae
3255 2158 3559 2229 requiescit
3588 2159 3655 2213 in
3677 2176 3771 2215 eo-

417 2253 592 2301 exstat
617 2245 761 2315 apud
795 2245 1015 2299 Surium
1047 2243 1137 2298 die
1172 2246 1192 2298 1
1222 2242 1492 2309 Octobris,
1519 2242 1634 2297 haec
1664 2243 1732 2297 13
1760 2244 2031 2310 Januarii,

418 2350 555 2405 quas
580 2341 839 2389 accurate
877 2350 999 2388 cum
1040 2333 1126 2387 his
1174 2349 1298 2403 qua:
1327 2331 1664 2386 Flodoardus
1689 2332 1855 2387 habet
1885 2348 2029 2388 con-

418 2423 537 2478 tuli.
563 2423 625 2477 Et
656 2423 710 2476 in
742 2421 1032 2477 llincmaro
1089 2421 1315 2492 quidem
1358 2420 1544 2476 omnia
1571 2420 1818 2487 uberius,
1854 2422 2030 2476 inter-

417 2515 550 2568 dum
607 2513 774 2569 etiam
806 2514 1028 2579 clarius,
1074 2519 1455 2567 recensentur.
1512 2511 1788 2566 Nonnulla
1846 2519 2033 2568 tamen

416 2602 630 2658 addidit
654 2601 989 2658 Flodoardus
1017 2600 1243 2662 aliunde
1266 2604 1512 2669 accepta.
1545 2599 1713 2653 Natus
1734 2605 1817 2654 est
1845 2610 2033 2655 autem

418 2695 472 2749 8.
497 2693 775 2765 Remigius
829 2699 967 2748 teste
1010 2691 1323 2767 Sigeberto,
1379 2688 1686 2745 Christiano
1730 2690 1953 2748 Massaeo
1982 2700 2038 2747 et

2131 2244 2303 2300 clesia
2330 2244 2381 2298 8.
2419 2243 2734 2299 Celsinifilii
2766 2246 2873 2313 sui,
2927 2264 3049 2319 quin
3071 2247 3240 2303 hodie
3265 2257 3491 2304 vocatur
3522 2251 3769 2307 ecclesia

2132 2345 2334 2390 sancta:
2358 2336 2617 2391 Nutricis.
2669 2337 2875 2392 Celsini
2915 2347 3092 2395 autem
3137 2340 3390 2395 meminit
3422 2340 3687 2397 Molanus
3715 2344 3766 2397 in

2133 2427 2416 2482 additione
2448 2428 2514 2482 ad
2549 2427 2855 2484 Usuardum
2882 2430 2972 2483 die
3016 2431 3085 2482 Ti
3129 2430 3381 2486 Octobris
3411 2432 3496 2486 his
3519 2433 3722 2488 verbis
3753 2453 3769 2487 :

2138 2535 2162 2565 α
2198 2515 2383 2569 Remis
2411 2517 2585 2571 sancti
2615 2516 2818 2572 Celsini
2857 2519 3191 2575 confessoris
3218 2527 3273 2576 et
3301 2521 3645 2593 presbyteri,
3681 2523 3767 2577 di-

2135 2602 2334 2674 scipuli
2366 2604 2423 2656 Β.
2457 2604 2715 2680 Remigii.
2749 2628 2771 2655 o

2778 2693 2990 2750 CAPUT
3020 2694 3110 2750 XI.

418 2786 563 2852 aliis,
594 2760 741 2841 anno
770 2785 895 2839 449.
928 2760 1238 2838 Vide'infra
1266 2789 1423 2838 notas
1449 2781 1519 2835 ad
1548 2797 1671 2853 cap.
1707 2782 1795 2839 13.
2213 2782 2366 2848 Quod
2392 2782 2755 2837 ecclesiastica
2815 2785 3005 2852 regula
3043 2760 3181 2840 hanc
3204 2789 3420 2840 aetatem
3442 2785 3520 2840 ad
3549 2790 3771 2843 tantam

487 2878 847 2946 Principium,
901 2852 1222 2931 Suessoium
1277 2875 1519 2929 civitatis
1574 2880 1765 2943 postea
1790 2880 2038 2931 sanctum
2138 2889 2245 2929 non
2267 2875 2572 2928 admitteret
2595 2875 2936 2943 dignitatem.
2968 2877 3127 2931 Juxta
3185 2878 3443 2948 antiquos
3489 2894 3770 2947 canones,

421 2967 744 3037 episcopum,
771 2970 821 3020 et
842 2969 1055 3034 patrem
1106 2965 1247 3019 beati
1273 2964 1436 3032 Lupi,
1483 2963 1724 3032 ejusdem
1770 2968 2039 3035 Principii
2137 2972 2197 3020 ut
2223 2973 2374 3037 patet
2403 2981 2466 3020 ex
2498 2965 2737 3021 decretis
2783 2966 3009 3022 Fabiani
3041 2983 3221 3039 papae,
3262 2976 3318 3023 et
3345 2968 3589 3025 concilio
3619 2970 3773 3025 Neo-

421 3060 755 3115 successoris.
802 3057 897 3111 Hic
951 3056 1006 3109 S.
1060 3055 1368 3126 Principius
1415 3055 1471 3110 in
1502 3056 1752 3129 catalogo
1783 3057 2037 3114 Suessio-
2067 3120 2105 3132 Α
2136 3057 2469 3123 caesariensi,
2501 3073 2624 3112 can.
2674 3058 2756 3121 11,
2818 3059 3144 3128 prohibetur
3197 3076 3267 3114 ne
3302 3060 3426 3131 quis
3459 3060 3774 3132 presbyter

424 3154 680 3210 nensium
711 3152 1100 3223 episcoporum
1131 3151 1277 3222 apud
1302 3151 1695 3207 Democharem
1717 3160 1800 3207 est
1820 3153 2034 3209 duode-
2059 3120 2108 3189 Ο
2135 3150 2424 3205 ordinetur
2477 3157 2602 3205 ante
2649 3166 2855 3205 annum
2903 3152 3079 3206 aetatis
3125 3152 3489 3225 trigesimum,
3536 3153 3770 3209 etiamsi

425 3243 601 3298 cimus
630 3243 845 3307 beatus,
876 3256 1008 3295 vero
1033 3240 1217 3311 Lupus
1249 3240 1443 3295 tertius
1469 3241 1737 3297 decimus.
1772 3243 1848 3297 De
1876 3243 2037 3298 Prin—
2134 3242 2294 3296 valde
2321 3242 2522 3317 dignus
2543 3242 2633 3310 sit,
2662 3243 2757 3315 qui
2786 3259 3027 3299 canones
3053 3245 3329 3300 habentur
3357 3261 3583 3318 quoque
3611 3248 3770 3319 apud

423 3334 571 3406 cipio
600 3334 906 3389 Romanum
926 3333 1201 3405 Martyrol.
1233 3332 1304 3388 25
1352 3333 1714 3404 Septembris,
1748 3344 1804 3390 et
1837 3336 2033 3391 eodem
2139 3332 2305 3393 Grat..
2338 3333 2465 3387 dist.
2493 3333 2579 3388 78.
2605 3334 2783 3399 Quare
2808 3323 2981 3390 multo
3004 3335 3187 3390 minus
3208 3343 3426 3407 poterat
3456 3337 3775 3410 episc0pus

426 3427 515 3481 die
542 3425 751 3482 additio
779 3424 978 3479 lllolani
1005 3425 1074 3479 ad
1111 3425 1436 3480 Usuardum.
1468 3426 1541 3480 De
1564 3426 1851 3499 utriusque
1882 3443 2033 3492 vero,
2142 3422 2403 3477 ordinari.

426 3518 482 3572 id
507 3526 590 3574 est
613 3517 873 3588 Principii
926 3523 982 3571 et
1036 3517 1195 3587 Lupi,
1217 3517 1525 3573 elevatione
1584 3518 1843 3573 Kalendis
1868 3520 2037 3574 Junii.
2212 3514 2415 3567 Paulus
2439 3515 2717 3569 videretur
2744 3517 2803 3570 in
2831 3517 3056 3586 spiritu.
3089 3516 3178 3572 Sic
3207 3516 3395 3572 omnia
3420 3519 3775 3590 exemplaria

427 3608 695 3664 Caeterum
728 3609 830 3664 etsi
861 3609 976 3663 haec
1001 3607 1167 3663 verba
1196 3608 1371 3679 accipi
1396 3616 1620 3679 possent
1643 3618 1702 3665 ut
1727 3609 2045 3685 signiﬁcent
2146 3611 2343 3672 P111310?
2368 3602 2424 3667 Ο,
2443 3604 2591 3675 quod
2617 3604 2751 3678 legit
2780 3606 3040 3674 inspectu.
3065 3605 3172 3660 Sed
3200 3604 3497 3679 legendum
3547 3609 3612 3661 in
3644 3611 3773 3679 spi-

427 3701 644 3756 beatam
676 3699 927 3765 Cliniam,
959 3705 1187 3755 matrem
1238 3700 1292 3755 S.
1330 3700 1584 3775 Remigii,
1629 3716 1738 3756 non
1770 3702 1912 3758 duos
1943 3703 2045 3757 ha-
2143 3698 2257 3749 ritu
2287 3702 2454 3765 patet,
2489 3703 2603 3751 tum
2631 3713 2695 3751 ex
2728 3696 3041 3764 Hincmaro,
3075 3703 3190 3753 tum
3219 3714 3285 3752 ex
3330 3698 3490 3754 initio
3542 3699 3689 3755 Vitae
3719 3700 3775 3753 8.

425 3794 617 3848 buisse
648 3791 791 3847 filios
849 3791 905 3846 in
956 3790 1264 3863 juventute,
1321 3793 1420 3847 sed
1475 3793 1656 3864 ipsum
1706 3795 2042 3866 Principium
2147 3786 2427 3859 Rigoberti
2462 3787 2610 3859 apud
2662 3787 2883 3843 Surium
2914 3788 3244 3857 JJanuarii,
3276 3788 3374 3845 ubi
3414 3789 3614 3845 eadem
3643 3806 3776 3846 scn-

427 3881 598 3937 fuisse
630 3887 840 3952 patrem
872 3881 932 3936 B.
970 3880 1126 3950 Lupi,
1160 3886 1218 3934 ut
1249 3896 1508 3951 expresse
1540 3882 1593 3935 in
1622 3881 1829 3937 Gallica
1857 3891 2041 3936 trans-
2146 3876 2319 3932 tentia
2349 3878 2639 3948 reperitur.

428 3970 631 4025 latione
653 3970 857 4024 dicitur
891 3987 903 4024 :
936 3969 992 4023 in
1020 3968 1139 4022 Vita
1170 3977 1353 4022 tamen
1399 3969 1451 4024 S.
1491 3969 1724 4041 Remigii
1745 3988 1843 4040 per
1872 3970 2040 4024 Hinc-

429 4078 639 4115 marum
670 4061 877 4115 diserte
899 4058 1247 4132 significatur
1290 4059 1430 4117 duos
1462 4059 1737 4114 habuisse.
1774 4061 1863 4115 Sic
1892 4061 2041 4115 enim

424 4153 501 4225 ibi
536 4151 738 4223 legitur
768 4169 784 4204 :
820 4168 846 4200 «
877 4150 1078 4213 Quaain
1107 4149 1241 4202 ﬂore
1266 4149 1575 4216 iuventutis
1635 4158 1926 4220 pepererat
1974 4153 2042 4207 de

426 4244 591 4297 unico
620 4242 847 4296 virosuo
868 4240 1087 4294 [Emilio
1124 4239 1486 4309 Principium,
1518 4241 1878 4296 Suessionum
1910 4244 2045 4298 civi-

430 4334 554 4387 tatis
577 4339 768 4402 postea
824 4336 1075 4386 sanctum
1122 4330 1466 4401 episc0pum,
1521 4340 1575 4387 et
1631 4332 1854 4387 fratrem
1900 4335 2044 4403 ejus,

2780 3947 2991 4003 CAPUT
3014 3949 3128 4015 XII,

2212 4060 2273 4112 In
2293 4059 2472 4111 ricam
2503 4058 2885 4114 Calmiciacum
2923 4060 3154 4123 nomine,
3187 4060 3363 4127 ipsius
3390 4060 3618 4113 accessit
3649 4064 3773 4113 stu-

2144 4150 2227 4202 dii
2254 4150 2543 4203 d‘notione.
2578 4148 2655 4202 lla
2689 4148 2771 4202 MS
2797 4148 2848 4215 .l,
2880 4155 2934 4203 et
2960 4148 3101 4203 infra
3136 4166 3184 4203 c.
3216 4149 3308 4213 21,
3341 4159 3394 4203 et
3431 4148 3527 4202 lib.
3563 4166 3625 4213 Il,
3653 4166 3704 4203 ρ.
3740 4150 3773 4202 7

2150 4249 2202 4295 et
2232 4243 2316 4303 'll,
2351 4241 2539 4295 omnia
2567 4241 2922 4312 exemplaria.
2956 4241 3222 4297 Similiter
3252 4242 3307 4295 in
3342 4241 3667 4306 Fortunato,
3706 4258 3774 4297 cx

2148 4347 2256 4401 quo
2281 4332 2380 4385 hoc
2401 4331 2721 4385 miraculum
2753 4339 2838 4385 est
2866 4331 3216 4401 desumptum
3251 4350 3266 4384 :
3295 4349 3320 4381 α
3345 4332 3406 4385 111
3437 4330 3647 4397 vicum,
3679 4330 3772 4387 cui

428 4433 637 4496 patrem
663 4425 806 4479 beati
859 4422 991 4494 Lupi
1043 4422 1314 4493 episcopi,
1347 4423 1595 4490 ejusdem
1628 4424 1886 4496 Principii
1914 4443 2044 4482 suc-
2072 4487 2111 4496 ﬁ
2146 4420 2476 4492 vocabulum
2510 4431 2592 4474 est
2614 4420 3009 4488 Calmaciacus,
3033 4420 3206 4491 ipsius
3235 4420 3549 4476 devotionis
3577 4420 3773 4476 studio

428 4487 678 4577 cesseris,
733 4534 759 4565 »
793 4487 950 4568 Idem,
1001 4487 1188 4568 dicere
1237 4487 1482 4567 voluisse
1514 4487 1900 4580 Flodoardum,
1948 4517 2042 4588 qui
2072 4487 2123 4555 ί)
2147 4487 2394 4567 accessit.
2435 4537 2458 4557 »
2489 4512 2598 4569 Hoc
2628 4512 2826 4581 locoC.
2864 4512 2995 4583 legit
3025 4487 3429 4570 dalmici'acum.
3477 4512 3631 4567 Infra
3680 4513 3775 4566 in-

428 4603 776 4659 Hincmarum
826 4602 1132 4671 abbreviat,
1185 4616 1296 4656 non
1339 4601 1694 4656 estdubium.
1723 4603 1899 4667 Quare
1930 4620 2043 4659 non

424 4705 571 4751 recte
596 4696 864 4750 Baronius
900 4695 954 4748 in
983 4693 1309 4758 Annalibus,
1371 4709 1516 4747 anno
1546 4695 1651 4748 463
1682 4702 1735 4749 et
1760 4695 1887 4762 507,
1912 4697 2045 4753 dicit

427 4785 479 4838 S.
509 4784 718 4856 Lupum
749 4783 1230 4846 Suessionensem,
1277 4780 1445 4836 fuisse
1479 4781 1652 4837 tilium
1684 4783 1738 4837 S.
1774 4785 2041 4854 Principii

429 4874 677 4947 episCOpi
702 4873 1137 4930 Suessionensis.
1187 4872 1291 4927 Sed
1327 4872 1464 4928 illud
1506 4888 1695 4928 verum
1731 4884 1833 4940 est,
1869 4874 2043 4931 fuisse

428 4977 800 5018 successorem
818 4961 1082 5032 Principii
1111 4969 1165 5016 et
1194 4968 1453 5032 nepotem
1485 4961 1536 5016 8.
1575 4962 1827 5035 Remigii,
1863 4970 1921 5019 ut
1941 4981 2042 5036 pa-

428 5062 505 5112 tet
535 5073 600 5111 ex
631 5057 765 5112 actis
792 5064 846 5111 et
867 5073 932 5111 ex
963 5063 1288 5111 testamento
1337 5056 1606 5125 ejusdem.
1638 5058 1779 5113 Sane
1800 5059 2043 5114 Joannes

427 5150 628 5205 Savaro
657 5149 715 5203 in
744 5149 885 5203 notis
910 5149 976 5202 ad
1007 5149 1293 5219 epistolam
1317 5148 1530 5204 Sidonii
1567 5151 1651 5216 14,
1687 5151 1778 5204 lib.
1813 5161 1989 5218 vm,et
2010 5153 2044 5205 8

426 5238 552 5294 libri
585 5255 656 5307 ιν,
682 5239 813 5294 dicit
835 5238 1169 5308 Principium
1202 5238 1369 5294 fuisse
1402 5250 1654 5310 patruum
1700 5240 1835 5311 Lupi
1867 5242 2040 5297 Sues-

427 5329 581 5383 sonis
609 5328 855 5400 episcopi
883 5328 1082 5399 suique
1128 5328 1485 5395 successoris,
1527 5344 1639 5384 non
1700 5339 1932 5400 patrem.
1966 5331 2041 5386 De

427 5417 531 5473 hac
558 5416 883 5471 difﬁcultate
911 5416 1196 5472 consultus
1251 5432 1282 5470 a
1312 5433 1400 5471 me
1431 5417 1691 5472 dominus
1714 5416 2042 5475 Guillelmus

424 5505 476 5559 le
509 5505 714 5581 Begue,
738 5504 791 5558 S.
838 5504 1027 5559 Tlieol.
1062 5504 1254 5560 doctor
1286 5512 1340 5559 et
1368 5504 1788 5580 archimagister
1817 5505 2036 5579 collegii

424 5594 733 5663 Remensis,
797 5595 1085 5665 respondit
1113 5595 1453 5651 conlirmiter
1506 5596 1594 5650 his
1652 5613 1774 5668 quzn
1832 5597 2037 5653 habent

426 5680 752 5740 llincmarus
779 5692 834 5738 et
858 5684 1078 5739 Savaro:
1113 5683 1323 5737 addens
1362 5683 1735 5740 testimonium
1769 5686 2030 5756 anonymi

2144 4602 2359 4655 terdum
2379 4603 2814 4667 Falmisciacum,
2847 4602 3106 4673 utcapite
3137 4603 3356 4659 decimo
3386 4609 3583 4658 octavo
3613 4604 3671 4657 in
3693 4612 3775 4658 te-

2145 4698 2415 4748 stamento
2445 4694 2618 4748 sancti
2651 4693 2906 4769 Remigii,
2963 4693 3261 4765 aliquando
3316 4694 3767 4763 Colmisciacum,

2145 4781 2588 4851 Culmisciacum,
2629 4790 2684 4838 et
2737 4782 3172 4843 Culmissiacum,
3217 4789 3277 4837 ut
3305 4798 3431 4853 cap.
3455 4781 3607 4840 20in
3628 4781 3767 4839 ﬁne.

2145 4870 2271 4937 Ejus
2300 4870 2405 4925 loci
2429 4879 2614 4941 pastor
2642 4870 2745 4927 fuit
2772 4871 2891 4942 ipse
2939 4870 3295 4936 Flodoardus,
3324 4880 3384 4924 ut
3423 4879 3579 4941 patet
3600 4886 3667 4925 ex
3691 4871 3770 4925 li-

2145 4962 2244 5016 bro
2277 4969 2492 5032 quarto,
2520 4961 2747 5032 cap.28.
2780 4963 2839 5016 ln
2894 4961 3099 5017 Gallico
3129 4961 3359 5015 vertitur
3401 4963 3677 5031 Cormicy,
3710 4971 3771 5016 et

2145 5055 2200 5108 in
2228 5055 2473 5127 margine
2497 5055 2828 5126 ponit,alias
2846 5056 3177 5123 Chaumusy,
3198 5053 3480 5125 quomodo
3496 5054 3771 5109 vertitca-

2146 5147 2257 5217 pitc
2282 5147 2542 5202 vicesimo
2574 5147 2740 5215 hujus
2761 5146 2984 5213 libri,et
3011 5145 3151 5201 libro
3180 5146 3452 5211 secundo,
3480 5146 3770 5216 capitese-

2144 5236 2318 5305 ptimo
2352 5237 2667 5293 Chaumuci.
2712 5236 2902 5308 Capite
2942 5244 3127 5291 autem
3166 5235 3237 5289 12
3266 5236 3461 5291 iterum
3490 5236 3764 5304 Cormicy,

2144 5330 2197 5378 ct
2220 5323 2291 5377 ita
2306 5332 2729 5396 consequenter.

2213 5418 2316 5471 Pro
2341 5417 2606 5472 salvando
2636 5418 2838 5472 scilicet
2881 5417 3078 5472 eodem.
3102 5415 3345 5472 Subaud.
3370 5430 3499 5472 case
3516 5417 3620 5472 hoc
3649 5423 3761 5481 est,

2142 5524 2213 5563 ne
2253 5525 2347 5563 vas
2375 5517 2845 5579 corrumperetur,
2866 5509 2911 5563 si
2939 5510 3100 5580 plane
3118 5518 3265 5563 esset
3286 5524 3541 5578 vacuum,

2209 5600 2314 5652 I'cr
2338 5602 2559 5668 portam
2587 5601 2887 5654 Patentcm.
2924 5600 3249 5654 llincmarus
3271 5598 3543 5653 rationem
3573 5597 3761 5651 nomi-

2138 5684 2409 5753 nisaﬂ'ert,
2450 5687 2659 5755 adjecta
2691 5688 2793 5744 hac
2840 5688 3159 5759 parenthesi
3198 5705 3211 5742 :
3251 5685 3402 5742 «Sed
3452 5685 3597 5742 enim
3622 5696 3759 5741 tunc
