4008 6158
215 373 293 427 341
1492 353 1557 405 ΙΝ
1599 348 1827 406 LlBRUlt

1930 341 2171 401 RlMUM.
3420 336 3524 392 342

216 504 428 576 temporis
449 495 914 566 vocabatur,’quia
943 494 1127 565 portis
1169 492 1292 547 aliis
1316 489 1518 546 clausis
1548 488 1618 543 ob
1652 487 1788 542 eivi-
1812 490 1865 557 Α
1886 478 2251 537 Sanctissimo
2312 479 2407 527 tuo
2452 474 2848 548 congratulans
2903 469 3205 544 profectui,
3263 473 3526 529 sacerdos

216 597 315 651 tatis
364 588 673 651 custodiam,
724 600 826 655 pro
890 582 1223 637 exeuntium
1281 587 1337 633 et
1390 576 1787 633 introeuntium
1890 575 2057 649 Regis
2094 566 2332 633 summi,
2362 566 2493 636 quia
2525 567 2728 619 summi
2790 566 2988 636 capitis
3035 564 3281 619 membra
3311 581 3523 632 sumus,

217 683 572 744 commoditate,
604 678 657 731 in
692 677 784 730 die
809 676 1059 746 patebat,
1095 694 1124 722 ι)
1186 673 1361 727 Locus
1391 675 1573 724 autem
1604 666 1789 721 Remis
1888 662 2035 735 quod
2067 659 2207 715 mihi
2261 654 2445 709 sentio
2480 654 2680 708 deesse
2712 655 2765 707 in
2799 669 2912 719 me,
2962 661 3160 718 totum,
3230 652 3350 708 laus
3388 655 3524 721 Deo,

216 776 392 839 est,ubi
442 788 583 827 nunc
636 776 719 825 est
765 767 1010 822 ecclesia
1038 765 1275 836 Templi,
1309 778 1454 837 quae,
1485 768 1546 816 ut
1578 775 1721 825 reor,
1754 774 1787 812 a
1887 750 2173 825 possidere
2209 760 2303 799 me
2336 742 2507 796 credo
2534 740 2589 795 in
2621 749 2696 796 te.
2725 742 2881 807 Ecce,
2914 740 3061 812 quod
3119 756 3239 794 mea
3298 749 3525 811 peccata

213 866 480 940 Templariis
504 860 915 918 nomenhabet.
1178 829 1190 836 ’
1267 829 1271 830 ί
1326 829 1343 837 ’
1885 841 2007 897 fieri
2046 835 2490 910 prohibuerunt,
2548 837 2656 885 tum
2690 829 3527 886 auctoritatissaeerdotaliaha-

1887 931 1899 940 -
2005 936 2014 940 -
2285 939 2291 940 ,
2340 927 2385 940 ,.
2426 919 2678 940 ..-μεμμι
2741 919 2932 940 μη),
2983 918 3118 940 ,ε,,,
3170 932 3525 940 _.-_-__-___

1887 931 2021 985 bent
2046 925 2251 981 merita
2282 939 2296 975 :
2332 927 2388 975 et
2420 919 2682 974 desinant
2738 919 2938 974 amodo
2977 918 3125 973 circa
3170 933 3257 971 me
3275 932 3528 972 rumores

264 1040 533 1102 Eorumque
558 1031 752 1085 litteris
782 1028 859 1081 ad
911 1026 1133 1080 beatum
1188 1023 1491 1088 Remigium
1533 1021 1700 1084 datis,
1728 1022 1789 1073 ut
1892 1018 2204 1080 hominum,
2239 1026 2367 1067 eum
2397 1009 2546 1080 apud
2576 1015 2632 1063 te
2660 1016 2876 1064 constet
2901 1008 3147 1063 omnium
3194 1022 3312 1062 esse
3345 1005 3531 1078 perfe-

212 1098 611 1186 traditur,_freti.
661 1116 880 1171 Littera:
935 1112 1121 1167 sancti
1164 1109 1445 1164 Benedicti
1471 1108 1538 1162 ad
1567 1107 1791 1160 beatum

1929 1112 2136 1166 tionem
2153 1106 2448 1162 virtutum.
2476 1101 2912 1172 Hanccaptivam
2945 1098 3079 1154 etab
3113 1098 3338 1169 antiquo
3369 1098 3530 1152 hoste

214 1211 474 1285 Remigium
497 1208 678 1262 adhuc
716 1203 889 1259 Ῑιοίίίθ
910 1207 1139 1257 exstant
1161 1200 1216 1253 in
1257 1197 1365 1252 ﬁne
1417 1194 1671 1285 ChPOPiCi
1692 1194 1796 1285 cf!"
1898 1205 2185 1260 obsessam
2211 1207 2325 1253 tua:
2349 1195 2550 1270 delego
2579 1194 2919 1261 celsitudini,
2982 1199 3255 1264 quatenus
3287 1206 3384 1261 pro
3406 1188 3533 1256 ejus

213 1282 425 1364 sinensis,
462 1304 517 1351 et
571 1295 629 1349 in
681 1290 967 1347 Breviario
1018 1286 1504 1344 Benedictinorum
1540 1282 1800 1337 Kalendis

1928 1293 2243 1351 iberatione
2297 1305 2511 1345 sacram
2565 1288 2800 1344 hostiam
2841 1284 3039 1342 offerre
3078 1284 3191 1338 Deo
3219 1282 3445 1348 debeas,
3477 1287 3536 1336 et

214 1389 435 1452 Octobris,
464 1392 520 1440 et
548 1384 679 1439 alibi
710 1381 1038 1452 aliquoties,
1090 1384 1226 1432 teste
1265 1374 1504 1430 Arnoldo
1537 1373 1694 1428 Wion
1725 1372 1800 1425 li—
1904 1405 2082 1444 meam
2107 1384 2437 1458 parvitatem
2471 1381 2705 1438 victoria
2742 1380 2871 1455 [ipsa
2902 1393 3013 1433 non
3060 1375 3350 1431 minimum
3381 1372 3530 1428 ιεειί,

217 1480 294 1534 bro
325 1496 338 1532 ι
374 1475 520 1549 Ligni
544 1474 688 1538 vitas,
719 1488 769 1536 c,
836 1473 887 1525 1.
954 1469 1145 1522 Exstat
1181 1465 1392 1521 eaedem
1428 1471 1557 1518 tom.
1596 1463 1659 1516 Vl
1691 1462 1804 1515 An-

1928 1479 2057 1533 ices.
2110 1474 2267 1543 Vale,
2321 1471 2670 1527 sacerdotum
2711 1465 2905 1523 Christi
2966 1462 3354 1536 limpidissime
3415 1460 3534 1516 cal-

216 1575 385 1629 nalium
406 1569 622 1627 Baronii
654 1582 800 1622 anno
852 1565 985 1629 507,
1020 1562 1119 1617 ubi
1148 1576 1242 1616 eas
1260 1566 1420 1615 vocat
1446 1558 1500 1612 in
1526 1556 1805 1626 suspicio-
1905 1570 2046 1626 cule,
2088 1589 2108 1618 ι,

218 1682 315 1720 nem
342 1665 672 1734 imposturae,
705 1666 819 1713 tum
854 1672 922 1712 ex
978 1652 1368 1722 inscriptione,
1430 1665 1552 1721 quae
1582 1648 1803 1702 videtur

1973 1661 2365 1719 Cumdevincta
2391 1656 2563 1712 sobole
2614 1651 2998 1725 pervenerunt.
3039 1645 3323 1710 Devincta,
3359 1643 3415 1698 id
3446 1649 3532 1699 est

215 1756 254 1809 θί
280 1751 604 1815 ίοδοιθηίίοτι
634 1755 749 1803 tum
782 1762 849 1801 ex
880 1758 949 1799 θο
973 1742 1129 1814 (ἰυοά
1158 1741 1214 1794 in
1247 1745 1582 1794 ῖοδίθωθηιο
1614 1736 1669 1788 S-
1700 1735 1801 1789 Re'
1835 1808 1881 1824 η
1906 1754 2094 1824 ligata,
2123 1748 2361 1805 vinculis
2426 1746 2745 1802 constricta.
2803 1742 2937 1796 Nam
2977 1739 3034 1792 in
3076 1737 3365 1791 Hincmaro
3396 1742 3481 1790 est
3516 1751 3528 1788 :

214 1847 336 1921 migii
357 1846 440 1899 ille
468 1843 632 1911 cujus
670 1839 841 1895 ﬁliam
870 1835 1093 1893 curavit
1123 1850 1154 1887 a
1182 1833 1457 1895 daemone,
1498 1838 1602 1883 eta
1630 1834 1807 1883 morte
1835 1833 1886 1876 D
1917 1865 1941 1896 α
1972 1844 2124 1897 illam
2155 1857 2347 1897 secum
2378 1839 2618 1895 Vinctam
2641 1834 3003 1890 adducentes_
3042 1850 3061 1877 ,

213 1937 471 2001 suscitavit,
504 1933 838 1990 Benedictus
867 1936 1131 1992 vocetur,
1162 1932 1219 1979 et
1244 1938 1433 1979 errore
1464 1919 1666 1975 factum
1692 1921 1810 1974 exi-
1983 1935 2244 1991 Sidonius
2285 1932 2484 1987 domno
2538 1944 2699 1998 papa,
2741 1925 2987 1991 Remigio
3045 1920 3290 1975 salutem.
3324 1917 3537 1973 Nomen

216 2031 365 2084 stimat
392 2030 456 2084 ab
490 2029 802 2086 Hincmaro,
846 2039 911 2077 ex
947 2034 1064 2091 quo
1095 2016 1310 2087 accepit
1349 2012 1711 2077 Flodoardus,
1752 2017 1812 2065 ut

1928 2043 2069 2096 )apa:
2101 2023 2268 2081 tribui
2300 2024 2482 2078 solere
2505 2019 2765 2076 omnibus
2795 2012 3074 2086 episcopis
3100 2017 3252 2082 patet
3281 2010 3542 2065 innume-

215 2141 293 2195 ΡΓο
316 2123 607 2178 Benedic“)
635 2120 764 2186 ίεῑον
801 2124 957 2188 Patre
1014 2112 1238 2184 Ducum:
1270 2107 1499 2163 homine
1527 2104 1811 2175 Ρτδῖάῖνίίθ
1915 2118 1990 2173 ris
2017 2115 2293 2186 exemplis
2349 2114 2405 2167 in
2461 2110 2758 2181 Cypriane,
2799 2106 3155 2173 Hieronymo,
3204 2100 3536 2176 Augustino,

214 2214 563 2277 inProvincia,
587 2211 803 2282 positus
828 2209 901 2262 sit
950 2206 1005 2260 S.
1043 2201 1378 2257 Benedictus
1428 2198 1533 2252 hoc
1563 2204 1813 2265 tempore
1915 2202 2166 2270 Sidonio,
2210 2202 2530 2259 Fortunato,
2563 2196 2793 2269 Eulogio
2840 2189 3201 2249 Cordubensi,
3228 2196 3283 2244 et
3305 2188 3538 2243 aliorum

209 2305 532 2359 monasticam
595 2303 760 2356 vitam
816 2299 873 2352 in
932 2294 1094 2349 Italia
1136 2290 1414 2346 excolens.
1459 2287 1658 2339 Verum
1693 2285 1809 2337 haec

211 2395 406 2465 cpistola
432 2402 487 2448 et
518 2390 761 2446 narratio
796 2382 1079 2441 Hincmari
1111 2381 1179 2434 de
1211 2380 1264 2433 S.
1296 2374 1592 2431 Benedicto
1624 2372 1810 2427 neuti-

209 2504 343 2558 quam
374 2494 645 2558 repugnat
684 2499 809 2538 eum
855 2482 1197 2534 testamento
1244 2474 1301 2527 S.
1362 2468 1619 2543 Remigii.
1653 2468 1806 2530 Nam,

210 2557 258 2630 ut
284 2578 433 2630 habet
464 2557 698 2630 historia
742 2573 877 2627 Vitae
935 2571 990 2623 S.
1044 2563 1308 2631 Remigii,
1340 2562 1444 2615 iste
1476 2557 1807 2612 Benedictus

211 2667 349 2723 ﬁliam
374 2685 525 2722 suam
564 2666 745 2736 primo
799 2664 866 2717 ad
926 2661 1125 2715 limina
1166 2655 1539 2726 apostolorum
1565 2659 1619 2705 et
1648 2651 1715 2704 ad
1749 2650 1803 2703 S.

212 2756 539 2811 Benedictum
575 2753 828 2817 deduxit,
858 2749 1066 2804 deinde
1108 2746 1164 2799 S.
1200 2742 1531 2797 Benedictus
1556 2755 1680 2793 cum
1711 2739 1810 2792 hac

210 2848 413 2915 epistola
457 2849 613 2919 ipsos
663 2851 925 2916 parentes
994 2842 1051 2894 in
1093 2836 1295 2891 Gallias
1346 2831 1578 2888 remisit.
1641 2833 1811 2895 Quam

209 2939 466 3008 epistolam
500 2955 614 2993 non
646 2953 767 2991 esse
817 2935 968 2988 illius
995 2927 1307 2991 Benedicti,
1343 2925 1503 2993 cujus
1552 2923 1669 2978 vult
1694 2937 1813 2976 esse

1913 2295 2133 2348 Patrum
2175 2291 2420 2362 scriptis.
2491 2285 2705 2342 Floruit
2756 2291 2935 2339 autem
2965 2284 3052 2338 hic
3097 2281 3358 2355 Eulogius
3390 2296 3538 2337 anno

1909 2387 2034 2450 850,
2065 2385 2133 2438 ad
2166 2382 2313 2454 quod
2356 2394 2533 2450 usque
2564 2383 2782 2446 tempus
2840 2375 2943 2428 hoc
2999 2389 3201 2428 nomen
3233 2388 3533 2427 commune

1909 2474 2014 2529 fuit
2045 2472 2305 2527 omnibus
2336 2465 2633 2538 episc0pis,
2674 2463 2801 2517 licet
2861 2461 3122 2533 paulatim
3187 2459 3537 2532 frequentius

1906 2582 1969 2621 ac
2002 2563 2315 2635 pecularius
2346 2558 2512 2615 tribui
2553 2554 2954 2611 consuevisset.
2983 2554 3226 2608 Romano
3258 2550 3535 2623 pontifici,

1907 2666 1967 2712 ut
1997 2655 2155 2711 facile
2221 2648 2509 2707 observari
2567 2654 2749 2719 potest
2801 2662 2865 2699 ex
2913 2643 3132 2714 scriptis
3190 2641 3528 2696 Cassiodori.

1910 2748 2041 2803 Cum
2072 2747 2242 2819 igitur
2272 2740 2472 2797 futuris
2532 2736 2876 2808 tmnporibus
2916 2735 3248 2790 obtinuisset
3278 2749 3533 2788 commu-

1914 2841 2000 2895 nis
2038 2855 2190 2901 usus,
2224 2846 2284 2890 ut
2306 2848 2461 2904 papae
2493 2846 2695 2885 nomen
2728 2826 3106 2882 tantummodo
3140 2826 3387 2880 Romano
3426 2822 3539 2878 tri-

1914 2930 2180 2983 bueretur
2212 2919 2479 2994 pontifici,
2534 2927 2588 2973 et
2638 2918 2968 2974 schismatici
3028 2915 3251 2986 quidam
3281 2912 3535 2983 episcopi

210 3027 464 3095 Baronius,
497 3042 658 3082 exeo
686 3025 1002 3086 deducitur,
1058 3018 1211 3091 quod
1269 3016 1391 3084 ipse
1447 3013 1503 3067 in
1555 3027 1813 3083 persona,

1928 3017 2052 3073 .llud
2085 3016 2192 3070 sibi
2226 3014 2279 3068 in
2321 3011 2509 3067 odium
2541 3008 2788 3078 ejusdem
2830 3006 3062 3062 Romani
3097 3004 3351 3076 prmsulis
3393 3002 3537 3057 fastu

210 3137 303 3176 non
332 3122 659 3192 perlitteras
688 3120 758 3174 ad
916 3113 1228 3187 Remigium
1254 3107 1485 3163 venerit.
1529 3107 1679 3161 Adde
1713 3117 1815 3158 nec
1853 3112 2163 3192 nsuperbo
2202 3107 2550 3163 vindicarent
2607 3104 2823 3176 aliaque
2885 3119 2994 3158 non
3036 3116 3297 3155 concessa
3330 3114 3541 3170 pmsu-

214 3214 430 3275 titulum,
461 3229 569 3267 nec
583 3211 754 3267 verba
772 3174 1151 3280 epistolaaulio
1179 3202 1345 3258 modo
1361 3199 1631 3271 quadrare
1652 3213 1817 3269 posse
1848 3174 1897 3239 ί)
1918 3174 2154 3265 πιέτρῃι,
2189 3201 2409 3257 tandem
2438 3198 2541 3252 sub
2592 3174 2854 3270 Gregbrio
2907 3194 3166 3265 septimo,
3226 3206 3372 3245 anno
3433 3192 3543 3245 [)o-

210 3306 256 3358 in
318 3306 676 3360 Benedictum
730 3305 896 3371 hujus
947 3298 1148 3370 puellae
1184 3302 1419 3366 patrem.
1469 3291 1657 3362 Neque
1679 3306 1809 3345 vero

1928 3296 2048 3352 nini
2082 3292 2241 3358 1073,
2276 3289 2462 3345 habita
2510 3289 2694 3342 Roma:
2751 3286 2984 3357 synodo,
3045 3283 3189 3337 inter
3215 3281 3321 3336 alia
3362 3286 3539 3334 statu-

210 3397 505 3466 quempiam
543 3400 765 3449 moveat
789 3391 938 3463 quod
969 3386 1314 3444 Flodoardus
1343 3383 1440 3447 ait,
1462 3386 1523 3436 ut
1548 3383 1808 3447 traditur,

1928 3410 2028 3457 um
2066 3398 2148 3445 est
2170 3388 2435 3442 adversus
2477 3383 2768 3455 praedictos
2814 3377 3214 3445 schismaticos,
3275 3386 3334 3431 ut
3380 3391 3538 3447 papae

214 3485 473 3552 quomodo
502 3482 661 3554 loqui
679 3482 943 3545 solemus,
966 3478 1099 3532 dum
1134 3490 1222 3529 res
1252 3487 1363 3527 non
1378 3479 1460 3525 est
1476 3468 1639 3539 plane
1661 3481 1813 3519 com-

1928 3497 2120 3540 aomen
2150 3479 2375 3534 unicum
2417 3483 2563 3531 esset
2594 3475 2649 3529 in
2704 3473 2962 3541 universo
3020 3469 3156 3525 orbe
3198 3469 3537 3534 Christiano,

213 3574 503 3643 perta,quia
536 3572 594 3626 id
622 3587 732 3626 non
757 3576 841 3624 est
890 3568 945 3622 in
976 3567 1291 3629 Hincmaro,
1325 3559 1423 3614 sed
1443 3575 1473 3612 a
1507 3556 1810 3611 Flodoardo

1928 3567 2431 3631 oecliceretalicui
2499 3565 2743 3635 seipsum
2798 3563 2884 3617 vel
2956 3560 3124 3615 alium
3186 3575 3253 3615 eo
3319 3557 3544 3614 nomine

212 3661 491 3729 θάιίθοίυπι,
525 3670 647 3716 tum
678 3660 787 3713 hoc
824 3658 965 3723 Ῑοοο»
1010 3664 1123 3709 tum
1169 3653 1306 3707 alias
1332 3664 1502 3719 saepe:
1532 3647 1630 3701 ubi
1664 3646 1817 3699 “una
1918 3662 2222 3735 appellare.
2254 3659 2437 3713 Exstat
2463 3671 2527 3709 ea
2557 3652 2803 3724 synodus
2835 3653 2890 3704 in
2914 3648 3142 3723 registro
3182 3647 3540 3719 cpistolarum

210 3753 381 3809 subest
405 3753 707 3819 ἀυδίῑθιίον
731 3767 795 3805 ac
821 3747 1148 3804 Ποῐηίηὸῑίῐη
1181 3742 1324 3798 infra
1352 3757 1475 3811 σερε
1508 3739 1595 3792 1⁷·
1650 3736 1817 3792 "inc"
1922 3753 2169 3828 Gregorii
2197 3753 2308 3816 Vll,
2343 3749 2399 3803 in
2427 3746 2767 3801 bibliotheca
2810 3742 3087 3796 Vaticana.
3154 3739 3276 3793 limo
3305 3756 3369 3793 ex
3393 3738 3541 3792 notis

211 3858 378 3898 marns
404 3853 600 3899 autem
630 3842 796 3912 plane
845 3838 1109 3894 asscrtive
1166 3835 1225 3889 id
1292 3830 1482 3897 refert,
1529 3830 1598 3884 de
1626 3828 1823 3882 litteris

211 3940 303 3987 tam
334 3935 509 4005 ipsius
540 3933 648 3987 viri
677 3933 772 3987 Dei
831 3928 1114 3985 Benedicti
1148 3927 1251 3998 (sic
1304 3923 1451 3980 enim
1477 3937 1604 3977 eum
1634 3922 1813 3984 vocati

209 4042 356 4095 quam
378 4026 588 4082 Alariei
637 4024 783 4097 regis
839 4022 1164 4076 Gothorum.
1218 4017 1584 4084 Utrarumque
1618 4010 1826 4080 pariter

213 4116 451 4169 meminit
478 4116 651 4187 longe
680 4119 808 4168 ante
841 4111 1189 4164 Hincmarum
1232 4105 1564 4159 Fortunatus
1592 4100 1823 4170 presby-

210 4208 285 4257 ter
308 4203 361 4258 in
394 4205 520 4259 Vita
579 4204 634 4257 S.
686 4200 940 4274 Remigii,
998 4207 1054 4252 et
1111 4196 1180 4250 ab
1243 4192 1575 4263 antiquitate
1600 4204 1714 4244 non
1744 4199 1827 4242 est

213 4291 392 4348 leviter
421 4292 828 4348 recedendum.
859 4288 965 4343 Sed
998 4302 1100 4341 nec
1130 4284 1451 4338 inusitatum
1482 4294 1706 4352 prorsus
1735 4277 1823 4330 vi-

218 4380 319 4436 deri
334 4382 527 4437 debet.
565 4379 920 4436 Considerata
949 4374 1254 4448 praesertim
1305 4372 1611 4442 priscorum
1634 4383 1830 4421 mona-

218 4474 432 4530 chorum
462 4491 598 4529 vere
629 4472 866 4529 candida
884 4480 939 4525 et
968 4468 1272 4523 Christiana
1301 4460 1828 4534 simplicitate,quod

1926 3844 2147 3901 Baronii
2211 3843 2278 3896 ad
2336 3841 2641 3894 Romanum
2699 3830 3077 3903 Martyrol.10
3127 3829 3394 3886 Januarii.
3430 3828 3548 3885 Uti-

1925 3955 2051 3993 nam
2083 3952 2214 3990 vero
2242 3934 2298 3991 in
2332 3933 2512 3986 lucem
2578 3925 2876 3998 aliquando
2943 3920 3315 3992 proferantur,
3376 3920 3422 3974 si
3477 3920 3546 3974 ab

1925 4027 2277 4084 evidentibus
2329 4023 2622 4091 absumpta
2677 4032 2787 4071 non
2867 4014 2979 4068 sint
3030 4028 3096 4066 ea
3155 4011 3212 4064 Β.
3310 4011 3546 4087 Remigii

1910 4123 2149 4192 scripta,
2186 4131 2416 4189 quorum
2449 4111 2703 4167 meminit
2758 4106 3017 4162 Sidonius
3052 4105 3105 4159 in
3134 4105 3236 4158 hac
3291 4104 3543 4175 epistola.

1926 4211 2058 4265 Nam
2092 4210 2150 4261 B.
2180 4203 2490 4279 Remigium
2531 4201 2702 4256 multa
2752 4194 3039 4267 scripsisse
3068 4200 3298 4248 testatur
3324 4208 3548 4264 quoque

1931 4303 2234 4357 Romanum
2292 4293 2628 4350 Breviarium
2694 4288 2954 4344 Kalendis
3017 4284 3288 4353 Octobris,
3357 4285 3551 4339 dicens

1931 4410 2056 4449 eum
2085 4391 2287 4445 multos
2342 4388 2760 4456 interpretatum
2808 4397 2932 4436 esse
3000 4376 3203 4434 divinze
3250 4376 3548 4447 Scriptura:

1938 4484 2109 4537 libros
2164 4481 2484 4533 llincmarus
2527 4490 2652 4529 eum
2684 4480 2842 4527 vocat
2874 4469 3244 4539 undecunque
3304 4464 3553 4521 doctissi-

221 4563 436 4620 inferio"
463 4573 634 4619 εθίδίθ
664 4563 1006 4637 “dignitate
1051 4559 1303 4615 scribens
1337 4557 1405 4610 ad
1451 4554 1739 4621 majorem
1775 4568 1832 4605 5°
1859 4545 1914 4612 D
1940 4589 2087 4626 mum
2122 4569 2253 4623 etin
2308 4564 2611 4634 Scriptuzis
2664 4560 2869 4615 sanctis
2922 4555 3382 4612 eruditissimum.
3409 4554 3548 4607 Gre-

217 4653 431 4711 fratrem
459 4667 518 4711 et
554 4669 883 4711 conservum
943 4651 999 4704 in
1053 4647 1266 4714 Christo
1306 4644 1437 4698 Jesu
1477 4640 1745 4703 nominet,
1776 4650 1829 4693 et

216 4751 422 4800 aeternas
453 4741 874 4800 benedictionis
905 4755 1130 4805 nomen,
1159 4753 1270 4792 non
1301 4736 1426 4790 dico
1448 4731 1830 4787 auctoritative

217 4837 481 4904 superiori
517 4834 890 4905 impertiatur,
922 4830 1017 4883 sed
1078 4826 1362 4882 humiliter
1391 4824 1616 4894 exoptet
1649 4838 1661 4875 :
1690 4836 1829 4892 quo-

218 4924 369 4979 modo
396 4923 611 4995 passim
641 4922 818 4978 cuivis
839 4921 1167 4984 scribentes,
1187 4908 1443 4977 salutem,
1474 4916 1639 4969 vitam
1670 4922 1831 4968 aeter-

220 5028 355 5079 nam,
395 5014 490 5068 vel
521 5012 675 5068 aliud
704 5013 911 5066 bonum
944 5014 1289 5079 ex0ptamus.
1323 5005 1390 5059 Ut
1419 5013 1601 5058 autem
1632 5003 1701 5057 de
1731 5003 1835 5057 hac

223 5115 276 5152 rc
301 5101 551 5171 quisque
581 5114 744 5154 suum
797 5097 934 5151 ferat
972 5094 1268 5168 judicium,
1301 5093 1511 5147 litteras
1540 5092 1683 5157 illas,
1716 5105 1838 5162 quas

222 5190 413 5248 breves
441 5199 598 5257 sunt,
631 5206 698 5245 ex
755 5190 901 5245 dicto
959 5187 1232 5243 Chronico
1291 5186 1396 5240 hoc
1432 5184 1556 5240 loco
1581 5185 1838 5238 inseren-

224 5284 316 5338 das
341 5286 566 5351 censui,
627 5292 684 5338 et
728 5282 952 5354 quidem
998 5281 1280 5352 aliquanto
1319 5277 1642 5341 correctius,
1675 5291 1839 5346 quam

221 5373 434 5430 Gallicae
504 5390 624 5429 sua:
666 5371 911 5427 versioni
971 5369 1204 5425 inseruit
1252 5365 1510 5421 Nicotaus
1559 5363 1843 5419 Chesneau

223 5480 283 5519 ex
348 5466 749 5537 manuscriptis
798 5463 1001 5519 chartis
1051 5459 1498 5516 venerandorum
1557 5456 1848 5532 religioso-

223 5572 332 5610 rum
391 5554 727 5611 monasterii
785 5554 839 5608 S.
902 5551 1137 5626 Remigii
1183 5550 1493 5605 Remensis.
1548 5549 1637 5603 Sic
1689 5548 1851 5622 igitur

220 5661 273 5698 se
296 5646 518 5700 habent
555 5661 621 5697 :u
647 5643 929 5699 Dominico
980 5640 1255 5695 sacerdoti
1306 5637 1578 5712 Remigio,
1612 5636 1780 5691 frater
1796 5643 1850 5689 et

225 5752 538 5791 conservus
582 5735 633 5788 in
677 5735 896 5790 Christo
922 5734 1072 5799 Jesu,
1108 5730 1432 5811 emnobialis
1472 5729 1598 5784 vitae
1623 5727 1850 5783 humilis

230 5827 407 5879 cultor
464 5824 824 5891 Benedictus,
894 5831 1112 5877 aeternae
1183 5817 1587 5874 benedictionis
1647 5831 1849 5871 munus

1933 4664 2121 4739 gorius
2157 4657 2491 4715 Turonensis
2548 4655 2647 4708 lib.
2709 4670 2743 4707 ιι
2786 4649 3142 4705 Historiarum
3196 4646 3549 4709 Francorum,

1934 4736 2053 4824 cap.
2085 4753 2173 4818 31,
2215 4751 2409 4804 recitat
2456 4744 2788 4819 principium
2851 4739 3099 4812 epistolae
3166 4736 3549 4793 consolatoriae

1939 4850 1993 4901 Β.
2032 4844 2264 4917 Remigii
2304 4843 2371 4897 ad
2397 4841 2729 4897 Clodoveum
2765 4851 2951 4910 regem
2988 4848 3159 4904 super
3198 4838 3371 4886 morte
3402 4845 3556 4885 soro-

1937 4938 2009 4991 ris
2040 4952 2152 4989 suaa
2185 4931 2502 4987 Albofledis.
2562 4926 2845 4983 Aimonius
2907 4922 3003 4977 lib.
3033 4939 3047 4976 ι
3078 4921 3147 4976 de
3175 4920 3351 4975 Gestis
3380 4919 3553 4974 Fran-

1939 5019 2353 5090 corum,capite
2394 5015 2610 5081 ultimo,
2662 5012 2853 5067 reeitat
2905 5009 3248 5082 epitaphium
3309 5007 3557 5077 ejusdem

1943 5114 2085 5187 regis
2118 5109 2395 5175 Clodovei,
2430 5107 2496 5162 ab
2525 5106 2744 5171 eodem,
2802 5110 2862 5158 ut
2909 5101 3170 5164 creditur,
3220 5099 3275 5154 S.
3308 5096 3559 5173 Remigio

1942 5204 2330 5277 compositum.
2365 5200 2667 5256 Guilelmus
2695 5193 3033 5268 Eysengrein
3092 5192 3148 5247 in
3190 5190 3446 5265 Catalogo
3474 5196 3561 5245 te-

1944 5298 2108 5352 stium
2139 5292 2410 5359 veritatis,
2434 5290 2569 5346 dicit
2599 5305 2748 5353 eum,
2802 5286 2970 5341 editis
3005 5283 3184 5349 libris,
3218 5282 3561 5337 adulterinas

1947 5389 2015 5443 de
2047 5386 2245 5441 Christi
2276 5383 2387 5439 fide
2436 5383 2758 5438 Arianorum
2814 5377 3110 5449 opiniones
3138 5372 3476 5446 prodidisse,
3508 5378 3564 5427 et

1948 5478 2054 5533 alia
2081 5476 2316 5547 plurima
2346 5473 2649 5528 litterarum
2680 5472 3041 5524 monumenta
3082 5462 3393 5535 reliquisse.
3426 5460 3561 5515 Pro-

1950 5570 2172 5623 dierunt
2204 5582 2380 5637 nuper
2403 5562 2703 5637 Moguntiaa
2742 5574 2959 5615 excusas
2999 5556 3055 5609 in
3084 5554 3216 5610 folio
3255 5567 3402 5607 anno
3427 5550 3564 5605 1614

1950 5658 2068 5727 ejus
2101 5657 2155 5709 in
2186 5652 2458 5724 Epistolas
2489 5648 2640 5705 Pauli
2696 5643 3115 5717 explanationes
3163 5656 3334 5712 Opera
3382 5638 3443 5693 R.
3505 5637 3563 5692 P.

1947 5744 2177 5801 Joannis
2210 5742 2467 5813 Baptistae
2524 5734 2853 5805 Villalpandi
2922 5730 3205 5788 societatis
3240 5729 3369 5784 Jesu
3403 5728 3567 5784 theo-

1950 5834 2080 5907 logi,
2105 5831 2198 5903 qui
2244 5830 2299 5884 in
2347 5826 2665 5899 praefatione
2734 5822 2800 5875 ad
2868 5821 3131 5874 lectorem
3204 5814 3572 5886 probabiliter
