4010 6162
251 340 339 398 345
1503 337 1569 392 lN
1613 334 1865 393 LIBRUM

250 478 456 540 tempora
478 465 628 521 etiam
657 465 710 520 in
741 465 929 539 Belgio
973 465 1199 535 usitato,
1240 483 1418 523 annus
1446 468 1663 524 Domini
1704 469 1793 523 in-
1822 472 1875 540 Α

246 560 399 617 choari
418 559 574 614 soleat
602 574 631 612 a
663 556 801 612 festo
833 559 1076 623 Pascha},
1107 558 1415 613 secundum
1460 559 1586 615 Illos
1616 559 1797 630 bapti-

244 657 369 703 zatus
394 646 481 701 fuit
507 646 689 700 ultimo
722 646 814 701 die
844 646 973 700 anni
997 646 1123 712 499,
1148 647 1454 701 secundum
1484 648 1587 702 hos
1617 648 1796 717 primo

240 740 312 793 die
336 738 448 791 anni
468 735 583 791 500.
616 735 821 799 Quibus
851 753 914 790 ex
940 736 1271 808 antiquitate
1290 737 1503 793 accedit
1542 736 1798 793 llincma-

238 845 312 884 rus
347 829 397 882 in
440 827 704 899 epitaphio
746 828 801 881 Β.
855 828 1110 901 Remigii,
1167 828 1315 899 quod
1366 827 1602 884 refertur
1655 828 1796 884 infra

236 935 333 989 cap.
353 918 430 983 21,
454 918 505 971 in
534 933 639 989 quo
668 917 1015 973 exactissime
1057 927 1273 988 tempus
1301 918 1497 981 aetatis,
1559 918 1791 973 ordina-

236 1007 386 1071 tionis,
409 1005 544 1059 sedis
582 1005 754 1076 ipsius
780 1013 836 1061 et
872 1006 1133 1077 baptismi
1165 1007 1494 1062 Francorum
1527 1008 1793 1077 exprimi-

233 1106 315 1153 tur.
343 1098 458 1153 Nam
477 1105 683 1152 constat
713 1113 780 1152 ex
802 1099 896 1154 illo
922 1099 1209 1170 epitaphio
1228 1099 1449 1154 beatum
1482 1100 1790 1174 Remigium

231 1196 433 1242 creatum
454 1185 616 1241 fuisse
637 1186 933 1241 Remorum
962 1186 1286 1257 episcopum
1308 1202 1454 1242 anno
1482 1188 1657 1242 aetatis
1677 1202 1792 1242 suae

227 1277 297 1341 22,
321 1274 575 1347 praefuisse
616 1275 778 1329 annis
818 1276 908 1341 74,
956 1275 1161 1330 obiisse
1200 1291 1346 1330 anno
1403 1276 1619 1331 Domini
1657 1278 1786 1344 544,

225 1366 366 1422 aetatis
405 1383 508 1421 suae
550 1366 636 1434 96,
694 1374 750 1423 et
792 1374 1017 1440 gentem
1063 1368 1394 1423 Francorum
1455 1367 1786 1438 baptizatum

224 1473 340 1513 anno
359 1457 470 1514 500.
524 1458 698 1523 Quare
736 1460 982 1529 oportuit
1011 1475 1136 1514 eum
1178 1469 1423 1515 creatum
1455 1460 1628 1517 fuisse
1666 1461 1790 1532 epi-

224 1561 412 1616 scopum
438 1562 576 1601 anno
601 1547 726 1603 470.
758 1547 869 1604 Nec
888 1548 957 1602 ab
979 1548 1066 1602 his
1086 1549 1268 1619 quoad
1294 1549 1508 1605 obitum
1532 1551 1787 1608 dissentit

222 1636 513 1711 Sigebertus,
541 1638 634 1709 qui
674 1654 797 1693 eum
848 1641 1003 1710 ponit
1033 1651 1221 1696 natum
1271 1640 1439 1697 fuisse
1468 1658 1614 1698 anno
1658 1644 1785 1713 449,

225 1738 426 1783 creatum
447 1730 764 1800 episcOpum
794 1731 921 1799 471,
962 1739 1017 1787 et
1042 1732 1250 1788 obiisse
1289 1734 1415 1801 545,
1443 1734 1584 1790 sicut
1612 1743 1668 1791 et
1690 1735 1791 1790 Ja-

1902 334 2184 393 PRIMUM.
3405 342 3511 402 346

1898 477 2157 540 scopatus
2184 470 2259 524 ibi
2301 485 2420 525 esse
2450 470 2754 540 constituit,
2788 481 2842 529 et
2886 474 3143 531 eumdem
3176 476 3234 530 in
3261 476 3510 534 fornica-

1901 562 2110 616 tionem
2153 577 2275 616 cum
2307 578 2407 616 sua
2462 564 2740 633 quondam
2783 581 2951 620 uxore
3008 569 3353 639 prolapsum,
3411 570 3510 624 sed

1896 655 2208 725 septennali
2266 653 2593 725 poenitentia
2624 664 2935 729 purgatum,
2978 665 3033 712 et
3085 660 3153 714 de
3199 660 3512 716 reclusione

1895 747 2083 801 divino
2134 747 2290 815 jussu
2347 747 2607 802 eductum
2649 749 2767 802 sedi
2819 764 2934 803 suae
2992 751 3246 806 restituit.
3304 776 3329 800 ι·
3386 752 3512 808 llaec

1893 833 2215 907 Sigebertus
2241 836 2492 906 sequitur
2529 836 2585 890 in
2615 835 2944 890 Flodoardo.

1962 928 2149 997 Ibique
2172 928 2568 992 Genebaudum,
2593 944 2754 982 carne
2779 929 3007 983 nobilem
3028 931 3222 985 virum.
3255 932 3510 989 Nicolaus

1893 1014 2180 1070 Chesneau
2208 1015 2267 1069 in
2294 1018 2541 1089 margine
2573 1016 2788 1072 Gallicae
2815 1034 2928 1072 sua:
2948 1019 3321 1075 translationis
3350 1029 3509 1078 vocat

1891 1119 2016 1158 eum
2073 1103 2352 1160 comitem.
2404 1104 2571 1158 Porro
2627 1112 2812 1160 nostra
2840 1106 3178 1176 exemplaria
3238 1118 3508 1180 perpetuo

1889 1192 2081 1265 legunt
2107 1192 2522 1247 Genebaudum.
2559 1193 2617 1247 In
2649 1194 2942 1250 Hincmaro
2972 1196 3118 1265 apud
3152 1196 3370 1252 Surium
3402 1214 3508 1255 vo-

1890 1291 2046 1336 catur
2071 1280 2441 1346 Genebaldus,
2486 1282 2562 1336 uti
2596 1289 2652 1337 et
2682 1282 2738 1336 in
2780 1282 2983 1337 tabulis
3013 1284 3387 1351 Democharis,
3415 1288 3508 1357 qui

1890 1374 2041 1428 addit
2069 1390 2101 1428 a
2130 1374 2462 1444 quibusdam
2499 1374 2818 1443 Geraldum,
2850 1377 2918 1430 ab
2953 1376 3078 1431 aliis
3109 1377 3507 1433 Genebaudum

1889 1463 2020 1529 dici,
2054 1464 2332 1535 quomodo
2381 1465 2544 1519 etiam
2574 1464 2710 1539 legit
2745 1464 3067 1520 llincmarus
3098 1466 3512 1537 manuscriptus

1890 1560 1944 1613 in
1974 1559 2155 1614 Monte
2209 1559 2263 1614 S.
2300 1559 2479 1632 Eligii.
2533 1561 2826 1616 Diversitas
2873 1577 2936 1615 ex
2977 1577 3043 1617 eo
3083 1571 3210 1617 nata
3266 1562 3503 1617 videtur.

1888 1651 2019 1722 quia
2076 1667 2142 1707 ex
2171 1666 2306 1707 voce
2358 1652 2563 1708 Gallica
2605 1654 2937 1721 Genebauld,
2996 1653 3089 1709 alii
3132 1670 3169 1709 ιι
3215 1654 3507 1724 adjiciunt,

1890 1740 1978 1794 alii
2007 1741 2045 1796 ι.

220 1820 361 1874 cobus
385 1820 617 1891 Meyerus
676 1823 730 1875 in
772 1822 1074 1877 Annalibus
1129 1824 1418 1880 Flandriae.
1470 1826 1600 1880 Nam
1662 1841 1785 1880 cum
1818 1811 1869 1879 Β
1963 1834 2284 1902 Tacitusque
2314 1837 2427 1888 tam
2454 1837 2565 1889 viri
2593 1851 2763 1905 quam
2799 1836 3044 1891 mulieris
3073 1836 3243 1890 ardor
3264 1837 3322 1892 in
3351 1836 3508 1892 corde

220 1914 383 1969 abierit
408 1916 469 1969 13
494 1915 763 1980 Januarii,
795 1933 941 1973 unus
967 1917 1228 1991 idemque
1257 1935 1438 1974 annus
1464 1920 1789 1990 incipiendo

218 2021 242 2059 a
281 2005 509 2061 Januario
538 2015 618 2062 est
670 2007 794 2072 5l5,
840 2024 871 2062 a
906 2009 1169 2065 Paschato
1201 2011 1285 2079 (ut
1334 2010 1469 2064 Galli
1522 2011 1790 2067 hactenus

219 2110 358 2165 usque
384 2095 445 2149 ad
466 2105 714 2167 tempora
743 2096 918 2152 Caroli
954 2098 1021 2151 IX
1040 2101 1522 2171 computaverunt)
1552 2108 1637 2155 est
1658 2102 1785 2157 544.

219 2184 292 2239 llis
314 2191 476 2241 tamen
507 2203 615 2243 non
645 2190 943 2257 consentit,
967 2191 1117 2261 quod
1134 2191 1370 2259 Flavius,
1402 2193 1497 2264 qui
1526 2200 1650 2263 post
1675 2193 1787 2247 Ro-

217 2289 397 2328 manum
428 2276 481 2330 B.
525 2277 778 2351 Remigio
807 2279 1094 2345 successit,
1127 2278 1341 2351 legatur
1382 2281 1785 2352 subscripsisse

216 2365 411 2420 concilio
427 2367 771 2430 Arvernensi,
807 2370 1089 2425 celebrato
1120 2386 1265 2425 anno
1294 2371 1420 2438 541,
1439 2373 1592 2441 juxta
1619 2374 1786 2429 Baro-

215 2456 335 2511 nium
369 2459 454 2521 (uti
483 2475 704 2516 mecum
732 2462 902 2517 sentit
934 2461 1200 2533 praefatus
1231 2462 1557 2520 Guillelmus
1602 2466 1653 2520 le
1684 2467 1784 2521 Be-

213 2548 333 2618 gue),
358 2547 491 2617 quod
523 2556 697 2618 ponat
729 2549 865 2604 illud
922 2551 1220 2606 concilium
1259 2552 1601 2610 Arverneuse
1633 2555 1782 2609 dicto

213 2651 329 2691 anno
350 2637 701 2708 celebratum,
731 2657 856 2696 cum
881 2642 1065 2712 potius
1090 2643 1159 2699 15
1187 2652 1279 2698 aut
1306 2645 1373 2698 16
1395 2646 1560 2699 annis
1591 2654 1784 2717 postea

214 2725 421 2783 habitum
441 2730 527 2784 sit.

268 2816 379 2871 Cum
424 2820 665 2888 quodam
712 2824 1028 2889 Raganario
1062 2826 1313 2894 principe
1342 2829 1495 2880 trans
1536 2827 1786 2884 Somnam

208 2911 411 2976 fluuium.
442 2914 499 2968 ld
526 2922 608 2971 est
638 2917 949 2983 Dameraci,
981 2926 1042 2973 ut
1071 2919 1297 2990 exponit
1326 2920 1445 2975 haec
1472 2919 1639 2975 verba
1672 2922 1786 2976 Bal-

209 2998 572 3067 dericus,autor
617 3004 878 3061 Chronici
933 3005 1344 3063 Cameracensis
1385 3008 1483 3062 lib.
1511 3026 1550 3077 ι,
1578 3026 1696 3081 (δίῳ⁴
1727 3013 1781 3078 4,

208 3087 283 3140 ubi
306 3088 443 3157 plura
469 3092 536 3147 de
557 3092 672 3148 isto
696 3093 1025 3168 Raganario,
1059 3095 1177 3151 sive
1208 3104 1268 3151 ut
1288 3097 1406 3166 ipse
1438 3098 1650 3163 scribit,
1682 3101 1785 3156 Ra-

205 3178 476 3248 guachario.
510 3180 593 3235 MS
626 3182 892 3238 Somnum
919 3190 975 3239 et
1004 3184 1184 3240 codex
1229 3188 1548 3242 monasterii
1589 3188 1642 3242 8.
1673 3190 1783 3246 Re-
1804 3179 1853 3248 C

207 3264 350 3339 migii,
384 3277 441 3324 ut
500 3278 660 3326 notat
716 3272 973 3329 Nicolaus
1024 3273 1332 3342 Chesneau,
1373 3278 1467 3348 qui
1508 3289 1693 3334 tamen
1726 3282 1785 3336 in

205 3362 327 3413 textu
352 3360 506 3418 habet
556 3366 862 3432 Somenam,
908 3374 962 3423 et
1019 3368 1200 3423 Galice
1233 3371 1394 3425 vertit
1448 3372 1657 3428 Somne.
1698 3374 1784 3429 Si-

204 3448 375 3505 militer
397 3455 677 3511 Somenam
706 3457 940 3514 habetJ.
975 3467 1030 3514 et
1052 3461 1379 3534 Sigebertus
1410 3479 1555 3519 anno
1585 3467 1708 3521 445.

256 3543 464 3612 Prafato
491 3564 616 3617 rege
652 3551 942 3607 Ludovico.
978 3554 1057 3607 lta
1089 3553 1135 3607 Μ
1176 3553 1232 3608 C.
1265 3570 1389 3610 cum
1423 3556 1470 3610 Μ
1499 3557 1641 3613 infra
1672 3558 1784 3615 fere

202 3646 387 3704 semper
406 3639 653 3695 scribere
674 3641 850 3697 soleat
876 3645 1187 3713 Ludowico,
1218 3635 1520 3718 quomodo,
1551 3657 1611 3705 ut
1632 3660 1786 3706 nota-

200 3725 260 3780 vit
284 3727 413 3785 idem
471 3734 729 3790 Nicolaus
759 3735 1066 3805 Chesneau,
1125 3741 1218 3796 hic
1247 3743 1412 3797 etiam
1446 3744 1580 3817 legit
1604 3747 1785 3803 dictus

200 3820 342 3875 codex
385 3827 553 3882 sancti
603 3829 860 3903 Remigii.
925 3832 1078 3897 Quod
1139 3849 1340 3890 nomen
1386 3838 1581 3893 multis
1618 3840 1782 3895 etiam

199 3907 296 3963 aliis
319 3914 487 3970 modis
513 3918 786 3989 scriptum
818 3921 1114 3991 reperitur,
1151 3930 1208 3978 ut
1240 3926 1421 3979 notavi
1453 3927 1519 3980 ad
1551 3926 1781 3983 Chroni-

199 4009 282 4049 con
304 3998 709 4073 Cameracense,
750 4006 892 4063 libro
924 4011 1124 4080 primo,
1144 4013 1345 4083 .capite
1377 4014 1658 4071 tricesimo
1688 4033 1781 4071 se-

197 4088 356 4178 ptimo.
409 4094 714 4153 Observant
754 4107 936 4155 autem
998 4103 1222 4173 quidam
1263 4104 1592 4162 Clodoveum
1654 4116 1779 4178 post

198 4172 486 4264 baptismum
537 4186 724 4241 vocari
754 4172 1110 4258 Ludovicum,
1153 4192 1304 4264 quod
1346 4211 1412 4250 eo
1444 4196 1666 4251 nomine
1717 4198 1773 4253 in

196 4258 434 4334 baptismo
463 4272 649 4328 dictus
695 4275 785 4341 sit,
844 4286 905 4331 ut
945 4258 1532 4338 notavit-Laurentius
1586 4285 1776 4340 Surius

195 4354 485 4420 diedecimo
511 4368 680 4424 tertio
705 4369 967 4425 Januarii.
1004 4373 1202 4444 Quare,
1226 4376 1607 4432 obnitentibus
1634 4395 1776 4450 pra:-

193 4450 351 4506 sertim
387 4458 646 4514 omnibus
696 4463 1126 4533 exemplaribus,
1160 4483 1269 4521 non
1302 4476 1386 4523 est
1430 4468 1517 4522 hic
1566 4480 1775 4525 mutan-

1887 1926 2151 1982 libidinis.
2178 1928 2274 1982 Ms.
2306 1945 2403 1999 pro
2427 1934 2727 2000 tacitusque
2764 1932 2909 1986 male
2942 1931 3075 2005 legit
3127 1934 3413 2002 totiusque.
3445 1932 3507 1986 In

1887 2018 2177 2074 llincmaro
2233 2021 2448 2096 integra
2506 2024 2785 2079 sententia
2843 2024 2915 2078 ita
2964 2024 3176 2080 habet:
3224 2048 3250 2070 «ι
3308 2025 3508 2096 Sicque

1885 2114 2089 2166 tactum
2113 2120 2199 2168 est
2220 2121 2300 2179 ut,
2334 2122 2476 2169 tecta
2499 2116 2823 2170 hominibus
2842 2116 3026 2185 culpa,
3051 2125 3105 2171 et
3137 2116 3190 2170 in
3222 2117 3507 2184 cordibus,

1887 2207 1995 2254 tam
2023 2201 2273 2273 epise0pi
2328 2220 2491 2273 quam
2534 2203 2773 2269 feminae,
2817 2212 2992 2259 tectus
3046 2205 3273 2259 luxuriae
3321 2207 3507 2272 ardor,

1886 2295 2172 2365 quoniam,
2205 2304 2265 2351 ut
2317 2305 2503 2352 notum
2535 2304 2638 2362 est,
2672 2313 2782 2367 quo
2836 2299 3011 2371 magis
3048 2298 3272 2371 legitur,
3331 2306 3509 2354 tectus

1886 2388 2062 2463 magis
2091 2396 2288 2446 aestuat
2318 2391 2498 2463 ignis:
2531 2398 2721 2446 contra
2754 2392 2972 2462 culpam
3002 2399 3366 2463 compunctus
3386 2393 3509 2461 epi-

1885 2493 2107 2547 scopus,
2150 2497 2174 2528 »
2210 2486 2316 2533 etc.
2376 2481 2620 2534 Tacitum
2658 2495 2790 2554 ergo
2833 2480 2970 2535 dixit
3013 2485 3206 2535 tectum
3251 2490 3306 2535 et
3334 2496 3507 2535 secre-

1886 2571 2016 2621 tum.
2067 2565 2219 2621 Patet
2269 2573 2450 2621 autem
2509 2581 2573 2621 ex
2638 2568 2737 2622 hac
2795 2568 2850 2621 S.
2903 2566 3219 2622 Genebaudi
3280 2568 3507 2624 historia

1883 2676 2048 2731 quam
2078 2659 2206 2713 sita
2256 2660 2490 2714 veritate
2528 2660 2711 2714 aliena
2741 2661 3102 2716 sectariorum
3156 2662 3327 2716 nostri
3361 2668 3506 2716 tem-

1890 2746 2316 2818 poriszdoetrina,
2336 2748 2431 2818 qui
2449 2747 2583 2802 illud
2606 2749 2850 2819 Apostoli
2871 2767 2884 2802 :
2918 2752 3086 2804 Unius
3101 2752 3290 2804 umori:
3303 2753 3499 2805 virum.

1888 2842 2117 2914 lntelligi
2149 2843 2346 2897 volunt
2375 2844 2444 2897 de
2477 2858 2648 2898 uxore
2693 2860 2856 2914 quam
2885 2844 3147 2908 habebat,
3179 2861 3303 2898 cum
3355 2850 3505 2900 tanta

1886 2933 2234 3003 paenitudine
2284 2933 2396 2988 elui
2423 2935 2733 3004 oportuerit
2773 2950 3127 3006 congressum
3158 2951 3282 2990 cum
3333 2951 3504 2991 uxore

1885 3042 1993 3096 qua
2042 3042 2073 3079 a
2110 3041 2171 3080 se
2232 3027 2390 3081 thoro
2446 3036 2841 3098 separaverat;
2878 3035 2933 3082 et
2978 3028 3326 3083 verissimum
3380 3044 3504 3083 esse

1884 3117 2033 3187 quod
2064 3117 2144 3171 ait
2173 3117 2538 3189 Hieronymus
2570 3119 2709 3174 libro
2741 3119 2920 3190 primo
2950 3120 3215 3174 adversus
3246 3120 3501 3176 Jovinia-

1884 3220 2047 3259 num:
2100 3227 2124 3252 α
2161 3205 2318 3262 Certe
2345 3206 2628 3262 conﬁteris
2661 3223 2769 3262 non
2804 3223 2968 3278 posse
2999 3223 3121 3262 esse
3153 3208 3501 3279 episcOpum,

1885 3297 1977 3368 qui
2010 3298 2065 3351 in
2086 3297 2410 3369 episcopatu
2434 3298 2577 3354 filios
2601 3298 2779 3364 faciat,
2812 3300 3027 3370 Alioqui
3056 3300 3103 3354 si
3120 3300 3504 3371 deprehensus

1885 3388 2069 3453 fuerit,
2112 3403 2223 3443 non
2262 3390 2419 3461 quasi
2466 3391 2547 3445 vir
2598 3390 2899 3458 tenebitur,
2956 3392 3053 3447 sed
3084 3391 3241 3465 quasi
3287 3391 3505 3447 adulter

1884 3479 2252 3535 damnabitur.
2297 3504 2320 3527 -

1953 3569 2008 3625 S.
2040 3571 2344 3638 Remigium
2371 3573 2505 3639 petit
2534 3574 2614 3627 ire
2652 3573 2993 3628 Laudunum.
3031 3572 3142 3628 Hoc
3172 3579 3257 3628 est
3288 3582 3347 3628 ut
3376 3573 3501 3640 iret,

1882 3680 1978 3719 seu
1997 3665 2229 3719 veniret.
2252 3666 2462 3720 Clarius
2477 3666 2800 3722 llincmarus
2822 3685 2835 3721 :
2858 3692 2881 3714 «ι
2904 3667 2983 3721 Ad
3007 3675 3280 3735 sanctum,
3301 3668 3501 3739 inquit,

1884 3755 2192 3829 Remigium
2219 3758 2393 3821 misit,
2427 3765 2622 3828 petens
2648 3765 2708 3813 ut
2738 3758 3060 3813 Laudunum
3088 3759 3318 3814 veniret.
3364 3779 3394 3809 η

1954 3847 2100 3901 Obiit
2113 3849 2289 3914 igitur
2305 3848 2656 3903 Genebaudus
2686 3850 2745 3902 in
2756 3863 2909 3916 pace,
2939 3851 3141 3902 sanctis
3166 3850 3260 3903 Dei
3289 3864 3499 3902 connu-

1880 3942 2143 3993 meratus.
2182 3939 2361 4011 Agunt
2382 3939 2450 3993 de
2474 3953 2543 3994 eo
2582 3939 2792 3993 additio
2825 3938 3171 3994 Coloniensis
3200 3940 3269 3993 ad
3302 3939 3501 3995 Usuar—

1879 4026 2030 4086 dum.
2066 4034 2122 4081 et
2150 4026 2396 4081 Molanus
2427 4027 2623 4098 quinto
2651 4026 3013 4096 Septembris,
3048 4027 3118 4081 de
3156 4043 3287 4098 quo,
3318 4028 3502 4097 inquit

1877 4117 2088 4172 additio
2131 4117 2497 4180 Coloniensis,
2547 4119 2601 4172 in
2657 4118 2827 4193 gestis
2866 4119 2920 4173 S.
2978 4119 3215 4191 Remigii
3278 4119 3498 4191 legitur.

1879 4209 2230 4281 Qutecunque
2252 4210 2399 4264 enim
2418 4211 2509 4266 hic
2530 4210 2600 4265 dc
2624 4226 2690 4265 eo
2716 4219 2843 4266 sunt
2862 4217 3291 4266 commemorata
3324 4211 3501 4267 fusius

1876 4298 2113 4369 explicat
2140 4299 2459 4354 Rincmarus
2488 4298 2544 4353 in
2574 4300 2692 4354 vita
2745 4301 2798 4354 S.
2830 4300 3083 4372 Remigii.
3147 4301 3339 4355 Petrus
3368 4316 3500 4356 vero

1879 4388 2165 4459 Equilinus
2203 4389 2272 4443 de
2330 4389 2549 4456 eodem,
2598 4397 2652 4445 et
2690 4389 2806 4446 ﬁlio
2838 4391 2958 4460 ejus
3014 4391 3066 4445 S.
3109 4391 3341 4446 Latrone
3389 4391 3501 4463 agit

1883 4475 1977 4531 lib.
2018 4494 2053 4539 ι,
2087 4492 2117 4531 c
2172 4477 2260 4531 14.

195 4538 301 4595 dum
347 4562 541 4605 nomen
574 4552 838 4610 Ludovici
870 4555 930 4610 in
969 4557 1248 4626 Clodovei,
1299 4567 1359 4614 ut
1412 4560 1467 4614 iu
1506 4562 1539 4615 8
1574 4561 1773 4617 factum
1799 4546 1855 4613 Ι)
1944 4566 2183 4631 Quarum
2212 4580 2393 4619 rerum
2421 4570 2544 4620 sunt
2572 4568 2816 4621 Juliacus
2854 4574 2903 4622 et
2947 4568 3261 4624 Codiciacus
3291 4573 3494 4639 capita.

191 4640 320 4691 estet
350 4638 394 4704 J,
419 4642 521 4697 etsi
554 4643 705 4699 idem
733 4661 936 4701 nomen
964 4664 1089 4704 esse
1122 4666 1233 4706 non
1263 4652 1336 4707 sit
1363 4653 1699 4727 negandum.

765 4734 973 4791 CAPUT
1036 4738 1167 4802 XIV,

243 4811 349 4869 Non
367 4819 656 4887 modicum,
676 4838 881 4879 necnon
904 4828 1225 4882 earumdem
1235 4833 1445 4897 partem
1458 4846 1665 4897 rerum,
1692 4847 1777 4887 ec-

190 4897 334 4990 clesiae
356 4913 552 4964 sanctas
574 4912 767 4968 Maria
780 4915 1038 4969 Lauduni
1064 4917 1294 4983 Clavati,
1314 4921 1587 4975 Bernensis
1607 4936 1777 4990 paro-

190 4988 300 5048 chia’
311 5003 492 5066 castri,
517 5004 618 5057 ubi
637 5008 879 5061 nutritus
901 5010 1107 5075 fuerat,
1126 5010 1383 5065 tradidit.
1407 4988 1627 5067 Scilicet
1647 5028 1777 5068 san-

189 5089 288 5138 ctus
299 5086 597 5166 Remigius.
618 5094 747 5150 Cum
765 5098 912 5153 enim
932 5108 1170 5156 castrum
1191 5102 1437 5158 Lauduni
1462 5103 1688 5172 Clavati,
1717 5113 1776 5160 et

188 5176 445 5237 comitatus
465 5183 848 5244 Laudunensis
871 5192 1296 5261 pertinerentad
1324 5195 1642 5265 parochiam
1674 5213 1774 5252 seu

188 5266 433 5330 dimcesim
468 5278 821 5349 Remensem,
852 5285 972 5356 ipse
999 5287 1056 5341 Β.
1091 5288 1377 5363 Remigius
1412 5305 1616 5345 novum
1648 5293 1772 5363 epi-

187 5371 439 5431 scopatum
465 5369 713 5446 Lugdum
742 5377 937 5442 erexit,
966 5384 1026 5433 ut
1056 5386 1166 5433 tum
1197 5395 1265 5434 ex
1294 5382 1401 5437 hoc
1428 5382 1630 5453 capite,
1655 5392 1770 5438 tum

185 5462 238 5501 ex
286 5453 565 5528 Sigeberto
607 5472 754 5533 patet
791 5467 850 5523 in
888 5467 1177 5527 Chronico.
1237 5471 1325 5528 Sic
1378 5474 1527 5528 enim
1584 5474 1662 5529 ait
1700 5476 1768 5530 ad

184 5550 361 5637 annum
416 5547 635 5605 Domini
686 5552 838 5610 50οε
897 5574 926 5607 ι
985 5556 1205 5614 Collatia
1242 5575 1274 5613 a
1313 5560 1591 5618 Clodoveo
1638 5578 1767 5637 rege

184 5632 343 5689 multis
383 5641 610 5708 praediis
636 5646 883 5702 ecclesiae
924 5648 1206 5718 Remensi,
1238 5651 1544 5726 Remigius,
1595 5632 1768 5710 multa

183 5730 346 5778 eorum
375 5736 529 5797 parte
555 5731 682 5790 data
712 5735 966 5794 Ecclesia:
1005 5738 1380 5810 Laudunensi,
1423 5743 1615 5799 sedem
1643 5744 1766 5815 epi-

1879 4656 1956 4710 lta
1984 4664 2302 4714 constanter
2329 4662 2515 4716 omnia
2546 4669 2732 4717 nostra
2761 4663 2953 4736 legunt
2986 4662 3347 4733 exemplaria,
3383 4672 3496 4717 tum

1877 4749 1982 4804 hoc
2035 4750 2177 4817 loco,
2238 4758 2349 4806 tum
2402 4753 2588 4808 multis
2629 4753 2791 4821 infra,
2863 4762 2918 4809 et
2968 4755 3292 4809 Hincmarus
3330 4770 3495 4809 manu

1876 4841 2132 4912 scriptus.
2159 4842 2505 4916 Quapropter
2526 4846 2673 4917 quod
2696 4846 2843 4916 apud
2875 4845 3097 4901 Surium
3124 4846 3175 4900 iu
3202 4845 3496 4901 llincmaro

1874 4931 2020 5001 typis
2046 4946 2246 4988 excuso
2294 4933 2516 5009 legitur,
2565 4937 2826 4991 Iudaicus
2863 4941 2913 4991 et
2945 4938 3235 5003 Ociliacus,
3275 4950 3339 4990 ex
3390 4935 3496 4990 hoc

1878 5029 2103 5078 auctore
2133 5030 2321 5080 nostro
2350 5025 2738 5096 corrigendum
2770 5034 2873 5080 est.

2518 5117 2725 5173 CAPUT
2744 5117 2850 5172 XV.

1946 5205 2375 5261 Gondebaudum
2423 5212 2473 5263 et
2503 5209 2892 5276 Godegiselum.
2924 5210 3002 5264 lta
3045 5209 3218 5265 codex
3276 5211 3488 5283 Remig.

1872 5299 2230 5356 conformiter
2258 5300 2520 5376 Gregorio
2570 5302 2898 5371 Turonensi,
2934 5304 3030 5358 lib.
3080 5321 3117 5359 ιι
3152 5304 3285 5361 Hist.
3319 5306 3491 5361 Frau-

1871 5403 2082 5455 corum,
2115 5406 2161 5445 c.
2207 5390 2276 5445 32
2306 5400 2363 5445 et
2414 5393 2794 5463 sequentibus.
2828 5403 2885 5449 et
2932 5394 3186 5450 Aimoino
3220 5394 3318 5449 lib.
3356 5412 3371 5448 ι
3416 5396 3487 5451 De

1869 5479 2038 5551 gestis
2076 5478 2428 5545 Francorum,
2460 5495 2509 5534 c.
2544 5481 2612 5535 19
2642 5498 2655 5536 :
2687 5482 2891 5553 quibus
2919 5482 3058 5538 locis
3085 5483 3277 5538 eadem
3312 5483 3485 5538 histo-

1871 5565 1951 5620 ria
1977 5567 2330 5634 describitur,
2365 5576 2419 5623 et
2447 5568 2648 5642 legitur
2692 5571 3050 5638 Godegisitus,
3082 5571 3360 5642 quomodo
3393 5570 3484 5624 hic

1868 5658 1999 5732 legit
2024 5659 2074 5714 J.
2110 5659 2203 5714 Cui
2234 5661 2445 5716 accedit
2474 5662 2620 5732 quod
2662 5662 2715 5716 in
2746 5663 3036 5719 llincmaro
3062 5664 3207 5734 apud
3257 5663 3479 5718 Surium

1865 5747 2067 5820 legitur
2095 5749 2484 5819 Godeglissum.
2510 5751 2629 5808 Alia
2658 5762 2846 5809 nostra
2874 5750 3210 5824 exemplaria
3239 5750 3477 5820 Godige-
