4012 6164
458 290 561 346 317

1294 289 1682 345 COLVENERII
1722 289 1995 344 SCHOLIA
2035 288 2102 342 IN
2144 289 2306 343 IlIST.
2353 288 2634 342 REMENS.
2678 287 2933 342 ECCLES.

3674 286 3777 341 348

453 421 619 474 selum
670 418 941 492 legebant.
978 416 1102 471 Erat
1140 423 1324 471 autem
1355 417 1768 472 Gondebaudus
1796 418 1921 483 istc,
1950 418 2055 481 vel,
2090 420 2140 487 Α
2166 416 2362 471 Verum
2396 416 2482 470 his
2511 416 2833 471 adversatur
2861 415 3012 487 quod
3044 414 3201 470 initio
3222 413 3385 482 hujus
3413 413 3613 485 capitis
3641 412 3782 467 dici-

452 513 591 566 utin
625 512 910 565 Hincmaro
941 520 995 565 et
1024 512 1297 576 Aimoino,
1337 512 1745 578 Gundebaldus,
1779 514 1831 567 in
1864 513 2063 585 Grego-

453 602 531 657 rio
589 590 1000 667 Gundobaldus,
1060 618 1154 656 rex
1224 603 1696 673 Burgundionum,
1764 604 1859 674 qui
1924 612 2063 657 teste

453 693 647 747 eodem
675 692 937 764 Gregorio
958 693 1153 746 limresi
1177 693 1373 747 Ariana
1394 692 1581 749 infecti
1606 702 1780 749 erant.
1811 694 2064 748 Masszeus

453 786 609 843 initio
639 788 736 843 lib.
769 805 842 842 xu
873 789 1050 843 Chron
1103 789 1294 844 scribit
1320 790 1740 846 Gundebaldum
1760 796 1809 845 et
1848 790 2065 847 Gunde-

449 878 693 944 gisilum.

527 969 800 1022 Venerunt
836 983 995 1037 super
1038 970 1294 1025 Oscarum
1318 972 1562 1037 ﬂuvium,
1615 985 1761 1025 secus
1788 971 2065 1023 Divionem

450 1060 706 1125 caslrum,
740 1066 869 1125 etc.,
911 1064 961 1113 et
989 1063 1047 1115 in
1077 1063 1345 1116 Avinione
1374 1067 1548 1116 castro
1577 1078 1629 1116 se
1669 1063 2062 1118 Gondebaudus

451 1152 786 1207 concludens.
834 1154 892 1206 lu
933 1153 1219 1209 Hincmaro
1250 1156 1561 1221 Oscharam,
1610 1155 1885 1225 quomodo
1926 1154 2064 1208 scri—

453 1243 535 1300 bit
566 1245 619 1299 S.
654 1244 846 1299 Omnia
875 1252 1054 1300 autem
1089 1247 1441 1316 exemplaria.
1475 1254 1673 1317 praeter
1708 1246 1755 1301 .I.
1802 1247 2064 1300 Anionem

453 1334 753 1404 habebant,
783 1337 879 1390 sed
925 1337 1246 1392 Avinionem
1288 1339 1608 1409 scripsimus
1654 1354 1719 1392 ex
1774 1338 2062 1393 Hincmaro

453 1433 508 1482 et
550 1427 830 1501 Gregorio,
864 1429 958 1499 qui
1003 1445 1129 1483 eum
1175 1431 1478 1485 Avcuiuem
1510 1430 1703 1485 urbem
1752 1430 2060 1503 ingressum

452 1534 576 1574 esse
598 1520 747 1575 dicit.
782 1520 1049 1576 Similiter
1076 1531 1129 1576 et
1160 1522 1413 1578 Massmus
1443 1524 1761 1578 Aeinionem
1795 1522 2061 1577 nominat.

452 1608 706 1664 Nicolaus
736 1609 1021 1664 Chesneau
1051 1610 1215 1665 vertit
1244 1613 1515 1679 Avignon.

520 1699 591 1751 Et
610 1698 835 1766 synodo,
857 1715 952 1767 per
978 1703 1151 1753 sancti
1169 1702 1486 1768 patronisui
1506 1701 1736 1767 Remigii
1755 1701 2062 1762 consilium,

450 1790 510 1843 in
538 1790 675 1843 urbe
699 1792 1085 1846 Aurelianensi
1101 1793 1309 1846 habita.
1361 1792 1483 1845 Ilaec
1512 1798 1594 1845 est
1622 1791 1797 1863 prima
1820 1793 2064 1863 synodus

448 1875 895 1932 Aurelianensis:
928 1886 1105 1933 exstat
1133 1887 1263 1933 tom.
1308 1879 1350 1932 ll
1381 1878 1583 1934 Concil.
1638 1880 1764 1934 Eam
1796 1882 1911 1934 vult
1955 1881 2062 1933 Ba-

453 1985 572 2025 ron.
607 1970 852 2026 habitam
884 1988 1028 2027 anno
1058 1973 1161 2026 507
1188 1990 1201 2037 ;
1244 1973 1583 2045 Sigebertus,
1612 1972 1891 2038 Massaeus,
1925 1973 2069 2027 Onu-

454 2058 648 2128 phrius
697 2068 751 2114 et
784 2061 897 2124 alii,
950 2077 1094 2115 anno
1123 2063 1247 2115 512.
1305 2064 1453 2116 Inter
1476 2070 1705 2117 caeteros
1763 2062 2063 2133 subscripti

452 2150 709 2222 leguntur
733 2151 789 2206 S.
826 2152 1108 2208 Gildaldus
1148 2153 1612 2228 Rothomagensis
1661 2153 1976 2224 episcopus,
2012 2161 2067 2207 et

454 2244 510 2297 8.
542 2244 729 2315 Lupus
759 2246 1192 2302 Suessionensis.

526 2338 833 2407 Tunicaque
862 2338 1081 2392 blattea.
1116 2338 1204 2393 Sic
1239 2339 1281 2392 Μ
1311 2340 1336 2394 J
1377 2346 1433 2395 et
1463 2340 1787 2393 Hincmarus
1816 2355 2061 2393 manusc.

452 2446 685 2485 excusus
705 2431 849 2501 apud
882 2432 1122 2498 Surium,
1144 2433 1240 2503 qui
1274 2434 1330 2487 in
1358 2434 1608 2506 margine
1636 2449 1856 2505 quoque
1888 2434 2065 2488 adno-

453 2519 621 2573 tavit:
671 2540 695 2570 ι(
727 2520 949 2574 Blattam
992 2537 1091 2591 pro
1122 2539 1364 2592 purpura
1398 2523 1551 2590 ponit
1591 2523 1872 2577 Sidonius.
1922 2548 1943 2569 ιι
1980 2523 2070 2577 Sic

453 2620 507 2666 et
531 2612 871 2686 Sigebertus,
905 2630 970 2668 ex
1004 2631 1131 2668 mss.
1159 2615 1493 2669 codicibusa
1523 2616 1640 2669 viro
1668 2616 1892 2670 doctiss.
1933 2618 2070 2670 Aut-

456 2701 613 2756 berto
645 2702 824 2757 Miraro
871 2702 1071 2767 editus,
1106 2703 1205 2758 etsi
1263 2703 1462 2757 Gallica
1503 2706 1839 2775 exemplaria
1885 2705 2071 2779 legant

457 2790 734 2856 blacteam,
753 2791 1074 2845 Germanica
1102 2794 1402 2858 Bractcam,
1430 2793 1465 2845 C
1510 2795 1705 2862 baltea,
1730 2794 1785 2847 8.
1816 2795 2066 2849 blattrea.

454 2882 653 2936 Verum
680 2898 711 2937 a
764 2884 941 2954 prima
970 2884 1209 2940 lectione
1255 2902 1365 2941 non
1398 2893 1482 2940 est
1513 2886 1904 2940 recedendum.
1939 2887 2071 2939 Nam

456 2979 511 3024 et
538 2970 805 3026 blatteum
849 2988 945 3042 pro
978 2989 1255 3044 purpureo
1286 2985 1558 3045 usurpant
1590 2975 1902 3046 EutrOpius,
1948 2975 2073 3030 Cas-

454 3060 712 3116 siodorus
735 3070 789 3115 et
817 3062 931 3115 alii.
994 3063 1145 3117 Adde
1185 3064 1332 3134 quod
1373 3067 1614 3118 tunicam
1655 3065 1908 3118 blatteum
1939 3065 2072 3137 legit

456 3153 677 3225 Gregor.
698 3153 1054 3220 Turonensis,
1086 3155 1181 3209 lib.
1206 3173 1259 3209 ιι.
1296 3156 1429 3209 Ilist.
1458 3156 1808 3218 Francorum,
1831 3173 1948 3226 cap.
1982 3158 2067 3214 38.

456 3243 610 3308 Quod
641 3252 822 3297 autem
851 3245 941 3299 hic
966 3245 1168 3299 dicitur
1193 3245 1389 3299 iisdem
1416 3262 1560 3315 pene
1586 3247 1766 3301 verbis
1799 3246 1961 3301 habet
1984 3248 2073 3302 Si-

455 3335 717 3407 gebertus
760 3336 827 3390 ad
858 3353 1062 3390 annum
1099 3338 1223 3401 510,
1260 3339 1331 3392 ita
1373 3339 1650 3393 scribens:
1698 3364 1722 3386 α
1766 3338 2070 3395 Clodoveus

455 3445 549 3483 rex
571 3429 640 3483 ab
662 3430 946 3486 Anastasio
973 3431 1327 3503 imperatore,
1351 3433 1636 3489 codicillos
1662 3435 1729 3487 de
1752 3434 2062 3500 consulatu,

454 3525 509 3571 et
538 3533 798 3574 coronam
838 3535 1061 3574 auream
1092 3536 1217 3574 cum
1257 3522 1511 3594 gemmis,
1541 3529 1596 3576 et
1626 3523 1866 3576 tunicam
1920 3523 2066 3577 blat-

452 3618 594 3664 team
630 3611 863 3682 accepit,
919 3619 974 3666 et
1002 3628 1067 3667 ex
1116 3628 1180 3667 ea
1207 3613 1297 3668 die
1346 3614 1539 3668 consul
1572 3621 1626 3668 et
1657 3615 1931 3687 Augustus
1984 3626 2067 3671 est

452 3704 781 3774 appellatus.
812 3706 932 3776 Ipse
983 3721 1114 3762 vero
1142 3723 1233 3760 rex
1265 3706 1413 3761 misit
1468 3707 1693 3761 Romam
1717 3708 1771 3763 S.
1798 3709 1955 3763 Petro
1981 3725 2064 3763 co-

456 3808 646 3848 ronam
677 3810 900 3849 auream
932 3811 1056 3850 cum
1087 3796 1340 3870 gemmis,
1383 3811 1507 3867 quae
1539 3812 1767 3867 regnum
1802 3798 2068 3869 appellari

455 3885 614 3940 solet.
670 3905 695 3935 u
752 3885 995 3941 Pertinet
1023 3887 1092 3941 ad
1132 3887 1382 3954 ejusdem
1423 3887 1501 3941 rei
1542 3888 1828 3942 clariorem
1865 3890 2071 3944 intelli-

455 3975 699 4044 gentiam
721 3976 868 4047 quod
897 3976 970 4030 ait
1001 3975 1250 4046 Papirius
1276 3977 1558 4031 Massonus
1582 3977 1724 4031 libro
1756 3977 1931 4047 primo
1963 3980 2073 4031 An-

458 4068 567 4121 nal.
605 4067 958 4131 Francorum,
1022 4067 1108 4121 his
1145 4068 1370 4122 verbis:
1436 4090 1458 4118 α
1526 4070 1842 4125 Anastasius
1898 4072 2072 4127 Caesar

461 4160 715 4215 Glodovei
748 4175 957 4214 nomen
1009 4174 1204 4230 resque
1248 4166 1428 4231 gestas
1458 4161 1706 4225 miratus,
1753 4162 1965 4233 legatos
2006 4164 2073 4218 ad

458 4267 584 4306 eum
636 4253 690 4306 in
724 4252 978 4306 Celticam
1021 4251 1169 4305 misit
1208 4268 1271 4305 ex
1312 4251 1540 4318 Griecia,
1584 4253 1946 4308 honoraturos
1976 4270 2072 4308 re-

457 4359 582 4416 gem
613 4343 948 4398 Francorum
972 4342 1187 4414 patricii
1220 4343 1489 4417 dignitate
1530 4361 1558 4398 a
1592 4344 1875 4400 consulatu
1908 4346 2074 4422 longe

458 4435 696 4503 diversa,
728 4435 820 4490 illa
846 4436 992 4490 enim
1026 4446 1314 4507 perpetua,
1351 4437 1467 4492 haec
1496 4438 1752 4492 annualis
1784 4460 1802 4486 ο
1845 4439 1934 4494 Sic
1957 4439 2068 4494 ille.

531 4531 747 4584 Litteris
775 4531 888 4583 suis
944 4530 1015 4584 ad
1054 4531 1207 4584 illum
1236 4531 1471 4585 directis.
1526 4531 1739 4586 Littera:
1773 4531 2071 4587 llormisdie

458 4634 632 4688 papae,
667 4617 869 4689 quibus
896 4617 1047 4673 vices
1075 4634 1200 4673 suas
1232 4620 1291 4674 B.
1326 4619 1575 4692 Remigio
1609 4620 1855 4695 inaregno
1887 4622 2070 4676 Ludo-

458 4706 562 4760 vici
618 4705 912 4769 commisit,
972 4716 1188 4761 exstant
1239 4714 1389 4763 tomo
1437 4709 1682 4763 secundo
1734 4710 1963 4774 Concil,,
2016 4716 2070 4764 et

457 4798 602 4868 apud
643 4798 886 4865 Surium,
919 4806 1065 4855 tomo
1084 4799 1284 4870 primo,
1316 4801 1523 4869 ianita
1554 4801 1727 4871 ipsius
1749 4803 1803 4855 B.
1833 4802 2066 4873 Remigii

460 4907 560 4963 per
598 4891 948 4947 Hiucmarum
980 4894 1320 4963 conscripta.

1072 4980 1277 5037 CAPUT
1318 4983 1447 5037 XVI.

529 5071 737 5127 Nomen
782 5072 979 5143 synodi
1012 5072 1067 5126 in
1108 5089 1217 5144 qua
1267 5072 1320 5126 8.
1358 5071 1637 5145 Remigius
1659 5072 1931 5127 convertit
1953 5073 2068 5125 hie-

459 5159 712 5226 relicum,
736 5177 1006 5231 nusquam
1027 5160 1269 5217 invenio.
1296 5161 1491 5214 Baron.
1515 5169 1646 5215 tom.
1668 5161 1750 5215 Vl.
1774 5177 1920 5216 anno
1942 5160 2066 5227 5M,

460 5246 535 5302 ait
586 5247 755 5303 fuisse
785 5249 1054 5319 synodum
1088 5249 1276 5303 Remis
1329 5256 1574 5304 coactam
1605 5249 1675 5303 ab
1704 5249 1823 5321 ipso
1871 5249 1925 5304 S.
1961 5249 2069 5305 Re-

460 5342 630 5417 migio
651 5349 776 5415 post
792 5351 1045 5413 acceptas
1063 5342 1273 5397 litteras
1294 5342 1363 5396 ab
1382 5342 1667 5398 Hormisda
1686 5359 1845 5414 papa,
1865 5343 2070 5415 quibus

460 5432 658 5487 eisuas
681 5431 833 5486 vices
858 5430 1153 5496 commisit,
1186 5447 1350 5502 quem
1379 5441 1439 5485 ut
1462 5431 1515 5485 in
1548 5432 1761 5487 caeteris
1790 5433 2069 5499 omnibus,

456 5522 711 5593 sequitur
739 5522 1034 5575 Severinus
1066 5521 1252 5576 Binius
1292 5531 1425 5578 tom.
1486 5523 1551 5587 ll,
1599 5523 1828 5591 Concil,
1862 5540 2075 5596 ponens

460 5613 597 5669 illud
624 5613 963 5670 celebratum
989 5630 1134 5671 anno
1180 5615 1292 5683 jam
1326 5616 1493 5682 dicto,
1527 5616 1630 5670 sub
1663 5616 1968 5684 Hormisda,
2018 5618 2074 5672 in

462 5721 627 5761 causa
657 5707 1047 5763 ecclesiasticas
1076 5707 1380 5778 disciplinae
1411 5708 1467 5763 in
1493 5708 1663 5764 Gallia
1696 5708 2075 5765 reformandze.

2169 515 2291 561 tur:
2339 507 2603 561 Praesules
2633 506 2816 559 Galliae
2841 505 3088 575 petiisse,
3123 513 3182 559 ut
3212 505 3249 557 Β
3308 503 3591 576 Remigius
3620 503 3689 557 ad
3723 502 3782 557 il-

2164 597 2256 651 lud
2287 597 2582 652 concilium
2614 597 2843 651 veniret.
2874 596 3026 661 Quod
3056 596 3202 650 idem
3232 594 3400 649 habet
3431 593 3780 656 Hincmarus,

2165 694 2219 741 et
2246 695 2475 758 uterque
2503 686 2635 740 dicit
2667 686 2725 740 in
2757 702 2923 740 causa
2954 685 3081 739 ﬁdei
3116 683 3454 738 celebratum
3489 698 3635 748 esse,
3668 697 3780 735 non

2166 785 2374 834 tantum
2406 779 2475 833 ab
2507 778 2785 849 episcOpis
2828 777 3034 837 Gallina.
3068 776 3164 829 sed
3196 784 3251 830 et
3280 774 3514 849 Belgicae
3558 774 3786 845 provin-

2163 871 2396 937 ciarum,
2435 878 2495 924 ut
2527 870 2731 923 diserte
2773 870 2970 924 asserit
3018 868 3357 922 llincmarus.
3415 866 3606 937 Neque
3640 866 3788 920 hanc

2163 961 2456 1029 synodum,
2485 968 2544 1013 ut
2568 959 2635 1012 ad
2666 975 2752 1013 me
2782 958 3009 1029 scripsit
3036 974 3203 1028 supra
3230 957 3427 1012 citatus
3456 954 3788 1010 Guillelmus

2164 1053 2214 1106 le
2249 1053 2450 1126 Begue,
2505 1051 2809 1104 Remeuses
2837 1056 3164 1123 agnoscunt.
3198 1049 3374 1114 Quare
3415 1048 3699 1102 existimat
3730 1045 3786 1099 id

2163 1140 2362 1194 factum
2408 1140 2462 1193 in
2496 1139 2761 1210 praedicta
2792 1138 3006 1209 synodo
3048 1136 3448 1191 Aurelianensi.
3482 1136 3684 1190 Verum
3730 1133 3784 1187 id

2166 1226 2451 1281 manifeste
2497 1227 2822 1281 adversatur
2874 1226 3160 1280 Hincmaro
3188 1233 3241 1280 et
3298 1224 3624 1288 Flodoardo,
3688 1223 3783 1293 qui

2164 1316 2301 1371 duas
2331 1316 2573 1387 synodos
2603 1324 2657 1371 et
2689 1317 2830 1370 hanc
2859 1333 2889 1370 a
2925 1316 3106 1386 priore
3147 1315 3417 1369 diversam
3471 1320 3783 1367 recensent.

2771 1430 2978 1486 CAPUT
3018 1430 3172 1484 XVII.

2236 1521 2470 1588 Semper.
2495 1522 2772 1590 inquiens,
2805 1524 2881 1573 est
2913 1520 3077 1573 bonus
3099 1521 3272 1585 focus,
3299 1520 3349 1571 si
3376 1533 3483 1571 non
3508 1532 3677 1586 super
3702 1531 3794 1585 po-

2165 1617 2282 1666 test.
2338 1614 2414 1665 lta
2457 1612 2643 1665 omnia
2690 1611 3028 1680 exemplaria
3080 1622 3131 1664 et
3185 1610 3524 1663 llincmarus.
3581 1609 3794 1663 Sensus

2093 1738 2140 1806 Β
2167 1722 2285 1761 esse
2341 1706 2595 1760 videtur:
2641 1707 2696 1761 Si
2730 1705 2869 1760 nihil
2912 1706 3147 1775 amplius
3199 1704 3388 1759 haberi
3435 1711 3636 1774 potest.
3671 1703 3792 1767 Quo

2164 1799 2291 1853 facit
2328 1799 2473 1870 quod
2505 1799 2562 1852 in
2593 1799 2882 1853 Rincmaro
2908 1797 3189 1867 praecedit,
3223 1798 3279 1850 Β.
3326 1795 3641 1867 Remigium
3674 1795 3793 1848 haec

2165 1888 2463 1959 tranquillo
2495 1887 2659 1941 corde
2689 1894 2742 1941 et
2774 1902 2868 1941 ore
2902 1886 3123 1939 dixisse.
3172 1886 3230 1938 In
3272 1884 3477 1938 Gallico
3507 1883 3744 1937 vertitur
3776 1899 3791 1934 :

2165 1975 2220 2029 Si
2250 1993 2358 2030 non
2383 1976 2620 2041 excedit,
2649 1983 2702 2029 et
2731 1991 2840 2028 non
2875 1975 3038 2028 nimis
3068 1982 3263 2045 potens
3293 1980 3389 2026 est.

2244 2071 2365 2124 Viri
2390 2069 2680 2138 ponderosi
2702 2071 2857 2136 ﬁant,
2889 2072 2938 2121 et
2964 2068 3182 2133 feminae
3212 2065 3450 2133 gutturis
3474 2063 3798 2116 calamitate

2160 2165 2487 2233 plectantur.
2539 2162 2633 2216 Hic.
2684 2162 3071 2231 ponderositas
3101 2160 3295 2214 vitium
3316 2168 3397 2212 est
3434 2156 3794 2229 genitalium,

2165 2254 2312 2324 quod
2344 2253 2506 2324 quale
2524 2254 2593 2307 sit
2622 2252 2859 2323 explicat
2891 2251 2945 2306 8.
2977 2253 3165 2325 Greg,
3196 2268 3211 2304 ι
3244 2258 3387 2320 part.
3423 2248 3576 2303 Curae
3604 2255 3795 2318 pasto-

2167 2350 2315 2413 ralis,
2345 2365 2466 2418 cap.
2511 2348 2612 2402 ult.

2240 2438 2507 2502 Quoniam
2530 2436 2913 2489 vicedominum
2944 2434 3192 2488 Ecclesia:
3218 2432 3490 2487 Remensis
3519 2435 3579 2484 in
3610 2431 3797 2484 eadem

2169 2530 2303 2582 villa
2355 2533 2632 2582 necarunt.
2671 2526 2953 2591 Quodnam
2996 2524 3164 2578 fuerit
3210 2522 3338 2578 olim
3388 2523 3489 2576 hoc
3519 2521 3796 2585 ofﬁcium,

2170 2617 2458 2671 vidcantur
2502 2632 2743 2671 canones
2797 2614 2945 2685 apud
2975 2614 3114 2667 Grat.
3151 2611 3278 2666 dist.
3322 2612 3411 2675 89,
3468 2626 3590 2680 cap.
3630 2612 3798 2664 Volu-

2174 2726 2293 2763 mus
2342 2717 2395 2763 et
2435 2708 2815 2779 sequentibus.
2868 2706 2939 2759 Ex
2968 2721 3076 2776 quo
3112 2704 3254 2767 loco,
3297 2713 3349 2757 et
3382 2702 3520 2755 infra
3575 2718 3640 2755 ex
3678 2702 3798 2756 Flo-

2173 2800 2402 2865 doardo,
2437 2800 2579 2853 ltbro
2610 2798 2878 2861 secundo,
2909 2796 3135 2868 cap.13.
3158 2802 3367 2849 constat
3389 2793 3798 2859 cadcmfuisse,

2171 2889 2567 2943 viuidominum
2601 2896 2655 2943 et
2697 2902 3044 2942 oeconomum
3084 2885 3347 2939 ecclesiae.
3378 2883 3584 2936 Eodem
3623 2882 3796 2936 modo

2102 3005 2149 3067 ρ
2173 2982 2397 3051 exponit
2443 2980 2758 3051 Omiphrius
2807 2979 2861 3033 in
2920 2976 3375 3048 interpretatione
3433 2990 3629 3029 vocum
3694 2989 3793 3027 ec-

2171 3071 2620 3125 clesiasticarum.
2680 3068 2880 3123 Gallice
2928 3066 3162 3121 vertitur
3201 3065 3416 3119 virlame
3481 3064 3547 3116 de
3590 3065 3792 3117 Reims.

2170 3165 2299 3218 Nam
2358 3164 2557 3217 Gallice
2598 3163 2753 3215 dame
2805 3160 2935 3215 olim
2992 3158 3365 3227 usurpabatur
3403 3171 3609 3230 genere
3676 3171 3796 3208 ma-

2169 3253 2385 3307 sculino
2409 3269 2505 3322 pro
2530 3251 2775 3314 domino,
2801 3258 2857 3304 ut
2890 3247 3086 3319 probat
3114 3246 3478 3300 Sebastianus
3510 3243 3796 3298 Roulliard

2172 3342 2226 3395 in
2269 3358 2366 3395 sua
2410 3339 2718 3393 Parthemia
2751 3337 3087 3400 Carnotensi,
3140 3352 3257 3405 cap.
3295 3337 3382 3400 17,
3413 3333 3509 3389 ubi
3540 3333 3650 3386 late
3684 3333 3797 3406 agit

2169 3429 2611 3485 dcvicedominis
2639 3426 2894 3480 Ecclesim
2922 3424 3287 3490 Carnotensis,
3309 3422 3597 3476 declarans
3617 3423 3798 3492 quod-

2167 3540 2289 3577 nam
2314 3529 2368 3575 et
2388 3520 2549 3592 quale
2579 3518 2744 3574 fuerit
2772 3533 2959 3572 eorum
2992 3515 3256 3571 officium.

2240 3612 2598 3669 Cum‘dederit
2625 3611 2831 3663 dilectis
2852 3610 2964 3662 suis
2987 3622 3257 3671 somnum,
3285 3608 3391 3660 haec
3405 3610 3483 3659 est
3505 3606 3796 3659 hmrcditas

2168 3708 2400 3761 Domini.
2447 3705 2524 3757 Ita
2581 3701 2903 3755 Psalterium
2964 3700 3268 3754 Romanum
3321 3697 3471 3770 legit.
3537 3696 3791 3751 Nostrum

2168 3798 2400 3871 vulgatze
2445 3794 2728 3859 editionis,
2780 3793 2929 3864 quod
2983 3789 3266 3846 consensit
3317 3804 3441 3843 cum
3491 3787 3792 3851 Gallicana,

2170 3889 2335 3959 paulo
2359 3887 2539 3941 aliter.

2241 3978 2311 4032 Et
2339 3976 2543 4030 nullius
2569 3975 2854 4045 propalati
2879 3988 3074 4042 corpus
3094 3972 3415 4025 servabatur
3434 3972 3490 4021 in
3516 3984 3577 4021 ea
3597 3971 3792 4027 sancti.

2170 4074 2678 4144 circumiacentibus
2728 4078 2905 4126 tamen
2943 4073 3125 4135 atriis,
3163 4070 3393 4123 ecclesiae
3440 4069 3799 4121 caemetcrium

2174 4170 2452 4236 ferebatur
2497 4184 2563 4221 ea:
2616 4169 2841 4235 antiquo
2898 4166 3187 4220 Remensis.
3252 4163 3339 4229 Si,
3396 4165 3650 4218 Rcmcnse
3683 4202 3695 4225 ,
3745 4167 3799 4214 et

2176 4268 2283 4315 tota
2341 4258 2620 4313 sententia
2671 4257 2870 4312 clarior
2912 4262 2998 4310 est
3054 4256 3107 4309 in
3174 4254 3484 4316 Hincmaro,
3527 4253 3595 4306 ad
3657 4253 3799 4305 hunc

2175 4349 2397 4403 modum
2431 4368 2443 4400 :
2478 4368 2503 4397 α
2534 4347 2640 4401 Sed
2676 4346 2888 4400 nullum
2920 4361 3119 4414 corpus
3150 4342 3415 4397 nominati
3447 4342 3625 4396 sancti
3656 4341 3706 4393 in
3733 4357 3799 4393 ea

2170 4440 2283 4508 jact
2297 4437 2412 4503 bat,
2441 4445 2496 4491 et
2545 4437 2599 4489 in
2630 4452 2738 4507 qua
2769 4434 2934 4505 eique
2976 4430 3499 4499 circumjacentibus
3530 4430 3700 4495 atriis,
3731 4445 3799 4482 ex

2174 4528 2402 4599 antiquo
2432 4534 2547 4582 erat
2592 4524 2968 4581 coemeterium
3026 4522 3316 4578 Remensis
3345 4521 3612 4577 ecclesiae.
3650 4542 3667 4568 ο
3731 4519 3797 4573 Ut

2169 4620 2318 4673 enim
2336 4619 2403 4673 ad
2423 4618 2724 4688 marginem
2744 4616 3029 4671 adnotavit
3060 4615 3113 4668 in
3138 4613 3340 4668 Gallica
3357 4612 3614 4668 versione
3636 4611 3797 4665 Nico-

2170 4711 2287 4766 laus
2305 4710 2610 4774 Chesneau,
2630 4709 2918 4781 antiquum
2942 4705 3319 4763 cmmeterium
3341 4705 3615 4759 Remense
3641 4710 3791 4757 extra

2169 4800 2363 4855 urbem
2400 4798 2521 4854 fuit.

2238 4887 2497 4943 Adeloldi
2534 4901 2743 4957 quoque
2771 4887 2856 4939 tui
2891 4886 3142 4939 miserere
3192 4883 3411 4951 famuli.
3449 4881 3547 4936 Hic
3583 4881 3798 4934 videtur

2167 4975 2248 5030 vel
2281 4982 2471 5030 auctor
2513 4972 2837 5028 monimenti
2871 4971 2949 5025 ibi
3002 4971 3189 5042 positi,
3220 4969 3306 5024 vel
3366 4969 3554 5041 potius
3599 4970 3791 5022 horum

2168 5071 2526 5141 rythmorum,
2562 5084 2700 5140 quos
2732 5084 2831 5138 per
2860 5067 3085 5121 modum
3107 5080 3365 5120 versuum
3381 5062 3605 5133 fexcudi
3634 5076 3794 5116 cura—

2168 5160 2366 5226 vimus,
2396 5160 2527 5231 quia
2557 5158 2683 5213 facti
2712 5164 2839 5211 sunt
2885 5156 3059 5210 instar
3089 5170 3373 5226 prosarum
3402 5152 3519 5207 sive
3549 5165 3794 5222 sequen-

2173 5252 2390 5316 tiarum,
2416 5266 2538 5321 qum
2566 5249 2695 5305 olim
2724 5249 3048 5319 frequenter
3079 5244 3462 5301 recitabantur
3482 5244 3553 5300 ad
3582 5257 3794 5297 sacrum

2171 5344 2354 5398 missae
2387 5340 2651 5397 officium.

2776 5432 2984 5488 CAPUT
3006 5431 3187 5487 XVIII.

2246 5524 2397 5579 Beati
2447 5523 2681 5598 Remigii
2724 5528 3113 5577 testamentum
3148 5518 3425 5573 Barnabas
3464 5516 3789 5579 Brissonius,

2176 5615 2276 5673 lib.
2308 5633 2381 5671 vti
2436 5615 2503 5669 de
2538 5615 2787 5670 formulis
2831 5623 2885 5668 et
2931 5612 3276 5668 solemnibus
3327 5610 3515 5681 populi
3558 5605 3787 5663 Romani

2178 5709 2366 5765 verbis
2387 5709 2603 5781 integre
2631 5707 2976 5778 transcripsit
3000 5724 3063 5762 ex
3107 5707 3212 5762 hoc
3235 5712 3424 5761 nostro
3458 5712 3693 5763 auctore,
3723 5706 3789 5751 et
