  <div class='ocr_page' id='page_1' title='image "/cluster/home/n/w/nwhite01/storage/ocr_20150623/135/hvd.32044054759956/180.png"; bbox 0 0 4010 6162; ppageno 0'>
   <div class='ocr_carea' id='block_1_1' title="bbox 227 386 310 440">
    <p class='ocr_par' dir='ltr' id='par_1_1' title="bbox 227 386 310 440">
     <span class='ocr_line' id='line_1_1' title="bbox 227 386 310 440; baseline 0 0"><span class='ocrx_word' id='word_1_1' title='bbox 227 386 310 440; x_wconf 73' lang='grc'>349</span> 
     </span>
    </p>
   </div>
   <div class='ocr_carea' id='block_1_2' title="bbox 1482 374 2161 431">
    <p class='ocr_par' dir='ltr' id='par_1_2' title="bbox 1482 374 2161 431">
     <span class='ocr_line' id='line_1_2' title="bbox 1482 374 2161 431; baseline 0 -1"><span class='ocrx_word' id='word_1_2' title='bbox 1482 376 1547 430; x_wconf 81' lang='lat' dir='ltr'>IN</span> <span class='ocrx_word' id='word_1_3' title='bbox 1589 374 1839 431; x_wconf 85' lang='lat' dir='ltr'>LIBRUM</span> <span class='ocrx_word' id='word_1_4' title='bbox 1880 375 2161 431; x_wconf 80' lang='lat' dir='ltr'>PRIMUM.</span> 
     </span>
    </p>
   </div>
   <div class='ocr_carea' id='block_1_3' title="bbox 3373 373 3480 433">
    <p class='ocr_par' dir='ltr' id='par_1_3' title="bbox 3373 373 3480 433">
     <span class='ocr_line' id='line_1_3' title="bbox 3373 373 3480 433; baseline 0 0"><span class='ocrx_word' id='word_1_5' title='bbox 3373 373 3480 433; x_wconf 74' lang='lat'>350</span> 
     </span>
    </p>
   </div>
   <div class='ocr_carea' id='block_1_4' title="bbox 224 503 3477 580">
    <p class='ocr_par' dir='ltr' id='par_1_4' title="bbox 224 503 3477 580">
     <span class='ocr_line' id='line_1_4' title="bbox 224 503 3477 580; baseline -0.002 -13"><span class='ocrx_word' id='word_1_6' title='bbox 224 512 423 575; x_wconf 84' lang='lat' dir='ltr'>aliunde,</span> <span class='ocrx_word' id='word_1_7' title='bbox 449 511 511 563; x_wconf 88' lang='lat' dir='ltr'>de</span> <span class='ocrx_word' id='word_1_8' title='bbox 538 520 637 580; x_wconf 84' lang='lat' dir='ltr'>quo</span> <span class='ocrx_word' id='word_1_9' title='bbox 686 505 767 560; x_wconf 90' lang='lat' dir='ltr'>sic</span> <span class='ocrx_word' id='word_1_10' title='bbox 820 505 1115 576; x_wconf 64' lang='lat' dir='ltr'>praefatur:</span> <span class='ocrx_word' id='word_1_11' title='bbox 1153 525 1178 556; x_wconf 80' lang='grc' dir='ltr'><strong>α</strong></span> <span class='ocrx_word' id='word_1_12' title='bbox 1214 505 1394 560; x_wconf 79' lang='lat' dir='ltr'>Exstat</span> <span class='ocrx_word' id='word_1_13' title='bbox 1434 505 1491 559; x_wconf 91' lang='lat' dir='ltr'>D.</span> <span class='ocrx_word' id='word_1_14' title='bbox 1524 505 1759 579; x_wconf 82' lang='lat' dir='ltr'>Remigii</span> <span class='ocrx_word' id='word_1_15' title='bbox 1783 510 1837 577; x_wconf 87' lang='grc' dir='ltr'>Α</span> <span class='ocrx_word' id='word_1_16' title='bbox 1862 503 2081 569; x_wconf 89' lang='lat' dir='ltr'>domus,</span> <span class='ocrx_word' id='word_1_17' title='bbox 2104 520 2229 576; x_wconf 61' lang='lat' dir='ltr'>quae</span> <span class='ocrx_word' id='word_1_18' title='bbox 2261 504 2501 559; x_wconf 87' lang='lat' dir='ltr'>oratoria</span> <span class='ocrx_word' id='word_1_19' title='bbox 2542 511 2595 558; x_wconf 90' lang='lat' dir='ltr'>et</span> <span class='ocrx_word' id='word_1_20' title='bbox 2643 505 2843 559; x_wconf 88' lang='lat' dir='ltr'>sacella</span> <span class='ocrx_word' id='word_1_21' title='bbox 2890 504 3148 573; x_wconf 88' lang='lat' dir='ltr'>adjuncta</span> <span class='ocrx_word' id='word_1_22' title='bbox 3180 504 3477 573; x_wconf 72' lang='lat' dir='ltr'>habebant,</span> 
     </span>
    </p>
   </div>
   <div class='ocr_carea' id='block_1_5' title="bbox 223 594 1763 666">
    <p class='ocr_par' dir='ltr' id='par_1_5' title="bbox 223 594 1763 666">
     <span class='ocr_line' id='line_1_5' title="bbox 223 594 1763 666; baseline -0.005 -9"><span class='ocrx_word' id='word_1_23' title='bbox 223 598 459 657; x_wconf 81' lang='lat' dir='ltr'>Remensis</span> <span class='ocrx_word' id='word_1_24' title='bbox 483 594 889 666; x_wconf 84' lang='lat' dir='ltr'>archiepiscopi,</span> <span class='ocrx_word' id='word_1_25' title='bbox 916 595 1010 666; x_wconf 87' lang='lat' dir='ltr'>qui</span> <span class='ocrx_word' id='word_1_26' title='bbox 1042 595 1265 649; x_wconf 90' lang='lat' dir='ltr'>laudum</span> <span class='ocrx_word' id='word_1_27' title='bbox 1292 612 1514 649; x_wconf 91' lang='lat' dir='ltr'>suarum</span> <span class='ocrx_word' id='word_1_28' title='bbox 1554 611 1763 666; x_wconf 75' lang='lat' dir='ltr'>praeco-</span> 
     </span>
    </p>
   </div>
   <div class='ocr_carea' id='block_1_6' title="bbox 223 684 1761 759">
    <p class='ocr_par' dir='ltr' id='par_1_6' title="bbox 223 684 1761 759">
     <span class='ocr_line' id='line_1_6' title="bbox 223 684 1761 759; baseline -0.004 -16"><span class='ocrx_word' id='word_1_29' title='bbox 223 706 323 744; x_wconf 88' lang='lat' dir='ltr'>nem</span> <span class='ocrx_word' id='word_1_30' title='bbox 357 686 606 759; x_wconf 85' lang='lat' dir='ltr'>egregium</span> <span class='ocrx_word' id='word_1_31' title='bbox 671 684 959 737; x_wconf 91' lang='lat' dir='ltr'>Sidonium</span> <span class='ocrx_word' id='word_1_32' title='bbox 1038 684 1448 755; x_wconf 85' lang='lat' dir='ltr'>Appollinarem</span> <span class='ocrx_word' id='word_1_33' title='bbox 1493 685 1761 755; x_wconf 77' lang='lat' dir='ltr'>aequalem</span> 
     </span>
    </p>
   </div>
   <div class='ocr_carea' id='block_1_7' title="bbox 220 777 1764 852">
    <p class='ocr_par' dir='ltr' id='par_1_7' title="bbox 220 777 1764 852">
     <span class='ocr_line' id='line_1_7' title="bbox 220 777 1764 852; baseline -0.003 -15"><span class='ocrx_word' id='word_1_34' title='bbox 220 779 560 851; x_wconf 87' lang='lat' dir='ltr'>suumepistola</span> <span class='ocrx_word' id='word_1_35' title='bbox 584 780 614 831; x_wconf 88' lang='lat'>7</span> <span class='ocrx_word' id='word_1_36' title='bbox 643 777 738 831; x_wconf 87' lang='lat' dir='ltr'>lib.</span> <span class='ocrx_word' id='word_1_37' title='bbox 775 778 1019 843; x_wconf 80' lang='lat' dir='ltr'>Ix,habet</span> <span class='ocrx_word' id='word_1_38' title='bbox 1041 777 1270 852; x_wconf 81' lang='lat' dir='ltr'>elegans</span> <span class='ocrx_word' id='word_1_39' title='bbox 1297 785 1706 843; x_wconf 81' lang='lat' dir='ltr'>testamentum,</span> <span class='ocrx_word' id='word_1_40' title='bbox 1733 794 1764 833; x_wconf 89' lang='lat' dir='ltr'>a</span> 
     </span>
    </p>
   </div>
   <div class='ocr_carea' id='block_1_8' title="bbox 221 870 1765 945">
    <p class='ocr_par' dir='ltr' id='par_1_8' title="bbox 221 870 1765 945">
     <span class='ocr_line' id='line_1_8' title="bbox 221 870 1765 945; baseline -0.003 -15"><span class='ocrx_word' id='word_1_41' title='bbox 221 893 290 930; x_wconf 87' lang='lat' dir='ltr'>me</span> <span class='ocrx_word' id='word_1_42' title='bbox 312 874 492 945; x_wconf 85' lang='lat' dir='ltr'>pridem</span> <span class='ocrx_word' id='word_1_43' title='bbox 546 888 608 925; x_wconf 79' lang='lat' dir='ltr'>ex</span> <span class='ocrx_word' id='word_1_44' title='bbox 650 870 923 925; x_wconf 82' lang='lat' dir='ltr'>Hincmari</span> <span class='ocrx_word' id='word_1_45' title='bbox 973 879 1029 925; x_wconf 89' lang='lat' dir='ltr'>et</span> <span class='ocrx_word' id='word_1_46' title='bbox 1080 871 1371 926; x_wconf 87' lang='lat' dir='ltr'>Flodoardi</span> <span class='ocrx_word' id='word_1_47' title='bbox 1439 872 1678 936; x_wconf 86' lang='lat' dir='ltr'>scriniis,</span> <span class='ocrx_word' id='word_1_48' title='bbox 1711 877 1765 925; x_wconf 91' lang='lat' dir='ltr'>et</span> 
     </span>
    </p>
   </div>
   <div class='ocr_carea' id='block_1_9' title="bbox 218 962 1764 1036">
    <p class='ocr_par' dir='ltr' id='par_1_9' title="bbox 218 962 1764 1036">
     <span class='ocr_line' id='line_1_9' title="bbox 218 962 1764 1036; baseline -0.002 -15"><span class='ocrx_word' id='word_1_49' title='bbox 218 966 358 1036; x_wconf 88' lang='lat' dir='ltr'>ipsius</span> <span class='ocrx_word' id='word_1_50' title='bbox 380 965 642 1018; x_wconf 86' lang='lat' dir='ltr'>Remensis</span> <span class='ocrx_word' id='word_1_51' title='bbox 659 962 913 1017; x_wconf 74' lang='lat' dir='ltr'>Ecclesize</span> <span class='ocrx_word' id='word_1_52' title='bbox 927 964 1130 1018; x_wconf 87' lang='lat' dir='ltr'>archiis</span> <span class='ocrx_word' id='word_1_53' title='bbox 1142 963 1764 1034; x_wconf 81' lang='lat' dir='ltr'>descriptum,versione</span> 
     </span>
    </p>
   </div>
   <div class='ocr_carea' id='block_1_10' title="bbox 219 1050 1757 1122">
    <p class='ocr_par' dir='ltr' id='par_1_10' title="bbox 219 1050 1757 1122">
     <span class='ocr_line' id='line_1_10' title="bbox 219 1050 1757 1122; baseline -0.001 -15"><span class='ocrx_word' id='word_1_54' title='bbox 219 1061 259 1108; x_wconf 88' lang='lat' dir='ltr'>et</span> <span class='ocrx_word' id='word_1_55' title='bbox 281 1068 430 1122; x_wconf 83' lang='lat' dir='ltr'>nuper</span> <span class='ocrx_word' id='word_1_56' title='bbox 481 1068 509 1106; x_wconf 92' lang='lat' dir='ltr'>a</span> <span class='ocrx_word' id='word_1_57' title='bbox 538 1051 755 1105; x_wconf 89' lang='lat' dir='ltr'>Nicolao</span> <span class='ocrx_word' id='word_1_58' title='bbox 813 1050 1083 1115; x_wconf 85' lang='lat' dir='ltr'>Querculo</span> <span class='ocrx_word' id='word_1_59' title='bbox 1116 1051 1173 1105; x_wconf 88' lang='lat' dir='ltr'>in</span> <span class='ocrx_word' id='word_1_60' title='bbox 1213 1051 1415 1105; x_wconf 86' lang='lat' dir='ltr'>Gallica</span> <span class='ocrx_word' id='word_1_61' title='bbox 1446 1052 1757 1119; x_wconf 88' lang='lat' dir='ltr'>Flodoardi,</span> 
     </span>
    </p>
   </div>
   <div class='ocr_carea' id='block_1_11' title="bbox 215 1139 1762 1205">
    <p class='ocr_par' dir='ltr' id='par_1_11' title="bbox 215 1139 1762 1205">
     <span class='ocr_line' id='line_1_11' title="bbox 215 1139 1762 1205; baseline -0.001 -10"><span class='ocrx_word' id='word_1_62' title='bbox 215 1142 399 1205; x_wconf 84' lang='lat' dir='ltr'>editum,</span> <span class='ocrx_word' id='word_1_63' title='bbox 434 1165 454 1184; x_wconf 75' lang='grc' dir='ltr'><strong><em>η</em></strong></span> <span class='ocrx_word' id='word_1_64' title='bbox 480 1147 578 1193; x_wconf 89' lang='lat' dir='ltr'>etc.</span> <span class='ocrx_word' id='word_1_65' title='bbox 621 1140 793 1194; x_wconf 85' lang='lat' dir='ltr'>Habet</span> <span class='ocrx_word' id='word_1_66' title='bbox 857 1141 1053 1195; x_wconf 88' lang='lat' dir='ltr'>eodem</span> <span class='ocrx_word' id='word_1_67' title='bbox 1108 1141 1228 1195; x_wconf 93' lang='lat' dir='ltr'>loco</span> <span class='ocrx_word' id='word_1_68' title='bbox 1257 1139 1575 1195; x_wconf 89' lang='lat' dir='ltr'>Brissonius</span> <span class='ocrx_word' id='word_1_69' title='bbox 1596 1148 1762 1195; x_wconf 82' lang='lat' dir='ltr'>testa-</span> 
     </span>
    </p>
   </div>
   <div class='ocr_carea' id='block_1_12' title="bbox 216 1228 1763 1299">
    <p class='ocr_par' dir='ltr' id='par_1_12' title="bbox 216 1228 1763 1299">
     <span class='ocr_line' id='line_1_12' title="bbox 216 1228 1763 1299; baseline 0 -16"><span class='ocrx_word' id='word_1_70' title='bbox 216 1236 414 1283; x_wconf 87' lang='lat' dir='ltr'>mentum</span> <span class='ocrx_word' id='word_1_71' title='bbox 459 1228 719 1282; x_wconf 84' lang='lat' dir='ltr'>Hadoindi</span> <span class='ocrx_word' id='word_1_72' title='bbox 776 1228 1205 1283; x_wconf 87' lang='lat' dir='ltr'>Cenomanensis</span> <span class='ocrx_word' id='word_1_73' title='bbox 1254 1229 1523 1299; x_wconf 83' lang='lat' dir='ltr'>episcOpi.</span> <span class='ocrx_word' id='word_1_74' title='bbox 1593 1229 1763 1296; x_wconf 86' lang='lat' dir='ltr'>Hujus</span> 
     </span>
    </p>
   </div>
   <div class='ocr_carea' id='block_1_13' title="bbox 212 1320 1761 1393">
    <p class='ocr_par' dir='ltr' id='par_1_13' title="bbox 212 1320 1761 1393">
     <span class='ocr_line' id='line_1_13' title="bbox 212 1320 1761 1393; baseline 0 -17"><span class='ocrx_word' id='word_1_75' title='bbox 212 1322 417 1376; x_wconf 89' lang='lat' dir='ltr'>meminit</span> <span class='ocrx_word' id='word_1_76' title='bbox 458 1321 786 1376; x_wconf 84' lang='lat' dir='ltr'>Flodoardus</span> <span class='ocrx_word' id='word_1_77' title='bbox 825 1320 966 1376; x_wconf 90' lang='lat' dir='ltr'>libro</span> <span class='ocrx_word' id='word_1_78' title='bbox 1019 1322 1285 1381; x_wconf 91' lang='lat' dir='ltr'>secundo.</span> <span class='ocrx_word' id='word_1_79' title='bbox 1334 1322 1516 1392; x_wconf 86' lang='lat' dir='ltr'>capite</span> <span class='ocrx_word' id='word_1_80' title='bbox 1547 1322 1761 1393; x_wconf 91' lang='lat' dir='ltr'>quinto,</span> 
     </span>
    </p>
   </div>
   <div class='ocr_carea' id='block_1_14' title="bbox 215 1409 1762 1486">
    <p class='ocr_par' dir='ltr' id='par_1_14' title="bbox 215 1409 1762 1486">
     <span class='ocr_line' id='line_1_14' title="bbox 215 1409 1762 1486; baseline 0 -21"><span class='ocrx_word' id='word_1_81' title='bbox 215 1410 415 1486; x_wconf 78' lang='lat' dir='ltr'>ejusdem</span> <span class='ocrx_word' id='word_1_82' title='bbox 434 1409 540 1464; x_wconf 88' lang='lat' dir='ltr'>fere</span> <span class='ocrx_word' id='word_1_83' title='bbox 559 1411 745 1465; x_wconf 71' lang='lat' dir='ltr'>szeculi</span> <span class='ocrx_word' id='word_1_84' title='bbox 776 1417 829 1465; x_wconf 92' lang='lat' dir='ltr'>et</span> <span class='ocrx_word' id='word_1_85' title='bbox 858 1410 1005 1481; x_wconf 85' lang='lat' dir='ltr'>styli,</span> <span class='ocrx_word' id='word_1_86' title='bbox 1060 1411 1210 1481; x_wconf 90' lang='lat' dir='ltr'>quod</span> <span class='ocrx_word' id='word_1_87' title='bbox 1263 1410 1342 1465; x_wconf 92' lang='lat' dir='ltr'>sic</span> <span class='ocrx_word' id='word_1_88' title='bbox 1373 1411 1565 1481; x_wconf 86' lang='lat' dir='ltr'>incipit</span> <span class='ocrx_word' id='word_1_89' title='bbox 1594 1428 1607 1464; x_wconf 92' lang='lat'><strong>:</strong></span> <span class='ocrx_word' id='word_1_90' title='bbox 1638 1431 1667 1461; x_wconf 77' lang='grc' dir='ltr'><strong>α</strong></span> <span class='ocrx_word' id='word_1_91' title='bbox 1702 1410 1762 1465; x_wconf 89' lang='lat' dir='ltr'>In</span> 
     </span>
    </p>
   </div>
   <div class='ocr_carea' id='block_1_15' title="bbox 214 1501 1763 1573">
    <p class='ocr_par' dir='ltr' id='par_1_15' title="bbox 214 1501 1763 1573">
     <span class='ocr_line' id='line_1_15' title="bbox 214 1501 1763 1573; baseline 0 -17"><span class='ocrx_word' id='word_1_92' title='bbox 214 1503 394 1557; x_wconf 89' lang='lat' dir='ltr'>nomine</span> <span class='ocrx_word' id='word_1_93' title='bbox 418 1501 621 1556; x_wconf 91' lang='lat' dir='ltr'>Domini</span> <span class='ocrx_word' id='word_1_94' title='bbox 654 1502 823 1557; x_wconf 88' lang='lat' dir='ltr'>nostri</span> <span class='ocrx_word' id='word_1_95' title='bbox 845 1503 973 1557; x_wconf 89' lang='lat' dir='ltr'>Jesu</span> <span class='ocrx_word' id='word_1_96' title='bbox 996 1502 1275 1567; x_wconf 85' lang='lat' dir='ltr'>Christi,et</span> <span class='ocrx_word' id='word_1_97' title='bbox 1301 1504 1534 1573; x_wconf 87' lang='lat' dir='ltr'>Spiritus</span> <span class='ocrx_word' id='word_1_98' title='bbox 1562 1503 1763 1569; x_wconf 83' lang='lat' dir='ltr'>sancti,</span> 
     </span>
    </p>
   </div>
   <div class='ocr_carea' id='block_1_16' title="bbox 213 1590 1765 1666">
    <p class='ocr_par' dir='ltr' id='par_1_16' title="bbox 213 1590 1765 1666">
     <span class='ocr_line' id='line_1_16' title="bbox 213 1590 1765 1666; baseline 0.001 -21"><span class='ocrx_word' id='word_1_99' title='bbox 213 1607 287 1645; x_wconf 77' lang='lat' dir='ltr'>rm</span> <span class='ocrx_word' id='word_1_100' title='bbox 314 1591 379 1644; x_wconf 94' lang='lat' dir='ltr'>ld.</span> <span class='ocrx_word' id='word_1_101' title='bbox 408 1590 675 1645; x_wconf 87' lang='lat' dir='ltr'>Februarii</span> <span class='ocrx_word' id='word_1_102' title='bbox 706 1592 761 1645; x_wconf 93' lang='lat' dir='ltr'>in</span> <span class='ocrx_word' id='word_1_103' title='bbox 791 1606 937 1646; x_wconf 89' lang='lat' dir='ltr'>anno</span> <span class='ocrx_word' id='word_1_104' title='bbox 984 1608 1017 1644; x_wconf 76' lang='grc' dir='ltr'><strong>ν</strong></span> <span class='ocrx_word' id='word_1_105' title='bbox 1070 1601 1336 1666; x_wconf 88' lang='lat' dir='ltr'>regnante</span> <span class='ocrx_word' id='word_1_106' title='bbox 1364 1592 1765 1665; x_wconf 85' lang='lat' dir='ltr'>gloriosissimo</span> 
     </span>
    </p>
   </div>
   <div class='ocr_carea' id='block_1_17' title="bbox 214 1676 1763 1753">
    <p class='ocr_par' dir='ltr' id='par_1_17' title="bbox 214 1676 1763 1753">
     <span class='ocr_line' id='line_1_17' title="bbox 214 1676 1763 1753; baseline -0.001 -21"><span class='ocrx_word' id='word_1_107' title='bbox 214 1676 435 1733; x_wconf 86' lang='lat' dir='ltr'>Clodoveo</span> <span class='ocrx_word' id='word_1_108' title='bbox 458 1694 599 1749; x_wconf 80' lang='lat' dir='ltr'>rege.</span> <span class='ocrx_word' id='word_1_109' title='bbox 621 1678 734 1751; x_wconf 85' lang='lat' dir='ltr'>Ego</span> <span class='ocrx_word' id='word_1_110' title='bbox 748 1678 1086 1741; x_wconf 83' lang='lat' dir='ltr'>Hadoindus,</span> <span class='ocrx_word' id='word_1_111' title='bbox 1113 1695 1176 1733; x_wconf 89' lang='lat' dir='ltr'>ac</span> <span class='ocrx_word' id='word_1_112' title='bbox 1189 1679 1233 1733; x_wconf 90' lang='lat' dir='ltr'>si</span> <span class='ocrx_word' id='word_1_113' title='bbox 1266 1680 1529 1753; x_wconf 89' lang='lat' dir='ltr'>indignus</span> <span class='ocrx_word' id='word_1_114' title='bbox 1548 1677 1763 1735; x_wconf 86' lang='lat' dir='ltr'>tametsi</span> 
     </span>
    </p>
   </div>
   <div class='ocr_carea' id='block_1_18' title="bbox 212 1772 1767 1844">
    <p class='ocr_par' dir='ltr' id='par_1_18' title="bbox 212 1772 1767 1844">
     <span class='ocr_line' id='line_1_18' title="bbox 212 1772 1767 1844; baseline 0.002 -21"><span class='ocrx_word' id='word_1_115' title='bbox 212 1774 736 1844; x_wconf 78' lang='lat' dir='ltr'>peccator,episcopus</span> <span class='ocrx_word' id='word_1_116' title='bbox 769 1779 970 1827; x_wconf 64' lang='lat' dir='ltr'>sanctae</span> <span class='ocrx_word' id='word_1_117' title='bbox 996 1772 1089 1826; x_wconf 88' lang='lat' dir='ltr'>Dei</span> <span class='ocrx_word' id='word_1_118' title='bbox 1111 1772 1372 1827; x_wconf 61' lang='lat' dir='ltr'>Ecclesiae</span> <span class='ocrx_word' id='word_1_119' title='bbox 1401 1772 1767 1828; x_wconf 85' lang='lat' dir='ltr'>Cenomannis</span> 
     </span>
    </p>
   </div>
   <div class='ocr_carea' id='block_1_19' title="bbox 208 1864 1761 1936">
    <p class='ocr_par' dir='ltr' id='par_1_19' title="bbox 208 1864 1761 1936">
     <span class='ocr_line' id='line_1_19' title="bbox 208 1864 1761 1936; baseline 0.003 -19"><span class='ocrx_word' id='word_1_120' title='bbox 208 1864 419 1931; x_wconf 76' lang='lat' dir='ltr'>civitatis,</span> <span class='ocrx_word' id='word_1_121' title='bbox 450 1882 631 1931; x_wconf 88' lang='lat' dir='ltr'>sanus,</span> <span class='ocrx_word' id='word_1_122' title='bbox 691 1866 801 1920; x_wconf 88' lang='lat' dir='ltr'>Deo</span> <span class='ocrx_word' id='word_1_123' title='bbox 857 1864 1122 1936; x_wconf 87' lang='lat' dir='ltr'>propitio,</span> <span class='ocrx_word' id='word_1_124' title='bbox 1186 1872 1369 1919; x_wconf 86' lang='lat' dir='ltr'>mente</span> <span class='ocrx_word' id='word_1_125' title='bbox 1419 1872 1474 1918; x_wconf 87' lang='lat' dir='ltr'>et</span> <span class='ocrx_word' id='word_1_126' title='bbox 1507 1881 1761 1936; x_wconf 87' lang='lat' dir='ltr'>corpore,</span> 
     </span>
    </p>
   </div>
   <div class='ocr_carea' id='block_1_20' title="bbox 205 1952 1760 2029">
    <p class='ocr_par' dir='ltr' id='par_1_20' title="bbox 205 1952 1760 2029">
     <span class='ocr_line' id='line_1_20' title="bbox 205 1952 1760 2029; baseline 0.002 -23"><span class='ocrx_word' id='word_1_127' title='bbox 205 1968 403 2023; x_wconf 88' lang='lat' dir='ltr'>sanoque</span> <span class='ocrx_word' id='word_1_128' title='bbox 428 1954 935 2013; x_wconf 86' lang='lat' dir='ltr'>consilio.metuens</span> <span class='ocrx_word' id='word_1_129' title='bbox 951 1970 1135 2009; x_wconf 89' lang='lat' dir='ltr'>casum</span> <span class='ocrx_word' id='word_1_130' title='bbox 1149 1955 1402 2009; x_wconf 66' lang='lat' dir='ltr'>humanae</span> <span class='ocrx_word' id='word_1_131' title='bbox 1425 1952 1760 2029; x_wconf 83' lang='lat' dir='ltr'>fragilitatis,</span> 
     </span>
    </p>
   </div>
   <div class='ocr_carea' id='block_1_21' title="bbox 205 2043 1763 2114">
    <p class='ocr_par' dir='ltr' id='par_1_21' title="bbox 205 2043 1763 2114">
     <span class='ocr_line' id='line_1_21' title="bbox 205 2043 1763 2114; baseline 0.001 -19"><span class='ocrx_word' id='word_1_132' title='bbox 205 2048 533 2097; x_wconf 82' lang='lat' dir='ltr'>testamentum</span> <span class='ocrx_word' id='word_1_133' title='bbox 565 2043 811 2108; x_wconf 82' lang='lat' dir='ltr'>condidi,</span> <span class='ocrx_word' id='word_1_134' title='bbox 872 2044 1039 2114; x_wconf 86' lang='lat' dir='ltr'>idque</span> <span class='ocrx_word' id='word_1_135' title='bbox 1071 2043 1299 2098; x_wconf 89' lang='lat' dir='ltr'>Cadulto</span> <span class='ocrx_word' id='word_1_136' title='bbox 1355 2044 1593 2098; x_wconf 81' lang='lat' dir='ltr'>diacono</span> <span class='ocrx_word' id='word_1_137' title='bbox 1625 2044 1763 2098; x_wconf 82' lang='lat' dir='ltr'>scri-</span> 
     </span>
    </p>
   </div>
   <div class='ocr_carea' id='block_1_22' title="bbox 206 2130 1763 2205">
    <p class='ocr_par' dir='ltr' id='par_1_22' title="bbox 206 2130 1763 2205">
     <span class='ocr_line' id='line_1_22' title="bbox 206 2130 1763 2205; baseline 0.004 -24"><span class='ocrx_word' id='word_1_138' title='bbox 206 2130 399 2185; x_wconf 84' lang='lat' dir='ltr'>bendum</span> <span class='ocrx_word' id='word_1_139' title='bbox 426 2132 639 2189; x_wconf 79' lang='lat' dir='ltr'>dictavi.</span> <span class='ocrx_word' id='word_1_140' title='bbox 687 2132 841 2196; x_wconf 81' lang='lat' dir='ltr'>Quod</span> <span class='ocrx_word' id='word_1_141' title='bbox 891 2139 1278 2187; x_wconf 89' lang='lat' dir='ltr'>testamentum</span> <span class='ocrx_word' id='word_1_142' title='bbox 1337 2149 1543 2200; x_wconf 91' lang='lat' dir='ltr'>meum,</span> <span class='ocrx_word' id='word_1_143' title='bbox 1575 2135 1621 2188; x_wconf 93' lang='lat' dir='ltr'>si</span> <span class='ocrx_word' id='word_1_144' title='bbox 1653 2149 1763 2205; x_wconf 89' lang='lat' dir='ltr'>quo</span> 
     </span>
    </p>
   </div>
   <div class='ocr_carea' id='block_1_23' title="bbox 204 2220 1764 2296">
    <p class='ocr_par' dir='ltr' id='par_1_23' title="bbox 204 2220 1764 2296">
     <span class='ocr_line' id='line_1_23' title="bbox 204 2220 1764 2296; baseline 0.005 -26"><span class='ocrx_word' id='word_1_145' title='bbox 204 2220 433 2287; x_wconf 84' lang='lat' dir='ltr'>rasujure</span> <span class='ocrx_word' id='word_1_146' title='bbox 458 2221 621 2287; x_wconf 88' lang='lat' dir='ltr'>civili,</span> <span class='ocrx_word' id='word_1_147' title='bbox 650 2229 747 2276; x_wconf 90' lang='lat' dir='ltr'>aut</span> <span class='ocrx_word' id='word_1_148' title='bbox 776 2222 1143 2292; x_wconf 54' lang='lat' dir='ltr'>praetorion&#39;el</span> <span class='ocrx_word' id='word_1_149' title='bbox 1187 2223 1419 2291; x_wconf 87' lang='lat' dir='ltr'>alicujus</span> <span class='ocrx_word' id='word_1_150' title='bbox 1450 2240 1603 2279; x_wconf 75' lang='lat' dir='ltr'>novae</span> <span class='ocrx_word' id='word_1_151' title='bbox 1624 2224 1764 2296; x_wconf 86' lang='lat' dir='ltr'>legis</span> 
     </span>
    </p>
   </div>
   <div class='ocr_carea' id='block_1_24' title="bbox 206 2309 1766 2386">
    <p class='ocr_par' dir='ltr' id='par_1_24' title="bbox 206 2309 1766 2386">
     <span class='ocr_line' id='line_1_24' title="bbox 206 2309 1766 2386; baseline 0.006 -25"><span class='ocrx_word' id='word_1_152' title='bbox 206 2309 472 2367; x_wconf 78' lang='lat' dir='ltr'>interventu</span> <span class='ocrx_word' id='word_1_153' title='bbox 504 2314 688 2368; x_wconf 80' lang='lat' dir='ltr'>valere</span> <span class='ocrx_word' id='word_1_154' title='bbox 719 2316 1052 2386; x_wconf 87' lang='lat' dir='ltr'>nequiverit,</span> <span class='ocrx_word' id='word_1_155' title='bbox 1093 2332 1155 2371; x_wconf 89' lang='lat' dir='ltr'>ac</span> <span class='ocrx_word' id='word_1_156' title='bbox 1193 2316 1239 2370; x_wconf 89' lang='lat' dir='ltr'>si</span> <span class='ocrx_word' id='word_1_157' title='bbox 1292 2317 1360 2370; x_wconf 87' lang='lat' dir='ltr'>ab</span> <span class='ocrx_word' id='word_1_158' title='bbox 1390 2316 1664 2382; x_wconf 88' lang='lat' dir='ltr'>intestato,</span> <span class='ocrx_word' id='word_1_159' title='bbox 1699 2317 1766 2371; x_wconf 90' lang='lat' dir='ltr'>ad</span> 
     </span>
    </p>
   </div>
   <div class='ocr_carea' id='block_1_25' title="bbox 203 2398 1767 2479">
    <p class='ocr_par' dir='ltr' id='par_1_25' title="bbox 203 2398 1767 2479">
     <span class='ocr_line' id='line_1_25' title="bbox 203 2398 1767 2479; baseline 0.008 -29"><span class='ocrx_word' id='word_1_160' title='bbox 203 2398 343 2454; x_wconf 84' lang='lat' dir='ltr'>vicem</span> <span class='ocrx_word' id='word_1_161' title='bbox 371 2404 741 2459; x_wconf 84' lang='lat' dir='ltr'>codicillorum</span> <span class='ocrx_word' id='word_1_162' title='bbox 766 2407 951 2460; x_wconf 81' lang='lat' dir='ltr'>valere</span> <span class='ocrx_word' id='word_1_163' title='bbox 993 2407 1047 2459; x_wconf 90' lang='lat' dir='ltr'>id</span> <span class='ocrx_word' id='word_1_164' title='bbox 1087 2407 1234 2473; x_wconf 85' lang='lat' dir='ltr'>volo,</span> <span class='ocrx_word' id='word_1_165' title='bbox 1269 2414 1324 2461; x_wconf 90' lang='lat' dir='ltr'>et</span> <span class='ocrx_word' id='word_1_166' title='bbox 1354 2408 1550 2461; x_wconf 88' lang='lat' dir='ltr'>valeat.</span> <span class='ocrx_word' id='word_1_167' title='bbox 1580 2408 1767 2479; x_wconf 86' lang='lat' dir='ltr'>Itaque</span> 
     </span>
    </p>
   </div>
   <div class='ocr_carea' id='block_1_26' title="bbox 201 2492 1767 2570">
    <p class='ocr_par' dir='ltr' id='par_1_26' title="bbox 201 2492 1767 2570">
     <span class='ocr_line' id='line_1_26' title="bbox 201 2492 1767 2570; baseline 0.007 -28"><span class='ocrx_word' id='word_1_168' title='bbox 201 2492 437 2562; x_wconf 81' lang='lat' dir='ltr'>siquando</span> <span class='ocrx_word' id='word_1_169' title='bbox 466 2512 567 2569; x_wconf 85' lang='lat' dir='ltr'>ego</span> <span class='ocrx_word' id='word_1_170' title='bbox 628 2498 950 2552; x_wconf 85' lang='lat' dir='ltr'>Hadoindus</span> <span class='ocrx_word' id='word_1_171' title='bbox 1006 2499 1416 2570; x_wconf 86' lang='lat' dir='ltr'>suprascriptus</span> <span class='ocrx_word' id='word_1_172' title='bbox 1446 2499 1694 2570; x_wconf 89' lang='lat' dir='ltr'>episcop.</span> <span class='ocrx_word' id='word_1_173' title='bbox 1737 2514 1767 2553; x_wconf 89' lang='lat' dir='ltr'>e</span> 
     </span>
    </p>
   </div>
   <div class='ocr_carea' id='block_1_27' title="bbox 202 2584 1771 2663">
    <p class='ocr_par' dir='ltr' id='par_1_27' title="bbox 202 2584 1771 2663">
     <span class='ocr_line' id='line_1_27' title="bbox 202 2584 1771 2663; baseline 0.008 -29"><span class='ocrx_word' id='word_1_174' title='bbox 202 2584 584 2643; x_wconf 88' lang='lat' dir='ltr'>rebushumanis</span> <span class='ocrx_word' id='word_1_175' title='bbox 598 2606 910 2650; x_wconf 83' lang='lat' dir='ltr'>excessero.</span> <span class='ocrx_word' id='word_1_176' title='bbox 933 2591 1246 2646; x_wconf 87' lang='lat' dir='ltr'>etdebitum</span> <span class='ocrx_word' id='word_1_177' title='bbox 1264 2591 1479 2645; x_wconf 88' lang='lat' dir='ltr'>venturi</span> <span class='ocrx_word' id='word_1_178' title='bbox 1507 2593 1771 2663; x_wconf 90' lang='lat' dir='ltr'>temporis</span> 
     </span>
    </p>
   </div>
   <div class='ocr_carea' id='block_1_28' title="bbox 196 2677 1768 2746">
    <p class='ocr_par' dir='ltr' id='par_1_28' title="bbox 196 2677 1768 2746">
     <span class='ocr_line' id='line_1_28' title="bbox 196 2677 1768 2746; baseline 0.007 -19"><span class='ocrx_word' id='word_1_179' title='bbox 196 2677 518 2746; x_wconf 81' lang='lat' dir='ltr'>complevere,</span> <span class='ocrx_word' id='word_1_180' title='bbox 544 2687 679 2736; x_wconf 89' lang='lat' dir='ltr'>tunc</span> <span class='ocrx_word' id='word_1_181' title='bbox 706 2688 764 2735; x_wconf 92' lang='lat' dir='ltr'>tu</span> <span class='ocrx_word' id='word_1_182' title='bbox 792 2682 885 2735; x_wconf 90' lang='lat' dir='ltr'>SS.</span> <span class='ocrx_word' id='word_1_183' title='bbox 948 2682 1190 2737; x_wconf 85' lang='lat' dir='ltr'>Ecclesia</span> <span class='ocrx_word' id='word_1_184' title='bbox 1220 2682 1557 2737; x_wconf 69' lang='lat' dir='ltr'>venerabilis</span> <span class='ocrx_word' id='word_1_185' title='bbox 1588 2684 1768 2738; x_wconf 75' lang='lat' dir='ltr'>haeres</span> 
     </span>
    </p>
   </div>
   <div class='ocr_carea' id='block_1_29' title="bbox 1862 596 3483 672">
    <p class='ocr_par' dir='ltr' id='par_1_29' title="bbox 1862 596 3483 672">
     <span class='ocr_line' id='line_1_29' title="bbox 1862 596 3483 672; baseline 0.001 -22"><span class='ocrx_word' id='word_1_186' title='bbox 1862 597 1917 650; x_wconf 92' lang='lat' dir='ltr'>in</span> <span class='ocrx_word' id='word_1_187' title='bbox 1944 597 2147 668; x_wconf 88' lang='lat' dir='ltr'>quibus</span> <span class='ocrx_word' id='word_1_188' title='bbox 2174 613 2206 651; x_wconf 88' lang='lat' dir='ltr'>a</span> <span class='ocrx_word' id='word_1_189' title='bbox 2225 603 2381 667; x_wconf 87' lang='lat' dir='ltr'>patre</span> <span class='ocrx_word' id='word_1_190' title='bbox 2411 596 2675 650; x_wconf 69' lang='lat' dir='ltr'>diaconize</span> <span class='ocrx_word' id='word_1_191' title='bbox 2689 596 2804 650; x_wconf 88' lang='lat' dir='ltr'>sive</span> <span class='ocrx_word' id='word_1_192' title='bbox 2817 597 3049 652; x_wconf 87' lang='lat' dir='ltr'>diacono</span> <span class='ocrx_word' id='word_1_193' title='bbox 3067 597 3262 672; x_wconf 87' lang='lat' dir='ltr'>egenis</span> <span class='ocrx_word' id='word_1_194' title='bbox 3293 614 3483 653; x_wconf 85' lang='lat' dir='ltr'>neces-</span> 
     </span>
    </p>
   </div>
   <div class='ocr_carea' id='block_1_30' title="bbox 1864 683 3476 758">
    <p class='ocr_par' dir='ltr' id='par_1_30' title="bbox 1864 683 3476 758">
     <span class='ocr_line' id='line_1_30' title="bbox 1864 683 3476 758; baseline 0.002 -21"><span class='ocrx_word' id='word_1_195' title='bbox 1864 684 2008 738; x_wconf 86' lang='lat' dir='ltr'>saria</span> <span class='ocrx_word' id='word_1_196' title='bbox 2032 683 2612 738; x_wconf 81' lang='lat' dir='ltr'>subministrabantur.</span> <span class='ocrx_word' id='word_1_197' title='bbox 2636 683 2771 737; x_wconf 89' lang='lat' dir='ltr'>Vide</span> <span class='ocrx_word' id='word_1_198' title='bbox 2798 683 3141 755; x_wconf 88' lang='lat' dir='ltr'>Onnphrium</span> <span class='ocrx_word' id='word_1_199' title='bbox 3170 686 3267 741; x_wconf 92' lang='lat' dir='ltr'>ubi</span> <span class='ocrx_word' id='word_1_200' title='bbox 3290 702 3476 758; x_wconf 78' lang='lat' dir='ltr'>supra.</span> 
     </span>
    </p>
   </div>
   <div class='ocr_carea' id='block_1_31' title="bbox 1862 772 3121 843">
    <p class='ocr_par' dir='ltr' id='par_1_31' title="bbox 1862 772 3121 843">
     <span class='ocr_line' id='line_1_31' title="bbox 1862 772 3121 843; baseline 0 -17"><span class='ocrx_word' id='word_1_201' title='bbox 1862 772 2111 827; x_wconf 83' lang='lat' dir='ltr'>Meminit</span> <span class='ocrx_word' id='word_1_202' title='bbox 2138 774 2337 827; x_wconf 89' lang='lat' dir='ltr'>horum</span> <span class='ocrx_word' id='word_1_203' title='bbox 2371 772 2656 826; x_wconf 83' lang='lat' dir='ltr'>Zacharias</span> <span class='ocrx_word' id='word_1_204' title='bbox 2690 788 2831 843; x_wconf 88' lang='lat' dir='ltr'>papa</span> <span class='ocrx_word' id='word_1_205' title='bbox 2874 772 3036 841; x_wconf 84' lang='lat' dir='ltr'>epist.</span> <span class='ocrx_word' id='word_1_206' title='bbox 3068 774 3121 826; x_wconf 92' lang='lat'>7.</span> 
     </span>
    </p>
   </div>
   <div class='ocr_carea' id='block_1_32' title="bbox 1944 864 3478 937">
    <p class='ocr_par' dir='ltr' id='par_1_32' title="bbox 1944 864 3478 937">
     <span class='ocr_line' id='line_1_32' title="bbox 1944 864 3478 937; baseline -0.003 -14"><span class='ocrx_word' id='word_1_207' title='bbox 1944 869 2106 923; x_wconf 80' lang='lat' dir='ltr'>Vicus</span> <span class='ocrx_word' id='word_1_208' title='bbox 2124 883 2191 921; x_wconf 78' lang='lat' dir='ltr'>ea:</span> <span class='ocrx_word' id='word_1_209' title='bbox 2215 868 2443 937; x_wconf 81' lang='lat' dir='ltr'>proprio</span> <span class='ocrx_word' id='word_1_210' title='bbox 2468 868 2527 919; x_wconf 79' lang='lat' dir='ltr'>in</span> <span class='ocrx_word' id='word_1_211' title='bbox 2556 866 2818 929; x_wconf 77' lang='lat' dir='ltr'>Portensi,</span> <span class='ocrx_word' id='word_1_212' title='bbox 2842 869 2909 917; x_wconf 87' lang='lat' dir='ltr'>et.</span> <span class='ocrx_word' id='word_1_213' title='bbox 2945 903 2957 916; x_wconf 95' lang='lat'>.</span> <span class='ocrx_word' id='word_1_214' title='bbox 2990 864 3225 918; x_wconf 82' lang='lat' dir='ltr'>Villa-nis</span> <span class='ocrx_word' id='word_1_215' title='bbox 3250 876 3478 935; x_wconf 83' lang='lat' dir='ltr'>quoque,</span> 
     </span>
    </p>
   </div>
   <div class='ocr_carea' id='block_1_33' title="bbox 1867 953 3480 1019">
    <p class='ocr_par' dir='ltr' id='par_1_33' title="bbox 1867 953 3480 1019">
     <span class='ocr_line' id='line_1_33' title="bbox 1867 953 3480 1019; baseline -0.003 -6"><span class='ocrx_word' id='word_1_216' title='bbox 1867 965 1969 1013; x_wconf 90' lang='lat' dir='ltr'>etc.</span> <span class='ocrx_word' id='word_1_217' title='bbox 1996 958 2081 1011; x_wconf 84' lang='lat' dir='ltr'>MS</span> <span class='ocrx_word' id='word_1_218' title='bbox 2112 959 2215 1013; x_wconf 92' lang='lat' dir='ltr'>hoc</span> <span class='ocrx_word' id='word_1_219' title='bbox 2244 959 2364 1013; x_wconf 93' lang='lat' dir='ltr'>loco</span> <span class='ocrx_word' id='word_1_220' title='bbox 2395 965 2450 1013; x_wconf 90' lang='lat' dir='ltr'>et</span> <span class='ocrx_word' id='word_1_221' title='bbox 2472 972 2597 1012; x_wconf 85' lang='lat' dir='ltr'>mox</span> <span class='ocrx_word' id='word_1_222' title='bbox 2629 955 2771 1010; x_wconf 88' lang='lat' dir='ltr'>infra</span> <span class='ocrx_word' id='word_1_223' title='bbox 2827 957 3097 1019; x_wconf 83' lang='lat' dir='ltr'>Porcensi,</span> <span class='ocrx_word' id='word_1_224' title='bbox 3153 953 3282 1009; x_wconf 88' lang='lat' dir='ltr'>item</span> <span class='ocrx_word' id='word_1_225' title='bbox 3312 956 3480 1009; x_wconf 83' lang='lat' dir='ltr'>villa-</span> 
     </span>
    </p>
   </div>
   <div class='ocr_carea' id='block_1_34' title="bbox 1863 1045 3481 1124">
    <p class='ocr_par' dir='ltr' id='par_1_34' title="bbox 1863 1045 3481 1124">
     <span class='ocr_line' id='line_1_34' title="bbox 1863 1045 3481 1124; baseline -0.002 -20"><span class='ocrx_word' id='word_1_226' title='bbox 1863 1052 1946 1104; x_wconf 79' lang='lat' dir='ltr'>ris</span> <span class='ocrx_word' id='word_1_227' title='bbox 1978 1050 2188 1124; x_wconf 90' lang='lat' dir='ltr'>legunt,</span> <span class='ocrx_word' id='word_1_228' title='bbox 2223 1055 2277 1104; x_wconf 90' lang='lat' dir='ltr'>et</span> <span class='ocrx_word' id='word_1_229' title='bbox 2335 1049 2389 1103; x_wconf 90' lang='lat' dir='ltr'>in</span> <span class='ocrx_word' id='word_1_230' title='bbox 2420 1049 2468 1102; x_wconf 86' lang='lat' dir='ltr'>M</span> <span class='ocrx_word' id='word_1_231' title='bbox 2498 1054 2653 1103; x_wconf 80' lang='lat' dir='ltr'>vacat</span> <span class='ocrx_word' id='word_1_232' title='bbox 2704 1046 2965 1117; x_wconf 88' lang='lat' dir='ltr'>spatium,</span> <span class='ocrx_word' id='word_1_233' title='bbox 3025 1053 3087 1099; x_wconf 87' lang='lat' dir='ltr'>ut</span> <span class='ocrx_word' id='word_1_234' title='bbox 3137 1045 3481 1120; x_wconf 84' lang='lat' dir='ltr'>signiﬁcetur</span> 
     </span>
    </p>
   </div>
   <div class='ocr_carea' id='block_1_35' title="bbox 1863 1136 3481 1213">
    <p class='ocr_par' dir='ltr' id='par_1_35' title="bbox 1863 1136 3481 1213">
     <span class='ocr_line' id='line_1_35' title="bbox 1863 1136 3481 1213; baseline -0.002 -17"><span class='ocrx_word' id='word_1_235' title='bbox 1863 1141 2059 1196; x_wconf 89' lang='lat' dir='ltr'>deesse</span> <span class='ocrx_word' id='word_1_236' title='bbox 2090 1142 2275 1213; x_wconf 89' lang='lat' dir='ltr'>aliqua</span> <span class='ocrx_word' id='word_1_237' title='bbox 2304 1141 2495 1206; x_wconf 87' lang='lat' dir='ltr'>dictio,</span> <span class='ocrx_word' id='word_1_238' title='bbox 2552 1139 2630 1195; x_wconf 93' lang='lat' dir='ltr'>uti</span> <span class='ocrx_word' id='word_1_239' title='bbox 2664 1147 2717 1195; x_wconf 91' lang='lat' dir='ltr'>et</span> <span class='ocrx_word' id='word_1_240' title='bbox 2747 1140 2885 1194; x_wconf 88' lang='lat' dir='ltr'>intra</span> <span class='ocrx_word' id='word_1_241' title='bbox 2909 1155 2924 1203; x_wconf 86' lang='lat'><strong>;</strong></span> <span class='ocrx_word' id='word_1_242' title='bbox 2948 1138 3094 1210; x_wconf 91' lang='lat' dir='ltr'>quod</span> <span class='ocrx_word' id='word_1_243' title='bbox 3123 1154 3155 1192; x_wconf 91' lang='lat' dir='ltr'>a</span> <span class='ocrx_word' id='word_1_244' title='bbox 3206 1136 3481 1193; x_wconf 88' lang='lat' dir='ltr'>Brissonio</span> 
     </span>
    </p>
   </div>
   <div class='ocr_carea' id='block_1_36' title="bbox 1863 1233 3483 1305">
    <p class='ocr_par' dir='ltr' id='par_1_36' title="bbox 1863 1233 3483 1305">
     <span class='ocr_line' id='line_1_36' title="bbox 1863 1233 3483 1305; baseline -0.001 -17"><span class='ocrx_word' id='word_1_245' title='bbox 1863 1239 1917 1288; x_wconf 89' lang='lat' dir='ltr'>et</span> <span class='ocrx_word' id='word_1_246' title='bbox 1948 1234 2071 1287; x_wconf 91' lang='lat' dir='ltr'>aliis</span> <span class='ocrx_word' id='word_1_247' title='bbox 2087 1250 2198 1289; x_wconf 91' lang='lat' dir='ltr'>non</span> <span class='ocrx_word' id='word_1_248' title='bbox 2226 1240 2309 1289; x_wconf 92' lang='lat' dir='ltr'>est</span> <span class='ocrx_word' id='word_1_249' title='bbox 2338 1233 2805 1297; x_wconf 87' lang='lat' dir='ltr'>animadversum,</span> <span class='ocrx_word' id='word_1_250' title='bbox 2840 1233 3075 1305; x_wconf 89' lang='lat' dir='ltr'>ideoque</span> <span class='ocrx_word' id='word_1_251' title='bbox 3097 1234 3284 1289; x_wconf 88' lang='lat' dir='ltr'>omnia</span> <span class='ocrx_word' id='word_1_252' title='bbox 3299 1233 3483 1288; x_wconf 89' lang='lat' dir='ltr'>conti-</span> 
     </span>
    </p>
   </div>
   <div class='ocr_carea' id='block_1_37' title="bbox 1865 1321 3481 1388">
    <p class='ocr_par' dir='ltr' id='par_1_37' title="bbox 1865 1321 3481 1388">
     <span class='ocr_line' id='line_1_37' title="bbox 1865 1321 3481 1388; baseline 0 -12"><span class='ocrx_word' id='word_1_253' title='bbox 1865 1330 2064 1377; x_wconf 90' lang='lat' dir='ltr'>nenter</span> <span class='ocrx_word' id='word_1_254' title='bbox 2093 1323 2357 1377; x_wconf 89' lang='lat' dir='ltr'>scribunt.</span> <span class='ocrx_word' id='word_1_255' title='bbox 2418 1321 2621 1376; x_wconf 90' lang='lat' dir='ltr'>Similis</span> <span class='ocrx_word' id='word_1_256' title='bbox 2678 1330 2761 1376; x_wconf 91' lang='lat' dir='ltr'>est</span> <span class='ocrx_word' id='word_1_257' title='bbox 2789 1322 3025 1377; x_wconf 82' lang='lat' dir='ltr'>varietas</span> <span class='ocrx_word' id='word_1_258' title='bbox 3057 1321 3154 1376; x_wconf 92' lang='lat' dir='ltr'>lib.</span> <span class='ocrx_word' id='word_1_259' title='bbox 3188 1339 3248 1388; x_wconf 87' lang='grc' dir='ltr'>ιι,</span> <span class='ocrx_word' id='word_1_260' title='bbox 3311 1339 3361 1385; x_wconf 88' lang='lat' dir='ltr'>c,</span> <span class='ocrx_word' id='word_1_261' title='bbox 3391 1323 3481 1388; x_wconf 82' lang='grc'>11,</span> 
     </span>
    </p>
   </div>
   <div class='ocr_carea' id='block_1_38' title="bbox 1863 1407 3483 1483">
    <p class='ocr_par' dir='ltr' id='par_1_38' title="bbox 1863 1407 3483 1483">
     <span class='ocr_line' id='line_1_38' title="bbox 1863 1407 3483 1483; baseline -0.002 -19"><span class='ocrx_word' id='word_1_262' title='bbox 1863 1409 1961 1464; x_wconf 87' lang='lat' dir='ltr'>ubi</span> <span class='ocrx_word' id='word_1_263' title='bbox 1986 1409 2142 1464; x_wconf 91' lang='lat' dir='ltr'>initio</span> <span class='ocrx_word' id='word_1_264' title='bbox 2173 1410 2370 1479; x_wconf 85' lang='lat' dir='ltr'>capitis</span> <span class='ocrx_word' id='word_1_265' title='bbox 2402 1410 2486 1463; x_wconf 88' lang='lat' dir='ltr'>MS</span> <span class='ocrx_word' id='word_1_266' title='bbox 2516 1409 2540 1464; x_wconf 86' lang='lat' dir='ltr'><strong>J</strong></span> <span class='ocrx_word' id='word_1_267' title='bbox 2569 1410 2764 1463; x_wconf 83' lang='lat' dir='ltr'>iterum</span> <span class='ocrx_word' id='word_1_268' title='bbox 2829 1412 3076 1464; x_wconf 80' lang='lat' dir='ltr'>Porcensi</span> <span class='ocrx_word' id='word_1_269' title='bbox 3112 1409 3325 1483; x_wconf 85' lang='lat' dir='ltr'>legunt,</span> <span class='ocrx_word' id='word_1_270' title='bbox 3385 1407 3483 1461; x_wconf 89' lang='lat' dir='ltr'>sed</span> 
     </span>
    </p>
   </div>
   <div class='ocr_carea' id='block_1_39' title="bbox 1866 1496 3480 1569">
    <p class='ocr_par' dir='ltr' id='par_1_39' title="bbox 1866 1496 3480 1569">
     <span class='ocr_line' id='line_1_39' title="bbox 1866 1496 3480 1569; baseline 0 -17"><span class='ocrx_word' id='word_1_271' title='bbox 1866 1496 1902 1552; x_wconf 91' lang='lat' dir='ltr'><strong><em>C</em></strong></span> <span class='ocrx_word' id='word_1_272' title='bbox 1940 1499 2106 1553; x_wconf 87' lang='lat' dir='ltr'>vertit</span> <span class='ocrx_word' id='word_1_273' title='bbox 2156 1501 2359 1565; x_wconf 71' lang='lat' dir='ltr'>Postea,</span> <span class='ocrx_word' id='word_1_274' title='bbox 2418 1507 2473 1554; x_wconf 89' lang='lat' dir='ltr'>et</span> <span class='ocrx_word' id='word_1_275' title='bbox 2527 1500 2581 1554; x_wconf 90' lang='lat' dir='ltr'>in</span> <span class='ocrx_word' id='word_1_276' title='bbox 2630 1517 2654 1553; x_wconf 73' lang='grc' dir='ltr'><strong><em>ε</em></strong></span> <span class='ocrx_word' id='word_1_277' title='bbox 2684 1500 2917 1555; x_wconf 86' lang='lat' dir='ltr'>litterat</span> <span class='ocrx_word' id='word_1_278' title='bbox 2965 1498 3382 1569; x_wconf 89' lang='lat' dir='ltr'>superponitur.</span> <span class='ocrx_word' id='word_1_279' title='bbox 3422 1500 3480 1552; x_wconf 87' lang='lat' dir='ltr'>In</span> 
     </span>
    </p>
   </div>
   <div class='ocr_carea' id='block_1_40' title="bbox 1866 1589 3485 1665">
    <p class='ocr_par' dir='ltr' id='par_1_40' title="bbox 1866 1589 3485 1665">
     <span class='ocr_line' id='line_1_40' title="bbox 1866 1589 3485 1665; baseline 0.001 -21"><span class='ocrx_word' id='word_1_280' title='bbox 1866 1589 1977 1645; x_wconf 84' lang='lat' dir='ltr'>ﬁne</span> <span class='ocrx_word' id='word_1_281' title='bbox 1998 1606 2128 1646; x_wconf 87' lang='lat' dir='ltr'>vero</span> <span class='ocrx_word' id='word_1_282' title='bbox 2158 1591 2206 1645; x_wconf 90' lang='lat' dir='ltr'>M</span> <span class='ocrx_word' id='word_1_283' title='bbox 2230 1592 2342 1647; x_wconf 89' lang='lat' dir='ltr'>etC</span> <span class='ocrx_word' id='word_1_284' title='bbox 2363 1595 2630 1657; x_wconf 87' lang='lat' dir='ltr'>Portensi,</span> <span class='ocrx_word' id='word_1_285' title='bbox 2666 1592 2764 1646; x_wconf 89' lang='lat' dir='ltr'>lib.</span> <span class='ocrx_word' id='word_1_286' title='bbox 2797 1609 2876 1656; x_wconf 84' lang='grc' dir='ltr'>ιιι,</span> <span class='ocrx_word' id='word_1_287' title='bbox 2909 1608 2956 1647; x_wconf 92' lang='lat' dir='ltr'>c.</span> <span class='ocrx_word' id='word_1_288' title='bbox 2990 1592 3044 1657; x_wconf 90' lang='lat'>7,</span> <span class='ocrx_word' id='word_1_289' title='bbox 3077 1591 3262 1646; x_wconf 88' lang='lat' dir='ltr'>omnia</span> <span class='ocrx_word' id='word_1_290' title='bbox 3292 1591 3485 1665; x_wconf 88' lang='lat' dir='ltr'>legunt</span> 
     </span>
    </p>
   </div>
   <div class='ocr_carea' id='block_1_41' title="bbox 1867 1683 3482 1757">
    <p class='ocr_par' dir='ltr' id='par_1_41' title="bbox 1867 1683 3482 1757">
     <span class='ocr_line' id='line_1_41' title="bbox 1867 1683 3482 1757; baseline 0 -20"><span class='ocrx_word' id='word_1_291' title='bbox 1867 1685 2138 1743; x_wconf 84' lang='lat' dir='ltr'>Porcensi.</span> <span class='ocrx_word' id='word_1_292' title='bbox 2170 1692 2225 1740; x_wconf 93' lang='lat' dir='ltr'>et</span> <span class='ocrx_word' id='word_1_293' title='bbox 2290 1685 2498 1740; x_wconf 92' lang='lat' dir='ltr'>ibidem</span> <span class='ocrx_word' id='word_1_294' title='bbox 2548 1686 2731 1750; x_wconf 79' lang='lat' dir='ltr'>vertit,</span> <span class='ocrx_word' id='word_1_295' title='bbox 2778 1687 2958 1751; x_wconf 84' lang='lat' dir='ltr'>Potcz,</span> <span class='ocrx_word' id='word_1_296' title='bbox 3014 1684 3113 1738; x_wconf 90' lang='lat' dir='ltr'>sed</span> <span class='ocrx_word' id='word_1_297' title='bbox 3145 1685 3200 1738; x_wconf 90' lang='lat' dir='ltr'>in</span> <span class='ocrx_word' id='word_1_298' title='bbox 3232 1683 3482 1757; x_wconf 81' lang='lat' dir='ltr'>margine</span> 
     </span>
    </p>
   </div>
   <div class='ocr_carea' id='block_1_42' title="bbox 1869 1770 3483 1845">
    <p class='ocr_par' dir='ltr' id='par_1_42' title="bbox 1869 1770 3483 1845">
     <span class='ocr_line' id='line_1_42' title="bbox 1869 1770 3483 1845; baseline -0.001 -21"><span class='ocrx_word' id='word_1_299' title='bbox 1869 1770 2024 1841; x_wconf 85' lang='lat' dir='ltr'>ponit</span> <span class='ocrx_word' id='word_1_300' title='bbox 2046 1787 2113 1825; x_wconf 90' lang='lat' dir='ltr'>ou</span> <span class='ocrx_word' id='word_1_301' title='bbox 2142 1771 2208 1826; x_wconf 89' lang='lat' dir='ltr'>de</span> <span class='ocrx_word' id='word_1_302' title='bbox 2232 1774 2489 1828; x_wconf 75' lang='lat' dir='ltr'>Portium.</span> <span class='ocrx_word' id='word_1_303' title='bbox 2526 1775 2656 1827; x_wconf 89' lang='lat' dir='ltr'>ltem</span> <span class='ocrx_word' id='word_1_304' title='bbox 2684 1773 2779 1827; x_wconf 88' lang='lat' dir='ltr'>lib.</span> <span class='ocrx_word' id='word_1_305' title='bbox 2810 1789 2884 1835; x_wconf 83' lang='lat' dir='ltr'>1v,</span> <span class='ocrx_word' id='word_1_306' title='bbox 2918 1788 2963 1827; x_wconf 85' lang='lat' dir='ltr'>c.</span> <span class='ocrx_word' id='word_1_307' title='bbox 2998 1770 3089 1836; x_wconf 73' lang='lat'>29,</span> <span class='ocrx_word' id='word_1_308' title='bbox 3126 1786 3325 1845; x_wconf 81' lang='lat' dir='ltr'>pagum</span> <span class='ocrx_word' id='word_1_309' title='bbox 3348 1770 3483 1823; x_wconf 88' lang='lat' dir='ltr'>Por-</span> 
     </span>
    </p>
   </div>
   <div class='ocr_carea' id='block_1_43' title="bbox 1792 1823 3483 1926">
    <p class='ocr_par' dir='ltr' id='par_1_43' title="bbox 1792 1823 3483 1926">
     <span class='ocr_line' id='line_1_43' title="bbox 1792 1823 3483 1926; baseline -0.001 -12"><span class='ocrx_word' id='word_1_310' title='bbox 1792 1823 1844 1892; x_wconf 82' lang='lat' dir='ltr'>B</span> <span class='ocrx_word' id='word_1_311' title='bbox 1868 1823 2103 1926; x_wconf 75' lang='lat' dir='ltr'>tensem,</span> <span class='ocrx_word' id='word_1_312' title='bbox 2136 1861 2199 1916; x_wconf 84' lang='lat' dir='ltr'>CJ</span> <span class='ocrx_word' id='word_1_313' title='bbox 2232 1860 2587 1926; x_wconf 88' lang='lat' dir='ltr'>Porcensem,</span> <span class='ocrx_word' id='word_1_314' title='bbox 2621 1870 2676 1916; x_wconf 90' lang='lat' dir='ltr'>et</span> <span class='ocrx_word' id='word_1_315' title='bbox 2705 1823 2911 1916; x_wconf 75' lang='lat' dir='ltr'>Gallice</span> <span class='ocrx_word' id='word_1_316' title='bbox 2940 1823 3103 1915; x_wconf 71' lang='lat' dir='ltr'>vertit</span> <span class='ocrx_word' id='word_1_317' title='bbox 3128 1823 3386 1914; x_wconf 54' lang='lat' dir='ltr'>laicterre</span> <span class='ocrx_word' id='word_1_318' title='bbox 3418 1857 3483 1912; x_wconf 86' lang='lat' dir='ltr'>de</span> 
     </span>
    </p>
   </div>
   <div class='ocr_carea' id='block_1_44' title="bbox 1864 1955 2121 2009">
    <p class='ocr_par' dir='ltr' id='par_1_44' title="bbox 1864 1955 2121 2009">
     <span class='ocr_line' id='line_1_44' title="bbox 1864 1955 2121 2009; baseline 0 -2"><span class='ocrx_word' id='word_1_319' title='bbox 1864 1955 2121 2009; x_wconf 78' lang='lat' dir='ltr'>Portium.</span> 
     </span>
    </p>
   </div>
   <div class='ocr_carea' id='block_1_45' title="bbox 1938 2041 3483 2106">
    <p class='ocr_par' dir='ltr' id='par_1_45' title="bbox 1938 2041 3483 2106">
     <span class='ocr_line' id='line_1_45' title="bbox 1938 2041 3483 2106; baseline -0.005 -6"><span class='ocrx_word' id='word_1_320' title='bbox 1938 2046 2299 2100; x_wconf 81' lang='lat' dir='ltr'>Duodeciucus</span> <span class='ocrx_word' id='word_1_321' title='bbox 2322 2061 2445 2099; x_wconf 80' lang='lat' dir='ltr'>vero</span> <span class='ocrx_word' id='word_1_322' title='bbox 2501 2048 2640 2099; x_wconf 80' lang='lat' dir='ltr'>sicut</span> <span class='ocrx_word' id='word_1_323' title='bbox 2692 2062 2727 2098; x_wconf 90' lang='lat' dir='ltr'>a</span> <span class='ocrx_word' id='word_1_324' title='bbox 2763 2044 3084 2101; x_wconf 82' lang='lat' dir='ltr'>Clodawallo</span> <span class='ocrx_word' id='word_1_325' title='bbox 3126 2049 3229 2098; x_wconf 88' lang='lat' dir='ltr'>etc.</span> <span class='ocrx_word' id='word_1_326' title='bbox 3268 2041 3337 2106; x_wconf 90' lang='lat' dir='ltr'>M,</span> <span class='ocrx_word' id='word_1_327' title='bbox 3372 2042 3483 2095; x_wconf 90' lang='lat' dir='ltr'>Lu-</span> 
     </span>
    </p>
   </div>
   <div class='ocr_carea' id='block_1_46' title="bbox 1864 2134 3483 2203">
    <p class='ocr_par' dir='ltr' id='par_1_46' title="bbox 1864 2134 3483 2203">
     <span class='ocr_line' id='line_1_46' title="bbox 1864 2134 3483 2203; baseline -0.002 -11"><span class='ocrx_word' id='word_1_328' title='bbox 1864 2140 2115 2203; x_wconf 87' lang='lat' dir='ltr'>dowallo,</span> <span class='ocrx_word' id='word_1_329' title='bbox 2173 2147 2229 2192; x_wconf 87' lang='lat' dir='ltr'>et</span> <span class='ocrx_word' id='word_1_330' title='bbox 2273 2138 2528 2192; x_wconf 68' lang='lat' dir='ltr'>similiter</span> <span class='ocrx_word' id='word_1_331' title='bbox 2576 2137 2718 2191; x_wconf 86' lang='lat' dir='ltr'>infra</span> <span class='ocrx_word' id='word_1_332' title='bbox 2770 2136 3158 2191; x_wconf 72' lang='lat' dir='ltr'>Ludowuldus.</span> <span class='ocrx_word' id='word_1_333' title='bbox 3218 2134 3483 2200; x_wconf 84' lang='lat' dir='ltr'>Brisson.,</span> 
     </span>
    </p>
   </div>
   <div class='ocr_carea' id='block_1_47' title="bbox 1869 2226 3483 2295">
    <p class='ocr_par' dir='ltr' id='par_1_47' title="bbox 1869 2226 3483 2295">
     <span class='ocr_line' id='line_1_47' title="bbox 1869 2226 3483 2295; baseline -0.002 -11"><span class='ocrx_word' id='word_1_334' title='bbox 1869 2228 2245 2293; x_wconf 87' lang='lat' dir='ltr'>lllodowaldo,</span> <span class='ocrx_word' id='word_1_335' title='bbox 2304 2236 2358 2282; x_wconf 72' lang='lat' dir='ltr'>et</span> <span class='ocrx_word' id='word_1_336' title='bbox 2406 2228 2659 2282; x_wconf 87' lang='lat' dir='ltr'>similiter</span> <span class='ocrx_word' id='word_1_337' title='bbox 2706 2227 2846 2281; x_wconf 87' lang='lat' dir='ltr'>infra</span> <span class='ocrx_word' id='word_1_338' title='bbox 2901 2227 2997 2280; x_wconf 88' lang='lat' dir='ltr'>lib.</span> <span class='ocrx_word' id='word_1_339' title='bbox 3042 2243 3121 2293; x_wconf 84' lang='lat' dir='ltr'>Ill,</span> <span class='ocrx_word' id='word_1_340' title='bbox 3152 2243 3272 2295; x_wconf 89' lang='lat' dir='ltr'>cap.</span> <span class='ocrx_word' id='word_1_341' title='bbox 3302 2226 3389 2279; x_wconf 71' lang='grc'>20.</span> <span class='ocrx_word' id='word_1_342' title='bbox 3424 2227 3483 2280; x_wconf 88' lang='lat' dir='ltr'>In</span> 
     </span>
    </p>
   </div>
   <div class='ocr_carea' id='block_1_48' title="bbox 1867 2316 3482 2389">
    <p class='ocr_par' dir='ltr' id='par_1_48' title="bbox 1867 2316 3482 2389">
     <span class='ocr_line' id='line_1_48' title="bbox 1867 2316 3482 2389; baseline -0.002 -16"><span class='ocrx_word' id='word_1_343' title='bbox 1867 2319 2123 2374; x_wconf 89' lang='lat' dir='ltr'>omnibus</span> <span class='ocrx_word' id='word_1_344' title='bbox 2143 2316 2651 2388; x_wconf 86' lang='lat' dir='ltr'>exemplaribusbis</span> <span class='ocrx_word' id='word_1_345' title='bbox 2672 2318 2873 2389; x_wconf 83' lang='lat' dir='ltr'>legitur</span> <span class='ocrx_word' id='word_1_346' title='bbox 2897 2323 3114 2371; x_wconf 69' lang='lat' dir='ltr'>sanctus</span> <span class='ocrx_word' id='word_1_347' title='bbox 3138 2316 3482 2371; x_wconf 52' lang='lat' dir='ltr'>Clodoalilus.</span> 
     </span>
    </p>
   </div>
   <div class='ocr_carea' id='block_1_49' title="bbox 1869 2409 3484 2482">
    <p class='ocr_par' dir='ltr' id='par_1_49' title="bbox 1869 2409 3484 2482">
     <span class='ocr_line' id='line_1_49' title="bbox 1869 2409 3484 2482; baseline -0.002 -17"><span class='ocrx_word' id='word_1_348' title='bbox 1869 2413 2066 2466; x_wconf 78' lang='lat' dir='ltr'>Beatus</span> <span class='ocrx_word' id='word_1_349' title='bbox 2124 2410 2406 2482; x_wconf 82' lang='lat' dir='ltr'>Remigius</span> <span class='ocrx_word' id='word_1_350' title='bbox 2460 2409 2623 2480; x_wconf 89' lang='lat' dir='ltr'>paulo</span> <span class='ocrx_word' id='word_1_351' title='bbox 2677 2409 2821 2463; x_wconf 83' lang='lat' dir='ltr'>infra</span> <span class='ocrx_word' id='word_1_352' title='bbox 2876 2416 3032 2462; x_wconf 83' lang='lat' dir='ltr'>vocat</span> <span class='ocrx_word' id='word_1_353' title='bbox 3091 2424 3216 2462; x_wconf 92' lang='lat' dir='ltr'>eum</span> <span class='ocrx_word' id='word_1_354' title='bbox 3251 2425 3484 2478; x_wconf 88' lang='lat' dir='ltr'>puerum</span> 
     </span>
    </p>
   </div>
   <div class='ocr_carea' id='block_1_50' title="bbox 1868 2494 3487 2570">
    <p class='ocr_par' dir='ltr' id='par_1_50' title="bbox 1868 2494 3487 2570">
     <span class='ocr_line' id='line_1_50' title="bbox 1868 2494 3487 2570; baseline -0.006 -15"><span class='ocrx_word' id='word_1_355' title='bbox 1868 2500 2276 2555; x_wconf 87' lang='lat' dir='ltr'>sanctissimum</span> <span class='ocrx_word' id='word_1_356' title='bbox 2297 2499 2543 2569; x_wconf 88' lang='lat' dir='ltr'>;sibique</span> <span class='ocrx_word' id='word_1_357' title='bbox 2562 2497 2901 2552; x_wconf 86' lang='lat' dir='ltr'>unanimem.</span> <span class='ocrx_word' id='word_1_358' title='bbox 2922 2495 3181 2570; x_wconf 84' lang='lat' dir='ltr'>Aguntdc</span> <span class='ocrx_word' id='word_1_359' title='bbox 3201 2510 3266 2548; x_wconf 86' lang='lat' dir='ltr'>eo</span> <span class='ocrx_word' id='word_1_360' title='bbox 3286 2494 3487 2549; x_wconf 88' lang='lat' dir='ltr'>Usuar-</span> 
     </span>
    </p>
   </div>
   <div class='ocr_carea' id='block_1_51' title="bbox 1871 2582 3481 2657">
    <p class='ocr_par' dir='ltr' id='par_1_51' title="bbox 1871 2582 3481 2657">
     <span class='ocr_line' id='line_1_51' title="bbox 1871 2582 3481 2657; baseline -0.002 -16"><span class='ocrx_word' id='word_1_361' title='bbox 1871 2590 1991 2653; x_wconf 87' lang='lat' dir='ltr'>dus,</span> <span class='ocrx_word' id='word_1_362' title='bbox 2045 2589 2352 2643; x_wconf 91' lang='lat' dir='ltr'>Romanum</span> <span class='ocrx_word' id='word_1_363' title='bbox 2415 2587 2713 2657; x_wconf 80' lang='lat' dir='ltr'>Martyrol,</span> <span class='ocrx_word' id='word_1_364' title='bbox 2781 2585 3061 2656; x_wconf 82' lang='lat' dir='ltr'>Martyrol.</span> <span class='ocrx_word' id='word_1_365' title='bbox 3114 2582 3481 2638; x_wconf 76' lang='lat' dir='ltr'>monasticam</span> 
     </span>
    </p>
   </div>
   <div class='ocr_carea' id='block_1_52' title="bbox 1872 2673 3487 2747">
    <p class='ocr_par' dir='ltr' id='par_1_52' title="bbox 1872 2673 3487 2747">
     <span class='ocr_line' id='line_1_52' title="bbox 1872 2673 3487 2747; baseline -0.003 -14"><span class='ocrx_word' id='word_1_366' title='bbox 1872 2679 2096 2734; x_wconf 82' lang='lat' dir='ltr'>Arnoldi</span> <span class='ocrx_word' id='word_1_367' title='bbox 2145 2679 2351 2741; x_wconf 84' lang='lat' dir='ltr'>Wion.,</span> <span class='ocrx_word' id='word_1_368' title='bbox 2384 2687 2438 2733; x_wconf 89' lang='lat' dir='ltr'>et</span> <span class='ocrx_word' id='word_1_369' title='bbox 2462 2680 2567 2732; x_wconf 90' lang='lat' dir='ltr'>alia</span> <span class='ocrx_word' id='word_1_370' title='bbox 2595 2678 2684 2732; x_wconf 90' lang='lat' dir='ltr'>die</span> <span class='ocrx_word' id='word_1_371' title='bbox 2732 2677 2761 2732; x_wconf 89' lang='grc'><strong>7</strong></span> <span class='ocrx_word' id='word_1_372' title='bbox 2816 2676 3175 2747; x_wconf 86' lang='lat' dir='ltr'>Septembris.</span> <span class='ocrx_word' id='word_1_373' title='bbox 3240 2673 3487 2739; x_wconf 84' lang='lat' dir='ltr'>Quiescit</span> 
     </span>
    </p>
   </div>
   <div class='ocr_carea' id='block_1_53' title="bbox 195 2765 3483 2843">
    <p class='ocr_par' dir='ltr' id='par_1_53' title="bbox 195 2765 3483 2843">
     <span class='ocr_line' id='line_1_53' title="bbox 195 2765 3483 2843; baseline 0.001 -25"><span class='ocrx_word' id='word_1_374' title='bbox 195 2779 291 2819; x_wconf 88' lang='lat' dir='ltr'>mea</span> <span class='ocrx_word' id='word_1_375' title='bbox 310 2776 432 2832; x_wconf 87' lang='lat' dir='ltr'>esto,</span> <span class='ocrx_word' id='word_1_376' title='bbox 465 2770 854 2843; x_wconf 76' lang='lat' dir='ltr'>haeredemque</span> <span class='ocrx_word' id='word_1_377' title='bbox 884 2789 1062 2827; x_wconf 90' lang='lat' dir='ltr'>meam</span> <span class='ocrx_word' id='word_1_378' title='bbox 1096 2782 1148 2827; x_wconf 91' lang='lat' dir='ltr'>te</span> <span class='ocrx_word' id='word_1_379' title='bbox 1174 2789 1295 2828; x_wconf 89' lang='lat' dir='ltr'>esse</span> <span class='ocrx_word' id='word_1_380' title='bbox 1326 2774 1604 2828; x_wconf 89' lang='lat' dir='ltr'>constituo</span> <span class='ocrx_word' id='word_1_381' title='bbox 1639 2791 1652 2826; x_wconf 88' lang='lat'>:</span> <span class='ocrx_word' id='word_1_382' title='bbox 1688 2773 1762 2828; x_wconf 88' lang='lat' dir='ltr'>ita</span> <span class='ocrx_word' id='word_1_383' title='bbox 1853 2773 2009 2842; x_wconf 86' lang='lat' dir='ltr'>juxta</span> <span class='ocrx_word' id='word_1_384' title='bbox 2042 2772 2297 2833; x_wconf 79' lang='lat' dir='ltr'>Parisios,</span> <span class='ocrx_word' id='word_1_385' title='bbox 2333 2771 2536 2825; x_wconf 88' lang='lat' dir='ltr'>Gallice</span> <span class='ocrx_word' id='word_1_386' title='bbox 2575 2770 2960 2826; x_wconf 81' lang='lat' dir='ltr'>Suint-Cloud.</span> <span class='ocrx_word' id='word_1_387' title='bbox 2996 2769 3116 2843; x_wconf 86' lang='lat' dir='ltr'>Agit</span> <span class='ocrx_word' id='word_1_388' title='bbox 3146 2768 3215 2822; x_wconf 89' lang='lat' dir='ltr'>de</span> <span class='ocrx_word' id='word_1_389' title='bbox 3248 2782 3314 2821; x_wconf 90' lang='lat' dir='ltr'>eo</span> <span class='ocrx_word' id='word_1_390' title='bbox 3345 2765 3483 2821; x_wconf 88' lang='lat' dir='ltr'>Grc-</span> 
     </span>
    </p>
   </div>
   <div class='ocr_carea' id='block_1_54' title="bbox 192 2854 1760 2932">
    <p class='ocr_par' dir='ltr' id='par_1_54' title="bbox 192 2854 1760 2932">
     <span class='ocr_line' id='line_1_54' title="bbox 192 2854 1760 2932; baseline 0.008 -27"><span class='ocrx_word' id='word_1_391' title='bbox 192 2854 544 2929; x_wconf 86' lang='lat' dir='ltr'>utubicunque</span> <span class='ocrx_word' id='word_1_392' title='bbox 574 2860 793 2931; x_wconf 90' lang='lat' dir='ltr'>aliquid</span> <span class='ocrx_word' id='word_1_393' title='bbox 824 2877 926 2932; x_wconf 89' lang='lat' dir='ltr'>per</span> <span class='ocrx_word' id='word_1_394' title='bbox 974 2862 1080 2916; x_wconf 88' lang='lat' dir='ltr'>hoc</span> <span class='ocrx_word' id='word_1_395' title='bbox 1138 2870 1527 2917; x_wconf 88' lang='lat' dir='ltr'>testamentum</span> <span class='ocrx_word' id='word_1_396' title='bbox 1575 2877 1760 2917; x_wconf 88' lang='lat' dir='ltr'>meum</span> 
     </span>
    </p>
   </div>
   <div class='ocr_carea' id='block_1_55' title="bbox 193 2940 1761 3020">
    <p class='ocr_par' dir='ltr' id='par_1_55' title="bbox 193 2940 1761 3020">
     <span class='ocr_line' id='line_1_55' title="bbox 193 2940 1761 3020; baseline 0.008 -26"><span class='ocrx_word' id='word_1_397' title='bbox 193 2940 379 3007; x_wconf 85' lang='lat' dir='ltr'>dedero,</span> <span class='ocrx_word' id='word_1_398' title='bbox 408 2947 663 3020; x_wconf 80' lang='lat' dir='ltr'>legavero</span> <span class='ocrx_word' id='word_1_399' title='bbox 716 2950 917 3005; x_wconf 87' lang='lat' dir='ltr'>dareve</span> <span class='ocrx_word' id='word_1_400' title='bbox 969 2952 1211 3020; x_wconf 92' lang='lat' dir='ltr'>jussero,</span> <span class='ocrx_word' id='word_1_401' title='bbox 1271 2953 1326 3007; x_wconf 92' lang='lat' dir='ltr'>id</span> <span class='ocrx_word' id='word_1_402' title='bbox 1357 2960 1416 3007; x_wconf 91' lang='lat' dir='ltr'>ut</span> <span class='ocrx_word' id='word_1_403' title='bbox 1437 2952 1615 3018; x_wconf 90' lang='lat' dir='ltr'>detur,</span> <span class='ocrx_word' id='word_1_404' title='bbox 1647 2951 1761 3019; x_wconf 82' lang='lat' dir='ltr'>fiat,</span> 
     </span>
    </p>
   </div>
   <div class='ocr_carea' id='block_1_56' title="bbox 191 3036 1761 3109">
    <p class='ocr_par' dir='ltr' id='par_1_56' title="bbox 191 3036 1761 3109">
     <span class='ocr_line' id='line_1_56' title="bbox 191 3036 1761 3109; baseline 0.006 -22"><span class='ocrx_word' id='word_1_405' title='bbox 191 3042 452 3101; x_wconf 63' lang='lat' dir='ltr'>praestetur,</span> <span class='ocrx_word' id='word_1_406' title='bbox 482 3036 614 3093; x_wconf 88' lang='lat' dir='ltr'>ﬁdei</span> <span class='ocrx_word' id='word_1_407' title='bbox 681 3046 784 3094; x_wconf 64' lang='lat' dir='ltr'>ture</span> <span class='ocrx_word' id='word_1_408' title='bbox 846 3040 1025 3094; x_wconf 70' lang='lat' dir='ltr'>haeres</span> <span class='ocrx_word' id='word_1_409' title='bbox 1087 3057 1214 3095; x_wconf 90' lang='lat' dir='ltr'>mea</span> <span class='ocrx_word' id='word_1_410' title='bbox 1241 3043 1548 3109; x_wconf 88' lang='lat' dir='ltr'>committo,</span> <span class='ocrx_word' id='word_1_411' title='bbox 1599 3067 1623 3088; x_wconf 73' lang='grc' dir='ltr'><strong><em>η</em></strong></span> <span class='ocrx_word' id='word_1_412' title='bbox 1655 3051 1761 3098; x_wconf 90' lang='lat' dir='ltr'>etc.</span> 
     </span>
    </p>
   </div>
   <div class='ocr_carea' id='block_1_57' title="bbox 1860 2854 3484 2935">
    <p class='ocr_par' dir='ltr' id='par_1_57' title="bbox 1860 2854 3484 2935">
     <span class='ocr_line' id='line_1_57' title="bbox 1860 2854 3484 2935; baseline -0.004 -20"><span class='ocrx_word' id='word_1_413' title='bbox 1860 2876 1976 2935; x_wconf 90' lang='lat' dir='ltr'>gor.</span> <span class='ocrx_word' id='word_1_414' title='bbox 2007 2860 2313 2914; x_wconf 89' lang='lat' dir='ltr'>Turonens.</span> <span class='ocrx_word' id='word_1_415' title='bbox 2349 2858 2448 2912; x_wconf 91' lang='lat' dir='ltr'>lib.</span> <span class='ocrx_word' id='word_1_416' title='bbox 2510 2876 2567 2912; x_wconf 92' lang='grc' dir='ltr'>ιιι</span> <span class='ocrx_word' id='word_1_417' title='bbox 2620 2858 2815 2913; x_wconf 86' lang='lat' dir='ltr'>llistor.</span> <span class='ocrx_word' id='word_1_418' title='bbox 2872 2858 3225 2921; x_wconf 87' lang='lat' dir='ltr'>Francorum,</span> <span class='ocrx_word' id='word_1_419' title='bbox 3284 2872 3406 2926; x_wconf 89' lang='lat' dir='ltr'>cap.</span> <span class='ocrx_word' id='word_1_420' title='bbox 3450 2854 3484 2908; x_wconf 91' lang='lat'><strong>6</strong></span> 
     </span>
    </p>
   </div>
   <div class='ocr_carea' id='block_1_58' title="bbox 1861 2950 3485 3025">
    <p class='ocr_par' dir='ltr' id='par_1_58' title="bbox 1861 2950 3485 3025">
     <span class='ocr_line' id='line_1_58' title="bbox 1861 2950 3485 3025; baseline -0.002 -18"><span class='ocrx_word' id='word_1_421' title='bbox 1861 2960 1915 3007; x_wconf 88' lang='lat' dir='ltr'>et</span> <span class='ocrx_word' id='word_1_422' title='bbox 1942 2954 1993 3014; x_wconf 77' lang='lat'>8,</span> <span class='ocrx_word' id='word_1_423' title='bbox 2015 2951 2111 3006; x_wconf 87' lang='lat' dir='ltr'>ubi</span> <span class='ocrx_word' id='word_1_424' title='bbox 2136 2951 2398 3025; x_wconf 82' lang='lat' dir='ltr'>scribitur</span> <span class='ocrx_word' id='word_1_425' title='bbox 2421 2951 2819 3005; x_wconf 78' lang='lat' dir='ltr'>Chlodovaldus</span> <span class='ocrx_word' id='word_1_426' title='bbox 2852 2969 2866 3012; x_wconf 87' lang='lat'><strong>;</strong></span> <span class='ocrx_word' id='word_1_427' title='bbox 2900 2958 2953 3005; x_wconf 90' lang='lat' dir='ltr'>et</span> <span class='ocrx_word' id='word_1_428' title='bbox 2982 2950 3305 3025; x_wconf 87' lang='lat' dir='ltr'>Sigebertus</span> <span class='ocrx_word' id='word_1_429' title='bbox 3336 2962 3485 3004; x_wconf 89' lang='lat' dir='ltr'>anno</span> 
     </span>
    </p>
   </div>
   <div class='ocr_carea' id='block_1_59' title="bbox 1863 3036 3481 3125">
    <p class='ocr_par' dir='ltr' id='par_1_59' title="bbox 1863 3036 3481 3125">
     <span class='ocr_line' id='line_1_59' title="bbox 1863 3036 3481 3125; baseline -0.001 -31"><span class='ocrx_word' id='word_1_430' title='bbox 1863 3039 1987 3094; x_wconf 87' lang='grc'>531.</span> <span class='ocrx_word' id='word_1_431' title='bbox 2022 3040 2191 3093; x_wconf 88' lang='lat' dir='ltr'>Filius</span> <span class='ocrx_word' id='word_1_432' title='bbox 2244 3038 2344 3094; x_wconf 86' lang='lat' dir='ltr'>fuit</span> <span class='ocrx_word' id='word_1_433' title='bbox 2398 3037 2737 3094; x_wconf 88' lang='lat' dir='ltr'>Clodomeris</span> <span class='ocrx_word' id='word_1_434' title='bbox 2794 3039 2961 3125; x_wconf 65' lang='lat' dir='ltr'>regis,</span> <span class='ocrx_word' id='word_1_435' title='bbox 2994 3054 3169 3109; x_wconf 87' lang='lat' dir='ltr'>nepos</span> <span class='ocrx_word' id='word_1_436' title='bbox 3219 3036 3481 3092; x_wconf 89' lang='lat' dir='ltr'>Clodovei</span> 
     </span>
    </p>
   </div>
   <div class='ocr_carea' id='block_1_60' title="bbox 189 3118 2052 3234">
    <p class='ocr_par' dir='ltr' id='par_1_60' title="bbox 189 3118 2052 3234">
     <span class='ocr_line' id='line_1_60' title="bbox 189 3118 2052 3234; baseline 0.008 -61"><span class='ocrx_word' id='word_1_437' title='bbox 189 3118 290 3183; x_wconf 63' lang='lat' dir='ltr'>Quae</span> <span class='ocrx_word' id='word_1_438' title='bbox 336 3123 527 3181; x_wconf 87' lang='lat' dir='ltr'>idcirco</span> <span class='ocrx_word' id='word_1_439' title='bbox 577 3128 692 3182; x_wconf 90' lang='lat' dir='ltr'>huc</span> <span class='ocrx_word' id='word_1_440' title='bbox 727 3129 908 3196; x_wconf 81' lang='lat' dir='ltr'>attuli,</span> <span class='ocrx_word' id='word_1_441' title='bbox 952 3130 1084 3200; x_wconf 88' lang='lat' dir='ltr'>quia</span> <span class='ocrx_word' id='word_1_442' title='bbox 1111 3130 1317 3185; x_wconf 83' lang='lat' dir='ltr'>faciunt</span> <span class='ocrx_word' id='word_1_443' title='bbox 1365 3132 1435 3186; x_wconf 88' lang='lat' dir='ltr'>ad</span> <span class='ocrx_word' id='word_1_444' title='bbox 1492 3147 1765 3201; x_wconf 79' lang='lat' dir='ltr'>majorem</span> <span class='ocrx_word' id='word_1_445' title='bbox 1797 3133 2052 3234; x_wconf 69' lang='lat' dir='ltr'>Cprimi.</span> 
     </span>
    </p>
   </div>
   <div class='ocr_carea' id='block_1_61' title="bbox 186 3216 1761 3295">
    <p class='ocr_par' dir='ltr' id='par_1_61' title="bbox 186 3216 1761 3295">
     <span class='ocr_line' id='line_1_61' title="bbox 186 3216 1761 3295; baseline 0.009 -29"><span class='ocrx_word' id='word_1_446' title='bbox 186 3216 449 3271; x_wconf 84' lang='lat' dir='ltr'>testamenti</span> <span class='ocrx_word' id='word_1_447' title='bbox 484 3218 540 3272; x_wconf 91' lang='grc' dir='ltr'>Β.</span> <span class='ocrx_word' id='word_1_448' title='bbox 576 3219 817 3293; x_wconf 83' lang='lat' dir='ltr'>Remigii</span> <span class='ocrx_word' id='word_1_449' title='bbox 859 3220 1305 3294; x_wconf 85' lang='lat' dir='ltr'>intelligentiam,</span> <span class='ocrx_word' id='word_1_450' title='bbox 1335 3224 1482 3294; x_wconf 88' lang='lat' dir='ltr'>quod</span> <span class='ocrx_word' id='word_1_451' title='bbox 1516 3224 1761 3295; x_wconf 89' lang='lat' dir='ltr'>quidem,</span> 
     </span>
    </p>
   </div>
   <div class='ocr_carea' id='block_1_62' title="bbox 188 3304 1764 3381">
    <p class='ocr_par' dir='ltr' id='par_1_62' title="bbox 188 3304 1764 3381">
     <span class='ocr_line' id='line_1_62' title="bbox 188 3304 1764 3381; baseline 0.008 -24"><span class='ocrx_word' id='word_1_452' title='bbox 188 3304 268 3359; x_wconf 87' lang='lat' dir='ltr'>etsi</span> <span class='ocrx_word' id='word_1_453' title='bbox 292 3304 593 3365; x_wconf 86' lang='lat' dir='ltr'>ﬁdelissime</span> <span class='ocrx_word' id='word_1_454' title='bbox 659 3327 689 3364; x_wconf 89' lang='lat' dir='ltr'>a</span> <span class='ocrx_word' id='word_1_455' title='bbox 748 3311 1031 3367; x_wconf 88' lang='lat' dir='ltr'>Brissonio</span> <span class='ocrx_word' id='word_1_456' title='bbox 1073 3313 1146 3367; x_wconf 89' lang='lat' dir='ltr'>sit</span> <span class='ocrx_word' id='word_1_457' title='bbox 1206 3314 1437 3381; x_wconf 90' lang='lat' dir='ltr'>editum,</span> <span class='ocrx_word' id='word_1_458' title='bbox 1464 3324 1548 3369; x_wconf 88' lang='lat' dir='ltr'>est</span> <span class='ocrx_word' id='word_1_459' title='bbox 1581 3321 1764 3370; x_wconf 86' lang='lat' dir='ltr'>tamen</span> 
     </span>
    </p>
   </div>
   <div class='ocr_carea' id='block_1_63' title="bbox 180 3391 1765 3533">
    <p class='ocr_par' dir='ltr' id='par_1_63' title="bbox 180 3391 1765 3533">
     <span class='ocr_line' id='line_1_63' title="bbox 180 3391 1765 3533; baseline 0.009 -89"><span class='ocrx_word' id='word_1_460' title='bbox 180 3391 255 3533; x_wconf 60' lang='lat' dir='ltr'>:bi</span> <span class='ocrx_word' id='word_1_461' title='bbox 280 3396 528 3464; x_wconf 88' lang='lat' dir='ltr'>majorem</span> <span class='ocrx_word' id='word_1_462' title='bbox 563 3399 862 3455; x_wconf 88' lang='lat' dir='ltr'>admittere</span> <span class='ocrx_word' id='word_1_463' title='bbox 899 3407 1081 3471; x_wconf 91' lang='lat' dir='ltr'>potest</span> <span class='ocrx_word' id='word_1_464' title='bbox 1099 3402 1446 3477; x_wconf 88' lang='lat' dir='ltr'>diligentiam</span> <span class='ocrx_word' id='word_1_465' title='bbox 1488 3411 1545 3459; x_wconf 91' lang='lat' dir='ltr'>et</span> <span class='ocrx_word' id='word_1_466' title='bbox 1571 3418 1765 3459; x_wconf 88' lang='lat' dir='ltr'>emen-</span> 
     </span>
     <span class='ocr_line' id='line_1_64' title="bbox 215 3483 1221 3533; baseline 0 0"><span class='ocrx_word' id='word_1_467' title='bbox 215 3483 448 3533; x_wconf 84' lang='lat' dir='ltr'>alionem-</span> <span class='ocrx_word' id='word_1_468' title='bbox 1216 3528 1221 3533; x_wconf 75' lang='lat'>.</span> 
     </span>
    </p>
   </div>
   <div class='ocr_carea' id='block_1_64' title="bbox 215 3483 448 3542">
    <p class='ocr_par' dir='ltr' id='par_1_64' title="bbox 215 3483 448 3542">
     <span class='ocr_line' id='line_1_65' title="bbox 215 3483 448 3542; baseline 0.03 -8"><span class='ocrx_word' id='word_1_469' title='bbox 215 3483 448 3542; x_wconf 88' lang='lat' dir='ltr'>ationem.</span> 
     </span>
    </p>
   </div>
   <div class='ocr_carea' id='block_1_65' title="bbox 236 3573 1771 3649">
    <p class='ocr_par' dir='ltr' id='par_1_65' title="bbox 236 3573 1771 3649">
     <span class='ocr_line' id='line_1_66' title="bbox 236 3573 1771 3649; baseline 0.007 -22"><span class='ocrx_word' id='word_1_470' title='bbox 236 3573 289 3627; x_wconf 86' lang='lat' dir='ltr'>Si</span> <span class='ocrx_word' id='word_1_471' title='bbox 301 3576 347 3627; x_wconf 82' lang='lat' dir='ltr'>ei</span> <span class='ocrx_word' id='word_1_472' title='bbox 360 3575 504 3644; x_wconf 85' lang='lat' dir='ltr'>juris</span> <span class='ocrx_word' id='word_1_473' title='bbox 534 3578 763 3648; x_wconf 83' lang='lat' dir='ltr'>aliquid</span> <span class='ocrx_word' id='word_1_474' title='bbox 789 3579 1073 3635; x_wconf 83' lang='lat' dir='ltr'>videbitur</span> <span class='ocrx_word' id='word_1_475' title='bbox 1100 3581 1357 3649; x_wconf 81' lang='lat' dir='ltr'>defuisse.</span> <span class='ocrx_word' id='word_1_476' title='bbox 1393 3582 1692 3638; x_wconf 87' lang='lat' dir='ltr'>Restituisi</span> <span class='ocrx_word' id='word_1_477' title='bbox 1720 3586 1771 3638; x_wconf 82' lang='lat' dir='ltr'>ei</span> 
     </span>
    </p>
   </div>
   <div class='ocr_carea' id='block_1_66' title="bbox 183 3664 1768 3740">
    <p class='ocr_par' dir='ltr' id='par_1_66' title="bbox 183 3664 1768 3740">
     <span class='ocr_line' id='line_1_67' title="bbox 183 3664 1768 3740; baseline 0.009 -28"><span class='ocrx_word' id='word_1_478' title='bbox 183 3664 400 3728; x_wconf 79' lang='lat' dir='ltr'>proﬁeri.</span> <span class='ocrx_word' id='word_1_479' title='bbox 434 3665 518 3719; x_wconf 88' lang='lat' dir='ltr'>MS</span> <span class='ocrx_word' id='word_1_480' title='bbox 545 3667 695 3721; x_wconf 85' lang='lat' dir='ltr'>male</span> <span class='ocrx_word' id='word_1_481' title='bbox 732 3667 960 3736; x_wconf 60' lang='lat' dir='ltr'>afuisse</span> <span class='ocrx_word' id='word_1_482' title='bbox 989 3685 1089 3740; x_wconf 91' lang='lat' dir='ltr'>pro</span> <span class='ocrx_word' id='word_1_483' title='bbox 1149 3671 1411 3737; x_wconf 82' lang='lat' dir='ltr'>defuisse,</span> <span class='ocrx_word' id='word_1_484' title='bbox 1475 3671 1582 3725; x_wconf 91' lang='lat' dir='ltr'>nisi</span> <span class='ocrx_word' id='word_1_485' title='bbox 1631 3671 1768 3727; x_wconf 81' lang='lat' dir='ltr'>forte</span> 
     </span>
    </p>
   </div>
   <div class='ocr_carea' id='block_1_67' title="bbox 184 3749 898 3822">
    <p class='ocr_par' dir='ltr' id='par_1_67' title="bbox 184 3749 898 3822">
     <span class='ocr_line' id='line_1_68' title="bbox 184 3749 898 3822; baseline 0.014 -21"><span class='ocrx_word' id='word_1_486' title='bbox 184 3749 408 3821; x_wconf 85' lang='lat' dir='ltr'>scriptum</span> <span class='ocrx_word' id='word_1_487' title='bbox 440 3751 610 3810; x_wconf 82' lang='lat' dir='ltr'>fuerit</span> <span class='ocrx_word' id='word_1_488' title='bbox 631 3756 898 3822; x_wconf 83' lang='lat' dir='ltr'>abfuisse.</span> 
     </span>
    </p>
   </div>
   <div class='ocr_carea' id='block_1_68' title="bbox 237 3844 1777 3920">
    <p class='ocr_par' dir='ltr' id='par_1_68' title="bbox 237 3844 1777 3920">
     <span class='ocr_line' id='line_1_69' title="bbox 237 3844 1777 3920; baseline 0.008 -25"><span class='ocrx_word' id='word_1_489' title='bbox 237 3844 509 3911; x_wconf 81' lang='lat' dir='ltr'>Donavere,</span> <span class='ocrx_word' id='word_1_490' title='bbox 567 3849 817 3915; x_wconf 83' lang='lat' dir='ltr'>legavero</span> <span class='ocrx_word' id='word_1_491' title='bbox 878 3850 1069 3904; x_wconf 88' lang='lat' dir='ltr'>darive</span> <span class='ocrx_word' id='word_1_492' title='bbox 1130 3851 1367 3920; x_wconf 82' lang='lat' dir='ltr'>jussero.</span> <span class='ocrx_word' id='word_1_493' title='bbox 1425 3852 1501 3906; x_wconf 87' lang='lat' dir='ltr'>[ta</span> <span class='ocrx_word' id='word_1_494' title='bbox 1555 3852 1689 3907; x_wconf 87' lang='lat' dir='ltr'>MSJ</span> <span class='ocrx_word' id='word_1_495' title='bbox 1723 3861 1777 3908; x_wconf 90' lang='lat' dir='ltr'>et</span> 
     </span>
    </p>
   </div>
   <div class='ocr_carea' id='block_1_69' title="bbox 187 3929 1776 4013">
    <p class='ocr_par' dir='ltr' id='par_1_69' title="bbox 187 3929 1776 4013">
     <span class='ocr_line' id='line_1_70' title="bbox 187 3929 1776 4013; baseline 0.009 -28"><span class='ocrx_word' id='word_1_496' title='bbox 187 3929 391 3991; x_wconf 83' lang='lat' dir='ltr'>Brisson.</span> <span class='ocrx_word' id='word_1_497' title='bbox 424 3937 482 4005; x_wconf 87' lang='lat' dir='ltr'>C,</span> <span class='ocrx_word' id='word_1_498' title='bbox 514 3939 777 3994; x_wconf 81' lang='lat' dir='ltr'>donando</span> <span class='ocrx_word' id='word_1_499' title='bbox 805 3942 1069 4008; x_wconf 74' lang='lat' dir='ltr'>legauero.</span> <span class='ocrx_word' id='word_1_500' title='bbox 1103 3942 1271 3997; x_wconf 90' lang='lat' dir='ltr'>Paulo</span> <span class='ocrx_word' id='word_1_501' title='bbox 1305 3951 1427 4013; x_wconf 90' lang='lat' dir='ltr'>post</span> <span class='ocrx_word' id='word_1_502' title='bbox 1456 3944 1598 3998; x_wconf 88' lang='lat' dir='ltr'>male</span> <span class='ocrx_word' id='word_1_503' title='bbox 1630 3945 1776 3998; x_wconf 89' lang='lat' dir='ltr'>Bris-</span> 
     </span>
    </p>
   </div>
   <div class='ocr_carea' id='block_1_70' title="bbox 186 4030 1771 4111">
    <p class='ocr_par' dir='ltr' id='par_1_70' title="bbox 186 4030 1771 4111">
     <span class='ocr_line' id='line_1_71' title="bbox 186 4030 1771 4111; baseline 0.006 -30"><span class='ocrx_word' id='word_1_504' title='bbox 186 4038 282 4077; x_wconf 75' lang='lat' dir='ltr'>son.</span> <span class='ocrx_word' id='word_1_505' title='bbox 312 4030 556 4086; x_wconf 73' lang='lat' dir='ltr'>Pontensi</span> <span class='ocrx_word' id='word_1_506' title='bbox 607 4047 712 4102; x_wconf 87' lang='lat' dir='ltr'>pro</span> <span class='ocrx_word' id='word_1_507' title='bbox 769 4034 1017 4089; x_wconf 86' lang='lat' dir='ltr'>Portensi</span> <span class='ocrx_word' id='word_1_508' title='bbox 1064 4035 1213 4106; x_wconf 92' lang='lat' dir='ltr'>quod</span> <span class='ocrx_word' id='word_1_509' title='bbox 1264 4034 1403 4091; x_wconf 88' lang='lat' dir='ltr'>forte</span> <span class='ocrx_word' id='word_1_510' title='bbox 1442 4037 1771 4111; x_wconf 77' lang='lat' dir='ltr'>typOgraphi</span> 
     </span>
    </p>
   </div>
   <div class='ocr_carea' id='block_1_71' title="bbox 185 4116 1771 4193">
    <p class='ocr_par' dir='ltr' id='par_1_71' title="bbox 185 4116 1771 4193">
     <span class='ocr_line' id='line_1_72' title="bbox 185 4116 1771 4193; baseline 0.008 -27"><span class='ocrx_word' id='word_1_511' title='bbox 185 4116 410 4172; x_wconf 89' lang='lat' dir='ltr'>mendum</span> <span class='ocrx_word' id='word_1_512' title='bbox 441 4125 546 4185; x_wconf 90' lang='lat' dir='ltr'>est,</span> <span class='ocrx_word' id='word_1_513' title='bbox 589 4121 802 4175; x_wconf 91' lang='lat' dir='ltr'>sicutet</span> <span class='ocrx_word' id='word_1_514' title='bbox 821 4122 990 4176; x_wconf 89' lang='lat' dir='ltr'>multo</span> <span class='ocrx_word' id='word_1_515' title='bbox 1014 4130 1158 4192; x_wconf 88' lang='lat' dir='ltr'>post,</span> <span class='ocrx_word' id='word_1_516' title='bbox 1182 4124 1393 4177; x_wconf 76' lang='lat' dir='ltr'>colonos</span> <span class='ocrx_word' id='word_1_517' title='bbox 1418 4139 1521 4193; x_wconf 84' lang='lat' dir='ltr'>pro</span> <span class='ocrx_word' id='word_1_518' title='bbox 1538 4124 1771 4189; x_wconf 79' lang='lat' dir='ltr'>colonus,</span> 
     </span>
    </p>
   </div>
   <div class='ocr_carea' id='block_1_72' title="bbox 183 4212 1775 4282">
    <p class='ocr_par' dir='ltr' id='par_1_72' title="bbox 183 4212 1775 4282">
     <span class='ocr_line' id='line_1_73' title="bbox 183 4212 1775 4282; baseline 0.008 -24"><span class='ocrx_word' id='word_1_519' title='bbox 183 4212 354 4275; x_wconf 78' lang='lat' dir='ltr'>etpost</span> <span class='ocrx_word' id='word_1_520' title='bbox 388 4219 498 4266; x_wconf 88' lang='lat' dir='ltr'>tres</span> <span class='ocrx_word' id='word_1_521' title='bbox 529 4213 811 4268; x_wconf 90' lang='lat' dir='ltr'>dictiones</span> <span class='ocrx_word' id='word_1_522' title='bbox 842 4214 1046 4269; x_wconf 91' lang='lat' dir='ltr'>omittit</span> <span class='ocrx_word' id='word_1_523' title='bbox 1102 4215 1196 4269; x_wconf 90' lang='lat' dir='ltr'>illa</span> <span class='ocrx_word' id='word_1_524' title='bbox 1226 4215 1417 4282; x_wconf 81' lang='lat' dir='ltr'>verba,</span> <span class='ocrx_word' id='word_1_525' title='bbox 1449 4233 1567 4270; x_wconf 88' lang='lat' dir='ltr'>cum</span> <span class='ocrx_word' id='word_1_526' title='bbox 1594 4219 1775 4271; x_wconf 84' lang='lat' dir='ltr'>omni-</span> 
     </span>
    </p>
   </div>
   <div class='ocr_carea' id='block_1_73' title="bbox 182 4292 1775 4375">
    <p class='ocr_par' dir='ltr' id='par_1_73' title="bbox 182 4292 1775 4375">
     <span class='ocr_line' id='line_1_74' title="bbox 182 4292 1775 4375; baseline 0.008 -26"><span class='ocrx_word' id='word_1_527' title='bbox 182 4292 393 4365; x_wconf 75' lang='lat' dir='ltr'>busquos</span> <span class='ocrx_word' id='word_1_528' title='bbox 422 4301 715 4355; x_wconf 79' lang='lat' dir='ltr'>intestatus</span> <span class='ocrx_word' id='word_1_529' title='bbox 770 4303 1060 4372; x_wconf 82' lang='lat' dir='ltr'>reliquero,</span> <span class='ocrx_word' id='word_1_530' title='bbox 1102 4320 1223 4375; x_wconf 72' lang='lat' dir='ltr'>quze</span> <span class='ocrx_word' id='word_1_531' title='bbox 1280 4305 1481 4360; x_wconf 90' lang='lat' dir='ltr'>desunt</span> <span class='ocrx_word' id='word_1_532' title='bbox 1512 4306 1677 4360; x_wconf 85' lang='lat' dir='ltr'>etiam</span> <span class='ocrx_word' id='word_1_533' title='bbox 1719 4307 1775 4361; x_wconf 93' lang='lat' dir='ltr'>in</span> 
     </span>
    </p>
   </div>
   <div class='ocr_carea' id='block_1_74' title="bbox 182 4384 1774 4471">
    <p class='ocr_par' dir='ltr' id='par_1_74' title="bbox 182 4384 1774 4471">
     <span class='ocr_line' id='line_1_75' title="bbox 182 4384 1774 4471; baseline 0.008 -29"><span class='ocrx_word' id='word_1_534' title='bbox 182 4384 226 4448; x_wconf 84' lang='lat' dir='ltr'>C.</span> <span class='ocrx_word' id='word_1_535' title='bbox 253 4395 299 4443; x_wconf 89' lang='lat' dir='ltr'>et</span> <span class='ocrx_word' id='word_1_536' title='bbox 322 4392 421 4446; x_wconf 86' lang='lat' dir='ltr'>alia</span> <span class='ocrx_word' id='word_1_537' title='bbox 460 4394 738 4449; x_wconf 89' lang='lat' dir='ltr'>nonnulla</span> <span class='ocrx_word' id='word_1_538' title='bbox 781 4411 903 4466; x_wconf 62' lang='lat' dir='ltr'>quae</span> <span class='ocrx_word' id='word_1_539' title='bbox 936 4411 1003 4450; x_wconf 85' lang='lat' dir='ltr'>ex</span> <span class='ocrx_word' id='word_1_540' title='bbox 1033 4395 1157 4451; x_wconf 89' lang='lat' dir='ltr'>aliis</span> <span class='ocrx_word' id='word_1_541' title='bbox 1206 4399 1616 4469; x_wconf 83' lang='lat' dir='ltr'>exemplaribus</span> <span class='ocrx_word' id='word_1_542' title='bbox 1641 4416 1774 4471; x_wconf 89' lang='lat' dir='ltr'>sup-</span> 
     </span>
    </p>
   </div>
   <div class='ocr_carea' id='block_1_75' title="bbox 182 4474 321 4543">
    <p class='ocr_par' dir='ltr' id='par_1_75' title="bbox 182 4474 321 4543">
     <span class='ocr_line' id='line_1_76' title="bbox 182 4474 321 4543; baseline 0.043 -16"><span class='ocrx_word' id='word_1_543' title='bbox 182 4474 321 4543; x_wconf 85' lang='lat' dir='ltr'>plevi.</span> 
     </span>
    </p>
   </div>
   <div class='ocr_carea' id='block_1_76' title="bbox 239 4567 1768 4648">
    <p class='ocr_par' dir='ltr' id='par_1_76' title="bbox 239 4567 1768 4648">
     <span class='ocr_line' id='line_1_77' title="bbox 239 4567 1768 4648; baseline 0.009 -30"><span class='ocrx_word' id='word_1_544' title='bbox 239 4567 335 4621; x_wconf 87' lang='lat' dir='ltr'>Tuo</span> <span class='ocrx_word' id='word_1_545' title='bbox 362 4570 604 4627; x_wconf 87' lang='lat' dir='ltr'>dominio</span> <span class='ocrx_word' id='word_1_546' title='bbox 642 4573 969 4628; x_wconf 79' lang='lat' dir='ltr'>vindicabis.</span> <span class='ocrx_word' id='word_1_547' title='bbox 1004 4574 1091 4629; x_wconf 91' lang='lat' dir='ltr'>Sic</span> <span class='ocrx_word' id='word_1_548' title='bbox 1121 4576 1287 4629; x_wconf 90' lang='lat' dir='ltr'>etiam</span> <span class='ocrx_word' id='word_1_549' title='bbox 1316 4577 1418 4631; x_wconf 93' lang='lat' dir='ltr'>hoc</span> <span class='ocrx_word' id='word_1_550' title='bbox 1450 4576 1571 4631; x_wconf 91' lang='lat' dir='ltr'>loco</span> <span class='ocrx_word' id='word_1_551' title='bbox 1603 4593 1768 4648; x_wconf 87' lang='lat' dir='ltr'>quam</span> 
     </span>
    </p>
   </div>
   <div class='ocr_carea' id='block_1_77' title="bbox 179 4649 1766 4735">
    <p class='ocr_par' dir='ltr' id='par_1_77' title="bbox 179 4649 1766 4735">
     <span class='ocr_line' id='line_1_78' title="bbox 179 4649 1766 4735; baseline 0.008 -30"><span class='ocrx_word' id='word_1_552' title='bbox 179 4649 247 4706; x_wconf 89' lang='lat' dir='ltr'>bis</span> <span class='ocrx_word' id='word_1_553' title='bbox 269 4654 318 4710; x_wconf 93' lang='lat' dir='ltr'>in</span> <span class='ocrx_word' id='word_1_554' title='bbox 347 4659 532 4715; x_wconf 87' lang='lat' dir='ltr'>medio</span> <span class='ocrx_word' id='word_1_555' title='bbox 595 4663 910 4716; x_wconf 85' lang='lat' dir='ltr'>testamenti</span> <span class='ocrx_word' id='word_1_556' title='bbox 972 4662 1180 4717; x_wconf 89' lang='lat' dir='ltr'>habent</span> <span class='ocrx_word' id='word_1_557' title='bbox 1209 4664 1394 4718; x_wconf 91' lang='lat' dir='ltr'>omnia</span> <span class='ocrx_word' id='word_1_558' title='bbox 1416 4663 1766 4735; x_wconf 87' lang='lat' dir='ltr'>exemplaria,</span> 
     </span>
    </p>
   </div>
   <div class='ocr_carea' id='block_1_78' title="bbox 177 4749 1766 4829">
    <p class='ocr_par' dir='ltr' id='par_1_78' title="bbox 177 4749 1766 4829">
     <span class='ocr_line' id='line_1_79' title="bbox 177 4749 1766 4829; baseline 0.008 -31"><span class='ocrx_word' id='word_1_559' title='bbox 177 4753 220 4799; x_wconf 85' lang='lat' dir='ltr'>et</span> <span class='ocrx_word' id='word_1_560' title='bbox 246 4749 469 4819; x_wconf 88' lang='lat' dir='ltr'>Brisson,</span> <span class='ocrx_word' id='word_1_561' title='bbox 504 4769 636 4808; x_wconf 88' lang='lat' dir='ltr'>cum</span> <span class='ocrx_word' id='word_1_562' title='bbox 662 4754 959 4829; x_wconf 85' lang='lat' dir='ltr'>legendum</span> <span class='ocrx_word' id='word_1_563' title='bbox 991 4756 1271 4811; x_wconf 88' lang='lat' dir='ltr'>videretur</span> <span class='ocrx_word' id='word_1_564' title='bbox 1294 4758 1626 4813; x_wconf 82' lang='lat' dir='ltr'>uendicabis.</span> <span class='ocrx_word' id='word_1_565' title='bbox 1661 4756 1766 4813; x_wconf 89' lang='lat' dir='ltr'>Sed</span> 
     </span>
    </p>
   </div>
   <div class='ocr_carea' id='block_1_79' title="bbox 176 4835 1768 4917">
    <p class='ocr_par' dir='ltr' id='par_1_79' title="bbox 176 4835 1768 4917">
     <span class='ocr_line' id='line_1_80' title="bbox 176 4835 1768 4917; baseline 0.011 -30"><span class='ocrx_word' id='word_1_566' title='bbox 176 4835 313 4892; x_wconf 86' lang='lat' dir='ltr'>etiam</span> <span class='ocrx_word' id='word_1_567' title='bbox 362 4841 527 4898; x_wconf 90' lang='lat' dir='ltr'>hodie</span> <span class='ocrx_word' id='word_1_568' title='bbox 559 4843 711 4898; x_wconf 90' lang='lat' dir='ltr'>docti</span> <span class='ocrx_word' id='word_1_569' title='bbox 766 4844 846 4899; x_wconf 89' lang='lat' dir='ltr'>sic</span> <span class='ocrx_word' id='word_1_570' title='bbox 897 4845 1250 4900; x_wconf 91' lang='lat' dir='ltr'>scribendum</span> <span class='ocrx_word' id='word_1_571' title='bbox 1292 4847 1567 4917; x_wconf 77' lang='lat' dir='ltr'>judicant,</span> <span class='ocrx_word' id='word_1_572' title='bbox 1608 4856 1663 4903; x_wconf 92' lang='lat' dir='ltr'>et</span> <span class='ocrx_word' id='word_1_573' title='bbox 1694 4848 1768 4904; x_wconf 89' lang='lat' dir='ltr'>ita</span> 
     </span>
    </p>
   </div>
   <div class='ocr_carea' id='block_1_80' title="bbox 173 4925 1766 5004">
    <p class='ocr_par' dir='ltr' id='par_1_80' title="bbox 173 4925 1766 5004">
     <span class='ocr_line' id='line_1_81' title="bbox 173 4925 1766 5004; baseline 0.011 -27"><span class='ocrx_word' id='word_1_574' title='bbox 173 4925 281 4981; x_wconf 88' lang='lat' dir='ltr'>olim</span> <span class='ocrx_word' id='word_1_575' title='bbox 308 4934 571 5004; x_wconf 89' lang='lat' dir='ltr'>scriptum</span> <span class='ocrx_word' id='word_1_576' title='bbox 606 4935 804 4990; x_wconf 86' lang='lat' dir='ltr'>fuisset</span> <span class='ocrx_word' id='word_1_577' title='bbox 848 4937 1008 4992; x_wconf 91' lang='lat' dir='ltr'>docet</span> <span class='ocrx_word' id='word_1_578' title='bbox 1039 4938 1205 4992; x_wconf 78' lang='lat' dir='ltr'>Aldus</span> <span class='ocrx_word' id='word_1_579' title='bbox 1260 4936 1535 4993; x_wconf 87' lang='lat' dir='ltr'>Manutius</span> <span class='ocrx_word' id='word_1_580' title='bbox 1572 4940 1627 4993; x_wconf 91' lang='lat' dir='ltr'>in</span> <span class='ocrx_word' id='word_1_581' title='bbox 1668 4956 1766 4995; x_wconf 87' lang='lat' dir='ltr'>sua</span> 
     </span>
    </p>
   </div>
   <div class='ocr_carea' id='block_1_81' title="bbox 173 5014 1758 5097">
    <p class='ocr_par' dir='ltr' id='par_1_81' title="bbox 173 5014 1758 5097">
     <span class='ocr_line' id='line_1_82' title="bbox 173 5014 1758 5097; baseline 0.009 -25"><span class='ocrx_word' id='word_1_582' title='bbox 173 5014 565 5096; x_wconf 85' lang='lat' dir='ltr'>Orthographia.</span> <span class='ocrx_word' id='word_1_583' title='bbox 602 5027 759 5081; x_wconf 82' lang='lat' dir='ltr'>L&#39;nde</span> <span class='ocrx_word' id='word_1_584' title='bbox 788 5029 1011 5093; x_wconf 67' lang='lat' dir='ltr'>viridem,</span> <span class='ocrx_word' id='word_1_585' title='bbox 1040 5045 1148 5083; x_wconf 92' lang='lat' dir='ltr'>non</span> <span class='ocrx_word' id='word_1_586' title='bbox 1188 5030 1411 5097; x_wconf 55' lang='lat' dir='ltr'>vendes,</span> <span class='ocrx_word' id='word_1_587' title='bbox 1444 5033 1758 5087; x_wconf 70' lang='lat' dir='ltr'>etvindicm.</span> 
     </span>
    </p>
   </div>
   <div class='ocr_carea' id='block_1_82' title="bbox 173 5107 1765 5195">
    <p class='ocr_par' dir='ltr' id='par_1_82' title="bbox 173 5107 1765 5195">
     <span class='ocr_line' id='line_1_83' title="bbox 173 5107 1765 5195; baseline 0.01 -33"><span class='ocrx_word' id='word_1_588' title='bbox 173 5107 304 5195; x_wconf 61' lang='lat' dir='ltr'>Certe</span> <span class='ocrx_word' id='word_1_589' title='bbox 327 5118 617 5171; x_wconf 71' lang='lat' dir='ltr'>uindicare</span> <span class='ocrx_word' id='word_1_590' title='bbox 672 5118 820 5173; x_wconf 89' lang='lat' dir='ltr'>inter</span> <span class='ocrx_word' id='word_1_591' title='bbox 847 5128 1041 5174; x_wconf 67' lang='lat' dir='ltr'>caetera</span> <span class='ocrx_word' id='word_1_592' title='bbox 1080 5119 1357 5195; x_wconf 85' lang='lat' dir='ltr'>signiﬁcat</span> <span class='ocrx_word' id='word_1_593' title='bbox 1384 5138 1639 5178; x_wconf 80' lang='lat' dir='ltr'>asserere.</span> <span class='ocrx_word' id='word_1_594' title='bbox 1673 5125 1765 5178; x_wconf 73' lang='lat' dir='ltr'>Vi-</span> 
     </span>
    </p>
   </div>
   <div class='ocr_carea' id='block_1_83' title="bbox 171 5193 1765 5284">
    <p class='ocr_par' dir='ltr' id='par_1_83' title="bbox 171 5193 1765 5284">
     <span class='ocr_line' id='line_1_84' title="bbox 171 5193 1765 5284; baseline 0.012 -34"><span class='ocrx_word' id='word_1_595' title='bbox 171 5193 341 5284; x_wconf 78' lang='lat' dir='ltr'>deatur</span> <span class='ocrx_word' id='word_1_596' title='bbox 365 5202 681 5260; x_wconf 82' lang='lat' dir='ltr'>Ludovicus</span> <span class='ocrx_word' id='word_1_597' title='bbox 733 5206 1098 5282; x_wconf 87' lang='lat' dir='ltr'>Rhodiginus,</span> <span class='ocrx_word' id='word_1_598' title='bbox 1139 5193 1243 5263; x_wconf 82' lang='lat' dir='ltr'>lib.</span> <span class='ocrx_word' id='word_1_599' title='bbox 1276 5226 1386 5265; x_wconf 87' lang='lat' dir='ltr'>xvu</span> <span class='ocrx_word' id='word_1_600' title='bbox 1419 5213 1765 5284; x_wconf 88' lang='lat' dir='ltr'>antiquarum</span> 
     </span>
    </p>
   </div>
   <div class='ocr_carea' id='block_1_84' title="bbox 168 5283 703 5360">
    <p class='ocr_par' dir='ltr' id='par_1_84' title="bbox 168 5283 703 5360">
     <span class='ocr_line' id='line_1_85' title="bbox 168 5283 703 5360; baseline 0.021 -23"><span class='ocrx_word' id='word_1_601' title='bbox 168 5283 489 5360; x_wconf 86' lang='lat' dir='ltr'>Lectionum,</span> <span class='ocrx_word' id='word_1_602' title='bbox 522 5309 577 5349; x_wconf 90' lang='lat' dir='ltr'>c.</span> <span class='ocrx_word' id='word_1_603' title='bbox 610 5294 703 5348; x_wconf 75' lang='grc'>29.</span> 
     </span>
    </p>
   </div>
   <div class='ocr_carea' id='block_1_85' title="bbox 224 5378 1766 5455">
    <p class='ocr_par' dir='ltr' id='par_1_85' title="bbox 224 5378 1766 5455">
     <span class='ocr_line' id='line_1_86' title="bbox 224 5378 1766 5455; baseline 0.01 -24"><span class='ocrx_word' id='word_1_604' title='bbox 224 5378 281 5431; x_wconf 86' lang='lat' dir='ltr'>In</span> <span class='ocrx_word' id='word_1_605' title='bbox 294 5382 545 5447; x_wconf 82' lang='lat' dir='ltr'>ptochiis,</span> <span class='ocrx_word' id='word_1_606' title='bbox 604 5384 875 5451; x_wconf 67' lang='lat' dir='ltr'>coenobiis,</span> <span class='ocrx_word' id='word_1_607' title='bbox 907 5388 1216 5455; x_wconf 76' lang='lat' dir='ltr'>martyriis,</span> <span class='ocrx_word' id='word_1_608' title='bbox 1272 5388 1565 5444; x_wconf 83' lang='lat' dir='ltr'>diaconiis.</span> <span class='ocrx_word' id='word_1_609' title='bbox 1634 5391 1766 5447; x_wconf 88' lang='lat' dir='ltr'>Pto-</span> 
     </span>
    </p>
   </div>
   <div class='ocr_carea' id='block_1_86' title="bbox 165 5462 1767 5554">
    <p class='ocr_par' dir='ltr' id='par_1_86' title="bbox 165 5462 1767 5554">
     <span class='ocr_line' id='line_1_87' title="bbox 165 5462 1767 5554; baseline 0.014 -40"><span class='ocrx_word' id='word_1_610' title='bbox 165 5462 348 5554; x_wconf 74' lang='lat' dir='ltr'>chium,</span> <span class='ocrx_word' id='word_1_611' title='bbox 380 5470 573 5527; x_wconf 65' lang='lat' dir='ltr'>Graece</span> <span class='ocrx_word' id='word_1_612' title='bbox 613 5476 882 5542; x_wconf 76' lang='grc' dir='ltr'>πτωχεῖον</span> <span class='ocrx_word' id='word_1_613' title='bbox 914 5475 1139 5531; x_wconf 90' lang='lat' dir='ltr'>domum</span> <span class='ocrx_word' id='word_1_614' title='bbox 1171 5479 1550 5535; x_wconf 90' lang='lat' dir='ltr'>mendicorum</span> <span class='ocrx_word' id='word_1_615' title='bbox 1590 5482 1767 5554; x_wconf 89' lang='lat' dir='ltr'>signi-</span> 
     </span>
    </p>
   </div>
   <div class='ocr_carea' id='block_1_87' title="bbox 164 5551 1764 5633">
    <p class='ocr_par' dir='ltr' id='par_1_87' title="bbox 164 5551 1764 5633">
     <span class='ocr_line' id='line_1_88' title="bbox 164 5551 1764 5633; baseline 0.015 -26"><span class='ocrx_word' id='word_1_616' title='bbox 164 5551 289 5611; x_wconf 78' lang='lat' dir='ltr'>ﬁcat.</span> <span class='ocrx_word' id='word_1_617' title='bbox 318 5559 572 5633; x_wconf 80' lang='lat' dir='ltr'>Martyria</span> <span class='ocrx_word' id='word_1_618' title='bbox 606 5562 932 5621; x_wconf 88' lang='lat' dir='ltr'>dicebantur</span> <span class='ocrx_word' id='word_1_619' title='bbox 972 5568 1224 5624; x_wconf 74' lang='lat' dir='ltr'>ecclesiae</span> <span class='ocrx_word' id='word_1_620' title='bbox 1281 5570 1367 5625; x_wconf 90' lang='lat' dir='ltr'>vel</span> <span class='ocrx_word' id='word_1_621' title='bbox 1415 5551 1668 5627; x_wconf 38' lang='lat' dir='ltr'>oratoria&quot;</span> <span class='ocrx_word' id='word_1_622' title='bbox 1708 5575 1764 5631; x_wconf 93' lang='lat' dir='ltr'>in</span> 
     </span>
    </p>
   </div>
   <div class='ocr_carea' id='block_1_88' title="bbox 159 5645 1763 5722">
    <p class='ocr_par' dir='ltr' id='par_1_88' title="bbox 159 5645 1763 5722">
     <span class='ocr_line' id='line_1_89' title="bbox 159 5645 1763 5722; baseline 0.012 -24"><span class='ocrx_word' id='word_1_623' title='bbox 159 5645 342 5712; x_wconf 87' lang='lat' dir='ltr'>quibus</span> <span class='ocrx_word' id='word_1_624' title='bbox 373 5659 656 5722; x_wconf 86' lang='lat' dir='ltr'>martyres</span> <span class='ocrx_word' id='word_1_625' title='bbox 678 5655 1020 5712; x_wconf 86' lang='lat' dir='ltr'>colebantur.</span> <span class='ocrx_word' id='word_1_626' title='bbox 1040 5659 1313 5714; x_wconf 73' lang='lat' dir='ltr'>Diaconize</span> <span class='ocrx_word' id='word_1_627' title='bbox 1329 5677 1360 5714; x_wconf 93' lang='lat' dir='ltr'>a</span> <span class='ocrx_word' id='word_1_628' title='bbox 1388 5661 1639 5716; x_wconf 71' lang='lat' dir='ltr'>diaconus</span> <span class='ocrx_word' id='word_1_629' title='bbox 1671 5664 1763 5718; x_wconf 85' lang='lat' dir='ltr'>di-</span> 
     </span>
    </p>
   </div>
   <div class='ocr_carea' id='block_1_89' title="bbox 161 5743 1764 5824">
    <p class='ocr_par' dir='ltr' id='par_1_89' title="bbox 161 5743 1764 5824">
     <span class='ocr_line' id='line_1_90' title="bbox 161 5743 1764 5824; baseline 0.014 -38"><span class='ocrx_word' id='word_1_630' title='bbox 161 5743 246 5789; x_wconf 68' lang='lat' dir='ltr'>cta:</span> <span class='ocrx_word' id='word_1_631' title='bbox 271 5748 413 5796; x_wconf 88' lang='lat' dir='ltr'>sunt.</span> <span class='ocrx_word' id='word_1_632' title='bbox 477 5743 654 5798; x_wconf 80' lang='lat' dir='ltr'>Erant</span> <span class='ocrx_word' id='word_1_633' title='bbox 688 5745 775 5801; x_wconf 67' lang='lat' dir='ltr'>hee</span> <span class='ocrx_word' id='word_1_634' title='bbox 841 5749 1076 5819; x_wconf 65' lang='lat' dir='ltr'>publica:</span> <span class='ocrx_word' id='word_1_635' title='bbox 1130 5766 1434 5822; x_wconf 84' lang='lat' dir='ltr'>pauperum</span> <span class='ocrx_word' id='word_1_636' title='bbox 1464 5753 1764 5824; x_wconf 88' lang='lat' dir='ltr'>hospitales</span> 
     </span>
    </p>
   </div>
   <div class='ocr_carea' id='block_1_90' title="bbox 1936 3222 3482 3296">
    <p class='ocr_par' dir='ltr' id='par_1_90' title="bbox 1936 3222 3482 3296">
     <span class='ocr_line' id='line_1_91' title="bbox 1936 3222 3482 3296; baseline -0.002 -16"><span class='ocrx_word' id='word_1_637' title='bbox 1936 3228 2004 3281; x_wconf 85' lang='lat' dir='ltr'>In</span> <span class='ocrx_word' id='word_1_638' title='bbox 2028 3226 2277 3286; x_wconf 81' lang='lat' dir='ltr'>Austria,</span> <span class='ocrx_word' id='word_1_639' title='bbox 2311 3228 2423 3280; x_wconf 73' lang='lat' dir='ltr'>sive</span> <span class='ocrx_word' id='word_1_640' title='bbox 2457 3227 2711 3295; x_wconf 85' lang='lat' dir='ltr'>Toringa.</span> <span class='ocrx_word' id='word_1_641' title='bbox 2767 3226 2855 3280; x_wconf 90' lang='lat' dir='ltr'>Sic</span> <span class='ocrx_word' id='word_1_642' title='bbox 2885 3226 3071 3280; x_wconf 90' lang='lat' dir='ltr'>omnia</span> <span class='ocrx_word' id='word_1_643' title='bbox 3124 3222 3482 3296; x_wconf 80' lang='lat' dir='ltr'>exemplaria,</span> 
     </span>
    </p>
   </div>
   <div class='ocr_carea' id='block_1_91' title="bbox 1866 3314 3135 3382">
    <p class='ocr_par' dir='ltr' id='par_1_91' title="bbox 1866 3314 3135 3382">
     <span class='ocr_line' id='line_1_92' title="bbox 1866 3314 3135 3382; baseline -0.001 -13"><span class='ocrx_word' id='word_1_644' title='bbox 1866 3315 1964 3369; x_wconf 85' lang='lat' dir='ltr'>sed</span> <span class='ocrx_word' id='word_1_645' title='bbox 1990 3315 2041 3367; x_wconf 90' lang='lat' dir='ltr'>S.</span> <span class='ocrx_word' id='word_1_646' title='bbox 2082 3315 2377 3382; x_wconf 81' lang='lat' dir='ltr'>Thoringa,</span> <span class='ocrx_word' id='word_1_647' title='bbox 2410 3315 2651 3368; x_wconf 89' lang='lat' dir='ltr'>Brisson.</span> <span class='ocrx_word' id='word_1_648' title='bbox 2685 3322 2738 3369; x_wconf 91' lang='lat' dir='ltr'>et</span> <span class='ocrx_word' id='word_1_649' title='bbox 2767 3314 2819 3378; x_wconf 85' lang='lat' dir='ltr'>J,</span> <span class='ocrx_word' id='word_1_650' title='bbox 2855 3317 3135 3381; x_wconf 81' lang='lat' dir='ltr'>Toringia.</span> 
     </span>
    </p>
   </div>
   <div class='ocr_carea' id='block_1_92' title="bbox 1936 3403 3485 3473">
    <p class='ocr_par' dir='ltr' id='par_1_92' title="bbox 1936 3403 3485 3473">
     <span class='ocr_line' id='line_1_93' title="bbox 1936 3403 3485 3473; baseline -0.001 -16"><span class='ocrx_word' id='word_1_651' title='bbox 1936 3405 2138 3457; x_wconf 87' lang='lat' dir='ltr'>Futuro</span> <span class='ocrx_word' id='word_1_652' title='bbox 2158 3406 2400 3473; x_wconf 83' lang='lat' dir='ltr'>episcopo</span> <span class='ocrx_word' id='word_1_653' title='bbox 2416 3407 2710 3458; x_wconf 82' lang='lat' dir='ltr'>successori</span> <span class='ocrx_word' id='word_1_654' title='bbox 2728 3419 2838 3458; x_wconf 90' lang='lat' dir='ltr'>meo</span> <span class='ocrx_word' id='word_1_655' title='bbox 2877 3405 3251 3473; x_wconf 81' lang='lat' dir='ltr'>amphibalum</span> <span class='ocrx_word' id='word_1_656' title='bbox 3293 3403 3485 3457; x_wconf 86' lang='lat' dir='ltr'>album</span> 
     </span>
    </p>
   </div>
   <div class='ocr_carea' id='block_1_93' title="bbox 1863 3490 3485 3563">
    <p class='ocr_par' dir='ltr' id='par_1_93' title="bbox 1863 3490 3485 3563">
     <span class='ocr_line' id='line_1_94' title="bbox 1863 3490 3485 3563; baseline -0.001 -17"><span class='ocrx_word' id='word_1_657' title='bbox 1863 3493 2173 3561; x_wconf 84' lang='lat' dir='ltr'>paschalem</span> <span class='ocrx_word' id='word_1_658' title='bbox 2202 3494 2469 3562; x_wconf 79' lang='lat' dir='ltr'>relinquo.</span> <span class='ocrx_word' id='word_1_659' title='bbox 2494 3492 2792 3547; x_wconf 68' lang='lat' dir='ltr'>Sicczetera</span> <span class='ocrx_word' id='word_1_660' title='bbox 2821 3493 3006 3547; x_wconf 90' lang='lat' dir='ltr'>omnia</span> <span class='ocrx_word' id='word_1_661' title='bbox 3034 3500 3233 3563; x_wconf 61' lang='lat' dir='ltr'>praeter</span> <span class='ocrx_word' id='word_1_662' title='bbox 3262 3490 3485 3546; x_wconf 87' lang='lat' dir='ltr'>tertium</span> 
     </span>
    </p>
   </div>
   <div class='ocr_carea' id='block_1_94' title="bbox 1869 3578 3491 3655">
    <p class='ocr_par' dir='ltr' id='par_1_94' title="bbox 1869 3578 3491 3655">
     <span class='ocr_line' id='line_1_95' title="bbox 1869 3578 3491 3655; baseline -0.001 -20"><span class='ocrx_word' id='word_1_663' title='bbox 1869 3582 2174 3652; x_wconf 86' lang='lat' dir='ltr'>exemplar,</span> <span class='ocrx_word' id='word_1_664' title='bbox 2235 3599 2343 3655; x_wconf 92' lang='lat' dir='ltr'>quo</span> <span class='ocrx_word' id='word_1_665' title='bbox 2386 3600 2517 3639; x_wconf 90' lang='lat' dir='ltr'>usus</span> <span class='ocrx_word' id='word_1_666' title='bbox 2569 3590 2649 3638; x_wconf 90' lang='lat' dir='ltr'>est</span> <span class='ocrx_word' id='word_1_667' title='bbox 2705 3583 2957 3639; x_wconf 83' lang='lat' dir='ltr'>Nicolaus</span> <span class='ocrx_word' id='word_1_668' title='bbox 2998 3582 3306 3647; x_wconf 89' lang='lat' dir='ltr'>Chesneau,</span> <span class='ocrx_word' id='word_1_669' title='bbox 3338 3578 3491 3651; x_wconf 87' lang='lat' dir='ltr'>quod</span> 
     </span>
    </p>
   </div>
   <div class='ocr_carea' id='block_1_95' title="bbox 1869 3670 3487 3745">
    <p class='ocr_par' dir='ltr' id='par_1_95' title="bbox 1869 3670 3487 3745">
     <span class='ocr_line' id='line_1_96' title="bbox 1869 3670 3487 3745; baseline 0 -21"><span class='ocrx_word' id='word_1_670' title='bbox 1869 3670 2002 3745; x_wconf 87' lang='lat' dir='ltr'>legit</span> <span class='ocrx_word' id='word_1_671' title='bbox 2022 3674 2352 3740; x_wconf 85' lang='lat' dir='ltr'>pastoralem</span> <span class='ocrx_word' id='word_1_672' title='bbox 2382 3688 2481 3743; x_wconf 90' lang='lat' dir='ltr'>pro</span> <span class='ocrx_word' id='word_1_673' title='bbox 2528 3674 2855 3743; x_wconf 84' lang='lat' dir='ltr'>paschalcm.</span> <span class='ocrx_word' id='word_1_674' title='bbox 2892 3672 3271 3744; x_wconf 81' lang='lat' dir='ltr'>Amphlibalus</span> <span class='ocrx_word' id='word_1_675' title='bbox 3302 3678 3487 3725; x_wconf 89' lang='lat' dir='ltr'>autem</span> 
     </span>
    </p>
   </div>
   <div class='ocr_carea' id='block_1_96' title="bbox 1872 3761 3486 3835">
    <p class='ocr_par' dir='ltr' id='par_1_96' title="bbox 1872 3761 3486 3835">
     <span class='ocr_line' id='line_1_97' title="bbox 1872 3761 3486 3835; baseline -0.004 -21"><span class='ocrx_word' id='word_1_676' title='bbox 1872 3761 2259 3815; x_wconf 88' lang='lat' dir='ltr'>indumentum</span> <span class='ocrx_word' id='word_1_677' title='bbox 2288 3762 2514 3832; x_wconf 89' lang='lat' dir='ltr'>aliquod</span> <span class='ocrx_word' id='word_1_678' title='bbox 2564 3762 2839 3835; x_wconf 87' lang='lat' dir='ltr'>designat,</span> <span class='ocrx_word' id='word_1_679' title='bbox 2885 3778 2915 3815; x_wconf 87' lang='lat' dir='ltr'>a</span> <span class='ocrx_word' id='word_1_680' title='bbox 2956 3762 3141 3816; x_wconf 64' lang='lat' dir='ltr'>Graeco</span> <span class='ocrx_word' id='word_1_681' title='bbox 3170 3762 3486 3827; x_wconf 70' lang='grc' dir='ltr'>ἀμφιϐάλλει),</span> 
     </span>
    </p>
   </div>
   <div class='ocr_carea' id='block_1_97' title="bbox 1877 3854 2680 3922">
    <p class='ocr_par' dir='ltr' id='par_1_97' title="bbox 1877 3854 2680 3922">
     <span class='ocr_line' id='line_1_98' title="bbox 1877 3854 2680 3922; baseline -0.001 -16"><span class='ocrx_word' id='word_1_682' title='bbox 1877 3854 2238 3922; x_wconf 83' lang='lat' dir='ltr'>circumpono,</span> <span class='ocrx_word' id='word_1_683' title='bbox 2272 3856 2469 3920; x_wconf 85' lang='lat' dir='ltr'>Operio,</span> <span class='ocrx_word' id='word_1_684' title='bbox 2494 3854 2680 3907; x_wconf 87' lang='lat' dir='ltr'>induo.</span> 
     </span>
    </p>
   </div>
   <div class='ocr_carea' id='block_1_98' title="bbox 1944 3941 3488 4010">
    <p class='ocr_par' dir='ltr' id='par_1_98' title="bbox 1944 3941 3488 4010">
     <span class='ocr_line' id='line_1_99' title="bbox 1944 3941 3488 4010; baseline -0.001 -13"><span class='ocrx_word' id='word_1_685' title='bbox 1944 3945 2090 3997; x_wconf 81' lang='lat' dir='ltr'>Inter</span> <span class='ocrx_word' id='word_1_686' title='bbox 2114 3947 2185 4006; x_wconf 85' lang='lat' dir='ltr'>te,</span> <span class='ocrx_word' id='word_1_687' title='bbox 2218 3943 2381 3996; x_wconf 65' lang='lat' dir='ltr'>haeres</span> <span class='ocrx_word' id='word_1_688' title='bbox 2427 3958 2564 4010; x_wconf 87' lang='lat' dir='ltr'>mea,</span> <span class='ocrx_word' id='word_1_689' title='bbox 2606 3946 2657 3997; x_wconf 83' lang='lat' dir='ltr'>et</span> <span class='ocrx_word' id='word_1_690' title='bbox 2711 3942 2980 3996; x_wconf 71' lang='lat' dir='ltr'>cliwcesim</span> <span class='ocrx_word' id='word_1_691' title='bbox 3011 3946 3163 3996; x_wconf 86' lang='lat' dir='ltr'>tuam</span> <span class='ocrx_word' id='word_1_692' title='bbox 3191 3941 3488 3995; x_wconf 86' lang='lat' dir='ltr'>Ecclesiam</span> 
     </span>
    </p>
   </div>
   <div class='ocr_carea' id='block_1_99' title="bbox 1875 4028 3487 4097">
    <p class='ocr_par' dir='ltr' id='par_1_99' title="bbox 1875 4028 3487 4097">
     <span class='ocr_line' id='line_1_100' title="bbox 1875 4028 3487 4097; baseline -0.001 -11"><span class='ocrx_word' id='word_1_693' title='bbox 1875 4032 2307 4097; x_wconf 78' lang='lat' dir='ltr'>Laudunensem,</span> <span class='ocrx_word' id='word_1_694' title='bbox 2330 4038 2384 4085; x_wconf 92' lang='lat' dir='ltr'>ct</span> <span class='ocrx_word' id='word_1_695' title='bbox 2414 4031 2575 4086; x_wconf 84' lang='lat' dir='ltr'>infra.</span> <span class='ocrx_word' id='word_1_696' title='bbox 2596 4032 2865 4087; x_wconf 86' lang='lat' dir='ltr'>Lauduni.</span> <span class='ocrx_word' id='word_1_697' title='bbox 2891 4032 2968 4085; x_wconf 90' lang='lat' dir='ltr'>lta</span> <span class='ocrx_word' id='word_1_698' title='bbox 2981 4031 3073 4085; x_wconf 90' lang='lat' dir='ltr'>hic</span> <span class='ocrx_word' id='word_1_699' title='bbox 3098 4037 3153 4085; x_wconf 86' lang='lat' dir='ltr'>et</span> <span class='ocrx_word' id='word_1_700' title='bbox 3174 4028 3315 4083; x_wconf 85' lang='lat' dir='ltr'>infra</span> <span class='ocrx_word' id='word_1_701' title='bbox 3340 4036 3487 4084; x_wconf 89' lang='lat' dir='ltr'>recte</span> 
     </span>
    </p>
   </div>
   <div class='ocr_carea' id='block_1_100' title="bbox 1875 4118 3485 4191">
    <p class='ocr_par' dir='ltr' id='par_1_100' title="bbox 1875 4118 3485 4191">
     <span class='ocr_line' id='line_1_101' title="bbox 1875 4118 3485 4191; baseline -0.001 -17"><span class='ocrx_word' id='word_1_702' title='bbox 1875 4120 2114 4175; x_wconf 87' lang='lat' dir='ltr'>correxit</span> <span class='ocrx_word' id='word_1_703' title='bbox 2159 4120 2211 4175; x_wconf 92' lang='lat' dir='ltr'>S.</span> <span class='ocrx_word' id='word_1_704' title='bbox 2274 4119 2537 4175; x_wconf 88' lang='lat' dir='ltr'>Similiter</span> <span class='ocrx_word' id='word_1_705' title='bbox 2590 4120 2828 4175; x_wconf 90' lang='lat' dir='ltr'>Brisson.</span> <span class='ocrx_word' id='word_1_706' title='bbox 2890 4120 2995 4175; x_wconf 83' lang='lat' dir='ltr'>etJ</span> <span class='ocrx_word' id='word_1_707' title='bbox 3032 4125 3299 4189; x_wconf 88' lang='lat' dir='ltr'>perpetuo</span> <span class='ocrx_word' id='word_1_708' title='bbox 3332 4118 3485 4191; x_wconf 89' lang='lat' dir='ltr'>legit,</span> 
     </span>
    </p>
   </div>
   <div class='ocr_carea' id='block_1_101' title="bbox 1877 4211 3488 4284">
    <p class='ocr_par' dir='ltr' id='par_1_101' title="bbox 1877 4211 3488 4284">
     <span class='ocr_line' id='line_1_102' title="bbox 1877 4211 3488 4284; baseline 0 -19"><span class='ocrx_word' id='word_1_709' title='bbox 1877 4227 2000 4266; x_wconf 90' lang='lat' dir='ltr'>cum</span> <span class='ocrx_word' id='word_1_710' title='bbox 2031 4212 2076 4265; x_wconf 91' lang='lat' dir='ltr'>M</span> <span class='ocrx_word' id='word_1_711' title='bbox 2099 4219 2153 4267; x_wconf 92' lang='lat' dir='ltr'>et</span> <span class='ocrx_word' id='word_1_712' title='bbox 2180 4213 2222 4266; x_wconf 87' lang='lat' dir='ltr'>R</span> <span class='ocrx_word' id='word_1_713' title='bbox 2284 4211 2490 4284; x_wconf 90' lang='lat' dir='ltr'>ubique</span> <span class='ocrx_word' id='word_1_714' title='bbox 2520 4214 2929 4281; x_wconf 78' lang='lat' dir='ltr'>Lugdunensem</span> <span class='ocrx_word' id='word_1_715' title='bbox 2958 4221 3012 4267; x_wconf 90' lang='lat' dir='ltr'>et</span> <span class='ocrx_word' id='word_1_716' title='bbox 3044 4213 3360 4281; x_wconf 81' lang='lat' dir='ltr'>Lugdunum</span> <span class='ocrx_word' id='word_1_717' title='bbox 3390 4213 3488 4265; x_wconf 87' lang='lat' dir='ltr'>ha-</span> 
     </span>
    </p>
   </div>
   <div class='ocr_carea' id='block_1_102' title="bbox 1877 4304 3487 4377">
    <p class='ocr_par' dir='ltr' id='par_1_102' title="bbox 1877 4304 3487 4377">
     <span class='ocr_line' id='line_1_103' title="bbox 1877 4304 3487 4377; baseline 0.001 -18"><span class='ocrx_word' id='word_1_718' title='bbox 1877 4305 2197 4373; x_wconf 90' lang='lat' dir='ltr'>berent,sed</span> <span class='ocrx_word' id='word_1_719' title='bbox 2227 4322 2532 4377; x_wconf 89' lang='lat' dir='ltr'>perperam.</span> <span class='ocrx_word' id='word_1_720' title='bbox 2569 4306 2704 4371; x_wconf 83' lang='lat' dir='ltr'>Quid</span> <span class='ocrx_word' id='word_1_721' title='bbox 2738 4307 2882 4360; x_wconf 91' lang='lat' dir='ltr'>enim</span> <span class='ocrx_word' id='word_1_722' title='bbox 2908 4307 3161 4361; x_wconf 61' lang='lat' dir='ltr'>Ecclesiae</span> <span class='ocrx_word' id='word_1_723' title='bbox 3191 4304 3487 4361; x_wconf 81' lang='lat' dir='ltr'>Rhemensi</span> 
     </span>
    </p>
   </div>
   <div class='ocr_carea' id='block_1_103' title="bbox 1873 4395 3490 4469">
    <p class='ocr_par' dir='ltr' id='par_1_103' title="bbox 1873 4395 3490 4469">
     <span class='ocr_line' id='line_1_104' title="bbox 1873 4395 3490 4469; baseline 0.001 -20"><span class='ocrx_word' id='word_1_724' title='bbox 1873 4412 1997 4449; x_wconf 91' lang='lat' dir='ltr'>cum</span> <span class='ocrx_word' id='word_1_725' title='bbox 2028 4396 2388 4469; x_wconf 86' lang='lat' dir='ltr'>Lugdunensi</span> <span class='ocrx_word' id='word_1_726' title='bbox 2425 4395 2453 4447; x_wconf 85' lang='lat'><strong><em>?</em></strong></span> <span class='ocrx_word' id='word_1_727' title='bbox 2496 4395 2878 4451; x_wconf 84' lang='lat' dir='ltr'>Laudunensis</span> <span class='ocrx_word' id='word_1_728' title='bbox 2908 4412 3037 4452; x_wconf 83' lang='lat' dir='ltr'>vero</span> <span class='ocrx_word' id='word_1_729' title='bbox 3070 4412 3192 4451; x_wconf 89' lang='lat' dir='ltr'>cum</span> <span class='ocrx_word' id='word_1_730' title='bbox 3216 4413 3315 4467; x_wconf 88' lang='lat' dir='ltr'>par</span> <span class='ocrx_word' id='word_1_731' title='bbox 3342 4403 3490 4451; x_wconf 86' lang='lat' dir='ltr'>esset</span> 
     </span>
    </p>
   </div>
   <div class='ocr_carea' id='block_1_104' title="bbox 1791 4483 3488 4576">
    <p class='ocr_par' dir='ltr' id='par_1_104' title="bbox 1791 4483 3488 4576">
     <span class='ocr_line' id='line_1_105' title="bbox 1791 4483 3488 4576; baseline 0 -39"><span class='ocrx_word' id='word_1_732' title='bbox 1791 4508 1847 4576; x_wconf 84' lang='lat' dir='ltr'>D</span> <span class='ocrx_word' id='word_1_733' title='bbox 1873 4484 2129 4539; x_wconf 84' lang='lat' dir='ltr'>dioecesis</span> <span class='ocrx_word' id='word_1_734' title='bbox 2153 4484 2496 4550; x_wconf 87' lang='lat' dir='ltr'>Rhemensis,</span> <span class='ocrx_word' id='word_1_735' title='bbox 2530 4484 2633 4543; x_wconf 60' lang='lat' dir='ltr'>fab</span> <span class='ocrx_word' id='word_1_736' title='bbox 2665 4484 2782 4554; x_wconf 87' lang='lat' dir='ltr'>ipso</span> <span class='ocrx_word' id='word_1_737' title='bbox 2809 4484 3059 4559; x_wconf 87' lang='lat' dir='ltr'>Remigio</span> <span class='ocrx_word' id='word_1_738' title='bbox 3090 4492 3273 4539; x_wconf 89' lang='lat' dir='ltr'>erecta</span> <span class='ocrx_word' id='word_1_739' title='bbox 3305 4491 3390 4538; x_wconf 88' lang='lat' dir='ltr'>est</span> <span class='ocrx_word' id='word_1_740' title='bbox 3434 4483 3488 4537; x_wconf 91' lang='lat' dir='ltr'>in</span> 
     </span>
    </p>
   </div>
   <div class='ocr_carea' id='block_1_105' title="bbox 1870 4571 3489 4639">
    <p class='ocr_par' dir='ltr' id='par_1_105' title="bbox 1870 4571 3489 4639">
     <span class='ocr_line' id='line_1_106' title="bbox 1870 4571 3489 4639; baseline 0.001 -13"><span class='ocrx_word' id='word_1_741' title='bbox 1870 4573 2264 4627; x_wconf 56' lang='lat' dir='ltr'>cathedralemv</span> <span class='ocrx_word' id='word_1_742' title='bbox 2295 4572 2593 4625; x_wconf 82' lang='lat' dir='ltr'>Rhemensi</span> <span class='ocrx_word' id='word_1_743' title='bbox 2624 4571 2950 4639; x_wconf 75' lang='lat' dir='ltr'>subjectum,</span> <span class='ocrx_word' id='word_1_744' title='bbox 2996 4583 3054 4627; x_wconf 92' lang='lat' dir='ltr'>ut</span> <span class='ocrx_word' id='word_1_745' title='bbox 3103 4573 3489 4628; x_wconf 83' lang='lat' dir='ltr'>adnotavimus</span> 
     </span>
    </p>
   </div>
   <div class='ocr_carea' id='block_1_106' title="bbox 1868 4663 3485 4735">
    <p class='ocr_par' dir='ltr' id='par_1_106' title="bbox 1868 4663 3485 4735">
     <span class='ocr_line' id='line_1_107' title="bbox 1868 4663 3485 4735; baseline 0 -17"><span class='ocrx_word' id='word_1_746' title='bbox 1868 4679 2034 4735; x_wconf 85' lang='lat' dir='ltr'>supra</span> <span class='ocrx_word' id='word_1_747' title='bbox 2056 4665 2125 4718; x_wconf 89' lang='lat' dir='ltr'>ad</span> <span class='ocrx_word' id='word_1_748' title='bbox 2155 4680 2275 4735; x_wconf 89' lang='lat' dir='ltr'>cap.</span> <span class='ocrx_word' id='word_1_749' title='bbox 2310 4665 2377 4719; x_wconf 76' lang='lat' dir='ltr'>H</span> <span class='ocrx_word' id='word_1_750' title='bbox 2412 4682 2424 4718; x_wconf 91' lang='lat'>:</span> <span class='ocrx_word' id='word_1_751' title='bbox 2459 4665 2698 4735; x_wconf 91' lang='lat' dir='ltr'>ideoque</span> <span class='ocrx_word' id='word_1_752' title='bbox 2729 4663 3028 4719; x_wconf 89' lang='lat' dir='ltr'>Ecclesiam</span> <span class='ocrx_word' id='word_1_753' title='bbox 3064 4665 3485 4719; x_wconf 84' lang='lat' dir='ltr'>Laudunensem</span> 
     </span>
    </p>
   </div>
   <div class='ocr_carea' id='block_1_107' title="bbox 1870 4756 3490 4828">
    <p class='ocr_par' dir='ltr' id='par_1_107' title="bbox 1870 4756 3490 4828">
     <span class='ocr_line' id='line_1_108' title="bbox 1870 4756 3490 4828; baseline 0.001 -19"><span class='ocrx_word' id='word_1_754' title='bbox 1870 4756 1957 4811; x_wconf 90' lang='lat' dir='ltr'>hic</span> <span class='ocrx_word' id='word_1_755' title='bbox 1978 4763 2135 4812; x_wconf 87' lang='lat' dir='ltr'>vocat</span> <span class='ocrx_word' id='word_1_756' title='bbox 2161 4756 2442 4812; x_wconf 68' lang='lat' dir='ltr'>dimcesim</span> <span class='ocrx_word' id='word_1_757' title='bbox 2478 4757 2863 4811; x_wconf 87' lang='lat' dir='ltr'>Rhemensem.</span> <span class='ocrx_word' id='word_1_758' title='bbox 2903 4757 3172 4812; x_wconf 76' lang='lat' dir='ltr'>Praeterea</span> <span class='ocrx_word' id='word_1_759' title='bbox 3201 4757 3490 4828; x_wconf 80' lang='lat' dir='ltr'>siclegen-</span> 
     </span>
    </p>
   </div>
   <div class='ocr_carea' id='block_1_108' title="bbox 1868 4849 3486 4920">
    <p class='ocr_par' dir='ltr' id='par_1_108' title="bbox 1868 4849 3486 4920">
     <span class='ocr_line' id='line_1_109' title="bbox 1868 4849 3486 4920; baseline 0.001 -17"><span class='ocrx_word' id='word_1_760' title='bbox 1868 4849 1996 4903; x_wconf 88' lang='lat' dir='ltr'>dum</span> <span class='ocrx_word' id='word_1_761' title='bbox 2032 4856 2182 4919; x_wconf 85' lang='lat' dir='ltr'>patet</span> <span class='ocrx_word' id='word_1_762' title='bbox 2212 4866 2279 4905; x_wconf 79' lang='lat' dir='ltr'>ex</span> <span class='ocrx_word' id='word_1_763' title='bbox 2325 4866 2443 4920; x_wconf 89' lang='lat' dir='ltr'>cap.</span> <span class='ocrx_word' id='word_1_764' title='bbox 2505 4850 2575 4904; x_wconf 74' lang='grc'>20</span> <span class='ocrx_word' id='word_1_765' title='bbox 2634 4849 2793 4915; x_wconf 81' lang='lat' dir='ltr'>infra,</span> <span class='ocrx_word' id='word_1_766' title='bbox 2828 4850 2921 4903; x_wconf 84' lang='lat' dir='ltr'>ubi</span> <span class='ocrx_word' id='word_1_767' title='bbox 2953 4849 3157 4904; x_wconf 87' lang='lat' dir='ltr'>diserte</span> <span class='ocrx_word' id='word_1_768' title='bbox 3198 4850 3486 4904; x_wconf 78' lang='lat' dir='ltr'>Anisiacus</span> 
     </span>
    </p>
   </div>
   <div class='ocr_carea' id='block_1_109' title="bbox 1869 4942 3487 5015">
    <p class='ocr_par' dir='ltr' id='par_1_109' title="bbox 1869 4942 3487 5015">
     <span class='ocr_line' id='line_1_110' title="bbox 1869 4942 3487 5015; baseline 0.001 -20"><span class='ocrx_word' id='word_1_769' title='bbox 1869 4942 2218 4996; x_wconf 79' lang='lat' dir='ltr'>Laudunensi</span> <span class='ocrx_word' id='word_1_770' title='bbox 2280 4943 2536 4998; x_wconf 67' lang='lat' dir='ltr'>Ecclesia:</span> <span class='ocrx_word' id='word_1_771' title='bbox 2597 4942 2936 5008; x_wconf 88' lang='lat' dir='ltr'>attribuitur,</span> <span class='ocrx_word' id='word_1_772' title='bbox 3005 4951 3058 4998; x_wconf 88' lang='lat' dir='ltr'>et</span> <span class='ocrx_word' id='word_1_773' title='bbox 3110 4961 3172 4997; x_wconf 86' lang='lat' dir='ltr'>ex</span> <span class='ocrx_word' id='word_1_774' title='bbox 3205 4945 3386 5015; x_wconf 86' lang='lat' dir='ltr'>capite</span> <span class='ocrx_word' id='word_1_775' title='bbox 3427 4943 3487 4997; x_wconf 76' lang='grc'>14</span> 
     </span>
    </p>
   </div>
   <div class='ocr_carea' id='block_1_110' title="bbox 1866 5035 3483 5111">
    <p class='ocr_par' dir='ltr' id='par_1_110' title="bbox 1866 5035 3483 5111">
     <span class='ocr_line' id='line_1_111' title="bbox 1866 5035 3483 5111; baseline 0.001 -23"><span class='ocrx_word' id='word_1_776' title='bbox 1866 5051 2051 5106; x_wconf 89' lang='lat' dir='ltr'>supra,</span> <span class='ocrx_word' id='word_1_777' title='bbox 2081 5035 2176 5089; x_wconf 90' lang='lat' dir='ltr'>ubi</span> <span class='ocrx_word' id='word_1_778' title='bbox 2204 5035 2403 5090; x_wconf 87' lang='lat' dir='ltr'>dicitur</span> <span class='ocrx_word' id='word_1_779' title='bbox 2427 5036 2479 5090; x_wconf 93' lang='lat' dir='ltr'>S.</span> <span class='ocrx_word' id='word_1_780' title='bbox 2510 5035 2795 5111; x_wconf 85' lang='lat' dir='ltr'>Remigius</span> <span class='ocrx_word' id='word_1_781' title='bbox 2827 5052 2938 5090; x_wconf 90' lang='lat' dir='ltr'>non</span> <span class='ocrx_word' id='word_1_782' title='bbox 2965 5037 3235 5093; x_wconf 88' lang='lat' dir='ltr'>modicam</span> <span class='ocrx_word' id='word_1_783' title='bbox 3269 5043 3483 5107; x_wconf 86' lang='lat' dir='ltr'>partem</span> 
     </span>
    </p>
   </div>
   <div class='ocr_carea' id='block_1_111' title="bbox 1868 5124 3487 5192">
    <p class='ocr_par' dir='ltr' id='par_1_111' title="bbox 1868 5124 3487 5192">
     <span class='ocr_line' id='line_1_112' title="bbox 1868 5124 3487 5192; baseline 0.001 -15"><span class='ocrx_word' id='word_1_784' title='bbox 1868 5124 2277 5192; x_wconf 88' lang='lat' dir='ltr'>possessionum</span> <span class='ocrx_word' id='word_1_785' title='bbox 2304 5124 2410 5179; x_wconf 92' lang='lat' dir='ltr'>sibi</span> <span class='ocrx_word' id='word_1_786' title='bbox 2441 5141 2472 5178; x_wconf 88' lang='lat' dir='ltr'>a</span> <span class='ocrx_word' id='word_1_787' title='bbox 2539 5125 2838 5190; x_wconf 87' lang='lat' dir='ltr'>Clodoveo,</span> <span class='ocrx_word' id='word_1_788' title='bbox 2870 5136 2924 5180; x_wconf 91' lang='lat' dir='ltr'>et</span> <span class='ocrx_word' id='word_1_789' title='bbox 2950 5126 3072 5180; x_wconf 88' lang='lat' dir='ltr'>aliis</span> <span class='ocrx_word' id='word_1_790' title='bbox 3099 5127 3345 5180; x_wconf 86' lang='lat' dir='ltr'>datarum</span> <span class='ocrx_word' id='word_1_791' title='bbox 3374 5132 3487 5180; x_wconf 90' lang='lat' dir='ltr'>tra-</span> 
     </span>
    </p>
   </div>
   <div class='ocr_carea' id='block_1_112' title="bbox 1868 5210 3485 5287">
    <p class='ocr_par' dir='ltr' id='par_1_112' title="bbox 1868 5210 3485 5287">
     <span class='ocr_line' id='line_1_113' title="bbox 1868 5210 3485 5287; baseline 0.004 -23"><span class='ocrx_word' id='word_1_792' title='bbox 1868 5210 2073 5265; x_wconf 89' lang='lat' dir='ltr'>didisse</span> <span class='ocrx_word' id='word_1_793' title='bbox 2099 5212 2344 5267; x_wconf 77' lang='lat' dir='ltr'>ecclesiae</span> <span class='ocrx_word' id='word_1_794' title='bbox 2369 5214 2422 5268; x_wconf 91' lang='lat' dir='ltr'>S.</span> <span class='ocrx_word' id='word_1_795' title='bbox 2460 5214 2639 5269; x_wconf 60' lang='lat' dir='ltr'>Mariae</span> <span class='ocrx_word' id='word_1_796' title='bbox 2675 5215 2919 5270; x_wconf 86' lang='lat' dir='ltr'>Lauduni</span> <span class='ocrx_word' id='word_1_797' title='bbox 2952 5214 3175 5282; x_wconf 85' lang='lat' dir='ltr'>Clavati,</span> <span class='ocrx_word' id='word_1_798' title='bbox 3205 5215 3485 5287; x_wconf 91' lang='lat' dir='ltr'>quomodo</span> 
     </span>
    </p>
   </div>
   <div class='ocr_carea' id='block_1_113' title="bbox 1867 5300 3485 5376">
    <p class='ocr_par' dir='ltr' id='par_1_113' title="bbox 1867 5300 3485 5376">
     <span class='ocr_line' id='line_1_114' title="bbox 1867 5300 3485 5376; baseline 0.004 -22"><span class='ocrx_word' id='word_1_799' title='bbox 1867 5300 2162 5373; x_wconf 89' lang='lat' dir='ltr'>legendum</span> <span class='ocrx_word' id='word_1_800' title='bbox 2221 5310 2306 5356; x_wconf 91' lang='lat' dir='ltr'>est</span> <span class='ocrx_word' id='word_1_801' title='bbox 2357 5302 2411 5356; x_wconf 92' lang='lat' dir='ltr'>in</span> <span class='ocrx_word' id='word_1_802' title='bbox 2462 5303 2622 5376; x_wconf 88' lang='lat' dir='ltr'>Greg.</span> <span class='ocrx_word' id='word_1_803' title='bbox 2654 5305 2855 5360; x_wconf 90' lang='lat' dir='ltr'>Turon.</span> <span class='ocrx_word' id='word_1_804' title='bbox 2891 5304 2986 5358; x_wconf 90' lang='lat' dir='ltr'>lib.</span> <span class='ocrx_word' id='word_1_805' title='bbox 3046 5321 3119 5369; x_wconf 76' lang='grc' dir='ltr'>γι,</span> <span class='ocrx_word' id='word_1_806' title='bbox 3151 5319 3271 5376; x_wconf 88' lang='lat' dir='ltr'>cap.</span> <span class='ocrx_word' id='word_1_807' title='bbox 3300 5306 3355 5367; x_wconf 74' lang='lat'>4,</span> <span class='ocrx_word' id='word_1_808' title='bbox 3389 5304 3485 5360; x_wconf 90' lang='lat' dir='ltr'>ubi</span> 
     </span>
    </p>
   </div>
   <div class='ocr_carea' id='block_1_114' title="bbox 1865 5390 2603 5462">
    <p class='ocr_par' dir='ltr' id='par_1_114' title="bbox 1865 5390 2603 5462">
     <span class='ocr_line' id='line_1_115' title="bbox 1865 5390 2603 5462; baseline 0.004 -19"><span class='ocrx_word' id='word_1_809' title='bbox 1865 5390 2120 5457; x_wconf 78' lang='lat' dir='ltr'>Lugduni</span> <span class='ocrx_word' id='word_1_810' title='bbox 2139 5390 2354 5445; x_wconf 80' lang='lat' dir='ltr'>Glavati</span> <span class='ocrx_word' id='word_1_811' title='bbox 2381 5392 2484 5462; x_wconf 89' lang='lat' dir='ltr'>legi</span> <span class='ocrx_word' id='word_1_812' title='bbox 2495 5398 2603 5447; x_wconf 91' lang='lat' dir='ltr'>tur.</span> 
     </span>
    </p>
   </div>
   <div class='ocr_carea' id='block_1_115' title="bbox 1936 5481 3482 5552">
    <p class='ocr_par' dir='ltr' id='par_1_115' title="bbox 1936 5481 3482 5552">
     <span class='ocr_line' id='line_1_116' title="bbox 1936 5481 3482 5552; baseline 0.001 -16"><span class='ocrx_word' id='word_1_813' title='bbox 1936 5481 2081 5536; x_wconf 85' lang='lat' dir='ltr'>Illud</span> <span class='ocrx_word' id='word_1_814' title='bbox 2108 5497 2318 5552; x_wconf 85' lang='lat' dir='ltr'>quoque</span> <span class='ocrx_word' id='word_1_815' title='bbox 2342 5498 2438 5537; x_wconf 84' lang='lat' dir='ltr'>vas</span> <span class='ocrx_word' id='word_1_816' title='bbox 2476 5500 2701 5538; x_wconf 83' lang='lat' dir='ltr'>aureum</span> <span class='ocrx_word' id='word_1_817' title='bbox 2758 5485 2934 5539; x_wconf 86' lang='lat' dir='ltr'>decem</span> <span class='ocrx_word' id='word_1_818' title='bbox 2962 5486 3245 5539; x_wconf 84' lang='lat' dir='ltr'>librarum.</span> <span class='ocrx_word' id='word_1_819' title='bbox 3281 5484 3368 5539; x_wconf 92' lang='lat' dir='ltr'>Sic</span> <span class='ocrx_word' id='word_1_820' title='bbox 3396 5483 3482 5537; x_wconf 88' lang='lat' dir='ltr'>MS</span> 
     </span>
    </p>
   </div>
   <div class='ocr_carea' id='block_1_116' title="bbox 1864 5569 3476 5646">
    <p class='ocr_par' dir='ltr' id='par_1_116' title="bbox 1864 5569 3476 5646">
     <span class='ocr_line' id='line_1_117' title="bbox 1864 5569 3476 5646; baseline -0.001 -21"><span class='ocrx_word' id='word_1_821' title='bbox 1864 5569 1976 5625; x_wconf 85' lang='lat' dir='ltr'>Jet</span> <span class='ocrx_word' id='word_1_822' title='bbox 2032 5570 2068 5625; x_wconf 89' lang='lat' dir='ltr'><strong>C</strong></span> <span class='ocrx_word' id='word_1_823' title='bbox 2127 5571 2181 5625; x_wconf 90' lang='lat' dir='ltr'>in</span> <span class='ocrx_word' id='word_1_824' title='bbox 2239 5573 2505 5646; x_wconf 88' lang='lat' dir='ltr'>margine.</span> <span class='ocrx_word' id='word_1_825' title='bbox 2576 5575 2636 5628; x_wconf 90' lang='lat' dir='ltr'>ln</span> <span class='ocrx_word' id='word_1_826' title='bbox 2691 5582 2839 5629; x_wconf 82' lang='lat' dir='ltr'>textu</span> <span class='ocrx_word' id='word_1_827' title='bbox 2894 5589 3026 5628; x_wconf 85' lang='lat' dir='ltr'>vero</span> <span class='ocrx_word' id='word_1_828' title='bbox 3073 5574 3153 5627; x_wconf 88' lang='lat' dir='ltr'>sic</span> <span class='ocrx_word' id='word_1_829' title='bbox 3194 5573 3476 5626; x_wconf 86' lang='lat' dir='ltr'>habetur:</span> 
     </span>
    </p>
   </div>
   <div class='ocr_carea' id='block_1_117' title="bbox 1870 5659 3477 5734">
    <p class='ocr_par' dir='ltr' id='par_1_117' title="bbox 1870 5659 3477 5734">
     <span class='ocr_line' id='line_1_118' title="bbox 1870 5659 3477 5734; baseline 0.001 -23"><span class='ocrx_word' id='word_1_830' title='bbox 1870 5659 2069 5714; x_wconf 85' lang='lat' dir='ltr'>«Aliud</span> <span class='ocrx_word' id='word_1_831' title='bbox 2101 5670 2420 5734; x_wconf 89' lang='lat' dir='ltr'>argenteum</span> <span class='ocrx_word' id='word_1_832' title='bbox 2438 5679 2532 5716; x_wconf 83' lang='lat' dir='ltr'>vas</span> <span class='ocrx_word' id='word_1_833' title='bbox 2561 5663 3051 5717; x_wconf 86' lang='lat' dir='ltr'>decemlibrarum.</span> <span class='ocrx_word' id='word_1_834' title='bbox 3090 5681 3113 5710; x_wconf 83' lang='lat'><strong>»</strong></span> <span class='ocrx_word' id='word_1_835' title='bbox 3147 5660 3477 5724; x_wconf 81' lang='lat' dir='ltr'>Quodsecu-</span> 
     </span>
    </p>
   </div>
   <div class='ocr_carea' id='block_1_118' title="bbox 1867 5750 3475 5829">
    <p class='ocr_par' dir='ltr' id='par_1_118' title="bbox 1867 5750 3475 5829">
     <span class='ocr_line' id='line_1_119' title="bbox 1867 5750 3475 5829; baseline -0.002 -21"><span class='ocrx_word' id='word_1_836' title='bbox 1867 5761 1952 5808; x_wconf 89' lang='lat' dir='ltr'>tus</span> <span class='ocrx_word' id='word_1_837' title='bbox 1977 5762 2059 5808; x_wconf 91' lang='lat' dir='ltr'>est</span> <span class='ocrx_word' id='word_1_838' title='bbox 2093 5753 2459 5810; x_wconf 89' lang='lat' dir='ltr'>Brisson.Sed</span> <span class='ocrx_word' id='word_1_839' title='bbox 2486 5755 2781 5829; x_wconf 89' lang='lat' dir='ltr'>legendum</span> <span class='ocrx_word' id='word_1_840' title='bbox 2815 5770 3037 5810; x_wconf 83' lang='lat' dir='ltr'>aureum</span> <span class='ocrx_word' id='word_1_841' title='bbox 3068 5760 3215 5824; x_wconf 87' lang='lat' dir='ltr'>patet</span> <span class='ocrx_word' id='word_1_842' title='bbox 3237 5768 3300 5807; x_wconf 83' lang='lat' dir='ltr'>ex</span> <span class='ocrx_word' id='word_1_843' title='bbox 3332 5750 3475 5807; x_wconf 85' lang='lat' dir='ltr'>anti-</span> 
     </span>
    </p>
   </div>
  </div>
