4010 6162
523 299 622 356 351
1359 299 1748 357 COLVENERII
1789 299 2064 357 SCHOLIA
2101 300 2166 356 IN
2208 301 2372 357 HIST.
2417 299 2704 356 REMENS.
2745 298 3008 354 ECCLES.
3701 305 3786 364 352

521 426 687 490 thesi,
719 442 838 482 cum
866 432 1058 497 postea
1087 426 1251 494 dicat,
1289 447 1313 479 α
1343 444 1464 500 qua:
1496 429 1744 485 Lauduni
1771 429 1826 483 in
1862 438 2126 503 argenteo
2153 433 2200 500 Α
2225 428 2455 485 versitas
2484 442 2550 482 ex
2603 441 2670 482 eo
2692 423 3016 496 provenisse
3069 423 3329 489 videtur,-
3363 424 3510 495 quod
3535 440 3632 480 non
3655 429 3789 497 plena

521 513 639 586 ipse
671 515 886 572 dictavi.
923 539 944 566 ι
2229 519 2491 580 dictione,
2525 523 2578 571 et
2609 532 2707 586 per
2747 525 2905 570 notas
2950 529 3305 569 numerorum
3337 514 3591 584 scriptum
3621 516 3681 569 sit
3705 519 3785 572 sol.

586 604 748 658 Jubeo
773 605 1100 659 turriculum
1129 609 1178 659 et
1208 607 1567 673 imaginatum
1599 608 1812 662 calicem
1841 608 2126 675 fabricari.
2227 608 2283 673 2,
2313 606 2590 677 quomodo
2623 605 2904 676 plerisque
2973 603 3110 658 locis
3165 603 3347 657 adhuc
3391 602 3620 656 habetur
3661 603 3708 658 in
3733 605 3788 672 ll,

517 691 609 747 Sic
639 691 683 743 M
716 698 769 746 et
797 691 854 758 J,
887 709 950 748 ex
981 709 1090 764 quo
1121 695 1260 748 alius
1303 696 1428 750 fecit
1461 698 1814 762 thuribulum,
1847 697 2126 768 quomodo
2231 695 2380 766 quod
2405 693 2546 748 alius
2578 693 2776 748 litteris
2798 691 3069 746 extendit.

521 779 578 834 C.
612 779 820 853 legitin
853 789 1026 850 textu,
1055 793 1110 838 et
1153 784 1484 853 Brissonius,
1530 788 1627 841 sed
1658 787 1711 840 in
1745 787 1991 859 margine
2019 803 2127 842 no-
2302 793 2488 862 Supra
2551 796 2798 861 cryptam
2858 792 3141 846 Remorum
3187 789 3465 859 cedificari.
3515 788 3604 844 Sic
3647 791 3795 844 omnia

517 873 594 923 tat
621 867 656 921 C
688 870 822 924 alias
845 871 956 945 legi
983 874 1311 928 turriculum
1341 891 1354 926 :
1392 893 1416 923 ι(
1453 874 1548 930 Pro
1581 890 1710 948 quo,
1740 875 1938 948 inquit,
1960 879 2130 930 turri—
2232 885 2582 956 exemplaria.
2613 889 2791 948 Quare
2821 882 2963 936 male
3022 882 3290 946 Brisson.,
3323 897 3493 951 supra
3558 883 3796 950 scriptam,

516 959 696 1049 aulam
725 975 927 1014 censeo
952 964 1352 1031 reponendum.
1383 965 1668 1020 Estautem
1693 965 1951 1020 turricula
1979 967 2126 1037 quod
2229 977 2332 1032 nisi
2362 977 2625 1032 mondum
2647 975 2717 1030 sit
2747 974 3094 1049 typographi.

515 1047 682 1122 vulgo
713 1049 980 1104 ciborium
1035 1057 1252 1106 vocant.
1315 1078 1339 1100 α
1375 1053 1462 1108 Sic
1492 1055 1606 1121 ille,
1657 1061 1712 1108 et
1773 1065 2063 1126 propterea
2093 1055 2126 1110 S

2297 1069 2470 1126 Rebus
2492 1047 2781 1139 prioribus,
2818 1047 3195 1136 superaddidi.
3251 1065 3339 1122 Sic
3381 1065 3468 1120 MS
3501 1065 3554 1120 ι.
3619 1063 3800 1119 Brisson

517 1139 842 1193 turn-Cmam
871 1140 1106 1210 δοτίρδίι·
1142 1142 1259 1197 Non
1291 1159 1412 1198 esse
1461 1145 1756 1219 legendum
1789 1145 2126 1224 muribule
2225 1175 2356 1214 vero
2383 1165 2436 1214 et
2463 1159 2518 1224 C,
2540 1159 2699 1212 rebus
2727 1158 3095 1228 superioribus
3149 1156 3372 1222 addidi,
3405 1171 3510 1210 nec
3532 1155 3801 1210 Brissonius

515 1229 754 1298 primum
784 1247 850 1286 ex
881 1249 946 1289 eo
977 1235 1236 1304 probatur
1256 1236 1402 1306 quod
1457 1235 1687 1292 omnino
1736 1237 1808 1290 sit
1839 1235 2122 1290 verisimi-
2227 1251 2283 1305 id
2329 1249 2474 1304 bene
2507 1247 2694 1322 jungit
2735 1246 3098 1317 sequentibus
3149 1253 3340 1300 contra
3403 1243 3598 1300 omnia
3653 1259 3802 1298 θχεω-

518 1323 628 1379 lius
656 1341 720 1379 ex
763 1343 890 1382 vase
923 1344 1087 1384 aureo
1126 1330 1422 1400 (quomodo
1470 1329 1767 1405 legendum
1819 1329 2128 1398 docuimus)
2227 1341 2418 1412 plaria,

519 1432 645 1472 eum
671 1419 854 1490 potius
896 1421 1127 1490 jussisse
1184 1422 1304 1478 ﬁeri
1361 1439 1459 1479 vas
1497 1425 1565 1478 ad
1605 1441 1763 1479 usum
1797 1422 2127 1480 venerabilis
2295 1435 2535 1488 Plebeius
2564 1444 2734 1502 supra
2770 1435 3080 1487 Matronam
3135 1431 3390 1500 (κάλυπτε,
3423 1431 3502 1485 [ta
3534 1428 3805 1484 Brissonius

516 1512 844 1566 sacramenti
877 1511 1246 1582 eucharistize,
1279 1533 1441 1588 quam
1473 1517 1838 1573 thuribulum.
1873 1515 2129 1571 Secundo
2231 1534 2286 1582 οι
2315 1527 2502 1582 omnia
2531 1525 2887 1596 exemplaria,
2948 1524 3226 1596 quomodo
3258 1531 3312 1579 ει
3344 1523 3488 1578 infra
3537 1521 3807 1596 hislegimr

518 1602 646 1674 quia
676 1602 827 1659 addit
861 1621 874 1658 :
911 1628 930 1652 ι
971 1606 1031 1660 Et
1059 1607 1454 1682 epigrammata
1495 1625 1618 1680 quae
1675 1607 1922 1664 Lauduni
1956 1607 2010 1662 in
2044 1624 2132 1662 ar-

2275 1619 2422 1674 tlioc
2451 1625 2804 1684 testamento,
2860 1617 2966 1671 nisi
3021 1616 3171 1688 quod
3227 1615 3264 1669 C
3331 1617 3384 1670 in
3435 1615 3702 1685 impresso
3727 1613 3808 1667 hoc

517 1697 716 1764 genteo
743 1693 862 1764 ipse
883 1693 1105 1762 dictavi,
1140 1697 1192 1750 in
1224 1698 1329 1752 hoc
1363 1713 1588 1770 quoque
1617 1697 1891 1754 conscribi
1920 1697 2063 1752 volo.
2100 1715 2125 1746 n

2275 1725 2352 1764 nco
2381 1708 2583 1764 habeat
2615 1709 2941 1772 Maternum,
2975 1706 3124 1777 quod
3155 1705 3404 1774 ejusdem
3453 1703 3610 1759 ﬂuvii
3647 1718 3809 1757 recen-

517 1778 648 1844 Ωυαὲ
669 1796 894 1850 Prorsus
922 1799 988 1838 ea
1039 1784 1298 1840 Videntur
1354 1803 1474 1841 esse
1506 1803 1627 1858 (Ιυὶθ
1655 1802 1821 1858 supra
1852 1785 2128 1840 habent“?
2153 1761 2203 1830 Β
2227 1799 2332 1854 tius
2362 1815 2564 1854 nomen
2590 1806 2692 1864 est,
2741 1797 2943 1852 Gallice
3007 1799 3196 1852 Mante
3229 1837 3243 1850 .
3272 1797 3462 1866 itaque
3527 1793 3808 1864 promiscue

519 1883 642 1940 cap.
678 1869 763 1923 10.
820 1871 1186 1945 lmaginatum
1249 1873 1474 1929 calicem
1516 1874 1651 1930 dicit
1707 1873 2042 1948 imaginibus
2073 1879 2127 1928 et
2226 1905 2374 1944 nunc
2401 1905 2591 1956 unum,
2661 1903 2811 1942 nunc
2859 1887 3090 1942 alterum
3150 1885 3206 1939 in
3261 1882 3570 1939 Flodoardo
3623 1881 3809 1956 legitur.

521 1958 713 2034 ﬁguris
741 1963 1032 2032 δευίριυῐη·
1071 1963 1214 2018 Infra
1243 1981 1465 2036 quoque
1489 1966 1628 2021 “bro
1654 1966 1921 2032 εοευηίίον
1949 1965 2126 2036 σειρίῐο
2228 1979 2360 2032 Nam
2393 1979 2532 2034 libro
2563 1978 2746 2045 tertio,
2800 1977 2981 2048 capite
3034 1975 3248 2042 ultimo,
3289 1973 3475 2030 omnia
3511 1970 3812 2042 exemplaria

521 2056 694 2116 sexto,
729 2053 934 2108 mentio
968 2061 1050 2108 est
1093 2055 1258 2110 turris
1314 2073 1493 2112 aureae
1523 2074 1692 2128 super
1729 2057 1900 2112 altare
1949 2057 2124 2112 beatae
2231 2079 2284 2126 οι
2313 2071 2597 2125 Αίηιοιιίυε
2645 2069 2764 2124 loco
2829 2064 3036 2123 ibidem
3077 2068 3133 2121 in
3179 2067 3429 2142 margine
3458 2081 3490 2119 a
3541 2081 3633 2119 me
3659 2070 3811 2118 notato

518 2141 698 2233 Mi“
726 2145 936 2214 Ροείίεθ,
966 2165 1129 2218 quam
1160 2156 1216 2204 et
1245 2150 1448 2204 ibidem
1482 2151 1756 2206 είδοτίυῐη
1797 2151 2126 2222 ίιιιθῐῬΓθίδ·
2231 2165 2537 2218 Matronam
2569 2161 2778 2233 legunt.
2832 2157 2978 2214 Infra
3028 2166 3209 2214 autem
3242 2141 3421 2228 primo
3467 2155 3636 2223 libro,
3669 2151 3812 2222 capite

522 2239 611 2285 tur
635 2232 1065 2326 idembicolaus
1111 2235 1418 2303 Chesneau,
1481 2240 1584 2294 hoc
1631 2249 1714 2295 est
1744 2240 2130 2310 repositorium
2231 2257 2498 2311 vicesimo
2551 2232 2766 2326 quarto,
2817 2255 3121 2308 Maternum
3157 2253 3350 2325 legum
3405 2250 3491 2306 MS
3541 2257 3597 2304 ει
3664 2245 3816 2304 omnia

517 2323 854 2418 venerabilis
883 2329 1212 2382 sacramenti
1245 2331 1608 2390 eucliaristite,
1639 2346 1668 2382 a
1701 2328 1874 2404 ﬁgura
1913 2329 1991 2382 sic
2021 2345 2128 2382 no-
2233 2323 2588 2418 exemplaria;
2639 2347 2778 2401 libro
2831 2345 3098 2411 secundo,
3131 2323 3310 2414 capite
3345 2343 3589 2414 septimo
3612 2349 3667 2396 ει
3689 2347 3816 2395 οδω-

519 2412 905 2510 ωίηῗηῑίφῖω
935 2415 1078 2470 infra
1107 2417 1247 2473 “bro
1278 2437 1350 2484 'v’
1383 2421 1564 2491 capite
1583 2421 1799 2476 deeimo
1821 2435 1992 2486 nono’
2022 2435 2134 2473 τηε·
2234 2460 2320 2500 vo.
2353 2412 2609 2507 Rursum,
2642 2438 2782 2494 libro
2811 2445 3026 2510 quarto,
3074 2412 3254 2506 capite
3301 2412 3451 2490 nono
3491 2433 3704 2488 decimo
3730 2440 3822 2485 ter-

518 2505 676 2559 minit
706 2505 1046 2562 Flodoardus
1078 2509 1271 2564 ciborii
1299 2528 1465 2582 super
1494 2513 1663 2568 altare
1685 2518 1888 2567 sanctze
1930 2511 2130 2566 Marize.
2237 2536 2334 2600 tio,
2361 2505 2625 2587 vicesimb
2656 2505 2919 2596 seum-et
2955 2505 3219 2582 vicesimo
3245 2525 3502 2596 septimo,
3548 2523 3726 2580 omnia
3748 2537 3821 2575 οο.

519 2595 653 2650 Item
697 2598 862 2652 turris
889 2613 1068 2652 aureae
1097 2598 1165 2652 ad
1195 2599 1451 2654 eumdem
1487 2617 1642 2654 usum
1674 2601 2012 2656 mentionem
2049 2599 2132 2655 fa-
2231 2595 2343 2686 sm,
2361 2625 2696 2695 exemplaria
2745 2621 2991 2693 printer]
3037 2595 3343 2675 Maternum
3393 2618 3604 2692 legunt,
3657 2624 3708 2672 et
3732 2615 3820 2679 MS,

521 2689 923 2787 citVenantius
967 2691 1292 2748 Fortunatus
1340 2693 1481 2748 libro
1537 2693 1720 2758 tertio,
1771 2694 1949 2764 capite
1981 2694 2135 2768 vige—
2233 2715 2464 2787 (Ἦμεςᾶ
2519 2689 2782 2769 έηηίιίυζῐ.
2827 2714 3080 2768 Materna
3131 2711 3333 2786 legitur
3381 2689 3820 2765 inplinerisf‘m-

521 2781 662 2836 Simo
693 2781 875 2848 ιθηίον
937 2783 992 2836 in
1023 2785 1423 2858 epigrammate
1453 2785 1520 2838 ad
1547 2785 1784 2840 Felicem
1827 2785 2134 2840 Bimriccn'
2235 2781 2474 2861 dationis
2499 2802 2822 2858 monasterii
2849 2819 2947 2856 seu
2977 2781 3254 2872 prioratus
3303 2801 3358 2855 S.
3383 2800 3599 2854 Martini
3629 2816 3659 2853 a
3689 2797 3824 2852 Cam-

523 2887 660 2967 ξίῗων
693 2872 788 2943 qni
814 2873 1390 2967 διξῙξξονξρδίῑ-εϊηοάο
1407 2875 1652 2928 secundo
1673 2875 2002 2967 Ϊυτοηῗηείν
2037 2875 2132 2929 ha‘
2236 2897 2340 2967 pis,
2365 2895 2584 2950 Parisiis
2612 2910 2758 2948 anno
2789 2892 2931 2948 1060
2961 2907 3058 2963 per
3086 2891 3377 2946 Henricum
3419 2891 3656 2961 primum
3677 2887 3822 2942 Fran-

522 2959 653 3061 Ξίίδθ
679 2975 824 3061 an"?
853 2960 976 3061 579;
1006 2961 1262 3016 Absomte
1317 2971 1520 3016 turrem
1564 2962 1810 3017 nominat
1842 2962 2135 3037 Gregorius
2237 2959 2426 3044 eorum
2459 3002 2644 3061 regem
2678 2984 2916 3040 fundati.
2961 2959 3284 3037 —Matronam
3340 2959 3510 3036 habet
3561 2977 3827 3054 Gregorius

521 3051 877 3114 Turonemis'
919 3051 1059 3107 libro
1090 3053 1270 3123 primo
1301 3053 1369 3106 de
1401 3053 1581 3108 Gloria
1601 3062 1923 3124 martyrum’
1957 3053 2136 3124 capite
2175 3132 2214 3145 η
2237 3051 2594 3145 Turonensis,
2623 3077 2764 3132 libro
2793 3083 2948 3130 sexto
2982 3073 3362 3139 Historiarum,
3411 3071 3592 3143 capite
3617 3051 3825 3125 decimo.

519 3145 608 3212 86,
637 3145 860 3200 dicens:
911 3164 936 3196 α
994 3147 1341 3217 Acceptaque
1396 3152 1544 3202 turre
1592 3146 1880 3212 diaconus,
1917 3146 1970 3200 in
2028 3163 2134 3218 qua
2167 3132 2217 3200 C

523 3236 842 3308 mysterium
872 3237 1142 3292 Dominici
1167 3237 1417 3308 corporis
1441 3237 1768 3303 habebatur,
1798 3236 1943 3292 ferre
1975 3239 2142 3309 coepit

525 3325 594 3380 ad
623 3326 822 3382 ostium
859 3343 874 3392 ;
909 3326 1300 3401 ingressusque
1340 3325 1628 3397 templum,
1688 3333 1746 3380 ut
1803 3341 1924 3380 eam
1981 3327 2138 3381 altari

523 3423 950 3484 superponeret,
1011 3413 1198 3485 elapsa
1245 3414 1314 3469 de
1357 3431 1523 3470 manu
1573 3415 1692 3484 ejus
1743 3413 2025 3468 ferebatur
2081 3415 2139 3468 in

2311 3195 2382 3247 Et
2409 3190 2790 3246 Paschasidem
2815 3187 3095 3256 conjugem
3151 3199 3326 3239 suam.
3383 3183 3460 3236 Ita
3506 3180 3602 3235 CS.
3631 3187 3683 3235 et
3702 3179 3827 3232 Bris-

2240 3283 2449 3346 sonius,
2475 3279 2574 3335 sed
2603 3279 2672 3344 M,
2723 3277 3097 3341 Pascasidam,
3146 3275 3196 3342 «Ι,
3236 3272 3601 3334 Pascasidem,
3636 3271 3668 3326 Β
3712 3283 3823 3325 vero

2241 3377 2394 3427 notat
2414 3370 2549 3425 alias
2581 3369 2686 3443 legi
2708 3366 3094 3424 Pascasiolam.

523 3521 670 3574 aera,
695 3526 720 3556 ι)
748 3516 853 3562 etc.
889 3506 1155 3562 Uttamcn
1201 3523 1232 3560 a
1279 3507 1560 3562 veteribus
1585 3507 1993 3578 exemplaribus
2027 3524 2138 3563 non

2315 3481 2695 3538 Theodonima.
2750 3479 3065 3536 Brissonius
3094 3487 3150 3535 et
3195 3479 3231 3534 C
3279 3479 3334 3532 in
3367 3477 3655 3548 impresso,
3679 3475 3822 3530 Theu-

523 3597 866 3662 recedamus,
921 3597 1016 3668 qui
1073 3598 1398 3652 tur-riculum
1455 3604 1773 3652 constanter
1819 3597 2032 3672 legunt,
2063 3601 2141 3670 (et
2241 3569 2555 3637 donimat‘l’
2593 3571 2937 3626 TeOdm'ivia'

521 3689 847 3760 plerumque
875 3704 938 3743 ea
968 3688 1130 3744 lectio
1161 3689 1345 3745 verior
1375 3697 1476 3756 est,
1509 3705 1632 3761 quae
1659 3696 1744 3744 est
1781 3689 1964 3744 minus
1994 3691 2143 3746 veri-
2312 3685 2642 3751 Edo-neifan,
2676 3699 2794 3754 qua:
2810 3684 3014 3738 homini
3027 3686 3138 3738 tuo.
3175 3680 3266 3735 Sic
3294 3688 3350 3735 et
3385 3678 3688 3735 Brissonius
3702 3674 3821 3731 Edo-

522 3781 738 3852 similis)
761 3789 942 3853 potest
971 3783 1109 3838 illud
1161 3783 1352 3854 recipi,
1385 3791 1446 3838 ut
1505 3783 1578 3838 sit
1633 3783 1989 3852 adjectivum,
2042 3801 2140 3856 pro
2241 3793 2450 3832 versam
2507 3782 2688 3830 autem
2741 3775 2932 3850 legunt
2991 3774 3100 3828 MS.
3165 3775 3225 3828 In
3263 3773 3457 3828 COdice
3510 3772 3554 3826 Β
3613 3767 3823 3844 legiPO‘

526 3872 786 3926 turritum
817 3871 903 3926 vel
961 3873 1366 3926 turriculatum.
1413 3871 1546 3926 Nam
1596 3873 1856 3936 turricus,
1904 3888 1956 3936 a,
2028 3888 2140 3939 um,
2243 3875 2350 3923 test
2370 3869 2673 3934 Edoveifan
2707 3865 3005 3938 [quomodo
3025 3865 3210 3936 habet]
3245 3865 3686 3920 etEdoveresam.

526 3963 729 4038 legitur
751 3979 817 4018 ea
833 3963 1306 4038 significationem
1324 3963 1544 4018 Summa
1571 3961 1798 4018 Joannis
1825 3962 2140 4029 Januensis,
2315 3961 2401 4016 Ad
2426 3962 2687 4014 imitatem
2742 3961 3005 4013 montium
3067 3959 3266 4028 posito.
3329 3956 3417 4010 Sic
3451 3955 3478 4010 J
3512 3963 3567 4011 et
3613 3955 3817 4010 Brisson.

530 4067 654 4120 quae
686 4050 1007 4106 Catholicon
1039 4051 1440 4107 dicitur.Porro
1465 4066 1528 4104 ex
1587 4066 1652 4105 eo
1673 4049 1964 4121 quodliuic
1981 4051 2138 4106 calici
2247 4050 2356 4107 Sed
2381 4051 2468 4105 MS
2493 4050 2547 4116 (Ζ,
2581 4051 2656 4104 ad
2683 4053 2971 4104 unitatem.

527 4139 657 4194 velit
690 4139 916 4194 inscribi
962 4157 1154 4195 versus
1202 4139 1346 4205 illos,
1385 4155 1524 4210 quos
1556 4137 1728 4191 habes
1765 4153 1928 4207 supra
1959 4139 2138 4208 capite
2312 4144 2380 4197 Et
2410 4156 2528 4210 quae
2563 4141 2862 4194 Joviasunt
2887 4138 3140 4206 pratella.
3175 4136 3266 4192 Sic
3289 4135 3476 4192 omnia
3499 4132 3815 4206 exemplaria.

526 4231 764 4298 decimo,
798 4233 1156 4306 intelligimus
1174 4232 1321 4286 hunc
1346 4230 1518 4285 fuisse
1543 4230 1771 4284 calicem
1803 4230 2142 4285 ministeria-
2240 4230 2560 4304 chendum
2594 4228 2732 4284 forte
2790 4227 3017 4282 adnotat
3062 4226 3316 4282 Nicolaus
3375 4225 3678 4292 Chesneau,
3721 4237 3816 4294 qua

526 4327 658 4392 lem,
691 4332 753 4380 ut
781 4323 944 4377 docet
991 4320 1303 4391 Onuphrius
1359 4319 1452 4374 ubi
1483 4335 1668 4390 supra.
1715 4319 1923 4373 Idcirco
1954 4329 2136 4374 autem
2231 4323 2402 4394 jumta
2429 4325 2575 4377 sunt.

527 4416 728 4472 calices
745 4413 1135 4469 ministeriales
1173 4412 1518 4479 dicebantur,
1551 4412 1702 4484 quod
1719 4413 1788 4466 ad
1814 4413 2138 4467 ministran-
2313 4415 2382 4467 Et
2422 4425 2639 4464 uxorem
2693 4424 2847 4464 suam
2895 4409 3146 4463 Moriam.
3217 4407 3309 4462 Sic
3353 4407 3440 4461 MS
3499 4408 3524 4462 J
3589 4415 3642 4462 et
3699 4405 3728 4458 C
3771 4403 3814 4455 in

529 4510 660 4564 dum
677 4508 1000 4582 sanguinem
1035 4505 1234 4561 Christi
1266 4506 1470 4577 p0pulo
1503 4505 1864 4560 deservircnt.
2162 4484 2220 4553 Ι)
2243 4500 2513 4575 margine,
2545 4499 2642 4554 sed
2667 4499 2720 4552 in
2753 4504 2924 4563 textu,
2951 4513 3178 4552 umorem
3207 4497 3325 4567 ejus
3339 4490 3814 4569 Moram,quomodo

599 4602 998 4668 Balatoforum.
1021 4599 1109 4654 Sic
1129 4597 1317 4653 omnia
1347 4597 1701 4668 exemplaria,
1729 4597 1837 4650 nisi
1891 4596 2042 4668 quod
2085 4596 2143 4650 in
2243 4599 2298 4644 et
2337 4588 2576 4643 Brisson.

531 4692 904 4763 manuscripto
935 4690 1507 4758 CsitBadatoforum,
1557 4696 1612 4745 et
1669 4689 1889 4744 videtur
1941 4703 2144 4744 nomen
2315 4682 2626 4737 Medaridus
2682 4696 2864 4735 eorum
2907 4680 3074 4750 ﬁlius.
3123 4680 3202 4733 Ita
3253 4677 3341 4732 (ΙΙ.
3399 4683 3454 4732 ct
3498 4675 3814 4735 Brissonius;

529 4781 836 4854 prOprium.
2248 4773 2356 4840 MS,
2374 4774 2680 4829 Medarius.

599 4875 934 4930 Alimoniam
960 4870 1422 4942 prastolantibus.
1477 4868 1566 4924 Sic
1597 4867 1682 4922 MS
1711 4868 1734 4923 J
1770 4875 1825 4923 et
1854 4867 2095 4923 Brisson.
2129 4884 2144 4934 ;
2318 4866 2615 4934 Delegoque
2639 4865 2822 4933 nepoti
2847 4877 2960 4918 meo
2991 4864 3318 4916 Praetemtato
3347 4859 3698 4915 Moderatum.
3729 4856 3819 4910 Haec

532 4962 1080 5035 CR,postulantibus.
2250 4963 2479 5012 estvera
2509 4955 2672 5010 lectio
2701 4971 2768 5010 ex
2818 4953 3055 5008 diversis
3101 4953 3374 5014 restituta,
3421 4967 3586 5023 quam
3628 4943 3820 5003 habetC

600 5058 970 5121 Calmisciaco,
1031 5055 1293 5110 Tessiaco.
1354 5051 1443 5106 Sic
1499 5051 1560 5106 SJ
1603 5056 1659 5106 et
1710 5051 1954 5106 Brisson.
2007 5051 2150 5106 Alias
2249 5050 2378 5116 eti,
2410 5058 2470 5104 ut
2501 5049 2857 5102 Praetextatus
2885 5047 2956 5101 sit
2981 5061 3185 5101 nomen
3218 5043 3527 5116 preprium.
3585 5043 3668 5096 Sic
3714 5036 3823 5094 inira

481 5125 487 5131 I
531 5158 592 5208 ut
625 5151 681 5206 in
713 5151 781 5218 M,
815 5149 1145 5208 Colmisiaco.
1182 5147 1316 5202 ltcm
1357 5143 1494 5199 alias
1525 5146 1754 5200 Tamaco
1793 5151 1848 5198 et
1881 5145 2148 5199 Trissiaco
2253 5144 2500 5200 meminit
2521 5143 2809 5214 proneptis
2837 5157 2950 5197 sua:
3005 5140 3362 5194 Praetextata.
3415 5137 3525 5192 Sed
3561 5137 3596 5191 C
3623 5137 3674 5190 in
3703 5139 3822 5188 textu

533 5245 758 5320 Ῑθὲίιιπο
2249 5254 2471 5295 excuso.
2504 5238 2558 5292 S.
2591 5245 2646 5292 et
2673 5235 2986 5292 Brissonius
3031 5235 3226 5308 legunt
3264 5233 3571 5320 Moderata,
3585 5238 3648 5320 ut
3666 5227 3825 5320 coha-

601 5316 698 5394 λά
745 5340 961 5407 portam
1008 5334 1381 5392 Suessouicum
1427 5331 1626 5388 solidos
1689 5331 1844 5386 duos.
1881 5331 1960 5385 lta
2014 5327 2140 5395 CSJ,
2241 5335 2356 5385 reat
2384 5345 2506 5384 cum
2548 5327 2891 5392 Praetextato,
2940 5323 3110 5380 veluti
3150 5336 3460 5396 cognomen
3495 5337 3511 5386 ;
3556 5318 3622 5384 Μ,
3647 5316 3824 5407 prete-

532 5404 864 5498 Brisson-ius,
921 5436 1032 5485 tum
1073 5427 1432 5500 sequentibus
1497 5425 1813 5498 quindecim
1873 5421 2140 5488 articulis,
2243 5424 2374 5474 mato
2402 5418 2760 5482 Moderatum,
2790 5421 2849 5469 ut
2893 5415 2964 5468 sit
3007 5412 3399 5500 appellativum
3457 5425 3556 5483 pro
3578 5404 3826 5480 praediolo.

531 5519 792 5576 videlicet
821 5535 995 5591 usque
1026 5517 1090 5572 ad
1131 5499 1466 5572 «ecclesiam
1497 5521 1812 5570 sanctorum
1844 5519 2144 5582 martyrum
2247 5525 2411 5580 quam
2453 5507 2742 5562 lectionem
2776 5505 2952 5564 codex
2973 5509 3126 5560 notat
3145 5503 3200 5558 in
3231 5499 3505 5576 margine.

535 5609 744 5665 Cosma:
774 5618 830 5664 et
858 5607 1123 5665 Damiani.
1153 5626 1178 5658 »
1206 5605 1251 5660 Μ
1283 5620 1412 5660 vero
1460 5603 1666 5674 ubique
1717 5602 1770 5656 in
1805 5598 2146 5655 nominativo
2321 5599 2684 5652 Totticionem.
2721 5595 2896 5650 ltaMS
2943 5593 3168 5657 Cretera,
3201 5592 3512 5646 Tottionem.

535 5713 668 5753 casu
691 5698 855 5754 solidi
881 5698 1008 5765 duo,
1036 5695 1176 5751 sicut
1205 5700 1260 5750 et
1289 5693 1462 5749 codex
1503 5669 1881 5764 Re-migianus.
1909 5689 2036 5752 Quae
2063 5687 2150 5741 di-
2182 5751 2189 5758 ο
2320 5688 2634 5742 Lucernam.
2690 5684 2781 5740 Sic
2827 5683 2863 5737 C
2911 5683 2952 5736 Β
3001 5691 3056 5738 et
3112 5679 3424 5736 Brissonius
3461 5695 3476 5746 ;
3520 5675 3646 5730 alias
3683 5669 3826 5724 lata“
