4010 6162
226 265 307 323 353

1474 253 1538 307 IN
1582 250 1829 307 LIBRUM
1868 248 2152 306 PRIMUM.

3377 252 3483 309 354

223 414 343 463 nam,
368 393 439 448 MS
463 392 506 455 .l,
537 391 820 444 lucernam.
857 385 947 442 Est
985 390 1166 442 autem
1189 385 1409 443 lacerna
1439 386 1583 440 idem
1617 385 1766 456 quod
1789 389 1847 458 Α
1942 384 2329 438 Leudoneram.
2372 382 2450 438 Ita
2476 381 2550 438 CS
2608 389 2663 439 et
2710 380 3041 440 Brissonius.
3078 380 3187 439 Sed
3215 384 3314 454 MJ,
3340 387 3483 442 Leu-

220 488 405 562 penula,
429 484 665 539 nimirum
722 482 895 537 vestis
931 498 1107 557 genus
1134 481 1334 537 tunicae
1374 483 1767 553 superductum

220 574 543 631 adarcendam
580 570 841 641 pluviam.
900 571 974 625 De
1005 587 1113 641 qua
1148 571 1205 624 in
1234 572 1371 625 actis
1398 572 1453 626 S.
1489 571 1765 642 Cypriani,

221 674 265 722 et
302 665 348 718 in
397 659 631 733 Sulpitio,
678 658 821 714 libro
857 659 1038 730 primo
1078 659 1313 733 Dialogi,
1345 660 1522 733 capite
1550 662 1767 717 decimo

220 766 396 831 quarto.
436 756 601 811 Utitur
641 752 903 808 Martialis
955 753 1156 826 aliique
1189 752 1404 825 profani
1450 754 1764 825 scriptores.

217 848 600 906 Videanturloca
645 847 701 901 in
737 848 936 905 Baron.
993 857 1143 905 tomo
1170 849 1417 904 secundo
1448 847 1764 915 Annalium,

219 955 335 996 anno
351 938 461 994 261.

274 1030 330 1081 Et
349 1030 630 1092 argenteam
659 1026 909 1081 cabutam
935 1029 1249 1096 ﬁguratam.
1271 1027 1360 1082 Sic
1390 1028 1575 1082 omnia
1592 1044 1772 1082 exem-

220 1120 371 1191 plaria.
403 1118 685 1183 Brisonius,
727 1121 1054 1186 cambutam,
1085 1121 1178 1191 qui
1209 1136 1321 1175 non
1344 1126 1489 1174 recte
1522 1136 1768 1191 sequen-

218 1211 276 1263 tia
298 1209 682 1263 verbazFiliolo
740 1210 889 1264 illius
952 1213 1183 1265 Parovio
1237 1210 1421 1283 jungit
1454 1211 1773 1281 pra‘ceden-

218 1298 353 1363 tibus,
380 1314 490 1351 cum
514 1297 640 1351 inde
666 1313 807 1352 nova
863 1298 1091 1369 incipiat
1130 1302 1427 1365 sententia,
1461 1306 1517 1354 ut
1541 1307 1776 1371 quatuor

219 1395 371 1442 nostra
393 1386 657 1441 declarant
709 1389 1066 1459 exemplaria.
1121 1390 1182 1443 Et
1228 1390 1314 1444 cui
1366 1389 1576 1460 aliquid
1607 1389 1771 1461 legat,

217 1495 313 1533 cum
333 1480 378 1534 in
402 1479 665 1550 principio
732 1480 1019 1535 nominare
1072 1482 1231 1536 solet.
1284 1482 1357 1536 Ml
1413 1483 1644 1552 parvulo
1694 1483 1777 1537 le-

218 1573 370 1645 git:C
416 1576 683 1629 Parovio:
742 1574 799 1639 S,
852 1582 1148 1648 utrumque
1206 1577 1510 1651 conjungit,
1550 1580 1777 1648 parvulo

216 1667 416 1720 Paroria.
445 1664 577 1718 Vera
634 1666 799 1721 lectio
852 1666 1071 1721 videtur
1128 1670 1372 1722 Parovio.
1412 1668 1549 1731 Quid
1573 1669 1645 1724 sit
1674 1687 1775 1725 ca-

1870 479 2134 533 dauerum
2163 492 2261 547 per
2284 490 2341 529 ιι.

1940 570 2291 625 Salvonarias
2324 582 2491 636 supra
2521 568 2748 621 Moram.
2782 568 2862 622 Ita
2916 568 3102 623 omnia
3146 571 3483 642 exemplaria

1867 665 1922 713 et
1962 656 2227 723 Brisson.,
2262 654 2367 709 nisi
2398 654 2545 726 quod
2607 655 2653 708 Μ
2684 654 2831 728 legat
2872 657 3253 715 Salvanarias.
3277 658 3312 714 C
3338 661 3483 715 hanc

1868 748 2279 805 adnotationem
2308 746 2544 820 margini
2575 747 2777 816 adjecit
2805 766 2821 801 :
2851 767 2876 798 α
2908 748 3070 805 Forte
3098 751 3480 822 reponendum

1870 842 2179 898 Salinarias
2205 855 2372 908 supra
2402 841 2627 906 Mosam,
2660 838 2745 893 vel
2776 839 3151 907 Sablonarias,
3184 848 3243 896 ut
3261 840 3419 896 infra.
3458 859 3483 898 ι

1942 932 2310 987 Domitextilis
2338 931 2578 984 casulam
2617 930 2880 984 subtilem.
2914 931 2973 984 In
3006 918 3265 985 omnibus
3282 931 3486 987 nostris

1871 1024 2279 1095 exemplaribus
2300 1029 2427 1077 sunt
2457 1022 2577 1077 dua:
2610 1022 3018 1089 dictiones,sed
3050 1038 3174 1077 cum
3208 1023 3486 1080 Brissonio

1876 1116 2160 1184 conjunxi.

1949 1208 2138 1263 Caeteri
2162 1221 2338 1260 omnes
2389 1205 2697 1260 enhazredes
2750 1209 2933 1271 estote,
2964 1209 3192 1261 suntote.
3246 1204 3337 1261 Sic
3366 1222 3490 1261 om—

1876 1296 1966 1351 nia
1998 1294 2355 1366 exemplaria,
2399 1294 2506 1347 nisi
2549 1294 2698 1365 quod
2731 1294 2777 1347 Μ
2808 1295 3011 1350 omittit
3062 1297 3357 1366 posterius,
3390 1297 3489 1351 sed

1878 1407 1992 1446 non
2024 1397 2188 1444 recte.
2225 1391 2299 1444 lta
2346 1390 2417 1443 ad
2462 1389 2726 1458 majorem
2759 1388 3072 1445 firmitatem
3107 1398 3161 1446 et
3189 1407 3491 1467 exaggera-

1878 1484 2084 1538 tionem
2110 1482 2164 1535 in
2194 1480 2445 1536 formulis
2468 1482 2783 1536 testamenti
2800 1481 2909 1536 dici
2943 1483 3105 1537 solet.

1951 1578 2014 1630 In
2041 1590 2145 1644 quo
2174 1576 2225 1628 si
2252 1590 2365 1643 qua
2391 1574 2563 1628 litura
2588 1575 2671 1627 vel
2687 1578 3024 1629 caramatura
3050 1576 3221 1642 fuerit
3249 1578 3487 1644 inventa,

1876 1670 2029 1736 facta
2059 1672 2145 1722 est
2166 1684 2246 1721 me
2270 1671 2558 1736 prasente,
2584 1667 2713 1720 dum
2754 1683 2788 1720 a
2846 1683 2930 1721 me
2957 1668 3215 1736 relegitur
3234 1672 3285 1723 et
3313 1684 3493 1726 emen-

218 1753 324 1810 buta
346 1755 599 1826 explicent
641 1754 756 1809 alii.
790 1755 901 1811 Hoc
920 1756 1057 1810 mihi
1091 1763 1301 1812 tantum
1348 1758 1606 1813 occurrit.
1645 1757 1774 1814 Cum
1803 1765 1850 1833 Β
1878 1761 2064 1815 datur.
2091 1758 2297 1813 Similis
2337 1765 2421 1813 est
2451 1758 2696 1812 clausula
2726 1758 2780 1812 in
2839 1757 2948 1813 fine
2975 1760 3285 1814 testamenti
3316 1762 3490 1817 sancti

216 1843 497 1899 Brissionius
523 1846 831 1899 cambutam
874 1845 1038 1919 legat,
1082 1847 1128 1900 si
1186 1848 1445 1901 cambuca
1475 1848 1774 1919 legeretur,

218 1934 382 2002 pedum
410 1934 743 2005 episcOpale,
782 1935 867 1989 vel
906 1937 1090 2007 potius
1115 1935 1371 1991 baculum
1398 1936 1529 2007 pedi
1557 1937 1779 2008 episco-

219 2022 329 2092 palis
353 2022 761 2096 signiﬁcaretur.
819 2025 934 2090 Qua
960 2042 1094 2081 voce
1151 2027 1325 2080 utitur
1356 2026 1546 2081 Petrus
1586 2028 1782 2083 Come-

216 2118 309 2165 stor
329 2111 378 2165 in
404 2112 630 2167 Historia
661 2114 847 2182 Exodi,
881 2115 1062 2185 capite
1095 2114 1164 2170 52
1194 2132 1207 2168 :
1242 2140 1267 2163 «ι
1302 2115 1474 2181 Sicut,
1498 2116 1698 2187 inquit,
1725 2116 1779 2171 in
1815 2116 1827 2130 °

216 2198 376 2257 baculo
399 2203 672 2258 cambucae
704 2202 1036 2275 pontificalis
1094 2204 1341 2261 eburneo
1398 2205 1516 2261 fieri
1556 2209 1714 2263 solet.
1752 2232 1779 2256 ιο

216 2288 323 2344 llinc
348 2291 395 2345 in
416 2292 718 2348 Pontiﬁcali
774 2295 1052 2349 Guillelmi
1103 2296 1349 2363 Duranti,
1401 2298 1548 2367 quod
1603 2298 1783 2355 habeo

214 2381 616 2452 manuscriptum,
664 2390 819 2453 parte
850 2386 1116 2453 secunda,
1149 2385 1246 2439 ubi
1277 2385 1461 2459 agitur
1489 2386 1557 2440 de
1585 2402 1784 2442 conse-

213 2468 416 2524 cratione
441 2470 717 2539 Ecclesiae,
741 2488 864 2527 cum
915 2474 1129 2528 accedit
1179 2474 1427 2545 pontifex
1479 2476 1548 2530 ad
1575 2477 1780 2532 ostium

215 2556 438 2625 ecclesiae,
469 2560 540 2614 ita
564 2560 773 2634 legitur
804 2579 817 2616 :
851 2586 877 2609 α
905 2563 1085 2619 Faciat
1106 2580 1328 2619 crucem
1354 2580 1479 2619 cum
1510 2567 1781 2637 gambuca

214 2647 256 2700 in
282 2647 447 2705 limine
474 2652 773 2723 superiori,
807 2661 862 2708 et
893 2654 1161 2710 inferiori.
1199 2676 1223 2706 »
1270 2656 1371 2711 Pro
1401 2671 1510 2726 quo
1541 2656 1779 2712 Pontifi-

212 2740 305 2795 cale
340 2743 654 2812 Romanum,
684 2761 945 2801 excusum
1004 2764 1151 2803 anno
1210 2749 1369 2815 1503,
1430 2757 1484 2820 et
1541 2749 1783 2805 Venetiis

214 2834 339 2900 1561,
368 2845 418 2890 et
444 2837 546 2891 alia
591 2837 793 2893 dicunt
837 2864 861 2886 ιι
910 2855 1034 2893 cum
1090 2840 1287 2896 baculo
1345 2843 1617 2910 pastorali.
1654 2865 1675 2894 ι
1722 2844 1783 2898 Et

212 2936 343 2982 antea
366 2930 552 2985 diserte
579 2932 721 2987 dicit
762 2932 907 2987 idem
936 2934 1254 2989 Pontificale
1294 2935 1540 3004 Duranti,
1587 2957 1611 2987 ‹‹
1656 2954 1780 2992 cum

211 3021 419 3077 inferiori
474 3033 629 3095 parte
686 3026 989 3099 gambucze,
1049 3044 1148 3082 seu
1194 3028 1376 3083 baculi
1418 3032 1779 3100 pastoralis.-

214 3112 383 3175 Quibus
416 3117 595 3172 verbis
613 3128 807 3189 aperte
845 3120 1122 3193 significat
1153 3121 1244 3174 illa
1272 3122 1465 3176 eadem
1494 3140 1635 3179 esse.

263 3208 658 3265 Hichinaculum
696 3228 907 3281 quoque
963 3214 1101 3267 dono
1158 3214 1259 3269 illi.
1302 3216 1377 3269 Ita
1410 3215 1609 3287 CR.1et
1638 3217 1786 3272 Bris-

211 3308 307 3349 son.
336 3297 411 3351 MS
438 3299 486 3367 J,
516 3300 925 3355 hiclinaculum.

270 3386 449 3441 Vitium
480 3390 833 3459 pedaturam.
927 3388 1068 3444 Infra
1149 3388 1296 3460 CMS,
1360 3393 1640 3462 peditura,
1687 3395 1784 3449 sed

211 3478 344 3534 male.
375 3481 597 3538 Videtur
627 3491 811 3538 autem
844 3484 1055 3555 accipio
1095 3500 1194 3555 pro
1220 3502 1285 3541 eo
1313 3489 1460 3558 quod
1488 3487 1787 3544 Columella

210 3578 342 3625 vocat
367 3573 754 3642 pedamentum
784 3574 929 3640 vitis,
959 3582 1014 3629 et
1056 3582 1353 3644 statumen,
1404 3578 1506 3633 hoc
1558 3589 1640 3634 est
1686 3595 1788 3651 pro

211 3661 398 3727 perticis
417 3671 468 3718 et
498 3665 641 3735 palis
665 3664 758 3737 qui
774 3665 941 3719 vitem
961 3674 1290 3722 sustentant.

262 3753 407 3810 Actio
430 3762 607 3828 nepoti
656 3774 788 3825 meo,
848 3758 938 3813 Sic
987 3758 1022 3812 C
1060 3759 1117 3813 in
1182 3760 1432 3835 margine
1477 3768 1531 3816 et
1563 3761 1704 3816 infra
1735 3762 1791 3816 in

210 3855 335 3905 textu
360 3868 475 3908 cum
504 3855 788 3909 Brissonio
815 3861 870 3908 et
913 3854 962 3910 J.
996 3855 1081 3909 MS
1110 3855 1217 3921 hic,
1274 3858 1455 3921 Actio,
1487 3858 1584 3911 sed
1625 3858 1793 3928 paulo

209 3942 346 4014 infra,
393 3955 444 4003 et
497 3966 545 4004 c.
595 3949 671 4006 23
702 3991 718 4016 ,
774 3949 820 4003 M
870 3964 1129 4021 quoque,
1176 3953 1339 4013 Etio,
1393 3957 1450 4005 et
1498 3951 1561 4006 SJ
1611 3953 1791 4008 Aetio.

211 4033 388 4091 Nomen
457 4040 650 4095 Aetius
703 4039 905 4115 legitur
958 4039 1195 4111 epistola
1248 4041 1320 4097 ὃὸ
1372 4041 1572 4097 Leonis
1637 4058 1794 4114 papae

210 4143 363 4196 primi.

267 4224 341 4279 Ita
362 4232 419 4281 ut
444 4244 479 4281 a
502 4228 763 4298 partibus
801 4229 936 4282 suis.
972 4227 1063 4284 Sic
1086 4228 1134 4284 J.
1161 4227 1364 4284 Caetera
1390 4230 1662 4299 patribus.

267 4313 389 4378 Quos
413 4316 630 4371 libertos
658 4332 766 4370 esse
822 4318 1101 4385 precipio,
1134 4318 1477 4373 Catusionem
1516 4322 1565 4373 et
1595 4318 1794 4373 Aulia-

212 4404 375 4457 tenam.
408 4405 487 4459 Ita
534 4405 627 4459 MS
684 4404 766 4460 ω.
827 4407 889 4458 At
947 4405 1257 4460 Brissonius
1328 4406 1464 4480 legit
1512 4409 1793 4476 percupio,

211 4490 539 4548 Cultusionem
596 4498 650 4548 et
711 4493 1052 4548 Aulietenam
1106 4494 1385 4565 quomodo
1416 4501 1471 4549 et
1513 4494 1550 4549 C
1602 4495 1658 4549 in
1691 4496 1797 4549 im-

214 4594 399 4647 presso.

267 4675 682 4735 Leutiberedum.
739 4678 829 4733 Sic
865 4678 976 4745 MS,
1032 4680 1097 4734 At
1136 4678 1197 4733 Cl
1232 4685 1287 4733 et
1352 4677 1542 4745 Briss.,
1600 4679 1802 4734 Leube-

214 4766 393 4823 retium.

274 4859 569 4929 Vasantem,
634 4864 842 4919 Cocum.
893 4862 982 4917 Sic
1020 4863 1105 4916 MS
1148 4860 1205 4942 CA
1233 4870 1288 4917 et
1314 4860 1657 4929 Brissonius;
1692 4863 1791 4919 scd

212 4948 243 5003 C
267 4962 402 5010 notat
427 4956 484 5011 in
504 4957 759 5029 margine
788 4958 923 5012 alias
979 4957 1087 5029 legi
1151 4959 1387 5025 Adcum,
1413 4958 1463 5027 .l,
1499 4959 1793 5013 Vasantem

213 5058 390 5117 cocum,
416 5057 474 5105 ut
500 5052 572 5105 sit
617 5051 1030 5121 appellativum,
1070 5065 1179 5105 non
1212 5056 1394 5107 autem
1425 5050 1535 5106 duo
1571 5051 1796 5121 pr0pria

216 5148 435 5194 nomina.

270 5229 672 5296 Dagarasenam
696 5235 746 5285 et
769 5231 1221 5286 Baudorosenam.
1274 5230 1335 5285 Et
1368 5229 1507 5284 infra
1540 5246 1554 5285 :
1585 5231 1793 5286 Flava-

216 5330 460 5375 rasenam.
515 5321 609 5377 Sic
664 5320 724 5376 Cl
775 5328 829 5376 et
878 5321 1206 5376 Brissonius.
1240 5321 1375 5375 Item
1431 5321 1487 5386 S,
1522 5321 1626 5375 nisi
1649 5320 1798 5392 quod

215 5404 340 5481 legat
366 5426 485 5465 cum
519 5411 568 5465 Μ
623 5414 1003 5481 Dagaraseam.
1066 5411 1295 5482 Reliqua
1326 5410 1435 5464 duo
1470 5410 1516 5464 M
1539 5411 1672 5484 legit
1702 5428 1801 5482 per

213 5508 243 5545 ιι
268 5493 319 5549 in
346 5498 535 5553 ultima
564 5499 770 5570 syllaba
806 5500 1263 5566 Baudoroseuam,
1286 5499 1725 5555 Flavaraseuum.

272 5584 686 5646 Hodorosenam.
714 5588 804 5645 Sic
833 5590 939 5645 Cet
956 5587 1271 5645 Brissonius
1294 5605 1309 5656 ;
1334 5586 1402 5655 Μ,
1420 5586 1797 5648 Odoresevam.

216 5671 286 5743 5|,
316 5675 684 5773 Odmsenam.

1878 1846 2256 1902 Bcrthicranni
2312 1846 2459 1917 apud
2491 1844 2829 1901 Brissonium
2860 1844 2949 1900 his
2978 1845 3193 1900 verbis:
3224 1868 3245 1896 ι
3281 1847 3336 1901 Si
3371 1865 3492 1920 qua:

1879 1940 2081 2003 liturae,
2129 1940 2173 1993 si
2204 1954 2327 2011 quae
2385 1945 2741 2004 caraxaturae,
2786 1937 2832 1992 si
2890 1954 3012 2009 qua:
3040 1938 3237 1994 littera:
3267 1940 3494 2009 adjectae

1880 2040 2030 2097 sunt,
2060 2031 2147 2086 vel
2180 2031 2459 2097 detractae,
2478 2045 2581 2103 ego
2597 2029 2701 2085 feci
2727 2028 3130 2101 fieriquejussi,
3159 2031 3289 2086 dum
3312 2047 3491 2089 meam

1882 2124 2017 2179 mihi
2039 2123 2242 2194 saepius
2274 2123 2515 2198 praelego
2546 2122 2901 2189 voluntatem,
2935 2129 2991 2178 et
3035 2123 3219 2178 omnia
3251 2141 3351 2196 per
3377 2126 3496 2182 sin-

1884 2212 2011 2283 gula
2042 2226 2397 2286 recognosco,
2430 2211 2517 2265 vel
2548 2211 2806 2277 emendo,
2840 2219 2900 2265 ut
2920 2211 3007 2266 lex
3033 2212 3248 2280 edocet,
3281 2221 3495 2285 septem

1883 2304 2125 2359 virorum
2160 2304 2512 2359 honestorum
2544 2303 3044 2374 subscriptionibus
3076 2312 3130 2359 ct
3157 2304 3353 2377 sigillis
3374 2321 3498 2360 cre-

1886 2396 2002 2450 didi
2030 2393 2415 2459 municndum,
2476 2400 2529 2448 et
2581 2408 2680 2464 pro
2729 2394 2896 2449 totius
2927 2393 3005 2447 rei
3047 2392 3303 2449 firmitate
3332 2403 3498 2467 atque

1882 2487 2239 2559 stipulatione
2270 2486 2486 2540 adnecti
2519 2485 2779 2556 praecepi.
2818 2485 3007 2540 Actum
3042 2484 3410 2542 Cenomannis
3440 2487 3495 2543 in

1881 2578 2123 2645 civitate,
2147 2578 2237 2632 die
2265 2584 2320 2632 et
2378 2592 2524 2632 anno
2577 2577 2834 2647 superius
2879 2578 3300 2648 comprehenso.
3339 2603 3364 2627 α
3395 2578 3497 2634 Ubi

1882 2675 2221 2732 caraxatura,
2251 2682 2353 2721 seu
2394 2666 2577 2736 potius
2623 2667 2979 2721 charaxatura
3005 2666 3282 2743 significat
3311 2669 3495 2725 obdu—

1882 2762 2123 2816 ctionem
2149 2759 2266 2813 sive
2326 2757 2685 2813 deletionem.
2744 2757 2923 2813 Verbo
2975 2774 3232 2815 caraxare
3262 2768 3318 2815 et
3344 2776 3499 2816 cara-

1883 2851 1997 2904 xari
2024 2864 2122 2920 pro
2156 2847 2469 2917 insculpere
2511 2853 2565 2902 et
2593 2846 2826 2918 insculpi
2867 2847 3040 2903 utitur
3066 2849 3357 2923 Gregorius
3383 2850 3498 2904 Tu-

1886 2935 2139 2991 ronensis
2192 2936 2330 2990 libro
2372 2936 2632 3006 septimo,
2679 2935 2860 3008 capite
2907 2936 3184 2993 tricesimo
3229 2945 3406 3004 sexto,
3446 2946 3503 2994 et

1884 3024 2027 3080 libro
2058 3031 2271 3093 octavo,
2304 3024 2482 3096 capite
2517 3024 2784 3080 vicesimo
2814 3040 2981 3082 nono.
3016 3026 3217 3081 Auctor
3241 3034 3430 3083 noster
3446 3028 3502 3083 in

1811 3090 1860 3159 Ο
1886 3117 2114 3191 prologo
2138 3090 2566 3172 charaxatorum
2594 3118 2922 3186 indigentia,
2957 3118 3009 3171 id
3042 3124 3123 3173 est
3152 3118 3504 3190 scriptorum,

1885 3226 1984 3264 seu
2015 3209 2399 3277 scribentium,
2457 3209 2599 3265 libro
2630 3210 2830 3280 primo,
2873 3211 3053 3281 capite
3094 3226 3241 3267 nono
3263 3228 3505 3266 camma-

1887 3306 2018 3368 tum,
2056 3301 2108 3355 id
2136 3308 2220 3356 est
2258 3301 2545 3372 scriptum.
2604 3302 2751 3356 Infra
2782 3301 2921 3358 libro
2956 3303 3138 3369 tertio,
3192 3304 3375 3375 capite
3405 3304 3506 3360 de-

1885 3392 2028 3447 cimo
2082 3401 2258 3459 sexto,
2316 3392 2463 3448 idem
2510 3391 2822 3466 signiﬁcare
2872 3392 3093 3448 videtur
3134 3394 3282 3466 quod
3313 3402 3505 3451 notare

1888 3484 1975 3537 vel
2007 3481 2360 3554 redarguere.
2417 3482 2552 3537 Vide
2581 3489 2829 3537 nostrum
2881 3481 3123 3537 indicem
3165 3498 3364 3539 vocum
3400 3483 3506 3539 ob-

1890 3590 2168 3629 scurarum
2198 3574 2254 3627 in
2305 3573 2505 3629 Chron.
2566 3572 2965 3644 Cameracensi,
2994 3574 3088 3629 ubi
3130 3581 3184 3630 et
3230 3575 3415 3631 locum
3439 3591 3505 3632 ex

1893 3667 2193 3721 Prudentio
2224 3666 2540 3722 citavimus.

1967 3762 2251 3815 Peractum
2304 3763 2482 3817 Remis
2539 3760 2628 3814 die
2655 3765 2706 3813 et
2752 3762 2965 3814 consule
2998 3762 3333 3830 supradicto.
3365 3760 3505 3817 Hinc

1896 3860 2129 3919 constat,
2162 3858 2589 3923 quantacunque
2637 3850 2776 3906 facta
2819 3852 2891 3905 sit
2940 3868 2972 3906 a
3021 3851 3182 3907 nobis
3213 3852 3504 3926 diligentia

1894 3950 1957 3996 ut
1977 3942 2194 3997 sincere
2223 3948 2279 3996 et
2322 3941 2535 4016 integre
2586 3942 2690 3996 hoc
2739 3947 3126 3997 testamentum
3185 3941 3501 4011 ederemus,

1894 4042 2076 4090 tamen
2117 4034 2326 4107 aliquid
2382 4034 2565 4090 adhuc
2621 4033 2779 4090 initio
2837 4034 3054 4103 deesse,
3115 4033 3245 4106 quia
3295 4032 3373 4087 ibi
3406 4049 3512 4091 nec

1893 4124 2006 4190 die,
2047 4139 2152 4178 nec
2190 4123 2434 4179 consulis
2464 4122 2577 4177 ulla
2621 4121 2680 4176 fit
2736 4122 2964 4178 mentio.
3025 4122 3179 4188 Quod
3208 4121 3508 4177 dolendum

1895 4219 2000 4280 est,
2032 4212 2163 4285 quia
2180 4210 2252 4268 ob
2284 4213 2391 4269 hoc
2423 4212 2709 4287 ignoratur
2748 4218 2966 4283 tempus
2993 4211 3158 4281 hujus
3201 4212 3514 4268 testamenti

1895 4299 2130 4356 conditi.

1962 4389 2419 4447 Intercedentibus
2448 4393 2703 4447 etmediis
2735 4391 3123 4460 signatoribus.
3150 4390 3230 4445 Ita
3260 4390 3345 4445 Cl.
3366 4390 3515 4446 Bris-

1898 4480 2091 4537 sonius
2120 4496 2229 4553 quo
2257 4482 2435 4537 tendit
2463 4482 2532 4549 M,
2566 4483 2716 4553 quod
2746 4483 2878 4556 legit
2910 4483 3205 4538 meridicis.
3239 4482 3314 4536 Ex
3346 4482 3511 4554 quoS

1905 4573 2035 4628 fecit
2060 4574 2326 4629 veridicis.
2349 4572 2478 4638 Quae
2509 4573 2674 4629 lectio
2697 4590 2826 4630 vera
2840 4574 3013 4631 videri
3040 4578 3249 4645 posset,
3278 4573 3385 4629 nisi
3411 4572 3515 4630 ob-

1901 4676 2069 4723 staret
2099 4668 2234 4723 illud
2263 4674 2329 4723 et.

1967 4758 2221 4830 Episcopi
2245 4759 2339 4830 qui
2368 4765 2698 4815 testamento
2730 4760 3144 4834 subsignarunt,
3179 4761 3286 4817 hoc
3315 4760 3511 4816 ordine

1894 4850 2172 4917 recensiti,
2205 4851 2259 4904 lii
2318 4857 2445 4906 sunt
2476 4850 2746 4906 :Sanctus
2797 4850 3063 4906 Vedastus
3113 4850 3512 4918 Atrebatensis,

1894 4951 2117 4998 sanctus
2144 4943 2513 4998 Genebaudus
2579 4944 2984 5012 Laudunensis,
3039 4950 3263 4999 sanctus
3301 4945 3513 4999 Medar-

1898 5036 2001 5091 dus
2017 5036 2399 5093 Noviomensis
2420 5045 2474 5091 et
2504 5038 2867 5092 Tornacensis
2896 5037 3197 5106 unitarum,
3239 5036 3295 5091 S.
3324 5037 3511 5109 Lupus

1899 5125 2335 5195 Suessionensis,
2369 5126 2697 5181 Benedictus
2728 5134 2782 5180 et
2804 5126 3063 5200 Eulogius

1971 5218 2030 5271 In
2052 5216 2354 5287 exemplari
2384 5216 2431 5270 Ill
2485 5223 2611 5287 post
2660 5216 2979 5270 Medardum
3011 5216 3120 5271 duo
3151 5214 3391 5270 addendi
3421 5216 3507 5273 vi-

1900 5309 2117 5363 dentur.
2152 5308 2284 5361 Nam
2303 5306 2388 5360 bis
2409 5306 2593 5361 denuo
2625 5314 2906 5376 ponuntur
2943 5304 3037 5359 illa
3070 5305 3257 5374 verba,
3281 5308 3373 5361 cui
3393 5322 3504 5377 pa-

1900 5408 1983 5457 ter
2009 5418 2155 5457 meus
2187 5404 2484 5470 Remigius,
2536 5408 2665 5468 etc.,
2718 5401 2908 5455 addita
2936 5415 3120 5468 cruce,
3152 5400 3252 5455 sed
3284 5400 3506 5457 omissis

1903 5498 2242 5565 nominibus,
2272 5504 2327 5553 et
2356 5498 2482 5553 ideo
2533 5498 2602 5552 ab
2633 5497 2755 5552 aliis
2812 5496 3092 5567 prateriti.
3126 5495 3302 5562 Quare
3327 5508 3509 5565 operm

1902 5586 2136 5657 pretium
2158 5586 2324 5641 fuerit
2387 5586 2664 5658 inquirere
2710 5601 2781 5640 an
2828 5584 2885 5638 in
2938 5584 3177 5640 archivis
3243 5578 3503 5637 Ecclesia

1901 5676 2188 5734 Remensis
2216 5677 2301 5735 vel
2331 5676 2388 5733 in
2413 5677 2633 5751 scriptis
2678 5675 2952 5733 Ilincmari
2991 5688 3103 5731 non
3135 5670 3311 5747 possit
3341 5684 3513 5745 repeg
