3946 6150
442 224 548 283 3ὗῦ

1273 215 1670 275 COLVENERII
1711 218 1985 275 SCIIOLIA
2028 218 2092 273 IN
2134 216 2301 274 IIIST.
2343 216 2627 273 REMENS.
2673 213 2932 271 ECCLES.

3653 221 3751 277 356

443 352 535 407 riri
568 349 867 406 correctius
923 346 1146 418 aliquod
1198 345 1478 416 exemplar
1527 345 1840 401 testamenti
1868 346 2050 415 hujus.
2079 351 2134 419 Α
2160 352 2218 400 nt
2246 345 2315 400 ad
2343 341 3028 415 episcopumrel‘erantur,
3056 340 3203 413 quod
3227 342 3419 409 tenuit,
3448 342 3641 398 Ebone
3669 345 3759 400 de—

440 445 572 499 Nam
611 459 744 498 sane
763 440 1080 497 verosimile
1105 444 1190 521 est
1216 454 1410 494 omnes
1438 438 1588 492 illius
1618 438 1916 509 provincia:
1937 438 2057 509 epi-

440 551 659 607 scopos,
684 535 776 607 qui
793 541 925 589 tunc
949 548 1147 587 novem
1173 537 1349 597 erant,
1377 531 1793 601 subscripsisse.

511 628 571 681 In
601 624 976 695 manuscripto
1001 622 1036 677 C
1076 628 1199 693 post
1219 622 1526 697 Agricolam
1555 621 1940 693 presbyterum
1965 636 2054 675 se-

441 719 629 791 quitur
656 719 853 773 iterum
910 715 1173 791 Eulogius
1226 714 1545 786 epiSCOpus,
1587 717 1676 769 cui
1698 719 1857 784 pater
1884 729 2052 780 meus,

440 814 550 873 etc,
605 804 813 859 deinde
841 804 1042 858 iterum
1069 803 1367 871 :Agricola
1390 803 1694 872 presbyter.
1730 802 1928 856 Verum
1956 803 2055 856 hoc

439 894 728 964 scriptoris
760 893 1023 949 mendum
1055 898 1154 945 est.
1190 890 1321 944 Nam
1356 890 1462 945 etsi
1493 889 1612 944 ﬁeri
1664 890 1836 961 possit
1858 897 1916 944 ut
1946 890 2055 945 duo

439 985 828 1059 subsignarent
856 982 1103 1054 episcopi
1127 982 1377 1051 ejusdem
1402 982 1667 1047 nominis,
1694 989 1875 1036 tamen
1910 998 2056 1035 nun-

440 1091 605 1146 quam
635 1074 932 1144 episcopus
963 1079 1086 1143 post
1117 1071 1501 1143 presbyterum
1543 1070 1915 1143 subsignaret.
1946 1072 2055 1124 Ita-

440 1186 549 1241 que
596 1169 715 1223 haec
770 1184 893 1223 cum
944 1168 1173 1239 reliquis
1218 1166 1479 1223 omnibus
1535 1165 1945 1237 exemplaribus
2001 1171 2055 1220 et

440 1257 721 1313 Brissonio
748 1256 1092 1328 praetermisi.

516 1353 849 1408 Theodonius
872 1350 1173 1421 presbyter.
1209 1348 1299 1404 Sic
1331 1348 1493 1403 Briss.
1528 1354 1583 1403 et
1610 1346 1666 1413 C,
1694 1354 1892 1403 notans
1920 1346 2054 1401 alias

439 1444 548 1519 legi
584 1444 933 1509 Theodonus;
964 1440 1051 1495 MS
1082 1440 1130 1502 J.
1167 1441 1539 1496 Theodericus.
1566 1440 1723 1495 Forte
1754 1439 2051 1513 legendum

443 1537 773 1592 Theodorus.

2160 438 2363 509 posito,
2392 445 2450 491 ut
2481 442 2630 507 patet
2655 450 2721 489 ex
2751 434 2944 489 ultimo
2998 449 3119 504 cap.
3149 432 3246 489 lib.
3279 450 3337 499 ιι,
3369 444 3424 489 et
3444 436 3541 491 c.1
3578 434 3655 489 lib
3686 454 3758 506 ιιι,

2158 530 2381 604 quando
2412 530 2574 584 sedes
2608 545 2707 599 per
2733 529 2923 583 decem
2984 542 3161 583 annos
3191 528 3418 584 vacavit.
3448 529 3625 593 Quare
3658 547 3760 586 non

2159 624 2344 681 recteJ
2377 625 2525 695 quod
2553 623 2783 677 mutavit
2810 622 2865 677 in
2890 638 3049 693 quas,
3081 627 3140 677 ut
3180 622 3247 677 ad
3279 621 3435 677 villas
3502 621 3765 681 referatur

2158 720 2302 776 sicut
2327 727 2382 775 et
2413 719 2449 775 C
2479 720 2532 774 in
2560 719 2766 774 Gallico
2782 717 2987 774 retulit.

2233 812 2435 866 Villam
2458 812 2730 866 Iuliacum
2755 810 2981 880 quidam
3010 809 3235 864 Ricuino
3280 808 3449 864 dedit.
3483 808 3765 874 Quomodo

2157 903 2299 957 hanc
2323 902 2678 957 donationem
2704 909 2894 971 postea
2948 900 3091 954 idem
3132 899 3357 955 Carolus
3385 899 3580 955 Calvus
3612 918 3766 956 revo-

2155 998 2381 1065 caverit,
2413 1005 2471 1052 et
2518 996 2702 1050 villam
2756 996 2911 1050 istam
2966 1011 3091 1049 cum
3133 995 3391 1051 omnibus
3440 993 3567 1049 aliis
3606 996 3767 1050 bonis

2156 1102 2276 1157 quae
2307 1086 2545 1139 alienata
2603 1083 2822 1138 fuerant
2876 1082 3131 1137 Ecclesiae
3177 1083 3436 1138 Remensi
3470 1082 3771 1139 restituerit

2156 1194 2251 1248 per
2287 1176 2565 1243 publicum
2594 1174 2855 1237 edictum,
2886 1174 3072 1228 videre
3105 1180 3187 1228 est
3218 1174 3314 1228 lib.
3342 1191 3423 1241 ιιι,
3452 1190 3499 1228 c.
3526 1176 3579 1228 4.

2227 1266 2480 1319 Moderno
2510 1269 2741 1333 tempore
2778 1263 2995 1317 colonus
3035 1262 3346 1332 quidade
3386 1265 3619 1339 contigit
3647 1274 3772 1320 asta—

2156 1361 2209 1408 te
2238 1352 2536 1421 Iliucmari,
2564 1368 2689 1405 nam
2716 1351 2835 1421 ipse
2866 1366 2963 1421 pro
2996 1367 3062 1405 eo
3101 1351 3255 1419 dicit,
3274 1356 3466 1407 nostra
3490 1357 3672 1407 (etate.

2223 1445 2327 1497 Pro
2357 1458 2466 1511 qua
2492 1456 2549 1494 re
2597 1455 2768 1508 nuper
2814 1456 2957 1493 anno
3003 1442 3299 1508 prwtcrito,
3349 1456 3471 1494 cum
3518 1457 3645 1508 rege
3687 1440 3777 1497 Ot-

2152 1540 2271 1591 tone
2296 1542 2345 1589 et
2373 1537 2604 1604 praefato
2632 1534 2767 1588 duce
2795 1534 2958 1587 locuti
3009 1550 3211 1599 sumus,
3245 1535 3466 1604 quando
3496 1536 3684 1603 Aquis
3708 1537 3777 1590 ad

516 1631 578 1683 V.
615 1627 668 1681 C.
711 1629 985 1697 Pappolus
1038 1626 1271 1693 interfui
1334 1629 1385 1679 et
1440 1625 1758 1695 subscripsi.
1793 1625 1901 1680 Sex
1957 1632 2050 1680 aut
2079 1672 2123 1697 η
2152 1628 2389 1680 eumdem
2420 1642 2599 1693 regem
2646 1627 2805 1679 missi
2856 1626 3083 1691 fuimus.
3140 1625 3331 1681 Sermo
3363 1628 3541 1680 estde
3578 1628 3775 1682 Ottone

435 1728 647 1791 septem
677 1717 1208 1791 sequentibuslaicis
1235 1717 1291 1771 in
1322 1718 1626 1789 exemplari
1658 1718 2051 1789 Mprzeponun-

438 1816 528 1865 tur
555 1810 677 1864 duae
708 1809 825 1863 istae
848 1808 1067 1875 litteras,
1091 1823 1231 1879 quas
1255 1822 1321 1861 ex
1354 1821 1421 1861 eo
1461 1806 1662 1874 adjeci,
1714 1806 2050 1877 easdemque

438 1896 783 1969 expressitJ.
814 1896 943 1960 Quae
991 1895 1061 1949 ab
1110 1894 1231 1949 aliis
1282 1893 1421 1949 forte
1460 1909 1570 1949 non
1619 1893 1933 1957 intellectae,
1965 1894 2052 1949 vel

441 2004 554 2044 non
584 1989 1005 2053 animadversas,
1065 1985 1447 2057 praetermissa:
1478 1992 1631 2051 sunt,
1672 1984 1751 2040 uti
1790 1985 1859 2040 ab
1893 1984 1965 2040 CS
1997 1993 2053 2040 et

439 2081 741 2137 Brissonio.
792 2079 1105 2153 Legendum
1139 2093 1300 2150 porro
1330 2079 1438 2133 hoc
1465 2086 1569 2144 est,
1613 2080 1701 2133 υἰν
1730 2080 1908 2134 clarus
1936 2078 2054 2134 sive

440 2176 801 2239 clarissimus,
831 2182 923 2227 aut
941 2175 1029 2226 vir
1048 2172 1367 2227 consularis.
1396 2171 1545 2225 Inter
1581 2170 2052 2246 subsignationem

438 2266 660 2322 Eusebii
688 2273 745 2321 et
776 2264 1041 2320 Rusticoli
1074 2264 1129 2318 in
1175 2262 1223 2317 Μ
1274 2264 1391 2319 haec
1419 2264 1851 2334 interponuntur
1892 2282 1905 2318 :
1945 2265 2053 2321 VC.

437 2359 687 2425 interfui,
719 2356 957 2428 ideoque
974 2354 1193 2410 videtur
1223 2354 1313 2409 hic
1340 2370 1482 2409 unus
1497 2354 1827 2425 praeteritus,
1846 2354 2052 2409 etforte

436 2446 667 2511 Attolus,
693 2446 763 2500 de
790 2461 900 2518 quo
931 2443 1074 2499 infra
1093 2443 1271 2513 capite
1297 2443 1561 2498 vicesimo
1594 2444 1753 2499 tertio
1797 2461 1809 2497 :
1843 2444 1927 2499 vel
1960 2444 2054 2501 illa

434 2538 913 2595 verbaabundant.
945 2535 1101 2592 Certe
1133 2535 1277 2591 infra
1298 2552 1421 2607 cap,
1453 2536 1525 2593 23
1555 2553 1650 2591 sex
1684 2543 1895 2591 tantum
1930 2538 2053 2593 laici

435 2631 795 2687 nominantur
845 2628 1262 2698 subscripsisse,
1315 2643 1552 2699 quorum
1610 2637 1739 2684 sunt
1794 2645 2055 2701 expressa

442 2727 686 2783 nomina.

1044 2796 1251 2852 CAPUT
1304 2795 1445 2853 XIX.

510 2901 623 2957 Hoc
651 2902 950 2973 capitulum
980 2903 1036 2956 in
1095 2902 1396 2973 exemplari
1454 2902 1541 2956 MS
1601 2901 1863 2974 praecedit
1892 2909 2056 2974 caput

440 2987 511 3043 de
536 2997 864 3045 testamento
890 3008 903 3056 ;
934 2990 989 3044 in
1021 2989 1146 3044 aliis
1175 2990 1443 3061 sequitur,
1491 2990 1659 3062 idque
1684 2990 1857 3063 magis
1886 2990 2057 3065 exigit

441 3078 579 3134 ordo
602 3094 782 3133 rerum
812 3085 1110 3153 gestarum.

2076 1672 2127 1739 B

2152 1716 2354 1788 primo,
2388 1715 2457 1769 de
2487 1730 2597 1785 quo
2626 1714 2768 1768 infra
2800 1713 2894 1767 lib.
2927 1730 3000 1779 IV,
3033 1729 3157 1785 cap.
3191 1714 3261 1769 33
3299 1722 3353 1769 et
3386 1717 3778 1787 sequentibus.

2150 1809 2288 1863 Vera
2318 1807 2479 1863 lectio
2509 1814 2592 1862 est
2620 1809 2811 1876 Aquis,
2869 1805 3051 1860 Galice
3109 1809 3246 1871 Aix,
3275 1809 3559 1879 quomodo
3587 1810 3781 1882 legunt

2153 1896 2339 1952 omnia
2366 1894 2732 1965 exemplaria:
2766 1909 2866 1965 pro
2915 1908 3025 1964 quo
3068 1893 3102 1947 S
3144 1893 3413 1950 substitut
3453 1899 3777 1966 Aquisgra-

2151 2001 2300 2051 num,
2334 1984 2584 2053 ejusdem
2616 1984 2852 2039 civitatis
2885 1998 3106 2038 nomen.
3146 1984 3255 2038 Sed
3285 1986 3442 2055 prius
3471 1987 3781 2057 saepissime

2155 2079 2300 2150 apud
2330 2088 2583 2134 auctores
2609 2077 2903 2133 invenitur.

2765 2206 2975 2262 CAPUT
3029 2207 3163 2262 XXI.

2227 2320 2606 2389 [ntegrumque
2641 2319 2783 2375 illud
2829 2335 2947 2375 cum
2980 2318 3236 2388 brandeo,
3296 2335 3402 2391 quo
3420 2323 3585 2391 prius
3606 2339 3785 2392 reper.

2154 2416 2266 2467 tum
2303 2413 2487 2479 fuerat
2510 2414 2831 2467 involutum.
2893 2413 3222 2469 Hincmarus
3279 2413 3334 2467 in
3363 2413 3483 2468 Vita
3514 2415 3571 2468 S.
3601 2414 3785 2469 Remi-

2154 2504 2253 2589 gii,
2289 2504 2524 2558 brandeo
2562 2505 2725 2559 rubea
2758 2505 3077 2559 involutum.
3120 2504 3275 2570 Quod
3316 2504 3580 2559 Nicolaus
3617 2504 3789 2560 Ches-

2158 2611 2300 2649 neau
2332 2594 2534 2650 Gallice
2565 2596 2763 2650 vertit:
2796 2596 2935 2664 drap
2974 2597 3039 2651 de
3068 2612 3206 2664 sang
3230 2597 3471 2662 vermeil,
3507 2603 3569 2649 ut
3599 2597 3787 2667 capite

2157 2687 2489 2759 praecedenti
2524 2688 2741 2762 legitur.
2767 2687 3054 2761 Significat
3084 2696 3267 2743 autem
3290 2688 3612 2743 brandeum
3646 2705 3789 2760 pau-

2158 2797 2287 2835 num
2318 2781 2555 2836 sericum
2582 2781 2697 2835 sive
2723 2782 2979 2849 linteum,
3018 2798 3128 2853 quo
3190 2789 3510 2837 sanctorum
3545 2797 3791 2852 corpora

2156 2893 2255 2931 seu
2320 2876 2568 2947 reliquim
2628 2876 3070 2931 involvebantur.
3131 2877 3295 2932 Moris
3346 2877 3494 2931 enim
3538 2876 3669 2943 fuit,
3732 2884 3794 2931 ut

2158 2965 2360 3020 alicubi
2394 2967 2449 3020 in
2481 2967 3135 3037 conciliisdecretum,ut
3169 2967 3491 3036 hujusmodi
3520 2969 3795 3039 pretiosis

2158 3055 2299 3109 velis
2329 3062 2644 3111 sanctorum
2660 3056 3339 3127 corporainvolverentur.
3369 3056 3553 3112 Utitur
3583 3059 3791 3114 eadem

508 3170 775 3238 Populum
802 3137 997 3238 5mm,
1016 3168 1317 3224 Germania,
1347 3168 1670 3222 damnaret.
1708 3168 1764 3222 Id
1788 3174 1870 3222 est
1890 3184 2052 3239 supe_
2076 3137 2125 3205 C
2157 3159 2289 3199 voce
2322 3144 2377 3198 S.
2412 3145 2708 3217 Gregorius
2735 3163 2876 3217 papa
2907 3146 3049 3201 libro
3082 3146 3527 3217 tertio,epistola
3555 3146 3654 3213 30,
3689 3162 3797 3218 pro

442 3256 606 3313 rioris
623 3256 947 3311 Germanias.
982 3255 1511 3329 IntelligitTreviros
1562 3265 1616 3312 et
1648 3258 2051 3326 circumjacen-

443 3355 545 3404 tes.
579 3348 869 3403 Germania
900 3346 1095 3418 prima,
1128 3348 1306 3419 inquit
1329 3348 1579 3421 Papirius
1615 3350 1897 3405 Massonus
1920 3350 2049 3406 lib.i

443 3436 736 3491 Annalium
767 3436 1100 3492 Francorum
1128 3437 1181 3490 in
1212 3436 1487 3503 Meroveo,
1520 3437 1799 3506 Salviano,
1820 3439 2050 3496 Sidonio

442 3531 497 3580 et
524 3525 805 3580 veteribus
848 3525 930 3580 eis
989 3526 1239 3581 Rhenum
1297 3533 1401 3591 est,
1444 3527 1513 3581 ad
1547 3543 1710 3597 quam
1739 3529 2055 3584 Ammianus

441 3625 625 3673 narrat
645 3626 843 3689 praeter
885 3618 991 3676 alia
1023 3619 1296 3690 pertinere
1350 3619 1780 3695 Moguntiacum,
1811 3621 2051 3694 Vangio-

440 3722 562 3773 nes,
592 3708 846 3763 Nemetes
896 3714 951 3762 et
988 3707 1430 3781 Argentoratum.
1486 3710 1636 3764 Idem
1676 3711 1963 3766 Massonus
1994 3711 2050 3765 in

441 3797 713 3855 Clodovco
764 3799 839 3854 ait
880 3800 1235 3874 Agrippinam
1289 3800 1569 3855 Coloniam
1620 3802 1764 3857 inter
1803 3802 2052 3858 civitates

437 3890 745 3945 Germania:
790 3891 1048 3948 secunda:
1097 3892 1303 3963 primas
1350 3901 1563 3949 tenere.
1617 3894 1679 3948 In
1733 3895 1927 3950 eadem
1968 3900 2052 3949 est

436 3982 785 4059 Tungrorum
824 3984 1036 4039 civitas.
1097 3983 1232 4039 Vide
1264 3984 1406 4038 intra
1443 3984 1512 4039 ad
1564 4001 1594 4041 c
1669 3984 1762 4052 25,
1814 3985 2051 4059 Contigit

435 4083 619 4130 autem
641 4076 758 4131 haec
789 4076 961 4147 pestis
992 4092 1138 4130 anno
1153 4076 1278 4139 565,
1311 4084 1455 4131 teste
1486 4078 1742 4133 Baronio.

1070 4163 1288 4220 CAPUT
1319 4166 1426 4221 ΧΧ.

505 4254 569 4309 In
591 4260 767 4309 monte
784 4257 1119 4311 Bardonum.
1144 4257 1194 4311 ls
1225 4257 1424 4327 estqui
1447 4257 1556 4313 alio
1591 4259 1817 4314 nomine
1863 4262 2050 4332 Apen-

439 4342 563 4397 nius
591 4343 813 4411 dicitur,
871 4344 964 4416 qui
1027 4344 1231 4400 Italiam
1292 4347 1597 4401 secundum
1648 4347 2049 4422 longitudinem

436 4431 647 4486 dividit.
683 4432 816 4487 Vide
848 4433 1052 4488 Ortellii
1081 4433 1418 4489 Thesaurum
1452 4438 1905 4511 geographicum.

507 4522 666 4590 Quod
692 4532 915 4579 vocatur
940 4528 1237 4581 Bercetum.
1271 4527 1417 4582 Alias
1451 4530 1741 4597 Berterum,
1774 4533 2048 4586 Bertecum

436 4621 490 4669 et
518 4617 803 4672 Berlctum.
838 4617 946 4672 Sed
991 4617 1280 4675 Bercetum
1343 4637 1466 4675 esse
1515 4638 1697 4677 veram
1732 4623 2044 4685 lectionem,

437 4720 601 4775 quam
634 4706 836 4762 habeat
878 4706 1107 4762 meliora
1145 4709 1501 4780 exemplaria,
1534 4711 1797 4781 probatur
1826 4728 2048 4784 quoque

433 4808 499 4847 ex
530 4794 696 4849 Paulo
718 4796 958 4851 Diacono
1011 4796 1106 4867 qui
1172 4798 1424 4853 meminit
1450 4800 1615 4869 hujus
1647 4803 1969 4858 monasterii
1991 4802 2046 4858 in

432 4888 706 4944 Bardonis
733 4890 961 4961 Alpibus
991 4909 1022 4946 a
1056 4891 1389 4963 Luitprando
1422 4897 1741 4953 constructi.

503 4977 733 5045 Quando
745 4984 850 5035 tres
878 4982 1106 5047 fratres,
1138 4984 1452 5051 Lotharius,
1481 4986 1786 5040 Ludovicus
1815 4991 1865 5040 et
1880 4990 2049 5042 Κανο-

437 5071 544 5138 lus,
584 5087 810 5139 regnum
837 5073 946 5127 sibi
972 5075 1304 5129 Francorum
1326 5080 1452 5145 post
1478 5080 1657 5146 patris
1682 5079 1883 5135 obitum
1901 5081 2049 5135 divi-

433 5178 567 5218 Sere.
597 5162 681 5218 MS
737 5165 939 5220 omittit
995 5166 1295 5222 dictionem
1344 5168 1701 5239 Francorum,
1759 5189 1861 5229 nec
1893 5175 2057 5231 habet

433 5250 853 5321 Hincmarus,et
885 5254 1021 5310 forte
1054 5255 1275 5311 rectius.
1337 5258 1474 5314 Sunt
1499 5268 1679 5315 autem
1732 5263 1787 5317 hi
1818 5272 1929 5318 tres
1957 5264 2055 5319 lilii

2152 3239 2353 3305 serico,
2386 3249 2478 3294 aut
2508 3241 2651 3305 velo,
2686 3241 2836 3312 quod
2883 3241 2950 3295 ad
2997 3256 3122 3296 eum
3168 3239 3337 3295 ﬁnem
3370 3241 3631 3305 missum,
3660 3257 3797 3296 san-

2154 3341 2365 3387 ctorum
2422 3350 2648 3405 corpora
2702 3336 3044 3410 contigisset.
3103 3336 3192 3391 Sic
3244 3335 3395 3390 enim
3449 3335 3654 3390 scribit
3725 3335 3798 3391 ad

2155 3421 2527 3478 Constantiam
2588 3425 2898 3499 Augustam
2935 3444 2947 3481 :
2987 3446 3007 3476 σ
3058 3425 3363 3500 Cognoscat
3409 3435 3601 3482 autem
3636 3433 3799 3481 tran-

2155 3514 2487 3583 quillissima
2521 3516 2766 3581 domina,
2802 3518 2934 3588 quia
2980 3518 3243 3572 Romanis
3299 3519 3650 3573 consuetudo
3678 3534 3802 3574 non

2157 3612 2258 3666 est,
2296 3606 2520 3676 quando
2551 3616 2864 3663 sanctorum
2896 3608 3162 3680 reliquias
3184 3609 3338 3674 dant,
3371 3619 3435 3664 ut
3478 3610 3803 3682 quidquam

2161 3699 2388 3768 tangere
2416 3697 2843 3765 praesumantdc
2870 3713 3125 3768 corpore,
3156 3699 3253 3754 sed
3299 3702 3695 3756 tantummodo
3738 3702 3802 3755 in

2153 3785 2355 3856 pyxide
2408 3786 2714 3842 brandeum
2769 3789 3018 3855 mittitur,
3080 3796 3243 3861 atque
3288 3791 3357 3845 ad
3408 3792 3801 3847 sacratissima

2151 3889 2385 3944 corpora
2420 3884 2737 3931 sanctorum
2776 3878 3020 3947 ponitur.
3068 3878 3223 3942 Quod
3248 3879 3488 3934 levatum
3522 3881 3580 3935 in
3604 3883 3805 3937 eccle-

2152 3965 2235 4019 sia
2259 3981 2381 4036 qua:
2414 3974 2498 4021 est
2524 3967 2858 4035 dedicanda,
2904 3970 3091 4024 debita
3129 3986 3253 4026 cum
3291 3972 3660 4028 veneratione
3695 3989 3798 4028 re.

2153 4056 2409 4111 conditur
2440 4073 2453 4109 :
2495 4063 2549 4109 et
2580 4062 2743 4112 tantae
2783 4073 2881 4126 per
2911 4058 3016 4113 lioc
3043 4058 3248 4114 ibidem
3270 4060 3506 4115 virtutes
3527 4059 3698 4129 ﬁunt,
3725 4078 3802 4118 ac

2153 4147 2199 4201 si
2231 4147 2359 4203 illuc
2415 4148 2733 4218 specialiter
2760 4164 2952 4204 eorum
2977 4165 3211 4221 corpora
3240 4151 3586 4208 deferantur.
3627 4155 3798 4211 Unde

2153 4237 2459 4309 contigitut
2502 4237 2676 4293 beata:
2708 4239 3110 4295 recordationis
3142 4241 3338 4297 Leonis
3360 4258 3520 4314 papae
3555 4251 3800 4317 tempo-

2152 4324 2326 4392 ribus,
2343 4325 2483 4380 sicut
2511 4342 2544 4380 a
2571 4326 2877 4395 majoribus
2906 4328 3297 4398 traditur,dum
3348 4332 3579 4404 quidam
3607 4334 3800 4392 Graeci

2068 4455 2128 4524 D
2156 4416 2224 4524 de
2252 4417 2453 4517 talibus
2484 4419 2737 4524 reliquiis
2789 4420 3129 4524 dubitarent,
3155 4423 3488 4524 "praedictus
3528 4429 3803 4498 pontifex

2157 4505 2261 4560 lioc
2292 4507 2469 4576 ipsum
2502 4507 2832 4578 brandeum,
2855 4511 3034 4566 allatis
3064 4511 3371 4579 forficibus,
3408 4514 3700 4584 inciderit,
3735 4529 3804 4574 et

2149 4614 2212 4652 ex
2238 4600 2355 4668 ipsa
2386 4601 2657 4657 incisione
2677 4604 2904 4677 sanguis
2934 4603 3228 4659 efﬂuxerit.
3263 4626 3291 4655 ι)
3324 4606 3446 4661 Haec
3472 4607 3588 4662 ille.
3626 4610 3801 4678 Ejus-

2149 4687 2273 4743 dem
2307 4691 2476 4746 moris
2511 4692 2885 4763 antiquissimi
2921 4694 3165 4763 ponendi
3197 4695 3318 4750 vela
3370 4696 3456 4751 vel
3494 4697 3609 4751 alia
3631 4699 3804 4766 ejus—

2150 4778 2275 4832 dem
2326 4796 2494 4851 supra
2539 4782 2774 4852 apostoli
2831 4783 2972 4836 Petri
3019 4785 3358 4855 sepulcrum,
3417 4792 3489 4839 ut
3546 4786 3807 4843 benedi-

2150 4866 2334 4922 ctione
2365 4868 2699 4939 locupletata
2758 4870 3157 4940 reciperentur,
3187 4873 3444 4928 meminit
3477 4874 3807 4950 Gregorius

2147 4957 2482 5015 Turonensis
2538 4960 2680 5018 libro
2725 4962 2902 5033 primo
2954 4963 3359 5033 Miraculorum,
3403 4966 3590 5037 capite
3633 4968 3809 5024 vice-

2152 5062 2295 5103 snno
2317 5056 2534 5106 octavo.

2236 5158 2441 5213 Tertius
2471 5164 2521 5214 et
2548 5162 2782 5216 Karolus
2823 5163 2981 5229 regni
3008 5168 3343 5232 componeret
3388 5169 3569 5221 actus.
3614 5167 3664 5221 Is
3701 5180 3811 5224 est

2160 5246 2385 5303 Carolus
2406 5249 2620 5305 Calvus.
2654 5252 2871 5307 Primus
2902 5252 3048 5307 enim
3080 5261 3163 5308 est
3224 5254 3448 5311 Carolus
3479 5257 3808 5328 Martellus,

436 5340 700 5399 Ludovici
722 5345 801 5415 pii
835 5345 1029 5416 imper.
1057 5346 1310 5403 Lotliario
1336 5350 1502 5405 cessit
1533 5351 1847 5423 imperium,
1877 5355 2058 5412 Ludo-
2157 5346 2438 5401 secundus
2472 5346 2699 5404 CarOlus
2730 5350 2975 5425 Magnus,

432 5432 555 5488 vico
584 5432 895 5503 Germania,
941 5437 1130 5493 Carolo
1163 5438 1321 5495 Calvo
1352 5440 1597 5499 Francia.

2227 5452 2495 5507 Octimber
2552 5458 2810 5524 primam,
2871 5465 2981 5511 etc.
3042 5455 3131 5514 Sic
3181 5462 3540 5534 exemplaria,
3599 5465 3700 5520 sed
3736 5467 3811 5536 J,

510 5523 693 5620 Vilius
710 5527 950 5620 episcopi
974 5529 1266 5620 Bernensis,
1305 5532 1451 5600 quod
1467 5534 1678 5589 tenebat
1713 5536 1876 5591 Fulco
1903 5553 2057 5607 pres-
2157 5538 2447 5606 Octember,
2508 5523 2558 5594 Si
2592 5543 2819 5598 mutavit
2871 5544 3112 5611 October,
3168 5561 3294 5603 cum
3346 5523 3587 5620 primum
3644 5523 3815 5609 illud

433 5611 605 5678 byter.
639 5609 729 5667 Sic
749 5613 936 5670 omnia
974 5617 1307 5688 exemplaria
1349 5626 1557 5689 vetera,
1608 5629 1663 5678 et
1712 5622 2053 5696 Hincmarus,

2157 5628 2539 5702 antiquitatem
2570 5632 2837 5706 redoleat,
2868 5641 2923 5693 et
2965 5635 3237 5707 exprimat
3292 5640 3445 5697 vocis
3483 5642 3813 5719 originem,
