3938 6158
463 157 570 219 359

1295 151 1692 211 COLVENERII
1731 152 2006 210 SCHOLIA
2046 150 2112 209 IN
2151 150 2317 209 HIST.
2358 146 2642 208 REMENS.
2686 143 2952 203 ECCLES.
3621 155 3705 216 360

469 314 3701 343 ___________________.________.____________.___———-—-—————_____

1155 468 1587 559 SHOLIA
1663 472 1789 597 IN
1869 470 2327 558 LIBRUM
2413 463 3097 557 SECUNDUM.

1923 656 2290 671 --

999 809 1209 867 CAPUT
1252 807 1536 863 PRIMUM.

534 907 690 962 Beato
730 906 962 973 Remigio
991 904 1287 958 succedisse
1344 902 1592 955 traditur
1637 901 1928 956 Romanus.
1954 896 2068 952 Sub

459 1012 663 1052 annum
688 994 946 1050 videlicet
971 994 1094 1047 545.
1124 992 1221 1045 Hic
1252 992 1311 1045 Β.
1336 991 1614 1045 Romanus
1663 988 1977 1043 cmnobium
2014 986 2069 1040 in

458 1087 581 1143 vico
609 1085 695 1141 cui
720 1100 923 1140 nomen
966 1082 1396 1147 Mentuniacum,
1428 1079 1643 1134 duabus
1673 1078 1741 1132 ab
1773 1076 1911 1131 urbe
1941 1076 2072 1130 Tre-

461 1179 612 1234 censi
644 1177 817 1232 leucis
838 1181 1071 1241 semoto,
1103 1173 1375 1239 condidit,
1409 1180 1461 1227 et
1490 1170 1778 1242 primusin
1802 1185 1867 1225 eo
1897 1168 2071 1223 abbas

462 1272 583 1332 fuit.
620 1269 821 1342 quoda
861 1267 1139 1323 sexcentis
1194 1252 1353 1321 annis
1400 1265 1620 1337 penitus
1669 1273 1752 1319 est
1804 1263 2068 1327 dirutum,

463 1379 566 1417 nec
591 1361 890 1432 quidquam
922 1360 1043 1428 ejus
1090 1364 1341 1428 superest
1395 1365 1594 1428 praeter
1647 1370 1865 1410 crucem
1895 1353 1950 1407 in
1990 1353 2071 1407 rei

463 1453 784 1510 memoriam
814 1453 892 1506 ibi
922 1451 1266 1507 collocatam.
1315 1451 1391 1505 De
1431 1465 1497 1505 eo
1526 1450 1583 1503 in
1608 1449 1727 1503 Vita
1765 1448 1799 1502 S
1873 1446 2071 1501 Leonis

461 1545 676 1600 abbatis
706 1561 771 1599 ex
792 1542 1071 1598 Breviario
1114 1541 1373 1598 Trecensi
1418 1540 1498 1595 sic
1549 1539 1799 1615 legitur:
1840 1559 1865 1590 α
1905 1539 2069 1594 Beato

459 1636 705 1691 Romano
734 1634 1067 1689 Mentuniaci
1123 1633 1365 1689 emnobii
1404 1632 1606 1687 abbate
1640 1632 1696 1686 in
1747 1631 2069 1702 episcopum

460 1724 788 1780 Remensem
813 1723 1010 1788 electo,
1034 1721 1230 1777 beatus
1262 1722 1369 1777 Leo
1401 1722 1521 1787 eius
1558 1719 1877 1777 monasterii
1896 1718 2071 1774 factus

460 1822 545 1872 est
574 1815 763 1871 abbas.
793 1833 824 1865 1)
857 1814 1115 1884 Ejusdem
1141 1814 1196 1867 S.
1222 1813 1423 1869 Leonis
1452 1814 1572 1867 Vita
1630 1813 1757 1879 alia,
1816 1812 1914 1867 sed
1946 1828 2070 1866 mu-

456 1910 574 1975 tila,
600 1914 830 1964 testatur
859 1905 1117 1962 eumdem
1151 1905 1207 1959 S.
1241 1905 1545 1960 Romanum
1576 1921 1608 1958 a
1640 1919 1767 1977 rege
1795 1903 2069 1959 Clodoveo

459 2004 681 2059 seniore
712 2001 1185 2060 conﬁrmationem
1219 1999 1538 2057 donationis
1554 2000 1917 2071 quorumdam
1937 2016 2073 2070 prte-

459 2095 677 2150 diorum
742 2095 1066 2166 impetrasse
1095 2134 1110 2161 ,
1194 2108 1317 2164 quae
1382 2091 1747 2147 Merobaudus
1812 2091 2073 2162 patricius

457 2190 638 2246 eidem
695 2189 950 2247 coenobio
1040 2188 1428 2245 liberalissime
1518 2187 1912 2259 impertiverat.
1969 2187 2072 2243 Se-

501 2283 668 2338 uitur.

501 2300 668 2338 uitur.

460 2300 494 2355 q
526 2378 765 2432 Romano
789 2375 1031 2431 Flavius.
1083 2372 1181 2429 Hic
1228 2372 1448 2429 Flavius
1500 2371 1846 2443 subscriptus
1874 2371 2075 2446 legitur

457 2464 694 2521 concilio
722 2462 1075 2521 Arvernensi.
1128 2462 1267 2518 Vide
1297 2462 1515 2518 Scholia
1567 2461 1625 2515 in
1656 2478 1777 2533 cap.
1829 2461 1897 2515 13
1945 2458 2072 2514 libri

458 2552 851 2626 praecedentis.

1100 2620 1310 2677 CAPUT
1367 2622 1434 2676 ll.

532 2733 603 2787 Ex
624 2732 692 2788 iis
712 2749 834 2805 quae
857 2732 962 2788 hoc
990 2730 1172 2802 capite
1213 2746 1279 2786 ex
1336 2729 1632 2785 Fortunato
1662 2728 1901 2784 citantur
1932 2744 2076 2784 non-

2093 808 2150 877 Α
2173 809 2317 875 gesto
2339 803 2584 875 pondera
2625 804 2754 856 sunt
2798 803 3033 870 reperta.
3090 795 3287 852 Eadem
3335 811 3538 867 prorsus
3582 797 3716 854 habet

2170 901 2340 958 verba
2360 894 2675 971 Gregorius,
2707 892 2792 947 MS
2853 906 2957 963 pro
3013 893 3215 958 regesto
3271 887 3457 944 vitiose
3492 888 3609 963 legit
3651 907 3718 945 re-

2169 998 2339 1063 gesta.
2388 990 2516 1055 Quae
2545 1002 2649 1042 vox
2680 991 2955 1059 regestum
2983 982 3179 1038 eodem
3209 997 3326 1052 cap.
3373 997 3525 1053 supra
3556 982 3718 1057 legitur

2172 1083 2227 1137 in
2251 1079 2534 1155 Gregorio,
2564 1092 2691 1131 cum
2713 1074 2881 1129 dicit:
2920 1093 2950 1124 α
2974 1072 3187 1141 Scripta
3240 1070 3382 1125 enim
3431 1070 3524 1125 ista
3570 1070 3617 1125 in
3644 1087 3716 1126 re-

2172 1182 2324 1250 gesto
2358 1168 2650 1242 Chilperici
2683 1166 2828 1242 regis
2854 1166 2908 1220 in
2928 1180 3040 1220 uno
3072 1162 3394 1218 scriniorum
3422 1160 3604 1232 pariter
3619 1171 3720 1217 sunt

2173 1271 2411 1337 reperta.
2438 1287 2464 1308 ι»
2488 1260 2743 1317 Nicolaus
2768 1258 3053 1313 Chesneau
3084 1255 3287 1310 Gallice
3328 1252 3481 1309 vertit
3505 1257 3715 1322 epargne.

2176 1380 2201 1403 α
2238 1355 2529 1426 chestum
2560 1349 2751 1404 Latine
2796 1346 2906 1401 dici
2958 1350 3168 1416 potest,
3218 1341 3365 1413 quod
3417 1340 3567 1414 vulgo
3604 1340 3721 1411 regi-

2171 1450 2342 1497 strum
2383 1453 2659 1503 vocamus,
2685 1435 2865 1506 inquit
2912 1433 3167 1488 Budaeus.
3220 1430 3331 1485 Hoc
3378 1428 3490 1484 loco
3546 1426 3724 1483 videtur

2175 1527 2840 1604 thesaurumsigniﬁcare,
2863 1525 2950 1581 vel
2998 1524 3181 1580 locum
3233 1521 3329 1576 ubi
3377 1520 3636 1575 thesaurus
3656 1532 3723 1571 re-

2171 1622 2410 1694 ponitur.
2444 1644 2471 1672 »
2505 1620 2621 1686 Qua
2647 1615 3055 1692 signiﬁcatione
3104 1611 3305 1684 accipit
3352 1608 3619 1683 Gregorius
3635 1608 3724 1676 jam

2171 1712 2369 1780 dictus,
2396 1709 2489 1766 lib.
2521 1726 2575 1764 ιχ
2605 1708 2763 1772 Hist.,
2796 1723 2845 1764 c.
2879 1706 2948 1760 10
2978 1711 3033 1759 et
3062 1701 3148 1759 34.

2810 1794 3019 1852 CAPUT
3046 1793 3137 1847 Ill.

2240 1890 2317 1945 De
2335 1890 2392 1945 S.
2422 1888 2636 1954 Basolo,
2671 1885 2873 1943 Gallice
2903 1886 3052 1939 saint
3079 1881 3256 1948 Basle,
3289 1878 3400 1950 agit
3442 1875 3660 1932 Molanus
3684 1871 3727 1926 in

2171 1982 2453 2037 additione
2482 1981 2551 2035 ad
2584 1977 2894 2035 Usuardum
2928 1974 3000 2029 26
3029 1968 3374 2037 Novembris,
3417 1982 3521 2040 quo
3548 1965 3627 2020 die
3646 1964 3730 2018 hoc

2172 2094 2292 2149 cap.
2318 2077 2523 2133 obiisse
2570 2074 2793 2149 legitur.
2855 2073 2992 2126 ltcm
3042 2066 3320 2138 Martyrol.
3380 2065 3654 2119 Romanum
3677 2074 3729 2113 ex

2101 2148 2152 2216 Β
2174 2148 2458 2226 veteribus
2505 2164 2917 2236 manuscriptis,
2968 2170 3029 2218 ut
3058 2167 3216 2217 notat
3265 2157 3468 2214 ibidem
3494 2152 3733 2209 Baronius.

2176 2261 2464 2331 Petrus,in
2495 2258 2771 2333 Catalogo,
2827 2256 2928 2312 lib.
2982 2272 3059 2322 ιχ,
3108 2269 3158 2309 c.
3198 2251 3300 2318 69;
3330 2247 3586 2305 Arnoldus
3610 2242 3736 2333 Wion

2175 2355 2232 2409 in
2257 2353 2646 2427 Martyrologio
2697 2365 2798 2427 sup
2847 2346 3175 2414 monastico,
3231 2344 3352 2400 sive
3393 2341 3489 2397 lib.
3525 2356 3577 2394 ιιι
3614 2332 3738 2427 Ligni

2174 2446 2309 2500 Vita;
2326 2425 2408 2499 ad,
2460 2425 2717 2498 eumdem
2758 2425 2929 2507 diem,
2971 2438 3146 2494 citans
3174 2432 3506 2490 Galesinium
3542 2437 3591 2484 et
3612 2425 3736 2490 alios,

2174 2551 2237 2590 ac
2288 2532 2615 2590 nominatim
2680 2528 3028 2585 Vincentium
3074 2526 3130 2582 in
3187 2523 3447 2595 Speculo,
3508 2518 3598 2574 lib.
3653 2531 3739 2580 im,

2177 2625 2446 2698 cap.116.
2473 2625 2548 2679 De
2583 2622 2780 2679 eodem
2832 2619 3094 2674 Trithem.
3147 2616 3222 2671 De
3277 2613 3406 2671 viris
3451 2604 3739 2698 illust._ord.

2178 2693 2690 2777 S.—Benedicti,lib.
2722 2726 2801 2775 ιιι,
2833 2723 2954 2777 cap.
2988 2707 3080 2770 45,
3112 2712 3167 2759 et
3195 2701 3515 2775 Sigebertus
3533 2696 3584 2750 in
3611 2693 3744 2749 Chro-

463 2825 613 2880 nulla
634 2790 858 2896 possent
889 2825 946 2879 in
978 2790 1101 2895 ipso
1151 2823 1412 2890 restituit,
1480 2830 1540 2878 ut
1599 2823 1654 2876 in
1689 2821 1883 2894 primis
1910 2823 2071 2890 Egidz‘

2181 2806 2306 2860 nico
2336 2818 2483 2861 anno
2514 2800 2731 2857 Domini
2761 2800 2863 2853 567
2918 2800 2993 2853 De
3024 2795 3276 2866 ejusdem
3311 2790 3649 2848 translatione
3671 2799 3748 2856 per

466 2934 567 2990 pro
596 2918 761 2987 Igidi,
784 2935 840 2972 v.
870 2920 905 2972 4
924 2920 1120 2985 favens
1136 2933 1240 2989 pro
1268 2920 1454 2985 fovens
1478 2934 1492 2983 ;
1514 2917 1764 2983 24,sonet
1786 2932 1884 2987 pro
1903 2922 2077 2984 sonat,

472 3016 527 3066 et
556 3009 663 3065 alia
701 3009 975 3082 quaedam.

2182 2897 2534 2951 Hincmarum
2566 2894 2710 2948 facta
2725 2890 3101 2964 agitMolanus
3121 2887 3211 2942 die
3236 2886 3307 2942 15
3336 2882 3593 2940 Octobris.

2253 2988 2416 3054 Quem
2439 3000 2624 3040 nemus
2653 2984 2784 3039 inde
2842 2983 3111 3052 incipiens
3164 2979 3451 3034 obumbrat
3504 2972 3750 3040 Rigetium.

538 3098 692 3165 Quod
718 3065 928 3166 iegatus
956 3113 1023 3151 ex
1051 3100 1207 3166 parte
1254 3098 1584 3154 Childeberti
1618 3101 1784 3166 regis,
1818 3099 2084 3166 δίρεδεντί
2183 3079 2274 3135 Sic
2296 3078 2332 3134 C
2356 3086 2411 3134 et
2440 3078 2488 3133 J.
2524 3078 2624 3133 scd
2652 3077 2758 3143 MS,
2793 3074 3131 3166 Rigcntium.
3168 3073 3237 3166 In
3261 3065 3754 3166 brevia-nolueram}-

462 3190 588 3259 ﬁlii,
629 3189 703 3243 ad
726 3190 1097 3258 Chilpericum
1127 3203 1304 3256 regem
1355 3193 1617 3259 patruum
1656 3192 1832 3260 ipsius
1864 3189 2079 3247 Childe-

465 3285 732 3353 berti,etc.
759 3283 1081 3359 Sigebertus
1113 3283 1214 3338 iste
1260 3300 1353 3339 rex
1384 3285 1675 3341 Austrasiae
1706 3293 1790 3339 est
1813 3284 1909 3355 qui
1932 3299 2075 3340 uxo-

466 3389 586 3428 rem
617 3373 807 3428 habuit
834 3372 1128 3444 pessimam
1170 3373 1622 3438 Brunechildem,
1657 3372 1854 3429 fratres
1893 3383 2077 3429 autem

2182 3170 2258 3225 sis
2279 3167 2536 3224 Ecclesia:
2556 3169 2788 3231 Rietum,
2847 3149 3049 3219 Gallice
3102 3161 3359 3227 vertitur,
3419 3156 3568 3213 Feret
3610 3152 3667 3207 de
3710 3149 3751 3202 la

2226 3268 2362 3318 oute.

2226 3279 2293 3318 ou
2318 3279 2362 3316 ε.

2176 3267 2225 3320 R
2249 3268 2404 3409 Mtisit
2430 3351 2506 3406 ad
2560 3354 2804 3420 nepotem
2847 3363 3011 3403 suum
3066 3346 3282 3401 nomine
3328 3341 3660 3402 Balsemium,
3682 3333 3757 3403 qui

461 3426 882 3528 Guntramnum,
911 3460 1005 3532 qui
1031 3460 1132 3515 fuit
1169 3476 1265 3516 rex
1281 3426 1630 3534 Bergundiae’,
1699 3461 2071 3518 Charibertum

2180 3444 2394 3500 cumad
2420 3459 2475 3499 se
2512 3460 2547 3497 a
2575 3443 2921 3498 Lemovicina
2958 3439 3172 3507 regione
3210 3436 3542 3507 perduceret.
3587 3426 3756 3525 Vitiose

461 3561 517 3609 et
572 3520 963 3624 Chilpericuni,
1025 3553 1120 3625 qui
1159 3568 1355 3609 omnes
1387 3520 1636 3610 "fuerunt
1693 3553 1792 3608 ﬁlii
1861 3553 2071 3610 Clotarii

2179 3536 2204 3591 ,Ι
2243 3538 2591 3592 Balsennum.
2641 3532 2844 3588 Gallice
2889 3533 3040 3587 saint
3094 3533 3399 3597 Bassange.
3448 3524 3573 3579 Vitae
3622 3520 3755 3615 hujus

457 3646 644 3718 primi.
677 3646 923 3702 Mortuus
947 3652 1030 3702 est
1055 3653 1240 3702 autem
1295 3647 1619 3723 Sigebertus
1644 3663 1790 3704 anno
1830 3648 1957 3715 578,
1989 3647 2077 3704 cui

455 3737 723 3794 successit
747 3736 896 3793 ﬁlius
920 3736 1326 3794 Childebertus.

526 3833 596 3887 Ut
622 3831 805 3885 ablato
826 3830 1335 3901 Guntramniregis,
1369 3833 1659 3902 Chilperici
1667 3833 1867 3901 fratris
1893 3848 2077 3900 regno.

454 3920 665 3975 Nomen
695 3919 1025 3976 Guntramni
1057 3920 1144 3975 vel
1197 3920 1517 3976 Gontramni
1581 3921 1731 3977 varie
1784 3920 2067 3976 scribitur.

453 4009 545 4065 Sic
571 4008 721 4064 enim
761 4015 1078 4065 constanter
1133 4010 1268 4083 legit
1320 4010 1369 4064 M
1419 4026 1544 4065 cum
1604 4010 1785 4067 littera
1813 4009 1949 4065 min
1978 4025 2070 4064 se-

2179 3625 2438 3682 Balsemii
2467 3623 2722 3695 martyris
2752 3629 2928 3677 exstat
2944 3620 3320 3696 fragmentum
3340 3617 3397 3672 in
3421 3605 3756 3684 Pramptuario

2180 3734 2458 3775 sacrarum
2488 3715 2876 3788 antiquitatum
2903 3713 3225 3770 Tricassina;
3248 3709 3529 3773 dimcesis,
3559 3713 3758 3772 eumque

2179 3808 2383 3878 adjecit
2404 3807 2652 3863 Usuardo
2682 3806 2931 3862 Molanus
2959 3805 3029 3859 16
3058 3801 3316 3877 Augusti,
3340 3814 3453 3873 quo
3481 3797 3568 3853 die
3594 3793 3755 3850 festum

2181 3902 2302 3971 ejus
2334 3900 2647 3956 celebratur
2676 3898 2733 3953 in
2756 3896 3068 3953 Tricassina
3097 3893 3354 3950 dimcesi.

2238 3994 2427 4063 Ibique
2454 3995 2716 4048 metatum
2745 4005 2909 4046 suum
2937 3990 3350 4053 constituentes,
3378 3984 3480 4039 huc
3508 3978 3755 4036 undecun-

455 4099 639 4155 cunda
682 4098 913 4169 syllaba,
943 4100 970 4153 ,Ι
999 4067 1222 4170 ιιθιιιρεξιἶ
1258 4100 1637 4168 Guntrannus,
1661 4098 1941 4171 quomodo
1972 4098 2065 4152 in-
2168 4101 2271 4157 que
2282 4086 2531 4153 praedata
2557 4085 2756 4139 reverti
2791 4085 3081 4153 ceperunt.
3115 4077 3412 4136 Sicomnia
3441 4067 3755 4171 exemplaria,

453 4189 672 4245 tardum
696 4165 861 4244 etiam
893 4188 947 4243 C.
991 4190 1093 4244 Pro
1115 4165 1299 4260 priore
1327 4189 1568 4246 lectione
1594 4165 1724 4245 facit
1753 4189 1902 4262 quod
1931 4188 2064 4243 Gre-
2168 4177 2224 4233 id
2245 4184 2328 4232 BSt
2353 4177 2657 4248 αρνωάαια
2705 4176 2823 4231 Sive
2880 4175 3244 4245 Ρνωάαίίοηθι
3280 4173 3459 4239 Quare
3507 4181 3624 4262 ηομ.
3637 4165 3758 4219 rem

451 4284 640 4358 gorius
658 4283 1017 4352 Turonensis,
1074 4284 1211 4341 locis
1264 4285 1321 4339 in
1377 4292 1526 4341 textu
1590 4285 1790 4353 citatis,
1854 4285 2071 4356 integre

2177 4269 2206 4324 S
2233 4270 2461 4324 mutavit
2487 4269 2544 4323 in
2579 4268 2835 4339 pradati.
2896 4266 3178 4323 Prioribus
3234 4264 3427 4321 verbis
3454 4256 3759 4358 signiﬁcatur

456 4342 660 4433 nomen
686 4377 820 4433 illud
887 4342 1091 4433 scribat
1144 4379 1642 4447 Gunthchramnus,
1699 4342 1798 4450 pro
1855 4342 2076 4450 quowin
2177 4357 2768 4415 θοδίδίθκδῐηδθάθηῖ
2798 4372 2897 4412 se“
2934 4354 3235 4414 tentorium
3263 4342 3759 4450 habuisser§a§lf°

452 4471 619 4526 tomis
646 4470 1013 4526 conciliorum
1043 4472 1274 4541 ειδιίδί,
1310 4433 1786 4529 θαητιέέιζαηέηῇςξ
1873 4433 1890 4450 ⁸
1944 4433 1952 4434 ί
2023 4433 2026 4434 ν
2182 4453 2429 4517 retraite,
2480 4449 2629 4504 unde
2684 4448 2870 4503 Latine
2924 4447 3162 4502 dicimus
3215 4440 3612 4501 castrametari.
3652 4433 3761 4489 Vide

523 4563 573 4617 A
598 4562 955 4631 Fredegunda
974 4566 1167 4631 regina
1186 4537 1372 4632 fuerat
1403 4566 1623 4619 missus.
1653 4564 1777 4618 Haec
1809 4570 2077 4619 cratuxor
2178 4539 2319 4595 infra
2334 4540 2401 4595 ad
2421 4555 2541 4610 cap'
2571 4538 2660 4605 10³
2696 4537 2791 4593 “b'
2824 4553 2894 4632 [νῇ

454 4625 961 4725 (Ιὴίιρθτὶοἰξοιῄιιε
1012 4625 1243 4726 perﬁdia
1299 4655 1422 4726 ipse
1479 4655 1819 4727 Chilpericus
1850 4655 2071 4710 tandem
2252 4725 2277 4727 _
2361 4724 2444 4727 __
2494 4720 2544 4727 __
2662 4722 2695 4727 _
2820 4625 3145 4727 9§PUT,‘Y'

452 4704 772 4799 inteiffectus
802 4704 904 4799 esi.
938 4704 1041 4799 Der
1072 4760 1136 4799 ea
1172 4704 1461 4799 Aimoinus
1504 4704 1613 4798 lib.l
1660 4760 1718 4797 ιιι
1772 4744 1848 4797 De
1903 4742 2071 4814 gestis

2243 4725 2369 4777 Post
2397 4720 2634 4789 Egidum
2657 4719 2962 4786 Romulius.
3003 4716 3052 4771 M
3089 4714 3364 4782 Remulfus
3395 4711 3533 4787 legit
3570 4710 3665 4765 hoc
3685 4704 3757 4814 lo:

452 4834 800 4902 Francorum,
834 4852 880 4891 c.
914 4837 1004 4892 56.
1039 4858 1063 4888 α
1087 4837 1230 4904 Erat,
1266 4836 1465 4908 inquit,
1493 4833 1874 4907 Fredegundis
1895 4799 2071 4888 Forma

2177 4825 2256 4876 co,
2291 4820 2347 4866 et
2375 4827 2496 4881 cap.
2520 4826 2638 4881 seq.
2677 4827 2690 4875 ;
2722 4808 2821 4863 sed
2852 4808 2905 4862 in
2973 4806 3273 4861 summario
3325 4804 3494 4873 hujus
3549 4816 3660 4870 cap.
3717 4799 3761 4848 el

2450 4901 2476 4908 η
2623 4902 2632 4908 .
2925 4902 2958 4908 _
3098 4899 3147 4908 η
3514 4894 3524 4908 ,
3599 4888 3759 4908 .H___.

452 4888 974 4999 egregia—censuit).
994 4888 1658 4996 ⁷(εξιιῇιίνεξιῖ(ιιιιῖέξιέιςξέξρῑει
1671 4888 2064 4994 Brunechilde)
2095 4901 2148 4968 D
2172 4917 2338 4972 supra
2366 4918 2420 4959 θ·
2446 4901 2480 4956 2
2509 4908 2564 4956 et
2602 4902 2696 4999 _i“_
2733 4899 3235 4999 texmnRomlflfus;
3276 4894 3564 4999 quomfflo
3599 4888 3762 4999 leﬁﬂ‘f‘

449 5031 638 5086 parem
676 5032 789 5072 non
841 5016 1172 5092 agnoscens,
1224 5037 1249 5068 ι)
1288 5024 1392 5073 etc.
1440 5016 1569 5081 Quae
1625 5030 1756 5070 vero
1807 5015 2071 5086 deinceps

447 5107 555 5163 hoc
571 5108 749 5179 capite
778 5119 1092 5180 sequuntur
1114 5109 1185 5164 ad
1214 5108 1447 5164 verbum
1480 5123 1622 5179 pene
1681 5114 1901 5178 sumpta
1941 5112 2069 5161 sunt

451 5212 518 5251 ex
547 5197 811 5271 Gregorio
859 5198 1186 5264 Turonensi,
1241 5197 1340 5252 lib.
1401 5215 1434 5253 x
1488 5196 1867 5263 Historiarum,
1896 5212 1943 5251 c.
1978 5197 2062 5251 19.

451 5287 708 5359 Synodus
738 5300 923 5344 autem
978 5291 1097 5345 haec
1149 5289 1426 5356 Metensis,
1459 5297 1513 5344 et
1562 5288 1760 5363 IEgidii
1791 5288 2068 5359 depositio

449 5387 534 5436 est
553 5396 699 5436 anno
730 5383 857 5450 594,
898 5389 958 5438 ut
985 5390 1120 5437 tom.
1162 5382 1205 5435 II
1264 5381 1468 5437 Concil.
1524 5380 1807 5437 adnotavit
1858 5380 2069 5436 Severi-

449 5485 556 5524 nus
582 5469 801 5526 Binius.
1606 5488 1609 5489 '

518 5563 694 5619 Multa
736 5563 878 5617 enim
908 5564 1039 5618 auri
1069 5563 1389 5634 argentique
1418 5563 1480 5620 in
1508 5561 1672 5633 hujus
1702 5563 1959 5634 Episcopi
1979 5578 2063 5617 re-

2170 5001 2369 5050 ctetera
2397 4993 2757 5064 exemplaria,
2790 5000 2845 5047 et
2874 4991 3169 5065 Gregorius
3198 4989 3407 5045 Turon.
3443 4986 3543 5041 lib.
3570 5000 3621 5038 IX
3646 4979 3758 5065 llist.

2169 5081 2520 5148 Francorum,
2565 5062 2623 5137 ic.
2683 5081 2773 5150 30,
2819 5079 2914 5135 ubi
2983 5062 3310 5134 nominatur
3365 5089 3556 5131 comes
3601 5062 3762 5143 palatii

2171 5170 2510 5227 Childeberti
2528 5169 2700 5245 regis,
2731 5177 2786 5225 et
2813 5169 2911 5223 lib.
2931 5185 2965 5224 x
3019 5168 3172 5224 c.19.

2803 5275 3011 5331 CAPUT
3060 5275 3132 5332 V.

2238 5374 2313 5427 De
2332 5372 2590 5428 Sonnatio
2619 5374 2880 5441 episcopo.
2912 5370 3033 5425 Haec
3060 5375 3143 5424 est
3170 5366 3493 5424 communis
3519 5363 3764 5433 scriptura

2167 5470 2583 5540 exemplarium,
2626 5477 2735 5523 tam
2805 5468 2910 5523 hoc
2962 5483 3081 5537 cap.
3117 5480 3278 5536 quam
3312 5456 3669 5534 praecedenti.
3714 5448 3763 5505 Μ

2166 5559 2280 5615 fere
2302 5558 2489 5615 scribit
2545 5559 2928 5629 Sompnacius,
2959 5562 3014 5611 et
3052 5554 3330 5611 interdum
3353 5548 3721 5622 Sompniacius
3746 5556 3761 5607 ὅ
