3938 6158
234 255 303 311 361
826 225 835 289 ξ
1592 240 1656 293 IN
1700 235 1951 291 LIBRUM
1990 237 2056 290 ΙΙ.

3389 260 3494 313 362

229 387 274 451 (ἱ,
297 381 569 437 Smmacim.
595 374 885 431 Remensis
927 387 1056 426 vero
1096 371 1341 442 synodus
1369 371 1472 425 sub
1502 386 1570 426 eo
1599 370 1785 424 habita
1809 371 1863 438 Α
1886 372 2132 437 tempore
2164 371 2409 443 regnavit
2429 373 2595 429 frater
2644 377 3108 448 ipsiustllotarius
3134 384 3363 455 primus,
3396 390 3490 460 qui

231 476 283 529 de
307 489 392 543 qua
418 472 511 524 hoc
537 485 660 539 cap.
685 465 983 521 admodum
997 463 1236 518 celebris
1252 462 1375 530 fuit,
1399 471 1451 518 ct
1482 464 1603 534 plus
1617 479 1781 534 quam

227 558 545 619 Provincialis,
578 561 765 626 utpote
825 553 914 608 cui
960 551 1115 607 multi
1176 551 1341 605 etiam
1395 551 1622 605 aliarum
1657 566 1783 621 pro-

226 652 471 707 vinciarum
523 645 931 715 archiepisc0pi
968 642 1340 711 interfuerint,
1401 659 1523 714 quae
1572 643 1782 697 utinam

221 749 415 797 exstaret
442 741 491 794 in
519 738 682 793 tomis
716 735 1104 791 Conciliorum.

284 836 491 895 Palladio
554 826 1037 885 Antissiodorensi.
1104 826 1190 880 MS
1244 825 1710 881 Altissiodorensi.
1755 825 1778 879 J

219 938 440 1005 perpetuo
459 921 649 977 scribit
676 918 1140 981 Autisiodoreusi,
1160 918 1246 972 cui
1278 916 1424 971 favet
1450 932 1554 971 vox
1582 915 1784 971 Gallica

220 1027 448 1078 Auxerre.

271 1111 507 1167 America
537 1108 932 1163 Suessionensi.
972 1105 1061 1169 CJ,
1090 1106 1370 1162 Anserico.

272 1201 467 1260 Claudio
494 1200 727 1254 Re.‘ensi.
778 1197 867 1251 Sic
919 1198 1105 1252 omnia
1164 1195 1520 1267 exemplaria.
1554 1192 1786 1249 Videtur

214 1312 311 1351 esse
332 1296 490 1349 Rieua:
522 1291 576 1344 in
608 1290 1087 1359 archiepisc0patu
1118 1289 1413 1351 Tolosano,
1447 1304 1479 1341 a
1510 1303 1619 1359 quo
1650 1286 1787 1342 alias

213 1386 426 1442 Rivensis
474 1390 527 1437 et
566 1382 893 1436 Rivenensis
948 1382 1244 1452 episcopus
1296 1381 1629 1437 nominatur.
1675 1380 1785 1434 Nisi

211 1475 309 1546 quis
330 1470 613 1543 legendum
656 1475 812 1538 putet
879 1472 1127 1536 Regiensi
1192 1469 1307 1522 sive
1373 1471 1601 1536 Regensi
1654 1468 1825 1521 Nam.

212 1567 427 1622 Claudius
478 1565 769 1638 Regiensis
824 1564 1119 1635 episcOpus
1183 1564 1528 1634 subscriptus
1583 1562 1784 1637 legitur

209 1662 403 1717 consilio
431 1678 466 1713 ιι
505 1658 884 1724 Cabilonensi,
952 1659 1231 1713 celebrato
1283 1658 1428 1713 circa
1459 1658 1577 1712 haec
1636 1664 1780 1711 tem-

209 1773 332 1827 pora.
361 1755 619 1809 videlicet
660 1770 808 1809 anno
858 1753 982 1819 658,
1023 1752 1108 1807 vel
1175 1760 1234 1807 ut
1275 1753 1390 1819 alii,
1425 1752 1551 1806 664.
1588 1750 1645 1804 In
1676 1766 1787 1821 quo

207 1851 341 1905 etiam
371 1849 663 1919 subscripti
721 1849 983 1921 leguntur
1020 1847 1131 1901 duo
1188 1844 1306 1911 alii,
1376 1846 1468 1917 qui
1522 1845 1650 1899 huic
1682 1844 1789 1899 Re-

204 1942 348 1997 mensi
372 1940 763 2006 interfuerunt,
804 1941 1050 1993 Donatus
1088 1938 1483 2003 Visonticnsis,
1516 1945 1572 1992 et
1611 1936 1789 1991 Palla-

202 2032 829 2089 diusAntissiodorensis.
873 2030 1070 2086 Verum
1130 2030 1186 2085 in
1242 2040 1391 2086 tomo
1418 2029 1621 2085 Concil.
1653 2028 1789 2085 forte

199 2125 457 2200 legendum
523 2127 786 2202 Reiensis,
855 2123 1005 2195 quod
1074 2130 1157 2178 est
1225 2122 1486 2197 ignotius,
1519 2137 1618 2192 pro
1682 2124 1786 2178 Re-

197 2229 387 2280 gienszs.

255 2304 376 2357 Vero
402 2305 721 2359 Rulenensi.
772 2302 860 2357 Sic
922 2302 971 2367 J,
1040 2301 1127 2357 cui
1195 2300 1408 2356 accedit
1466 2299 1570 2365 MS,
1630 2303 1793 2356 Bute-

191 2397 337 2449 mensi
396 2388 414 2459 ς’
476 2394 532 2460 C,
602 2396 913 2449 Terrensi.
986 2393 1079 2448 Est
1166 2400 1347 2447 autem
1416 2391 1789 2448 Ruthenensis

188 2483 530 2554 episcOpatus,
594 2481 806 2538 Gallice
866 2484 1041 2539 Rodez
1104 2481 1252 2549 (nam
1288 2481 1601 2536 Ruthenum
1654 2480 1788 2535 alias

193 2571 437 2629 Rhodium
471 2575 699 2643 dicitur)
741 2575 797 2628 in
826 2573 1304 2644 archiepiscopatu
1329 2574 1675 2628 Bituricensi.

244 2668 487 2734 Agricola
549 2669 863 2724 Gabalcnsi.
932 2666 1039 2721 lIoc
1096 2673 1201 2731 est,
1263 2673 1320 2719 ut
1382 2666 1785 2737 posterioribus

188 2761 377 2815 saeculis
412 2771 666 2825 vocatur,
703 2761 1011 2815 Mimatensi
1044 2760 1096 2813 in
1154 2759 1349 2814 eodem
1408 2759 1785 2829 archiepisco-

182 2863 293 2921 patu
316 2853 672 2920 Bituricensi,
734 2854 789 2906 in
822 2869 929 2924 quo
962 2860 1048 2907 est
1108 2851 1465 2906 .irvernensis
1495 2858 1549 2906 et
1578 2852 1787 2906 Ruthe-

184 2943 370 3003 nensis,
402 2942 497 3014 qui
556 2942 808 3013 proxime
867 2941 1210 3013 praecedunt.
1274 2940 1404 2994 Nam
1456 2940 1661 3007 Gavali,
1692 2943 1786 3014 qui

177 3034 436 3088 etGabali
476 3034 627 3089 Prol.
687 3041 741 3088 et
798 3032 1113 3100 Fortunato,
1169 3040 1226 3087 et
1283 3034 1511 3089 Gabales
1570 3032 1783 3100 Caesari,

178 3120 337 3177 Plinio
358 3130 413 3178 et
452 3122 720 3179 Straboni
762 3122 1043 3187 dicuntur,
1095 3121 1296 3177 Gallice
1330 3124 1538 3189 Mende,
1570 3124 1675 3179 hoc
1704 3131 1787 3179 est

175 3213 431 3270 Mimatum
477 3218 535 3271 in
600 3215 895 3287 Aquitania
952 3215 1201 3287 regionis
1252 3215 1607 3283 Gavalitanie,
1668 3234 1787 3289 quae

176 3300 449 3357 Gévaudan
484 3304 717 3366 dicitur,
749 3303 943 3357 civitas
984 3302 1245 3373 primaria
1293 3310 1348 3357 et
1404 3315 1568 3374 caput.
1596 3314 1697 3369 est,
1732 3315 1789 3359 ut

169 3388 310 3446 docet
377 3393 685 3464 Philippus
748 3392 1033 3446 Ferrarius
1091 3392 1145 3445 in
1207 3409 1346 3445 nova
1403 3393 1787 3467 'l‘opographia

171 3479 524 3559 Martyrologii
586 3485 842 3539 Romani.
904 3484 1057 3548 Quod
1113 3484 1463 3549 adnotamus,
1526 3501 1595 3538 ne
1649 3484 1786 3539 forte

166 3571 272 3641 quis
298 3584 447 3644 putet
482 3592 619 3630 esse
653 3575 923 3645 oppidum
959 3574 1344 3638 Cabilonense,
1374 3575 1522 3646 quod
1556 3583 1638 3629 est
1687 3576 1789 3629 sub

169 3667 641 3740 archiepiscopatu
700 3668 1073 3741 Lugdunensi,
1130 3668 1431 3738 pnesertim
1488 3685 1610 3724 cum
1681 3669 1790 3724 Ro-

165 3758 331 3817 bertus
356 3762 609 3819 (Ianalis
665 3763 873 3817 sentiat
911 3763 1143 3818 Gabalos
1187 3779 1305 3817 esse
1367 3763 1765 3819 Cabilonenses

167 3851 217 3904 Et
242 3855 467 3925 quidem
501 3856 770 3931 Agricola
810 3855 1190 3911 Cabilonensis
1216 3856 1514 3926 episc0pus
1541 3856 1786 3911 subscri-

163 3951 272 4012 ptus
300 3948 509 4022 legitur
543 3950 793 4006 concilio
851 3967 899 4004 IV
944 3958 1053 4004 etv
1108 3950 1512 4017 Aurelianensi,
1552 3966 1785 4021 quorum

162 4042 420 4104 posterius
452 4043 720 4097 habitum
755 4049 838 4107 est
891 4057 1036 4096 anno
1074 4043 1200 4107 552,
1263 4043 1392 4097 item
1428 4043 1718 4098 Parisiensi
1750 4061 1787 4098 ιι

158 4132 203 4181 ct
237 4127 609 4205 Lugdunensi
644 4150 683 4198 ι,
714 4132 859 4203 quod
892 4131 1141 4185 habitum
1186 4141 1269 4186 est
1299 4148 1445 4186 anno
1477 4133 1599 4188 570.
1630 4133 1780 4187 Prae-

160 4213 247 4270 fuit
270 4228 454 4275 autem
488 4221 764 4276 Ecclesiae
794 4236 906 4275 suae
936 4220 1099 4275 annis
1146 4221 1237 4285 48,
1270 4229 1327 4275 et
1356 4221 1487 4275 vixit
1514 4237 1661 4278 anno
1691 4224 1781 4289 83,

160 4314 207 4359 ut
234 4307 397 4365 habet
432 4310 685 4383 Gregor.
745 4310 945 4365 Turon.
997 4309 1093 4365 lib.
1148 4327 1179 4361 v
1222 4310 1399 4376 Hist.,'
1439 4327 1559 4383 cap.
1611 4312 1699 4377 45,
1730 4320 1784 4365 et

1887 460 1976 515 hic
2006 461 2289 518 Letharius
2318 467 2654 536 nominatur,
2688 478 2742 525 et
2780 472 2917 527 obiit
2946 490 3091 532 anno
3121 476 3243 533 565.
3285 480 3343 535 Et
3368 483 3496 553 qui-

1882 552 2007 608 dem
2036 554 2214 610 dictus
2243 556 2626 615 Cbildebertus
2675 562 2872 618 solium
2926 568 3080 639 regni
3137 572 3316 627 tenuit
3346 552 3498 629 Pari-

1882 643 1996 705 siis,
2028 643 2293 701 Clotarius
2319 654 2498 703 autem
2550 650 2864 719 Suessione,
2913 658 3010 711 sed
3050 661 3268 715 tandem
3329 664 3494 719 etiam

1884 735 1981 789 toti
2013 734 2200 791 Gallia).
2230 738 2465 809 praefuit.
2498 740 2650 797 Unde
2690 745 2992 801 verisimile
3015 757 3097 804 est
3124 760 3247 821 post
3287 771 3491 810 annum

1882 824 1988 878 559
2018 825 2349 882 celebratam
2409 845 2530 884 esse
2584 832 2726 888 hanc
2776 835 3045 905 synodum
3104 838 3490 913 Parisiensem,

1885 921 2031 991 quod
2063 923 2270 978 diserte
2292 924 2456 993 docet
2486 926 2693 982 Binius.

1956 1012 2050 1065 Ad
2073 1014 2422 1068 matriculam
2454 1021 2718 1084 praeterea
2764 1024 2964 1074 sanctw
3002 1025 3273 1080 Remensis
3304 1030 3490 1084 Eccle-

1884 1103 1998 1156 siae.
2033 1102 2171 1157 Ante
2203 1103 2319 1159 haec
2373 1108 2544 1160 verba
2588 1107 2674 1162 MS
2705 1108 2809 1164 etJ
2867 1110 3157 1180 adjiciunt,
3199 1117 3274 1170 ad
3336 1121 3496 1173 Basi-

1886 1193 2045 1248 licam
2076 1195 2134 1250 S.
2164 1197 2419 1252 Medardi
2446 1199 2644 1253 solidos
2679 1202 3002 1269 quindecim.
3048 1204 3176 1268 Quae
3214 1208 3501 1265 omisimus

1886 1282 1993 1336 alia
2020 1285 2354 1355 exemplaria
2384 1287 2581 1355 secuti,
2624 1290 2757 1360 quia
2809 1307 2977 1363 supra
3027 1293 3096 1349 de
3155 1297 3389 1351 ecclesia
3443 1299 3489 1353 S.

1888 1370 2128 1426 Medardi
2148 1373 2355 1429 dictum
2388 1373 2512 1431 fuit.

2528 1467 2739 1525 CAPUT
2770 1471 2853 1527 VI.

1951 1558 2077 1611 Post
2118 1559 2256 1614 hanc
2301 1561 2512 1617 beatum
2553 1565 2733 1619 virum
2757 1565 3351 1633 Leudegiselus,Attilae
3385 1574 3502 1641 epi-

1813 1650 2250 1755 Bscopifrater.
2292 1651 2387 1707 Hic
2425 1654 2607 1720 Attila,
2660 1662 2717 1710 ut
2747 1672 2812 1711 ex
2876 1673 2998 1728 cap.
3043 1662 3295 1731 sequenti
3328 1671 3500 1733 patet,

1889 1738 1991 1793 fuit
2029 1741 2328 1813 episcopus
2353 1744 2757 1801 Laudunensis.
2795 1749 2853 1802 In
2882 1750 3101 1805 Tabulis
3148 1752 3504 1808 Democharis

1889 1840 2104 1886 sextum
2136 1834 2314 1889 locum
2347 1836 2582 1905 obtinet,
2624 1856 2791 1910 quem
2830 1849 2989 1897 vocat
3049 1843 3308 1911 Attolam,
3332 1845 3409 1900 uti
3450 1853 3505 1900 et

1891 1923 2218 1979 Hincmarus
2256 1926 2309 1980 in
2342 1929 2595 1998 opuscul.
2656 1948 2719 1984 Lv
2760 1931 2932 2003 Capit.
2985 1949 3033 1988 c.
3093 1935 3143 2004 j.
3199 1934 3505 1990 Consecra-

1890 2016 1966 2069 vit
1992 2017 2047 2072 S.
2105 2018 2423 2074 Authertum
2482 2024 2961 2093 Campracensem,
3005 2026 3327 2099 episcopum
3359 2045 3505 2083 anno

1889 2106 2104 2171 642,11t
2142 2109 2396 2166 adnotavi
2430 2112 2498 2166 ad
2531 2112 2841 2170 Chronicon
2883 2101 3300 2182 Cameraceuse,
3334 2117 3429 2172 lib.
3467 2134 3502 2183 ι,

1892 2214 1923 2253 c
1968 2199 2057 2255 19.
2081 2199 2342 2272 Sequitur

1967 2291 2218 2359 Tempore
2241 2293 2533 2359 Dagoberti
2559 2297 2701 2361 regis
2754 2298 3082 2365 episcopium
3103 2300 3268 2353 rexit.
3296 2297 3392 2352 llic
3422 2305 3506 2352 est

1892 2381 2233 2454 Dagobertus
2280 2376 2512 2453 primus,
2546 2387 2642 2457 qui
2691 2396 2815 2457 post
2853 2394 3063 2458 patrem
3121 2406 3280 2445 suum
3326 2390 3508 2445 Clota-

1889 2474 2029 2528 rium
2059 2476 2385 2543 secundum,
2447 2479 2696 2550 regnavit
2726 2481 2907 2536 adhuc
2956 2498 3132 2537 annos
3167 2483 3252 2549 14,
3288 2491 3343 2538 et
3366 2483 3504 2539 obiit

1887 2568 2010 2623 645.
2042 2569 2317 2625 Successit
2338 2571 2389 2625 ei
2413 2571 2559 2625 ﬁlius
2598 2579 2728 2628 natu
2762 2575 3030 2631 maximus
3067 2576 3410 2649 Sigebertus,
3437 2577 3505 2631 de

1888 2676 1998 2731 quo
2022 2661 2077 2715 in
2096 2661 2207 2717 fine
2241 2665 2459 2734 capitis,
2503 2665 2595 2736 qui
2625 2665 2909 2723 obiit656.

1957 2754 2115 2807 Hunc
2143 2757 2388 2823 sequitur
2413 2756 2785 2823 Anglebertus.
2818 2756 2907 2812 Sic
2941 2759 3123 2813 omnia
3171 2760 3507 2832 exemplaria

1886 2846 2089 2909 praeter
2115 2841 2164 2908 .l,
2198 2842 2345 2913 quod
2364 2848 2477 2898 toto
2504 2844 2609 2899 hoc
2638 2860 2758 2915 cap.
2797 2846 2931 2920 legit
2962 2848 3339 2915 Angelbertus.

2531 2935 2737 2989 CAPUT
2757 2936 2869 2990 νη.

1958 3024 2172 3076 Pctente
2211 3024 2495 3078 Berecario
2549 3023 2759 3078 abbate.
2810 3024 2900 3079 Sic
2929 3025 3117 3080 omnia
3146 3026 3503 3098 exemplaria,

1888 3111 2095 3183 quodS
2138 3113 2368 3167 mutavit
2423 3112 2635 3185 ubique
2701 3113 2756 3167 in
2813 3115 3186 3182 Bercharium,
3245 3117 3386 3171 sicut
3456 3124 3509 3171 et

1887 3204 1935 3258 J.
1972 3205 2258 3269 Quomodo
2298 3221 2401 3276 per
2437 3206 2875 3261 contractionem
2941 3207 3142 3283 legitur
3207 3210 3362 3280 apud
3421 3209 3510 3264 Si-

1887 3297 2176 3370 gebertum
2246 3298 2299 3351 in
2337 3298 2627 3365 Chronico,
2690 3308 2746 3353 et
2788 3299 2845 3353 in
2909 3300 3291 3371 Promptuario
3322 3318 3509 3357 sacra—

1892 3405 2009 3443 rum
2050 3389 2439 3460 antiquitatum
2480 3391 2799 3446 Tricassinie
2862 3392 3120 3448 diceeesis
3175 3394 3382 3449 Nicolai
3413 3396 3508 3449 Ca-

1890 3480 2104 3544 muza‘i,
2140 3480 2195 3534 in
2222 3498 2331 3552 quo
2363 3482 2682 3537 continetur
2713 3483 2929 3558 integra
2952 3485 3068 3539 Vita
3099 3486 3219 3554 ejus
3242 3494 3296 3540 et
3331 3489 3508 3558 passio

1890 3572 2204 3642 conscripta
2228 3590 2327 3643 per
2371 3575 2637 3629 Assonem
2707 3575 2965 3630 abbatem
3035 3579 3390 3644 Dervensem,
3457 3588 3509 3633 et

1891 3664 2039 3733 apud
2067 3664 2287 3719 Surium
2323 3675 2452 3720 tom.
2502 3667 2563 3732 V,
2626 3667 2722 3721 ubi
2781 3668 3003 3723 brevem
3038 3670 3284 3737 ejusdem
3335 3672 3507 3726 Vitam

1891 3765 2147 3810 recenset
2174 3772 2237 3810 ex
2289 3757 2559 3811 Vincentii
2614 3759 2851 3828 Speculo
2904 3760 3173 3815 historiali
3230 3762 3325 3815 lib.
3359 3780 3505 3829 xxw,

1890 3842 1981 3897 die
2016 3844 2078 3897 l6
2110 3844 2378 3899 Octobris.

1958 3934 2255 3988 Ecclesiam
2284 3937 2344 3988 in
2406 3936 2680 3989 Viriziaco
2736 3936 2858 3990 .lta
2908 3936 3204 4010 legendum
3268 3945 3417 4010 patet
3443 3954 3506 3993 cx

1888 4040 1936 4079 c.
1986 4028 1999 4075 t
2063 4031 2117 4078 et
2163 4026 2195 4075 3
2254 4024 2417 4093 hujus
2477 4023 2627 4088 libri,
2693 4025 2783 4079 ubi
2856 4035 3173 4081 constanter
3235 4028 3314 4083 sic
3368 4028 3509 4102 legi-

1888 4121 1992 4168 tur.
2028 4114 2145 4168 Gal.
2212 4116 2402 4182 Verzy.
2458 4114 2674 4186 Alioqui
2718 4123 2827 4170 tum
2863 4117 2968 4172 hoc
3017 4118 3157 4177 loco,
3188 4126 3300 4172 tum
3364 4119 3507 4173 infra

1884 4224 1931 4263 c.
1957 4208 2025 4262 10
2056 4209 2269 4262 variant
2288 4208 2625 4279 exemplaria
2658 4227 2671 4263 :
2704 4210 2770 4279 Μ,
2816 4212 3032 4267 Viriaco
3070 4230 3082 4266 :
3115 4213 3172 4279 (ἶ,
3215 4215 3504 4282 Viriciaco,

1885 4301 2163 4372 quomodo
2186 4301 2233 4355 M
2262 4301 2392 4375 legit
2422 4317 2542 4371 cap.
2575 4301 2664 4368 10,
2693 4302 2787 4356 ubi
2829 4302 2865 4357 C
2894 4303 3029 4377 legit
3058 4306 3415 4372 Virigiacum.

165 4410 219 4447 ex
248 4413 314 4453 eo
339 4400 559 4455 Baron.
601 4398 661 4452 in
704 4399 849 4453 notis
877 4398 946 4453 ad
1008 4399 1142 4453 Rom
1231 4398 1512 4463 Martyrol.
1574 4398 1664 4452 die
1715 4398 1783 4453 17
1809 4430 1867 4498 D
1896 4485 1936 4498 η
1966 4394 2397 4498 ΟιιῇΙΑξίξρυΞερὶιίε
2424 4410 2633 4465 quoque
2661 4412 2781 4449 rem.
2825 4397 3162 4471 lntelligitur
3205 4398 3509 4455 Clodoveus

155 4486 331 4548 Martii.
365 4494 480 4549 Sed
515 4502 585 4549 ut
618 4494 695 4547 sit
726 4494 871 4548 idem
929 4510 1052 4549 cum
1110 4509 1176 4548 eo
1230 4493 1321 4567 qui
1371 4493 1499 4549 huic
1528 4493 1782 4548 Remensi

150 4584 344 4647 synodo
418 4586 720 4650 interfuit,
779 4585 999 4641 obstare
1059 4587 1224 4642 etiam
1278 4587 1499 4642 videtur
1527 4587 1788 4642 distantia

152 4676 421 4745 temporis.

210 4765 484 4821 Auderico
518 4768 825 4822 Auscensi.
862 4766 1062 4831 Auscii,
1113 4766 1222 4822 alio
1246 4766 1471 4821 nomine
1512 4766 1784 4828 Auxitani.

148 4851 278 4909 unde
341 4857 683 4912 Auxitanus
733 4855 1249 4928 archiepisc0patus
1283 4900 1293 4910 .
1328 4856 1461 4910 Gall.
1531 4857 1691 4913 Auch
1731 4857 1785 4911 in

147 4939 427 5000 Vasconia.

210 5032 273 5087 Ut
298 5036 561 5106 capitulo
592 5050 876 5090 canonum
907 5036 1116 5089 Parz'si‘s
1157 5038 1280 5089 acta
1312 5036 1370 5089 in
1399 5036 1639 5103 generali
1661 5051 1791 5103 syn—

144 5120 252 5183 odo,
279 5126 335 5176 in
363 5126 637 5180 Basilica
694 5125 870 5177 sancti
900 5126 1064 5186 Petri,
1123 5124 1365 5179 Lotharii
1417 5126 1560 5192 regis
1608 5125 1791 5178 studio

143 5210 489 5284 congregata,
567 5217 733 5269 omni
791 5218 1047 5285 ﬁrmitate
1109 5218 1508 5273 custodiantur.
1567 5218 1792 5272 Videtur

143 5300 365 5381 intelligi
397 5307 741 5362 Concilium
807 5324 871 5360 in
928 5307 1257 5374 Parisiense,
1317 5308 1475 5379 cujus
1528 5308 1793 5363 exstant!)

141 5394 369 5465 capitula
400 5405 549 5454 tom.
589 5397 643 5451 II
698 5396 1070 5452 Conciliorum
1112 5413 1210 5467 per
1238 5397 1451 5453 Binium
1494 5398 1789 5456 editorum.

139 5483 237 5540 Nec
265 5489 460 5543 obstat
500 5486 686 5559 quod
716 5486 793 5541 ibi
824 5487 1040 5542 dicatur
1066 5488 1403 5547 celebratum
1433 5489 1537 5544 sub
1566 5489 1791 5546 Childe-

137 5570 303 5645 berto,
336 5578 481 5650 quia
553 5575 903 5649 intelligitur
969 5576 1355 5634 Chiltlebertus
1409 5578 1620 5649 primus
1649 5579 1793 5636 ﬁlius

137 5662 394 5723 αἰενάογεί
448 5666 691 5741 magni,
746 5668 838 5737 qui
878 5668 1018 5722 obiit
1060 5684 1205 5724 anno
1247 5668 1365 5723 559.
1433 5669 1548 5733 Quo
1594 5671 1790 5726 eodem

442 5772 781 5834 PA'I'HOL.
837 5770 1170 5831 CXXXV.

1892 4485 1961 4541 ll.
1997 4486 2092 4556 qui
2114 4486 2252 4541 obiit
2278 4486 2403 4543 662.

1961 4580 2139 4649 Hujus
2202 4583 2365 4634 etiam
2420 4584 2648 4648 tempore
2671 4580 2911 4633 tradidit
2942 4582 3288 4637 Grimoaldus
3316 4586 3407 4637 vir
3437 4585 3506 4638 il-

1891 4672 2078 4725 lustris
2101 4672 2152 4724 S.
2188 4672 2452 4736 Remigio,
2508 4677 2612 4724 etc.
2676 4670 2773 4724 llic
2811 4670 3031 4725 videtur
3090 4672 3258 4727 fuisse
3307 4675 3508 4744 major-

1890 4760 2087 4815 domus
2107 4776 2204 4814 seu
2263 4759 2523 4831 magister
2566 4759 2755 4829 palatii
2805 4760 3157 4827 Francorum,
3193 4760 3337 4815 ﬁlius
3360 4763 3505 4817 beati

1892 4851 2111 4923 Pippini
2144 4852 2213 4905 de
2244 4851 2463 4915 Laudis,
2503 4859 2579 4904 'et
2629 4850 2799 4905 frater
2850 4858 3163 4906 sanctarum
3223 4852 3508 4908 Gertrudis

1894 4946 1946 4994 et
1968 4939 2221 5013 Begghae,
2278 4938 2372 5010 qui
2422 4938 2558 4992 obiit
2606 4953 2753 4992 anno
2820 4938 2946 4993 658.
3007 4936 3309 4995 Concilium
3364 4960 3506 5012 pric-

1892 5031 2073 5084 sulum
2106 5030 2290 5085 Galliie
2340 5029 2622 5084 Namnetis
2661 5029 2910 5085 habitum
2971 5032 3219 5100 jussione
3277 5033 3505 5088 Romani

1892 5122 2191 5193 pontificis,
2252 5124 2407 5192 cujus
2459 5124 2549 5179 hic
2602 5126 2877 5191 meminit,
2946 5126 3168 5181 videtur
3221 5127 3415 5180 deesse
3450 5128 3503 5181 in

1892 5214 2058 5268 tomis
2080 5214 2469 5270 Conciliorum.
2527 5216 2637 5269 Nisi
2710 5218 2846 5273 forte
2905 5218 2975 5271 sit
3042 5200 3193 5272 illud
3245 5220 3390 5289 quod
3438 5222 3507 5273 ρο

1894 5306 2188 5360 continens
2227 5308 2483 5378 capitula,
2540 5309 2764 5377 ponitur
2815 5318 2947 5365 tom.
3020 5311 3081 5364 lll
3143 5318 3264 5381 post
3324 5311 3510 5365 conci-

1896 5397 2027 5451 lium
2060 5396 2409 5452 Triburiense
2477 5399 2727 5455 habitum
2787 5417 2931 5456 anno
2988 5402 3110 5455 995.
3184 5403 3254 5456 De
3286 5419 3395 5473 quo
3428 5403 3507 5456 sic

1894 5496 2047 5544 notat
2079 5489 2281 5544 ibidem
2312 5490 2502 5545 Binius
2538 5509 2550 5545 :
2589 5516 2613 5538 ι»
2648 5494 2921 5548 Incertum
2956 5493 3223 5547 habemus
3242 5510 3350 5564 quo
3375 5502 3507 5547 tem-

1895 5600 2027 5655 pore
2058 5585 2163 5639 hoc
2194 5585 2487 5639 concilium
2548 5595 2726 5640 actum
2763 5588 2850 5647 sit,
2893 5587 3076 5656 itaque
3105 5589 3203 5641 hoc
3237 5590 3353 5641 loco
3395 5586 3505 5640 cnl—

1894 5673 2215 5727 locavimus.
2250 5693 2274 5721 η

3139 5778 3212 5837 12
