3938 6158
488 297 593 351 363

552 428 679 480 Post
706 426 814 480 hac
842 427 904 480 in
928 425 1199 479 ecclesiola
1255 426 1311 483 S.
1377 426 1591 496 Maﬁar)
1631 443 1797 498 quam
1825 430 1884 482 in
1915 428 2094 484 eodem
2124 435 2171 498 Α

481 517 802 571 monasterio
850 518 1252 581 construxerat,
1313 517 1509 572 abiisse
1558 519 1759 585 fertur.
1804 518 1975 584 Quam
2004 535 2101 575 so-

486 606 697 660 lemnes
725 603 960 657 Nivardo
1007 602 1267 658 exhibitas
1321 602 1528 659 fuerint
1552 606 1828 678 exsequiae
1858 607 2096 662 refertur

486 698 579 752 ubi
604 714 789 769 supra,
814 696 870 750 in
892 696 1014 751 Vita
1038 706 1093 751 et
1122 696 1383 767 passione
1437 698 1489 751 S.
1528 699 1801 754 Bercharii
1856 699 2089 754 abbatis.

484 790 632 846 Obiit
658 788 917 844 Kalendis
946 786 1308 858 Septembris,
1366 789 1436 843 ad
1493 806 1657 862 quem
1682 790 1829 846 diem
1855 791 1923 846 ad
1957 791 2098 846 Usu-

487 875 681 929 ardum
703 876 907 945 adjecit
938 876 1183 932 Molanus
1216 894 1229 930 :
1258 897 1283 928 α
1313 878 1373 931 In
1421 879 1531 935 alto
1580 879 1786 947 Villari,
1819 880 2096 950 depositio

486 972 658 1027 sancti
703 972 925 1027 Nivardi
974 973 1221 1045 episcopi
1254 974 1563 1030 Remensis.
1617 996 1643 1027 ι)
1673 976 1788 1042 Quo
1819 977 1911 1032 die
1942 977 2098 1048 ponit

488 1064 747 1119 eumdem
786 1065 843 1119 in
899 1081 1001 1121 suo
1045 1066 1429 1143 Martyrologio
1496 1068 1689 1124 Petrus
1755 1069 2092 1124 Galesianus.

491 1154 737 1210 Meminit
767 1155 1016 1224 ejusdem
1042 1157 1364 1232 Sigebertus
1405 1158 1462 1213 in
1503 1159 1770 1215 Chronico
1796 1175 1942 1215 anno
1969 1160 2094 1227 661,

492 1248 579 1303 bis
599 1249 827 1304 verbis:
866 1273 885 1300 ι
960 1252 1191 1308 Sanctus
1236 1253 1503 1309 Nivardus
1562 1255 1853 1311 Remensis
1913 1255 2095 1310 archi-

492 1338 810 1410 episcOpus,
868 1347 924 1396 et
984 1341 1188 1397 Reolus
1248 1358 1536 1399 successor
1587 1344 1728 1412 ejus:
1777 1344 2106 1400 Bercharius

494 1442 716 1498 quoque
748 1436 974 1500 martyr,
1005 1429 1099 1501 qui
1157 1429 1258 1485 fuit
1301 1431 1471 1487 abbas
1494 1432 1704 1503 primus
1740 1433 2106 1490 Altivillaren-

493 1517 659 1582 sium,
690 1525 879 1574 sancta
910 1519 1073 1573 etiam
1098 1521 1296 1575 Bertha
1320 1531 1528 1593 martyr
1557 1528 1611 1577 et
1643 1524 1941 1592 abbatissa,
1973 1541 2106 1580 san-

492 1612 676 1667 ctitate
704 1614 912 1669 clarent
968 1615 1025 1669 in
1057 1615 1247 1671 Gallia.
1282 1641 1305 1662 »ν
1351 1618 1505 1673 llunc
1541 1618 1736 1675 vitiose
1762 1620 1982 1692 quidam
2014 1622 2109 1677 Vi-

491 1709 742 1764 viardum
760 1718 957 1765 vocant

1124 1782 1329 1840 CAPUT
1348 1785 1485 1839 VIII.

567 1895 660 1949 Ad
680 1898 1037 1964 praenotatum
1089 1897 1253 1965 hujus
1280 1902 1456 1953 sancti
1478 1900 1593 1953 viri
1622 1899 1886 1971 (Nivardi)
1929 1917 2107 1958 cumo-

498 1982 644 2036 bium
678 1983 800 2038 «hoc
830 1990 914 2038 est
941 1983 1008 2037 ad
1036 1984 1427 2055 Altumvillare)
1456 1988 1622 2043 beatce
1663 1990 1875 2045 Helenae
1909 1994 2112 2060 regina:

494 2080 705 2132 constat
732 2093 923 2147 corpus
956 2080 1024 2133 ab
1052 2081 1183 2134 urbe
1210 2083 1380 2136 Roma
1405 2082 1696 2137 devectum.
1752 2082 1878 2138 Dies
1930 2091 2108 2140 trans-

496 2165 735 2228 lationis,
770 2176 824 2221 ct
853 2167 1120 2223 adventus
1149 2169 1216 2223 ad
1256 2170 1362 2225 hoc
1387 2172 1785 2228 monasterium
1816 2175 2111 2232 adnotatur

492 2258 727 2328 septima
761 2258 1040 2315 Februarii
1107 2258 1159 2313 in
1217 2260 1389 2315 addit.
1445 2260 1647 2316 Molani
1679 2262 1747 2317 ad
1778 2263 2103 2322 Usuardum.

490 2346 718 2418 Scripsit
774 2347 1145 2403 translationis
1219 2348 1382 2417 hujus
1439 2349 1729 2406 Historiam
1807 2354 2107 2411 Almannus

490 2440 792 2496 monachus
847 2440 1284 2507 Altivillarensis,
1326 2448 1465 2497 teste
1517 2443 1807 2517 Sigeberto
1857 2447 1932 2501 De
1976 2448 2106 2504 viris

488 2531 812 2598 illustribus,
827 2549 945 2604 cap.
965 2531 1055 2598 99,
1072 2540 1144 2599 et,
1167 2542 1227 2587 ut
1252 2532 1461 2590 ibidem
1490 2535 1675 2602 refert,
1692 2538 1867 2593 Vitam
1880 2556 2103 2612 quoque

488 2621 541 2677 S.
571 2621 789 2676 Nivardi
821 2629 876 2676 et
933 2621 987 2675 S.
1022 2621 1338 2692 Sindulphi,
1400 2624 1467 2679 de
1528 2642 1637 2697 quo
1670 2643 1789 2699 seq.
1823 2646 1944 2702 cap.
1978 2632 2107 2691 Haec

487 2724 670 2773 autem
710 2718 995 2773 transtalio
1044 2717 1113 2772 ab
1162 2719 1298 2774 urbe
1353 2719 1525 2776 Roma
1580 2722 1636 2777 in
1686 2724 1906 2790 Gallias,
1961 2736 2103 2786 teste

488 2810 683 2865 eodem
710 2808 996 2883 Sigeberto
1024 2810 1078 2864 in
1129 2810 1419 2878 Chronico,
1470 2812 1610 2869 facta
1659 2823 1744 2870 est
1796 2833 1941 2873 anno
1972 2819 2098 2887 849,

486 2908 546 2957 ut
572 2901 740 2957 refert
768 2907 891 2972 post
920 2917 1045 2956 eum
1088 2917 1309 2975 quoque
1367 2904 1633 2961 Baronius
1669 2914 1799 2962 tom.
1834 2908 1875 2962 X
1907 2909 1963 2964 in
1990 2908 2101 2967 ﬁne

486 2994 737 3064 ejusdem
767 2994 920 3060 anni,
948 2995 1161 3050 addens
1193 3012 1207 3049 :
1244 3016 1266 3045 ι
1291 2995 1399 3051 Sed
1455 2997 1523 3053 de
1550 2998 1670 3067 ejus
1695 3014 1929 3072 corpore
1956 3002 2105 3059 inter

483 3087 705 3143 Latinos
760 3094 815 3143 et
878 3087 1091 3143 Graecos
1153 3087 1383 3160 antiqua
1423 3097 1507 3145 est
1559 3093 1956 3157 controversia,
1998 3094 2170 3188 ubiC

482 3182 760 3253 sepultum
815 3180 1003 3235 fuerit.
1044 3179 1236 3235 Veneti
1287 3180 1515 3252 insuper
1566 3182 1698 3238 illud
1750 3184 1819 3239 ab
1873 3184 2096 3243 Oriente

483 3273 724 3328 delatum
751 3271 1038 3342 possidere
1063 3287 1122 3326 se
1152 3271 1476 3347 gloriantur,
1508 3273 1653 3346 quod
1677 3286 1732 3332 et
1755 3278 1925 3354 digno
1946 3281 2095 3337 cultu

482 3375 915 3440 prosequuntur.
951 3387 976 3418 »
1012 3367 1136 3423 Haec
1164 3368 1452 3424 Baronius.

554 3463 773 3519 Gemino
801 3462 969 3517 ditati
1021 3461 1265 3530 gaudent
1326 3477 1489 3519 esoce.
1545 3463 1637 3520 Sic
1674 3464 1772 3520 MJ.
1805 3466 1839 3521 8
1872 3468 2097 3541 reliquit

484 3552 663 3608 locum
711 3567 965 3607 vacuum.
1021 3550 1330 3625 Significari
1388 3559 1610 3623 putatur
1636 3553 1824 3623 piscis,
1859 3557 1954 3628 qui
1986 3559 2095 3615 alio

483 3645 708 3701 nomine
736 3645 909 3700 salma
933 3640 1161 3700 dicitur.‘
1182 3644 1461 3715 Sulpicius
1487 3644 1725 3701 Severus
1751 3647 1854 3706 lib.
1884 3666 1943 3704 ur
1974 3651 2098 3707 Dia-

483 3735 591 3809 lbgi
641 3734 709 3789 de
761 3732 1057 3789 virtutibus
1113 3734 1169 3788 Β.
1217 3733 1455 3799 Martini,
1504 3751 1623 3806 cap.
1684 3737 1771 3804 13,
1828 3759 1856 3789 α
1886 3740 1964 3794 Ad
1984 3743 2100 3813 pri-

480 3843 629 3882 mum
662 3833 840 3882 actum
891 3825 994 3880 reti
1045 3825 1366 3896 permodico
1398 3826 1695 3884 immanem
1729 3846 1946 3887 esocem
1980 3834 2098 3890 dia-

479 3933 653 3972 conus
678 3914 925 3971 extraxit.
952 3938 978 3965 »
1010 3915 1085 3970 Ad
1107 3932 1272 3987 quem
1288 3917 1467 3973 locum
1486 3918 1606 3973 Sur.
1627 3926 1760 3974 tom.
1795 3921 1858 3974 Vl
1888 3921 2097 3979 notavit

479 4008 548 4063 ad
579 4025 733 4083 marg
760 4025 773 4062 :
798 4010 1039 4072 Ezocem,
1092 4008 1153 4062 id
1190 4013 1291 4073 est,
1350 4010 1659 4065 salmonem.
1709 4011 1910 4067 Scribit
1945 4014 2091 4070 enim

480 4099 601 4170 ipse
632 4115 732 4169 per
768 4114 818 4152 ι.
877 4097 1149 4152 Adrianus
1185 4096 1385 4151 Junius
1414 4096 1468 4151 in
1509 4113 1610 4153 suo
1650 4098 2090 4169 Nomenclatore,

478 4203 777 4242 recensens
825 4185 1050 4242 nomina
1100 4185 1353 4256 piscium,
1416 4185 1492 4241 ita
1521 4186 1716 4241 scribit
1744 4190 1903 4252 Exos,
1941 4191 2090 4261 quod

476 4279 699 4335 ossibus
726 4284 929 4344 careat,
960 4277 1068 4343 vel,
1100 4283 1162 4331 ut
1198 4276 1288 4331 alii
1317 4277 1530 4347 legunt,
1590 4292 1717 4332 esca:
1747 4279 1946 4335 Plinio.
1978 4283 2091 4337 An-

474 4367 619 4440 glice
648 4384 683 4421 a
706 4368 873 4432 Lam,’
910 4374 964 4420 et
992 4364 1282 4438 distinguit
1327 4381 1360 4419 a
1409 4364 1677 4421 salmone.
1716 4367 1938 4424 .Plinius
1967 4370 2087 4426 Nat.

475 4459 610 4516 Hist.
646 4460 723 4515 lib
771 4476 843 4522 rx,
878 4475 926 4514 c.
962 4459 1071 4513 15:
1109 4479 1134 4508 α
1159 4457 1297 4513 Sunt
1326 4464 1383 4513 et
1415 4458 1471 4513 in
1523 4459 1853 4532 quibusdam
1907 4464 2090 4519 amni-

473 4548 579 4603 bus
602 4549 750 4603 haud
780 4548 1045 4614 minores,
1099 4546 1301 4601 silurus
1348 4546 1403 4601 in
1452 4547 1596 4614 Nilo,
1625 4564 1753 4605 esox
1785 4549 1840 4604 in
1875 4550 2086 4621 Rheno,

472 4639 660 4695 attilus
681 4638 736 4693 in
787 4638 957 4693 Pado.
1003 4662 1026 4684 »
1056 4636 1157 4701 Qui
1190 4636 1392 4691 ibidem
1432 4653 1553 4708 cap.
1602 4639 1671 4694 18
1717 4640 1829 4715 agit
1852 4639 1921 4695 de
1960 4642 2078 4697 sal-

473 4744 660 4784 mone.

1112 4796 1320 4853 CAPUT
1359 4797 1443 4852 IX.

539 4893 614 4948 De
646 4892 703 4947 8.
741 4889 995 4947 Sindulfo
1042 4890 1156 4963 agit
1210 4890 1464 4946 Molanus
1519 4890 1585 4945 ad
1619 4891 1924 4949 Usuardum
1992 4894 2084 4952 die

463 4982 533 5039 ΞΟ
563 4982 829 5048 Octobris,
886 4981 1192 5037 Romanum
1242 4980 1515 5053 Martyrol;
1575 4998 1699 5036 cum
1758 4983 1994 5040 Baronio
2025 4994 2080 5041 et

467 5075 622 5131 Petro
679 5074 954 5129 Galesinio
1006 5073 1075 5128 ad
1129 5073 1385 5129 eumdem
1417 5073 1586 5139 diem,
1633 5073 1776 5130 sicut
1809 5083 1864 5130 et
1895 5077 2079 5134 Wion.

464 5163 597 5218 Item
655 5163 919 5218 Trithem.
973 5162 1046 5217 De
1111 5161 1243 5216 viris
1307 5162 1473 5217 illust.
1541 5161 1660 5217 0rd.
1703 5163 1760 5218 S.
1793 5164 2078 5221 Benedicti

462 5255 665 5321 lib.m,
694 5271 818 5327 cap.
866 5255 955 5321 46,
1021 5254 1116 5326 qui
1168 5253 1360 5310 scribit
1417 5269 1544 5309 eum
1608 5254 1872 5310 claruisse
1932 5271 2079 5312 anno

461 5348 675 5404 Domini
704 5347 829 5415 600,
860 5357 914 5404 et
971 5348 1183 5403 socium
1233 5347 1400 5402 fuisse
1445 5346 1592 5402 beati
1625 5347 1800 5402 Basoli
1834 5347 2074 5409 abbatis.

457 5441 526 5496 de
545 5457 654 5514 quo
678 5457 844 5513 supra
900 5457 1021 5512 cap.
1082 5440 1134 5496 3.
1166 5440 1321 5495 Unde
1371 5439 1439 5495 (le
1494 5438 1688 5493 iisdem
1735 5439 2076 5508 conjunctim

455 5530 529 5585 ait
572 5530 629 5585 in
676 5530 945 5585 Chronico
1003 5528 1327 5600 Sigebertus
1364 5528 1433 5582 ad
1482 5545 1685 5583 annum
1718 5529 1860 5584 567:
1907 5546 1928 5579 α
1978 5529 2078 5584 Ba-

453 5618 605 5672 solus
635 5617 826 5685 abbas,
879 5627 933 5672 et
979 5615 1319 5688 Sindulpbus
1348 5616 1631 5688 presbyter
1661 5623 1714 5671 et
1744 5617 1989 5673 reclusus
2019 5616 2073 5671 in

455 5709 684 5765 Francia
709 5710 946 5765 clarent.
982 5728 1006 5760 »

1325 296 1713 353 COLVENERII
1754 298 2026 354 SCHOLIA
2068 301 2130 354 IN
2174 302 2340 359 IIIST.
2384 303 2669 360 REMENS.
2714 304 2974 361 ECCLES.

3643 327 3725 383 364

2846 431 3055 487 CAPUT
3078 432 3139 487 X.

2267 521 2343 573 De
2369 523 2552 579 sancto
2603 521 2759 576 Reolo
2799 523 3061 591 episcopo.
3118 522 3194 577 De
3232 523 3334 578 hoc
3383 526 3505 582 nihil
3554 532 3731 593 invenio

2198 604 2253 658 in
2276 605 2695 677 Martyrologiis.
2750 607 2844 664 Hic
2899 618 3035 664 ante
3083 610 3448 682 episcopatum
3478 628 3664 690 neptem
3689 624 3730 680 S.

2197 699 2437 767 Nivardi,
2498 699 2661 756 ﬁliam
2717 702 3009 759 Childerici
3065 705 3232 779 regis,
3299 722 3505 764 uxorem
3563 712 3736 779 habuit,

2199 795 2257 842 ut
2295 798 2509 846 constat
2537 807 2603 846 ex
2650 799 2875 847 auctore
2904 808 3070 863 supra
3109 809 3231 864 cap.
3279 794 3331 849 7.
3364 796 3478 852 Post
3504 799 3606 867 ejus
3622 818 3739 857 mor-

2200 888 2306 936 tem
2339 881 2558 953 prmfuit
2604 884 2660 938 in
2711 885 2815 939 hoc
2867 885 3350 956 archiepiscopatu
3398 891 3544 945 annis
3585 893 3661 958 26,
3699 903 3744 950 ut

2200 970 2400 1026 dicitur
2425 971 2481 1025 in
2510 971 2628 1026 Vita
2673 972 2850 1027 sancti
2910 972 3219 1041 Gumberti,
3268 973 3441 1029 fratris
3474 977 3523 1032 8.
3550 979 3741 1043 Nivardi,

2199 1070 2423 1133 quaeest
2472 1064 2528 1117 in
2577 1063 2709 1118 Vitis
2751 1063 3077 1120 Sanctorum
3137 1065 3342 1121 Gallice
3366 1067 3516 1123 editis
3557 1072 3746 1140 pcri’a-

2200 1151 2460 1207 risienses
2490 1151 2582 1206 die
2609 1151 2680 1207 29
2704 1152 2942 1223 Aprilis.
2973 1154 3129 1209 Hunc
3173 1154 3288 1222 alii,
3321 1164 3378 1210 ut
3402 1155 3623 1227 Papirius
3641 1160 3749 1215 Mas-

2202 1260 2373 1299 sonus
2439 1245 2495 1299 in
2538 1245 2654 1300 suis
2695 1246 3001 1301 Annalibus
3033 1255 3088 1302 et
3135 1246 3371 1303 Iacobus
3394 1248 3685 1306 Sirmondus
3706 1253 3750 1306 in

2207 1338 2461 1414 Catalogo
2482 1338 3027 1411 archiepiscoporum
3056 1341 3429 1408 Remensinm,
3477 1351 3653 1400 vocant
3672 1346 3751 1401 Re-

2243 1432 2417 1487 ulum.

2204 1448 2417 1503 gutum.

2280 1521 2657 1575 Cruniciacam
2686 1525 2934 1588 montem,
2995 1521 3228 1577 Curbam
3270 1523 3476 1589 villam,
3504 1540 3609 1578 cum
3653 1527 3757 1579 Aci-

2206 1616 2361 1669 niaco
2389 1615 2449 1668 in
2506 1630 2652 1684 pago
2699 1615 3054 1671 Tardonensi.
3115 1617 3238 1673 Haec
3295 1618 3369 1672 ita
3418 1619 3572 1673 vertit
3596 1618 3758 1674 Gallice

2209 1705 2466 1761 Nicolaus
2496 1704 2800 1773 Chesneau,
2864 1707 2912 1761 le
2969 1712 3119 1762 mont
3155 1708 3221 1763 de
3274 1710 3471 1778 Cruny,
3521 1710 3757 1776 Courville,

2131 1802 2182 1869 Β
2207 1802 2258 1852 et
2288 1798 2456 1853 Acini
2490 1813 2554 1853 en
2587 1799 2895 1854 Tardenois.
2952 1800 3127 1872 Atque
3173 1800 3248 1855 ita
3287 1800 3761 1874 leguntomniafere

2210 1887 2565 1958 exemplaria,
2623 1895 2738 1943 tum
2790 1889 2893 1943 hoc
2921 1888 3064 1956 loco,
3107 1897 3219 1943 tum
3251 1906 3302 1945 c.
3354 1891 3421 1946 17
3475 1888 3623 1957 hujus
3647 1889 3761 1952 libri,

2211 1975 2314 2030 nisi
2343 1978 2492 2047 quod
2514 1976 2601 2031 MS
2633 1978 2737 2033 hoc
2758 1976 2878 2033 loco
2892 1984 2946 2032 et
2971 1978 3097 2033 c.“
3120 1978 3319 2054 legunt
3343 1981 3561 2035 Torbam
3587 1987 3634 2033 et
3661 1981 3765 2034 Tar-

2210 2071 2447 2126 donisse.

2852 2141 3074 2197 CAPUT
3084 2142 3172 2196 XI.

2280 2251 2598 2307 Gemiacam
2635 2254 2851 2306 cortem.
2884 2251 2960 2306 lta
2989 2251 3081 2306 hic
3110 2256 3164 2307 et
3192 2252 3402 2324 saepius
3448 2252 3582 2308 infra
3620 2250 3767 2308 omnia

2207 2342 2560 2413 exemplaria,
2602 2341 2737 2397 Gali.
2773 2344 3114 2400 Gernicourt.
3170 2344 3276 2400 Pro
3302 2359 3414 2417 quo
3451 2342 3710 2415 aliquoties
3745 2339 3770 2393 S

2207 2431 2483 2486 substituit
2509 2431 2901 2497 Germanicam,
2934 2433 3085 2503 quod
3133 2447 3306 2504 supra
3357 2448 3479 2504 cap.
3521 2432 3553 2485 5
3589 2430 3775 2486 vertitur

2207 2521 2480 2597 Genmyni.
2513 2520 2586 2579 Ex
2624 2520 2729 2576 hoc
2776 2520 2900 2577 loco
2930 2522 3296 2597 corrigendus
3345 2522 3552 2587 Surius,
3599 2519 3775 2573 [laneus

2206 2615 2262 2664 et
2291 2608 2562 2680 Lippello,
2589 2610 2683 2680 qui
2710 2609 2765 2663 in
2831 2610 2948 2665 Vita
3004 2610 3058 2665 8.
3093 2610 3381 2684 Rigoberti
3414 2610 3504 2666 die
3531 2604 3776 2663 llanuarii

2206 2697 2398 2773 legunt
2427 2698 2707 2755 Grem’aca.
2760 2698 2933 2754 Locus
2989 2706 3072 2754 est
3130 2715 3241 2754 non
3305 2699 3497 2771 procul
3525 2696 3704 2757 Remis,
3730 2703 3773 2746 ut

2205 2796 2419 2845 constat
2476 2805 2539 2843 ex
2571 2805 2692 2860 cap.
2736 2790 3010 2862 sequenti.
3074 2789 3480 2862 Corrigendum
3525 2794 3576 2843 et
3600 2786 3715 2841 illud
3737 2785 3778 2838 in

2200 2877 2400 2933 iisdem
2423 2879 2761 2945 auctoribus,
2803 2879 2953 2951 quod
3006 2896 3252 2955 pugnam
3302 2878 3482 2935 Caroli
3514 2893 3630 2932 cum
3658 2874 3775 2928 Chil-

2202 2969 2390 3040 perico
2417 2978 2471 3025 et
2504 2969 2855 3045 Ragemfrido
2887 2983 3095 3042 ponant
3126 2971 3404 3027 accidisse
3449 2987 3522 3025 xu
3558 2966 3785 3024 Kalendas

2202 3060 2451 3134 Augusti,
2498 3077 2621 3116 cum
2675 3061 2972 3135 legendum
3030 3061 3101 3115 sit
3156 3062 3403 3131 Aprilis.
3453 3061 3581 3115 Nam
3618 3057 3781 3113 accidit

2198 3149 2253 3204 in
2282 3150 2731 3225 Quadragesima,
2782 3150 3067 3205 Dominica
3122 3149 3211 3205 die
3272 3159 3409 3207 ante
3468 3150 3682 3216 Pascha,
3736 3154 3781 3201 ut

2197 3242 2405 3298 habent
2430 3243 2669 3298 Annales
2715 3244 3046 3299 Francorum
3076 3259 3107 3297 a
3151 3243 3376 3300 Pithreo
3432 3243 3584 3309 editi,
3640 3249 3785 3308 etap-

2199 3331 2403 3402 pcndix
2457 3330 2680 3406 Gregor.
2740 3332 3048 3388 Turonens.
3096 3333 3258 3401 cujus
3319 3342 3517 3389 auctor
3560 3330 3790 3405 Fregeda—

2197 3419 2312 3475 rius
2333 3419 2724 3485 Scholasticus,
2757 3420 2851 3492 qui
2884 3437 2973 3475 res
3003 3420 3088 3476 sui
3121 3424 3400 3494 temporis
3430 3422 3704 3478 describit.

2276 3516 2473 3570 Villam
2494 3519 2705 3571 nomine
2744 3517 3077 3572 Cartobram.
3112 3517 3202 3573 Sic
3236 3517 3321 3574 CR
3378 3527 3437 3575 et
3473 3517 3522 3574 ι.
3587 3516 3692 3572 Alia
3712 3514 3792 3569 Ca-

2196 3604 2430 3659 robram.
2493 3603 2609 3659 Gal.
2644 3606 2995 3662 Chartreune.

2271 3695 2343 3747 Et
2370 3694 2429 3746 in
2456 3693 2589 3747 villa
2625 3696 2715 3748 cui
2743 3709 2928 3749 nomen
2961 3696 3164 3751 Turba.
3198 3697 3282 3753 Ita
3315 3697 3414 3753 hic
3435 3696 3618 3753 omnia
3638 3710 3795 3751 exem-

2202 3787 2375 3857 plaria
2424 3787 2537 3843 Gal.
2570 3790 2790 3844 Tourbe.

2268 3881 2342 3933 De
2369 3868 2504 3934 villa
2532 3881 2826 3934 Bracaneio
2841 3895 3005 3950 super
3042 3883 3277 3950 ﬂuvium
3326 3886 3673 3941 Rotumnam.
3707 3879 3796 3945 RH,

2195 3972 2517 4036 Bracaneco,
2540 3972 2564 4026 .l
2600 3974 2912 4029 Bracaneto.

2262 4060 2313 4114 A
2345 4061 2640 4127 Dagoberto
2665 4061 2895 4132 denique
2948 4078 3089 4130 rege.
3148 4063 3503 4139 Intelligitur
3558 4062 3801 4122 secundus

2194 4146 2355 4215 hujus
2383 4149 2803 4216 nominis,ﬁlius
2825 4149 3184 4218 Childeberti,
3215 4155 3319 4226 qui
3361 4157 3509 4212 obiit
3537 4170 3677 4211 anno
3696 4152 3796 4213 713,

2193 4240 2281 4293 cui
2307 4241 2571 4295 successit
2594 4241 2738 4297 filius
2765 4243 3141 4300 Theodoricus
3172 4246 3240 4301 II.

2260 4334 2324 4386 In
2353 4334 2619 4389 Rodonico
2672 4336 2858 4390 etiam.
2890 4335 2980 4391 Sic
3020 4335 3069 4401 J,
3118 4338 3220 4393 sed
3282 4339 3403 4407 MS,
3437 4341 3695 4396 Rodim‘co
3720 4335 3797 4403 ;C,

2189 4424 2436 4479 Rodolito
2468 4426 2675 4492 ;aliud,
2708 4429 2998 4483 Bodocino.

2118 4491 2170 4558 ί)
2264 4518 2366 4571 Hic
2393 4491 2719 4574 venerabilis
2771 4521 2975 4590 praesul
3010 4522 3318 4591 Pippinum
3367 4509 3817 4594 majoremdnmus’

2191 4611 2352 4677 regias
2380 4611 2626 4666 traditur
2653 4613 3045 4668 amicissimum
3092 4613 3385 4685 habuisse,
3442 4620 3537 4673 cui
3595 4616 3805 4685 eulogins

2188 4721 2287 4774 pro
2317 4704 2678 4759 benedictione
2705 4706 2894 4760 crebro
2936 4706 3138 4761 solebat
3167 4709 3421 4765 mittere.
3476 4711 3576 4767 Hic
3602 4717 3679 4766 est
3701 4708 3805 4777 Pip-

2192 4795 2352 4864 pinus
2397 4793 2716 4861 Herstallus,
2766 4792 2913 4850 ﬁlius
2968 4795 3024 4850 8.
3090 4796 3366 4871 Begghae,
3433 4806 3601 4872 pater
3651 4794 3805 4853 Caroli

2186 4884 2416 4941 Martelli
2437 4902 2500 4941 ex
2526 4886 2741 4958 pellice.
2790 4886 3031 4962 Eulogia:
3062 4896 3220 4943 erant
3281 4906 3479 4961 panes
3533 4887 3811 4952 benedicti,

2184 4975 2594 5031 communionis
2624 4985 2827 5032 mutuae
2858 4976 3184 5033 etamicitiae
3212 4981 3518 5050 symbols,
3547 4981 3618 5038 de
3638 4979 3814 5054 quibus

2183 5064 2290 5118 late
2316 5064 2514 5119 Baron.
2544 5073 2677 5119 tom.
2730 5064 2800 5119 III
2838 5065 3130 5120 Annalium
3151 5082 3313 5123 anno
3358 5068 3496 5126 313.
3534 5068 3811 5127 Concilium

2180 5150 2568 5219 Namnetense,
2608 5167 2731 5223 cap.
2789 5152 2845 5218 6,
2889 5151 2960 5208 de
3007 5169 3118 5225 quo
3148 5169 3359 5225 supra,
3384 5156 3633 5215 formam
3660 5157 3811 5214 bene-

2181 5248 2442 5304 dictionis
2465 5245 2745 5318 exprimit.

2251 5340 2314 5392 In
2336 5342 2512 5393 monte
2556 5337 2804 5392 Betelini.
2859 5335 2948 5391 Sic
3006 5335 3046 5390 R
3076 5343 3130 5392 et
3157 5335 3209 5403 J,
3267 5337 3372 5392 cui
3439 5336 3665 5397 accedit
3715 5334 3805 5392 MS.

2181 5428 2410 5482 Berilini
2432 5444 2446 5492 ;
2481 5424 2536 5494 C,
2568 5425 2763 5481 Bclini.

2247 5525 2311 5577 In
2364 5538 2503 5591 pago
2560 5522 2901 5577 Castricensi.
2967 5518 3058 5575 Sic
3114 5528 3170 5576 et
3223 5519 3391 5578 infra
3455 5540 3509 5581 c.
3540 5523 3643 5591 18;
3674 5520 3816 5587 alias,

2176 5618 2237 5670 in
2264 5616 2380 5670 vico
2395 5615 2764 5680 Castricensi;
2797 5612 2885 5667 MS
2908 5613 3196 5682 conjunxit
3241 5613 3350 5671 hic
3386 5626 3719 5692 utrumque,
3769 5618 3818 5669 in

2173 5710 2310 5775 vico,
2337 5708 2397 5761 in
2419 5722 2564 5778 pago
2596 5708 2939 5765 Castricensi.
