3960 6160
216 339 297 395 365

747 453 956 508 CAPUT
997 453 1109 507 Xll.

266 574 371 629 Orta
393 569 596 636 denique
623 565 894 618 simultate
927 566 1073 617 inter
1101 580 1281 632 regem
1315 563 1677 632 Chilpericum
1699 564 1748 615 et

210 661 417 719 Karolum
440 655 646 726 praefati
682 645 905 722 Pippini
931 654 1127 721 filium,
1173 652 1535 721 majoremque
1560 650 1748 703 domus

206 748 569 818 Ragcmfridum.
630 744 725 798 Hic
765 750 848 797 est
890 742 1212 814 Ghipericus
1267 742 1332 807 Il,
1372 739 1539 794 frater
1571 738 1750 811 Dago-

207 840 317 895 berti
362 840 420 905 ll,
454 836 690 907 obiitque
730 850 880 889 anno
911 834 1035 900 719,
1080 835 1187 899 vel,
1228 839 1288 887 ut
1325 831 1437 895 alii,
1471 830 1592 886 726.
1630 829 1752 882 Haec

202 940 344 987 autem
394 938 529 1003 gesta
574 933 700 981 sunt
746 942 893 981 anno
945 926 1072 992 717,
1119 932 1179 979 ut
1226 923 1474 979 referunt
1510 921 1748 975 Annales

202 1027 473 1081 Francorum
526 1039 554 1076 a
600 1022 814 1077 Pithmo
860 1021 1015 1075 editi.
1049 1020 1375 1095 Sigebertus
1416 1027 1469 1075 et
1496 1018 1747 1089 Meyerus

200 1116 399 1169 tribuunt
424 1127 558 1167 anno
586 1112 710 1166 718.
746 1112 981 1176 Quaestio
1012 1117 1127 1165 erat
1156 1112 1223 1165 de
1253 1109 1557 1167 obtinendo
1588 1107 1745 1178 prin-

199 1206 343 1276 cipatu
384 1204 486 1257 sive
537 1201 850 1276 magisterio
882 1202 1153 1273 equitum,
1197 1211 1257 1255 ut
1296 1209 1380 1256 est
1420 1200 1476 1253 in
1514 1198 1633 1252 Vita
1685 1195 1742 1250 8.

198 1296 445 1372 Rigoberti.
502 1295 631 1349 Nam
684 1292 1024 1365 Chilpericus
1079 1294 1400 1369 magistrum
1458 1294 1743 1365 equitum,

197 1388 285 1442 sive
350 1386 794 1454 majoremdomus
864 1385 1224 1441 constituerat
1296 1384 1439 1438 hunc
1506 1383 1746 1457 Regem-

197 1476 376 1531 t‘ridum.

251 1569 373 1634 Quod
408 1582 505 1621 non
547 1566 632 1620 illi
669 1582 786 1620 eam
826 1567 985 1635 prius
1026 1565 1281 1634 aperiret.
1342 1561 1431 1616 Sic
1484 1561 1564 1616 CR
1596 1571 1651 1617 et
1697 1561 1744 1615 .l.

192 1659 281 1724 Quo
305 1658 487 1713 accedit
517 1658 665 1729 quod
706 1658 761 1711 in
803 1657 849 1711 Μ
880 1657 1166 1733 legebatur
1196 1656 1464 1721 nonnulli,
1504 1654 1602 1708 sed
1642 1669 1747 1708 non

193 1746 457 1803 transﬁxum
496 1754 595 1809 est,
632 1754 686 1801 et
736 1747 985 1801 relictum
1041 1752 1125 1800 est
1178 1746 1319 1799 nulli
1356 1743 1632 1815 quomodo
1663 1743 1743 1798 le-

187 1836 249 1909 git
273 1836 318 1889 S.

241 1924 545 1992 Bigobcrtum
575 1929 873 1994 patronum
902 1939 1081 1989 suum,
1114 1925 1228 1992 qui,
1255 1926 1314 1976 ut
1340 1921 1602 1987 traditur,
1633 1936 1750 1974 eum

191 2013 241 2066 de
272 2014 461 2068 lavacro
512 2018 700 2067 sancto
738 2017 1067 2081 susceperat,
1121 2014 1434 2081 episcopatu
1488 2010 1750 2063 deturba-

184 2108 259 2159 vit.
298 2106 327 2158 S
365 2105 552 2177 corrigi
588 2106 707 2160 vult
742 2109 1044 2175 patrinum,
1082 2121 1269 2159 verum
1293 2105 1515 2160 obstant
1563 2103 1749 2159 omnia

182 2199 484 2269 exemplaria.
548 2200 607 2254 In
663 2200 782 2253 Vita
841 2199 1014 2270 ipsius
1061 2198 1260 2254 dicitur
1303 2200 1356 2255 S.
1414 2199 1744 2274 Rigobertus

180 2309 297 2347 nunc
336 2293 574 2349 Carolum
619 2293 953 2369 baptizasse,
1008 2302 1061 2349 et
1106 2294 1175 2348 de
1224 2310 1379 2349 sacro
1429 2294 1579 2349 fonte
1619 2310 1745 2347 sus-

174 2382 365 2452 cepisse.
421 2382 525 2438 Sed
582 2391 642 2438 et
690 2389 836 2437 recte
880 2388 1228 2452 susceptores
1276 2382 1492 2453 patroni
1546 2382 1744 2436 dicun-

173 2481 255 2528 tur.
314 2476 431 2544 Ejus
484 2475 894 2547 depositionem
953 2475 1020 2529 ab
1089 2475 1430 2546 episc0patu,
1486 2474 1626 2529 sicut
1690 2480 1744 2527 et

174 2562 383 2617 Eucherii
437 2564 870 2638 Aurelianensis,
906 2571 1099 2619 notant
1146 2564 1467 2638 Sigebertus
1498 2572 1552 2618 et
1603 2563 1741 2618 Mas-

165 2672 308 2712 saeeus
334 2674 470 2713 anno
490 2659 617 2715 723.

221 2749 282 2801 De
320 2764 415 2818 quo
446 2755 674 2818 patrum
732 2752 939 2817 scripta
992 2748 1247 2801 relatione
1298 2747 1571 2812 traditur,
1633 2754 1736 2802 etc.

161 2833 356 2891 Historia
405 2839 471 2892 de
526 2839 745 2894 visione
778 2838 832 2892 8.
898 2840 1149 2894 Eucherii
1182 2840 1589 2895 Aurelianensis
1610 2841 1739 2911 epi-

166 2926 292 2996 scopi
361 2929 424 2983 de
497 2937 714 2985 aeterna
776 2929 1127 2985 damnatione
1195 2931 1424 2985 Martelli
1501 2931 1572 2986 ob
1648 2930 1739 2985 in-

159 3031 288 3070 vasas
340 3034 424 3073 res
462 3018 894 3086 ecclesiasticas,
952 3021 1147 3075 iisdem
1196 3020 1311 3076 fere
1350 3022 1533 3077 verbis
1569 3030 1743 3077 exstat

161 3104 205 3158 in
229 3108 464 3178 capitulis
495 3111 913 3181 manuscriptis,
955 3127 1077 3183 quae
1109 3113 1177 3167 ab
1206 3113 1481 3184 episcOpis
1517 3114 1745 3185 provin-

155 3195 329 3251 ciarum
364 3198 656 3255 Remensis
705 3208 759 3255 et
798 3201 1257 3273 Rothomagensis
1296 3202 1575 3259 Ludovico
1630 3203 1744 3275 regi

155 3284 290 3340 missa
316 3287 578 3344 fuerunt:
643 3296 832 3361 estque
871 3289 1084 3358 adjecta
1115 3291 1168 3344 in
1229 3292 1374 3346 notis
1413 3292 1481 3345 ad
1542 3307 1744 3347 novum

153 3371 329 3445 Corpus
368 3376 714 3435 Canonicum
746 3384 895 3447 {cura
934 3378 1178 3452 Gregorii
1224 3381 1338 3435 XIII
1404 3382 1741 3454 recognitum

152 3460 224 3529 16,
263 3480 355 3535 qu,
408 3482 530 3539 cap.
586 3468 751 3535 Quia.
816 3467 995 3523 Exstat
1049 3469 1179 3523 item
1226 3470 1282 3524 in
1328 3469 1444 3525 Vita
1495 3471 1741 3542 ejusdem

151 3553 194 3608 S.
229 3557 465 3616 Eucherii
494 3562 652 3633 apud
704 3559 923 3614 Surium
954 3576 1143 3616 mense
1196 3562 1499 3627 Februarii,
1543 3564 1746 3635 scripta

150 3662 175 3700 a
216 3660 695 3725 contemporaneo,
747 3661 802 3708 et
852 3652 909 3706 in
956 3654 1073 3709 Vita
1123 3655 1299 3726 ipsius
1356 3657 1411 3712 S.
1461 3656 1743 3728 Rigoberti

149 3737 451 3811 Uanuarii;
487 3745 544 3799 in
567 3744 777 3818 quibus
802 3746 1063 3802 omnibus
1092 3746 1355 3801 asseritur
1381 3747 1585 3803 dictum
1609 3749 1748 3803 Mar-

147 3832 308 3889 tellum
340 3854 404 3891 ex
454 3854 611 3894 nunc
654 3839 709 3893 in
741 3855 971 3909 corpore
1015 3845 1070 3894 et
1107 3840 1287 3894 anima
1318 3841 1497 3911 pcenis
1540 3842 1748 3911 sempi-

146 3927 289 3982 ternis
342 3945 465 3985 esse
505 3932 860 4002 deputatum.
902 3931 1150 3986 Meminit
1189 3931 1437 4000 ejusdem
1496 3933 1745 3987 Hincma-

145 4032 218 4071 rus
239 4019 289 4073 in
327 4023 665 4093 praefatione
703 4024 838 4079 Vita;
878 4024 933 4078 8.
966 4024 1224 4096 Remigii,
1283 4033 1337 4079 et
1367 4025 1512 4079 inter
1548 4042 1744 4080 recen-

143 4108 282 4166 tiores
308 4112 515 4171 Paulus
546 4117 817 4172 z’Emilius
838 4118 934 4172 lib.
973 4135 1029 4185 ιι,
1078 4119 1152 4172 De
1186 4118 1351 4173 rebus
1375 4118 1546 4193 gestis
1578 4119 1741 4174 Fran-

142 4217 321 4273 corum,
363 4218 419 4264 et
461 4211 669 4265 Petrns
717 4211 988 4282 Despinac
1040 4211 1488 4282 archiepiscopus
1521 4214 1741 4286 Lugdu-

140 4297 300 4352 nensis
369 4300 426 4355 in
505 4303 769 4358 oratione
840 4302 1027 4356 habita
1092 4302 1282 4357 Blossii
1364 4318 1544 4358 coram
1615 4322 1745 4379 rege

140 4382 351 4442 Francia;
406 4390 657 4446 Henrico
710 4392 801 4454 Ill,
847 4407 991 4447 anno
1027 4392 1181 4455 1575,
1234 4401 1294 4446 ut
1332 4394 1490 4448 testis
1542 4403 1629 4451 est
1656 4400 1747 4452 ΑΓ-

1570 321 1636 375 IN
1677 321 1928 377 LIBRUM
1969 323 2034 376 II.

1776 462 1821 522 Α
1853 452 1916 507 tit
1952 452 2209 508 Nicotaus
2247 454 2532 509 Chesneau
2562 456 2753 512 dicens
2785 476 2798 512 :
2859 475 2881 511 Ι
2921 459 2978 513 In
3032 462 3369 518 monasterio
3398 463 3452 518 S.

3354 332 3457 390 366

1849 547 2100 602 Eucherii
2120 548 2398 617 sepultum
2427 564 2548 603 esse
2578 565 2778 620 corpus
2807 551 2862 605 8.
2893 551 3181 608 Trudouis.
3219 577 3245 600 ι»

1919 637 2023 703 Qui
2052 652 2323 704 regressus
2347 639 2558 706 petitur
2595 655 2629 690 a
2660 640 2873 704 Milone,
2925 650 3030 695 etc.
3071 642 3129 696 Id
3186 649 3269 697 est
3298 658 3462 715 roga-

1851 736 1956 794 tur,
2006 728 2324 800 requiritur.
2361 730 2452 783 Est
2499 729 2648 783 enim
2709 731 3006 800 passivum,
3066 734 3260 788 eodem
3293 736 3460 791 modo

1851 833 1961 889 quo
2001 833 2167 888 supra
2198 818 2302 872 hoc
2333 818 2475 873 libro
2506 834 2552 873 c.
2588 818 2640 875 3.
2674 822 2983 890 Pctitusque
3010 824 3306 876 secretioris
3335 837 3459 876 eon-

1846 908 2165 961 versationis
2197 908 2564 962 habitaculum
2605 908 2907 963 concedere.
2948 908 3044 962 Ubi
3089 919 3280 963 contra
3335 925 3458 964 om-

1848 995 1939 1049 nia
1969 996 2302 1067 exemplaria
2332 998 2473 1051 male
2501 998 2735 1051 correxit
2765 997 2821 1063 8,
2860 1001 3212 1067 petentisque.
3255 999 3460 1054 Sensus

1847 1087 2012 1159 igitur
2066 1097 2151 1143 est
2195 1089 2341 1160 quod
2386 1089 2439 1142 S.
2491 1088 2821 1163 Rigobertus
2866 1090 3032 1145 fuerit
3085 1091 3383 1162 requisitos
3429 1108 3459 1145 a

1846 1177 2065 1232 Milone.
2086 1202 2097 1220 κ

1917 1267 2201 1321 Habitavit
2255 1269 2314 1321 in
2368 1269 2634 1324 Gerniaca
2670 1273 2814 1324 certe
2862 1273 3093 1339 tempore
3120 1285 3224 1324 non
3264 1285 3459 1339 pauco.

1849 1356 2019 1411 Annis
2066 1357 2134 1411 15
2170 1363 2265 1411 aut
2322 1359 2411 1424 17,
2444 1365 2503 1412 ut
2552 1375 2609 1413 in
2640 1375 2814 1432 marg.
2858 1359 3140 1415 adnotavit
3180 1360 3273 1431 qui
3295 1376 3460 1430 supra

1850 1446 1945 1500 lib.
2019 1465 2033 1501 ι
2109 1447 2432 1504 Guillelmus
2480 1449 2550 1503 Le
2627 1450 2849 1521 Begue,
2913 1449 3170 1520 idemque
3235 1449 3462 1504 adnotat

1849 1555 1973 1593 eum
2024 1540 2272 1613 quinque
2316 1547 2410 1595 aut
2446 1547 2659 1611 septem
2716 1541 2877 1595 annis
2916 1541 3194 1597 exsulasse
3244 1540 3299 1594 in
3348 1541 3458 1594 Va-

1848 1632 2056 1688 sconia.

2468 1704 2675 1760 CAPUT
2705 1705 2847 1760 XIII.

1774 1780 1825 1847 B
1923 1819 2103 1888 Hujus
2148 1820 2302 1874 beati
2370 1823 2618 1890 praasulis
2676 1823 2965 1877 Adrianus
3037 1821 3179 1876 sedis
3243 1825 3460 1891 aposto-

1850 1908 1964 1962 lica:
1988 1911 2241 1977 pontifex
2268 1914 2513 1966 meminit
2549 1916 2607 1966 in
2636 1914 2863 1983 epistola
2910 1928 3011 1967 sua
3070 1913 3285 1981 Tilpino
3342 1916 3459 1980 jost

1849 2005 2090 2071 episcopo
2158 2006 2402 2059 Remensi
2456 2005 2681 2060 directa.
2752 2006 2931 2060 Exstat
3003 2006 3108 2061 hoc
3180 2006 3460 2078 fragmen-

1851 2096 1964 2143 tum
2013 2097 2142 2145 tom.
2188 2092 2258 2145 III
2330 2092 2535 2159 Concil,
2594 2092 2741 2147 inter
2819 2094 3022 2165 scripta
3091 2094 3334 2168 Gregorii
3388 2094 3455 2159 Il,

1849 2177 2015 2252 idque
2061 2180 2262 2234 factum
2322 2192 2404 2235 est
2468 2198 2534 2235 ex
2590 2182 2802 2251 judicio
2862 2183 3079 2238 Baronii
3170 2192 3299 2238 tom.
3363 2184 3455 2251 IX,

1845 2289 1991 2328 anno
2038 2273 2162 2328 717.
2222 2272 2321 2337 Qui
2388 2273 2616 2329 omnino
2669 2275 2808 2329 alter
2860 2276 3202 2337 censuisset,
3262 2276 3306 2329 si
3369 2292 3457 2328 rc-

1844 2369 2050 2446 liquam
2080 2376 2288 2439 partem
2317 2369 2564 2437 ejusdem
2594 2369 2863 2440 epistolae,
2896 2387 3018 2441 quae
3047 2370 3286 2425 habetur
3318 2370 3456 2424 infra

1843 2478 1943 2532 cap
1987 2461 2075 2524 16,
2105 2459 2447 2533 perlegisset.
2473 2460 2603 2514 Nam
2628 2460 2757 2514 inde
2778 2461 2941 2531 plane
2966 2461 3312 2531 convincitur
3327 2478 3455 2516 vere

1844 2568 1963 2606 esse
1996 2551 2239 2616 Adriani,
2275 2567 2383 2606 non
2416 2551 2683 2623 Gregorii,
2714 2552 2844 2622 quia
2885 2553 2939 2606 in
2970 2569 3034 2607 ea
3066 2553 3318 2607 meminit
3359 2555 3455 2608 Za-

1843 2642 2044 2698 charize
2074 2651 2127 2697 et
2182 2642 2447 2713 Stephani
2475 2649 2887 2697 antecessorum
2928 2659 3173 2710 suorum,
3206 2644 3298 2715 qui
3328 2653 3455 2700 sunt

1845 2733 2181 2803 posteriores
2227 2731 2488 2803 Gregorio
2524 2733 2787 2787 secundo.
2832 2733 3035 2788 Poterit
3079 2743 3262 2788 autem
3304 2750 3454 2789 com—

1844 2822 1982 2892 pleri
2017 2823 2132 2877 haec
2152 2823 2387 2893 epistola
2412 2822 2616 2877 additis
2645 2823 2861 2878 duabus
2890 2823 3141 2895 partibus
3162 2840 3282 2895 quae
3311 2822 3455 2877 infra

1843 2931 1964 2985 cap.
1998 2914 2062 2969 16
2091 2923 2145 2969 et
2164 2915 2229 2969 17
2259 2916 2577 2981 recitantur,
2601 2924 2655 2971 et
2679 2916 2879 2988 corrigi
2904 2916 3186 2971 adnotatio
3208 2915 3455 2970 Severini

1844 3003 2007 3069 Binii,
2026 3004 2118 3075 qui
2141 3005 2573 3060 notatmendose
2599 3006 2884 3076 irrepsisse
2907 3005 3053 3076 apud
3074 3005 3290 3060 Surium
3313 3005 3405 3059 die
3423 3005 3457 3059 4

1842 3096 2085 3151 Januarii
2143 3112 2350 3152 nomen
2383 3096 2604 3151 Adriani
2654 3113 2753 3168 pro
2782 3097 3042 3173 Gregorio
3101 3099 3167 3162 ll,
3215 3098 3355 3153 sicut
3404 3106 3460 3152 et

1774 3148 2413 3256 Casiassamaus,
2441 3192 2497 3246 in
2538 3148 2685 3247 ηοιίζ
2714 3194 2781 3247 ad
2813 3148 2958 3265 epist
3010 3148 3179 3247 442s
3236 3192 3459 3249 Bonifa-

1846 3298 1915 3337 Cll
1926 3326 1937 3337 .

1917 3373 2093 3430 Simul
2129 3388 2248 3428 cum
2304 3372 2413 3427 alio
2450 3375 2781 3443 episcopatu.
2828 3373 3095 3430 Videlicet
3127 3375 3458 3441 Trevircnsi,

1842 3474 1902 3520 ut
1926 3464 2189 3535 probatur
2215 3479 2279 3518 ex
2311 3463 2470 3535 epist.
2504 3464 2572 3518 16
2594 3465 2889 3531 Hincmari,
2922 3482 3044 3538 cap.
3069 3467 3157 3535 19,
3192 3467 3336 3523 inter
3366 3483 3459 3522 eas

1844 3572 1967 3628 quae
2000 3556 2152 3627 prelo
2195 3572 2408 3610 excusze
2446 3563 2594 3624 sunt,
2655 3564 2710 3613 et
2739 3574 2805 3613 ex
2844 3558 3167 3630 praefatione
3207 3560 3454 3631 ejusdem

1850 3648 2121 3704 Hincmari
2162 3649 2218 3702 in
2248 3648 2423 3703 Vitam
2462 3650 2636 3704 sancti
2670 3650 2923 3725 Remigii,
2955 3652 3009 3706 in
3050 3669 3157 3723 qua
3208 3654 3285 3707 ait
3309 3654 3457 3724 quod

1849 3739 1995 3805 Milo,
2036 3739 2105 3792 de
2134 3753 2243 3809 quo
2274 3754 2456 3794 sermo
2495 3746 2598 3806 est,
2628 3740 2909 3811 episcOpia
2938 3743 3230 3797 Remorum
3255 3759 3319 3796 ac
3335 3744 3459 3797 Tre-

1847 3828 2085 3882 virorum
2127 3844 2397 3898 usurpans
2429 3829 2672 3897 insimul,
2707 3848 2805 3901 per
2851 3833 3214 3905 quadraginta
3241 3834 3460 3888 circiter

1846 3938 2021 3978 annos
2045 3923 2515 3993 pessumdederit.

2468 4016 2674 4073 CAPUT
2703 4018 2832 4074 XIV.

1917 4114 2147 4168 Decessit
2185 4110 2271 4180 (S.
2327 4112 2667 4184 Rigobertus)
2712 4114 2897 4183 pridie
2954 4118 3137 4173 Nonas
3180 4121 3453 4180 Januarii.

1842 4207 2096 4263 Additum
2127 4212 2211 4261 est
2241 4205 2293 4259 in
2338 4221 2450 4262 uno
2489 4207 2789 4277 exemplari
2832 4210 2888 4264 in
2923 4213 3209 4286 margine:
3247 4236 3272 4266 ει
3303 4217 3458 4274 Anno

1848 4297 2243 4355 incarnationis
2271 4296 2572 4353 Dominicaa
2600 4297 2823 4354 circiter
2851 4303 3350 4377 septingentesimo
3378 4325 3462 4365 se-

1849 4389 2189 4461 ptuagesimo
2218 4388 2398 4443 tertio.
2443 4408 2471 4438 »
2500 4389 2628 4453 Quae
2659 4390 2827 4445 verba
2853 4392 2961 4461 MS,
2986 4393 3049 4449 CI
3083 4412 3190 4452 non
3234 4399 3459 4471 habent,

136 4474 308 4580 geldas
366 4480 558 4538 Wion.
595 4481 696 4537 lib.
753 4498 810 4536 Ill
845 4481 1000 4556 Ligni
1031 4481 1181 4549 Vitae,
1215 4482 1305 4536 die
1334 4483 1404 4536 20
1434 4483 1735 4541 Februarii.
1766 4513 1821 4580 Β
1848 4485 1953 4540 etsi
1984 4483 2293 4538 habeantur
2316 4483 2372 4536 in
2403 4483 2521 4537 Vita
2551 4484 2696 4554 apud
2729 4486 2972 4554 Surium,
3008 4505 3072 4543 ex
3111 4508 3218 4561 qua
3244 4503 3462 4566 sumpta

134 4564 305 4625 Verum
350 4573 440 4628 his
469 4574 812 4630 contradicit
840 4574 1034 4628 Petrus
1080 4574 1325 4630 Pithmus
1354 4575 1409 4630 in
1465 4575 1740 4633 Glossario

134 4659 500 4733 capitulorum,
556 4664 749 4719 littera
781 4664 843 4728 R,
898 4671 954 4719 et
987 4665 1254 4719 Baronius
1283 4673 1414 4719 tom.
1466 4665 1530 4719 IX
1563 4669 1747 4721 Anna-

133 4744 268 4815 lium,
309 4768 461 4810 anno
489 4754 599 4808 741
634 4770 649 4819 ;
706 4753 871 4824 idque
911 4768 977 4808 ex
1008 4768 1089 4828 ~eo
1148 4753 1297 4825 quod
1333 4753 1634 4811 Eucherius
1688 4766 1748 4812 ut

133 4842 397 4905 minimum
429 4851 643 4907 decem
674 4850 834 4905 annis
861 4850 1062 4905 obierit
1089 4859 1215 4905 ante
1246 4851 1570 4906 Martellum.
1608 4852 1745 4917 Quin

132 4937 274 4994 etiam
319 4943 481 4999 addit
513 4945 723 5000 Baron.
784 4945 854 4999 de
898 4944 1074 5000 salute
1106 4943 1281 5015 ipsius
1333 4944 1478 5000 bene
1522 4962 1750 5017 speran-

130 5021 243 5083 dum
281 5046 429 5101 esse,
466 5050 540 5089 eo
576 5033 729 5105 quod
762 5033 1144 5106 paenitentiam
1177 5034 1373 5108 egerit.
1409 5035 1546 5100 Quid
1586 5037 1655 5090 de
1685 5052 1750 5090 ea

131 5129 178 5168 re
228 5119 297 5174 sit
339 5124 681 5178 examinent
721 5124 833 5178 alii.
890 5122 1227 5195 Flodoardus
1278 5121 1512 5178 ﬁdeliter
1567 5132 1751 5180 narrat

129 5220 234 5277 quae
294 5228 359 5268 ex
430 5214 674 5286 scriptis
739 5221 953 5286 patrum
1036 5215 1270 5286 accepit,
1343 5231 1464 5287 quae
1544 5223 1751 5271 temere

126 5301 483 5359 oonvellenda
526 5319 653 5360 non
710 5310 882 5372 sunt,
946 5311 1002 5360 et
1056 5304 1336 5375 praecipue
1392 5305 1746 5359 conciliorum

125 5396 249 5445 acta.

184 5480 349 5549 Cujus
403 5488 470 5539 in
509 5488 850 5540 monasterio
916 5487 975 5543 S.
1038 5488 1303 5542 Trudonis
1355 5488 1637 5542 humatum
1675 5492 1749 5541 est

1849 4580 1979 4628 sunt
2019 4573 2281 4643 pleraque
2315 4587 2436 4642 quae
2476 4571 2533 4625 in
2563 4573 2665 4627 hac
2709 4573 2945 4630 Historia
2976 4578 3046 4632 de
3096 4595 3161 4635 eo
3194 4582 3464 4639 hactenus

1847 4668 2018 4723 relata
2064 4673 2210 4745 sunt.
2269 4665 2500 4721 Additur
2545 4682 2768 4738 quoque
2814 4668 2869 4722 in
2912 4670 3049 4738 Vita,
3084 4673 3149 4727 ad
3198 4678 3463 4745 majorem

1850 4755 2117 4826 temporis
2168 4742 2576 4821 Eertitudinem,
2611 4756 2915 4813 indictione
2972 4768 3163 4816 octava
3191 4742 3316 4819 eum
3363 4767 3467 4821 ob-

1849 4848 2001 4902 iisse.
2049 4847 2232 4902 Exstat
2255 4847 2402 4917 apud
2442 4847 2657 4901 Surium
2691 4848 2781 4903 die
2822 4851 2856 4903 4
2892 4851 3154 4908 Januarii.
3206 4856 3323 4921 Quo
3374 4860 3465 4915 die

1851 4937 1971 5006 ejus
2010 4935 2207 5012 legitur
2244 4936 2511 4991 memoria
2540 4937 2597 4991 in
2626 4937 2872 4995 Romano
2918 4941 3327 5018 Martyrologio,
3357 4953 3463 5001 tam

1851 5031 1994 5085 Petri
2043 5029 2303 5085 Galesinii
2341 5048 2505 5102 quam
2546 5032 2787 5088 Baronii.
2830 5034 3033 5090 Eodem
3062 5053 3284 5109 quoque
3317 5039 3407 5093 die
3438 5057 3469 5094 a

1850 5120 2066 5176 Molano
2111 5120 2331 5175 additus
2384 5127 2466 5175 est
2493 5121 2759 5178 Usuardo.
2806 5122 3006 5178 Scribit
3036 5124 3244 5181 ibidem
3302 5128 3467 5183 Baro-

1852 5208 1978 5262 nius
2006 5207 2062 5262 in
2082 5208 2229 5262 notis
2259 5224 2383 5263 eum
2413 5210 2735 5280 pervenisse
2762 5227 2938 5282 usque
2975 5213 3041 5266 ad
3084 5222 3330 5285 tempora
3364 5216 3468 5272 Ha-

1852 5296 2030 5350 driani
2062 5312 2240 5367 papa),
2270 5297 2387 5368 qui,
2420 5297 2620 5369 inquit,
2656 5300 2777 5371 ipso
2819 5300 3102 5370 defuncto,
3132 5305 3335 5371 rejecto
3369 5307 3466 5360 Mi-

1850 5386 1999 5453 lone,
2052 5385 2109 5440 in
2136 5386 2317 5441 locum
2370 5388 2489 5457 ejus
2532 5389 2851 5463 subrogavit
2881 5392 3205 5464 Turpinum,
3257 5406 3316 5451 ut
3353 5399 3473 5467 ejus
3524 5463 3545 5472 I

1852 5489 1973 5535 acta
1997 5487 2281 5536 testantur.
2317 5483 2471 5548 Quod
2499 5484 2784 5541 conforme
2823 5496 2907 5542 est
2936 5488 3047 5543 tllis
3076 5507 3197 5561 quae
3225 5492 3294 5545 de
3324 5509 3470 5548 anno

122 5581 314 5641 wrpus.
351 5575 546 5633 Locus
594 5585 681 5631 est
709 5577 765 5632 in
796 5577 1089 5645 Hasbania,
1140 5595 1262 5650 quae
1295 5579 1598 5634 Brabantiae
1629 5595 1754 5649 pars
1855 5575 2039 5631 obitus
2077 5576 2252 5648 ipsius
2268 5578 2415 5634 dicta
2435 5588 2581 5635 sunt.
2624 5582 2756 5635 Nam
2788 5582 3058 5637 Adrianus
3086 5586 3282 5640 sedere
3304 5586 3475 5657 coepit

119 5670 215 5729 est,
245 5666 392 5723 intra
424 5668 714 5741 oppidum
747 5673 921 5727 sancti
950 5673 1246 5739 Trudonis,
1279 5672 1335 5727 in
1366 5689 1476 5745 quo
1507 5674 1756 5746 sepultus
1856 5685 2003 5726 anno
2036 5670 2162 5727 772.
2194 5671 2446 5729 Meminit
2468 5674 2716 5743 ejusdem
2754 5675 3083 5748 Sigebertus
3111 5679 3167 5732 in
3204 5680 3474 5735 Chronico

120 5758 194 5805 est
235 5753 292 5811 S.
326 5755 677 5812 Eucherius.
722 5759 845 5814 Haec
885 5759 1162 5814 contrario
1190 5760 1358 5815 modo
1388 5761 1589 5815 Gallice
1633 5778 1756 5817 ver-
1854 5780 2000 5821 anno
2049 5766 2175 5832 723,
2214 5783 2323 5839 quo
2351 5784 2474 5824 eum
2531 5769 2665 5825 dicit
2693 5769 2761 5824 ab
2796 5770 3119 5840 episcOpatu
3160 5773 3474 5842 depositum
