3960 6160
470 314 570 369 367

465 455 564 495 seu
594 436 849 504 ejectum.
897 426 1023 490 Quae
1057 426 1101 475 si
1150 437 1181 475 v

471 534 558 588 nis
582 530 651 584 50
678 523 980 581 exsulasse.
1024 517 1218 569 Verum
1255 502 1575 566 Franciseus

473 626 794 678 Sanctorum
826 630 856 667 a
910 628 969 663 se.
1015 606 1176 661 editis
1209 602 1361 674 ponit
1412 616 1534 654 eum
1586 595 1793 650 abiisse
1827 591 1970 644 circa
2000 599 2093 638 an-

472 729 600 769 num
644 710 773 772 73B,
814 708 916 759 hac
947 699 1199 771 apposita
1251 692 1606 749 adnotatione
1633 695 1752 756 post
1793 681 1966 735 Vitam
2000 677 2090 746 ip-

475 807 624 862 sius:
674 822 694 850 ι
751 796 1064 853 Ponebatur
1114 787 1321 844 obiisse
1383 797 1527 837 anno
1573 775 1766 832 Christi
1826 772 1949 833 7'75,
1995 765 2095 820 sed
2196 766 2345 818 Bene

2199 855 2396 913 scribit
2422 822 2623 906 festum
2664 845 2783 913 ejus
2808 840 2897 916 agi
2919 852 3069 893 nono
3100 829 3369 888 Kalendas
3398 823 3632 881 Octobris.
3657 822 3745 876 Fuit

2203 946 2424 1002 natione
2447 941 2666 994 Scotus.

477 897 705 957 omnino
737 907 891 947 error
918 887 1136 941 videtur
1165 898 1285 938 esse
1316 880 1370 933 in
1404 873 1663 931 numeris.
1697 870 1902 936 Nempe
1948 863 2094 918 Mar—

481 953 645 1048 tellus
667 986 947 1057 princeps,
979 992 1141 1049 quem
1173 975 1264 1028 ille
1297 971 1591 1042 episcOpus
1624 975 1857 1034 puerum
1889 953 2098 1025 baptis-

485 1092 629 1141 mate
652 1048 848 1143 abluit,
867 1048 1012 1130 obiit
1037 1062 1548 1142 quinquagenarius
1578 1072 1723 1113 anno
1745 1051 1936 1108 salutis
1955 1048 2052 1102 741
2085 1064 2099 1111 ;

485 1178 675 1245 sicque
731 1167 1016 1223 debuisset
1061 1165 1283 1215 sanctus
1338 1152 1669 1228 Rigobertus
1718 1145 2100 1215 episcopatum
2203 1151 2233 1189 a

2210 1225 2433 1277 tuerunt
2461 1188 2848 1274 Rotliomagus,
2891 1198 3140 1268 ejusdem
3182 1188 3413 1248 civitatis
3450 1199 3644 1247 nomen,
3669 1196 3759 1251 qua

2207 1309 2370 1364 etiam
2403 1268 2653 1358 Rodoma
2675 1268 2894 1349 dicitur.
2929 1287 3062 1341 Vide
3093 1283 3340 1339 adnotat.
3374 1268 3761 1330 NicolaiSerrarii

487 1266 723 1339 gessisse
751 1258 981 1332 integris
1006 1250 1289 1325 octoginta
1312 1246 1491 1302 annis.
1530 1240 1852 1315 Sigebertus
1882 1243 2104 1304 quoque

492 1353 791 1411 Historicus
830 1349 997 1403 refert
1029 1360 1152 1399 eum
1187 1355 1332 1395 anno
1391 1337 1460 1390 23
1504 1333 1650 1388 illius
1682 1326 1870 1385 szeculi
1901 1340 1931 1377 a
1958 1322 2102 1375 Mar-

498 1639 747 1713 goberto,
788 1640 841 1686 et
872 1625 1204 1697 Chilperico,
1254 1634 1486 1692 quorum
1530 1624 1842 1686 postremus
1879 1610 2024 1661 certe
2053 1602 2107 1654 in

1314 1712 1319 1713 ,
1382 1709 1396 1713 _
1756 1700 1766 1708 ,
1938 1693 2107 1713 “una

499 1693 531 1713 (ι
733 1693 744 1703 ι
998 1693 1011 1697 -

498 1729 635 1783 vivis
665 1740 784 1779 esse
825 1719 990 1775 desiit
1028 1729 1174 1770 anno
1219 1712 1346 1764 7‘27.
1381 1709 1570 1776 Itaque
1620 1700 1868 1769 suspicor
1901 1693 2110 1764 pridem

508 1839 604 1895 pro
631 1836 798 1875 xxxm
818 1814 1175 1870 substitutum
1198 1821 1382 1868 Lxxnt,
1415 1811 1474 1855 ut
1495 1814 1639 1854 anno
1664 1797 1730 1850 33
1751 1794 1897 1848 illius
1918 1785 2124 1849 sazculi,

507 1929 619 1968 non
652 1913 739 1975 i3,
768 1915 990 1961 sanctus
1019 1898 1353 1973 Rigobertus
1388 1900 1618 1947 mortem
1675 1884 1894 1942 obierit.
1934 1905 1957 1927 υ

511 2006 730 2060 llaraeus
760 1998 892 2053 satis
925 1989 1303 2066 probabiliter.

1143 2106 1351 2163 CAPUT
1381 2102 1485 2157 XV.

1298 284 1694 345 00LVENERII
1735 276 2009 334 SCHOLIA
2051 271 2114 326 IN
2159 269 2326 323 HIST.
2366 261 2630 321 REMENS
2697 254 2956 311 ECCLES.

2232 2131 2420 2186 claret.

1613 504 1832 557 Harants
1861 499 1917 552 in
1952 492 2089 547 Vitis
2188 491 2329 545 bens
2373 484 2423 540 ei
2453 481 2672 538 titulum
2724 470 3015 530 Remensis
3041 461 3456 535 archiepiscopi,
3485 469 3534 516 et
3574 462 3621 515 in
3641 462 3730 515 suis

2192 573 2590 648 Martyrologiis
2638 570 2827 623 Petrus
2860 560 3172 618 Galesinius
3212 562 3266 611 et
3308 552 3555 608 Arnoldus
3590 551 3732 605 Wion.

2196 641 2697 725 Item-Tritliemius
2724 655 2822 711 lib.
2859 670 2915 706 ιιι
2948 652 3022 704 De
3047 647 3180 703 viris
3206 644 3370 698 illust.
3396 641 3581 697 ordinis
3603 641 3737 693 sancti

2350 757 2500 813 dicti.
2544 769 2662 823 cap.
2713 747 2841 811 298,
2875 752 2929 799 et
2968 742 3065 797 lib.
3102 757 3173 803 tv,
3228 753 3345 808 cap.
3377 734 3491 789 118.
3533 731 3630 796 Quo
3650 732 3743 785 loco

2274 1036 2580 1092 Grimonem
2609 1028 2670 1079 in
2713 1021 2930 1077 ciuitate
2967 1028 3086 1085 qum
3132 1010 3337 1065 dicitur
3364 1003 3618 1060 Rodomus.
3643 998 3682 1052 it
3712 1008 3751 1051 et

2238 1131 2351 1187 liud
2419 1122 2696 1192 exemplar
2739 1113 2989 1172 Rodomis
3033 1122 3132 1179 pro
3163 1117 3272 1175 quo
3321 1099 3373 1153 S.
3424 1106 3476 1152 et
3510 1095 3553 1149 .l.
3593 1091 3755 1148 substi-

2261 1393 2596 1467 lepistolam
2626 1385 2730 1441 143
2755 1378 2931 1436 sancti
2960 1371 3248 1431 Bonifacii.
3291 1367 3398 1423 Sed
3428 1380 3527 1419 non
3556 1361 3700 1433 probo
3720 1367 3761 1411 ut

1679 1451 1797 1475 ‘IUHI
1830 1451 2072 1471 Ιιιυιιιυιυ
2212 1451 2236 1454 π
2319 1451 2327 1452 κ
2346 1451 2358 1467 ι

1679 1515 1973 1577 ῖιάοῂυιοιο,
2005 1509 2109 1562 [)a-
2209 1503 2307 1560 pro
2338 1480 2622 1538 veteribus
2652 1490 2792 1529 nova
2830 1466 3084 1543 nomina,
3118 1456 3371 1532 quamvis
3402 1451 3620 1514 notiora,
3647 1460 3765 1516 repo-

2548 1569 2558 1577 ’
2648 1566 2660 1577 ¹
2858 1559 3001 1577 ⁸³4-
3061 1551 3194 1577 nis—1!
3225 1546 3418 1577 -ςηιέίῖιι
3466 1536 3761 1577 ontinniiniic.

2212 1536 2430 1639 bantur,
2470 1569 2596 1641 quia
2648 1566 2749 1618 hac
2796 1542 3007 1614 ratione
3061 1551 3197 1624 perit
3225 1546 3423 1603 notitia
3466 1536 3761 1609 antiquitatis.

2214 1666 2302 1720 Sic
2329 1627 2383 1717 et
2406 1627 2545 1714 infra
2568 1656 2664 1709 lib.
2700 1669 2773 1718 tv,
2806 1664 2926 1717 cap.
2955 1644 3044 1708 31,
3070 1639 3258 1697 omnia
3287 1628 3603 1702 exemplaria
3624 1627 3769 1700 legunt

2152 1753 2465 1831 BRodomi,
2507 1746 2611 1801 nisi
2652 1740 2801 1814 quod
2855 1736 2928 1792 ibi
2975 1734 3010 1788 C
3060 1729 3257 1785 vitiose
3308 1723 3439 1797 legit
3482 1717 3696 1778 Rodom'i,
3733 1725 3771 1766 et

3054 1828 3083 1831 _
3507 1826 3550 1831 ﬂ
3584 1806 3751 1831 “Mm

2152 1806 2204 1831 υ
2223 1848 2516 1918 utrobique
2550 1806 2753 1895 Gallice
2781 1830 3015 1887 vertitur
3050 1828 3248 1881 Rouen.
3281 1815 3458 1873 Utitur
3500 1826 3559 1867 ea
3584 1806 3774 1880 appella-

2933 1922 3026 1931 ”““““·
3167 1916 3231 1931 “ν
3266 1910 3445 1931 πελ-η
3499 1904 3651 1931 2--..ςι
3691 1900 3773 1931 mm

2224 1949 2374 2011 tione
2408 1900 2733 2012 Sigebcrtus
2757 1941 2903 1983 anno
2933 1922 3030 1976 751
3063 1937 3076 1972 :
3108 1942 3132 1964 «
3167 1910 3470 1985 Remigius,
3499 1904 3672 1976 inquit,
3691 1900 3774 1969 Pip-

2229 1991 2372 2011 ι-ν--υ
2409 1991 2500 2012 -κρ,
2540 1991 2551 2005 ,

2229 2036 2344 2109 pini
2365 2031 2511 2105 regis
2536 2029 2723 2087 frater,
2756 2012 3124 2074 Rodomensis
3142 1991 3780 2075 arehiepiseopusinGallia

2496 2148 2515 2165 υ
2560 2119 2651 2173 Est
2683 2122 2864 2169 autem
2925 2107 3017 2163 hic
3046 2102 3230 2157 Grimo
3262 2095 3552 2152 vicesimus
3575 2087 3782 2157 septimus

589 2239 648 2291 In
698 2246 901 2303 pagunt
939 2220 1443 2282 Vcromandcmem,
1484 2212 1557 2266 ad
1586 2203 2129 2263 vitlamNmnincum.
2234 2207 2693 2283 Rolhomagensis
2714 2197 3166 2269 archiepiscopus
3185 2190 3241 2243 in
3263 2183 3464 2242 tabulis
3480 2172 3780 2236 DemochariS.

2090 2293 2100 2302 .
2570 2300 2582 2303 ‘
2992 2302 3000 2303 κ
3042 2282 3145 2303 ann

699 2282 855 2303 τασαν

514 2334 540 2388 J
584 2330 925 2386 Memnicum.
986 2321 1045 2374 In
1077 2320 1182 2372 hoc
1212 2319 1385 2367 tractu
1445 2299 1874 2361 Vcromandensi
1905 2293 2137 2368 insignis
2238 2306 2474 2361 “ebeno
2503 2282 2838 2369 subrogatus
2865 2302 3010 2344 anno
3042 2282 3167 2338 733.

518 2437 599 2481 est
630 2425 820 2479 civitas
849 2421 904 2473 S.
930 2410 1198 2482 Quintini,
1232 2422 1341 2462 non
1369 2403 1557 2476 procul
1587 2417 1616 2454 a
1648 2398 1959 2469 Cameraco.

589 2519 709 2571 "rec
738 2513 977 2582 pretiosa
1012 2506 1141 2560 illuc
1171 2500 1355 2555 delata
1386 2494 1647 2558 membra,
1681 2488 1789 2552 MS,
1819 2487 1869 2553 J,
1892 2495 2137 2540 munera,

520 2577 798 2681 quomodo
829 2612 883 2658 et
913 2600 967 2655 C.
1002 2596 1166 2651 vertit
1206 2593 1259 2646 in
1292 2589 1497 2644 Gallico
1527 2604 1541 2649 ;
1570 2584 1664 2638 sed
1700 2581 1805 2636 alia
1834 2577 1996 2632 lectio
2027 2589 2146 2627 me-

523 2701 627 2755 lior
657 2703 759 2757 est,
793 2707 953 2765 quam
986 2687 1151 2760 paulo
1182 2688 1306 2756 post
1336 2677 1544 2733 habent
1575 2672 1762 2728 omnia
1788 2662 2141 2736 exemplaria.

594 2796 698 2850 Nec
729 2792 944 2856 longum
986 2788 1107 2854 post
1142 2783 1273 2845 huic,
1327 2782 1427 2830 etc.
1465 2772 1586 2825 llazc
1618 2774 1701 2822 est
1741 2772 1934 2836 quarta
1965 2768 2143 2815 trans-

525 2886 653 2940 latio
693 2884 749 2937 S.
788 2854 1098 2953 Rigoberti,
1133 2873 1274 2927 facta
1308 2868 1375 2922 ab
1404 2864 1650 2920 Herivazo
1699 2854 2144 2925 archiepiscopo,

527 2979 596 3033 de
626 2993 736 3048 qua
758 2972 900 3029 infra
926 2970 1027 3024 lib.
1066 2984 1140 3033 tv,
1163 2981 1209 3021 c.
1237 2963 1323 3018 I3.

1149 3073 1355 3130 CAPUT
1381 3069 1513 3125 XVI.

599 3193 853 3262 Quamvis
883 3203 1000 3243 eum
1019 3183 1242 3255 quidam
1273 3179 1709 3247 chorepiscopum
1736 3172 1950 3226 tantum
1976 3166 2147 3233 fuisse
2177 3154 2226 3222 C

534 3287 779 3341 tradunt.
806 3281 969 3347 Alias,
991 3279 1375 3347 coepiscopum.
1405 3269 1510 3324 Sed
1542 3283 1671 3322 vera
1696 3263 1859 3319 lectio
1891 3268 1974 3315 est
1998 3259 2151 3312 chor-

533 3385 855 3453 episcopum.
904 3374 1042 3429 Dicti
1082 3377 1210 3426 sunt
1249 3362 1630 3437 chorepiscopi
1663 3377 1692 3415 a
1710 3367 1873 3429 Χώρα
1898 3370 2019 3426 quae
2050 3368 2153 3406 vox

535 3472 735 3529 Graecis
754 3471 1040 3537 regionem,
1063 3463 1150 3519 vel
1173 3477 1365 3530 agrum
1380 3454 1679 3530 signiﬁcat,
1705 3449 1860 3523 quasi
1883 3452 2152 3503 certarum

537 3532 981 3637 regiuncularum
1008 3555 1064 3608 in
1079 3545 1562 3625 qualibetdiaacesi
1581 3540 1978 3613 speculatores.
2004 3532 2158 3599 Quod

537 3654 780 3711 ofticium
810 3652 865 3705 in
887 3665 984 3703 eos
1006 3645 1099 3717 qui
1139 3637 1536 3701 archidiaconi,
1594 3626 2073 3702 archipresbyteri,
2107 3628 2161 3678 et

540 3742 734 3799 decani
757 3739 985 3802 rurales,
1005 3742 1058 3789 et
1073 3731 1269 3789 decani
1283 3720 1879 3783 Christianitatishodie
1896 3723 2162 3772 vocantur

541 3838 776 3913 maxime
808 3836 1122 3901 competere
1163 3825 1396 3879 videtur.
1440 3819 1761 3873 Hincmarus
1793 3811 1933 3867 infra
1956 3809 2052 3863 lib.
2077 3822 2158 3865 tit,

540 3949 659 4002 cap.
683 3929 773 3985 22.
806 3923 1067 3979 vicarium
1102 3920 1423 3990 cpiscOpum
1452 3929 1484 3966 a
1508 3912 1631 3966 vico
1664 3908 1808 3963 idem
1838 3918 2041 3959 nomen
2074 3900 2162 3953 in-

540 4027 889 4094 terpretatur.
934 4014 1086 4069 Unde
1119 4020 1175 4065 et
1222 4009 1425 4063 Gallice
1461 4004 1718 4059 Nicolaus
1748 4000 2035 4053 Chesneau
2075 3993 2161 4046 in-

541 4084 871 4184 terpretatur
936 4107 1041 4159 hoc
1090 4104 1214 4156 loco
1270 4109 1325 4154 et
1367 4098 1531 4162 infra,
1564 4098 1736 4161 doycn
1794 4091 1970 4145 rural.
2024 4088 2083 4140 In
2116 4084 2163 4139 M

545 4202 809 4271 scriptum
870 4194 972 4249 fuit
1025 4193 1441 4259 corepiscopum,
1493 4183 1590 4238 sed
1651 4182 1832 4235 littera
1877 4194 1908 4231 ι·
1959 4172 2168 4229 recenti

548 4267 715 4349 manu
747 4290 814 4344 ab
869 4287 1057 4356 aliquo
1089 4280 1344 4352 imperito
1389 4278 1569 4332 deleta
1605 4283 1705 4339 nst,
1760 4272 1826 4326 ad
1859 4267 2169 4324 faciendum

549 4386 933 4455 coepiscopum.
971 4374 1126 4440 Quod
1159 4379 1343 4428 autem
1377 4368 1510 4424 Abel
1542 4382 1670 4423 vere
1699 4364 1862 4419 fuerit
1883 4358 2172 4415 Remensis

551 4449 1000 4543 archiepiscopus
1034 4463 1376 4521 sufficienter
1405 4458 1601 4530 probat
1632 4456 1736 4510 hoc
1770 4469 1891 4523 cap.
1913 4449 2174 4504 Flodoar-

552 4567 655 4621 dus
708 4534 911 4616 Eodem
936 4555 1063 4611 facit
1089 4564 1144 4608 et
1175 4550 1309 4606 illud
1334 4549 1482 4620 apud
1511 4546 1731 4601 Surium
1768 4543 1821 4597 in
1850 4540 1968 4594 Vita
1999 4534 2175 4591 sancti

552 4649 859 4728 Rigoberti,
882 4645 977 4701 ubi
1007 4643 1211 4698 dicitur
1236 4638 1386 4711 quod
1416 4637 1739 4692 Hincmarus
1762 4629 1930 4686 fuerit
1951 4626 2181 4699 quintus

553 4764 586 4801 a
646 4750 835 4798 sancto
890 4735 1188 4809 Bigoberto
1254 4731 1548 4785 Remorum
1594 4721 2064 4792 archiepiscopus.
2124 4709 2182 4768 Si

556 4837 703 4893 enim
749 4848 859 4887 non
889 4830 1320 4885 eonnumeretur
1367 4822 1458 4876 hic
1496 4818 1639 4874 Abel
1698 4813 1919 4871 nonnisi
1953 4817 2181 4882 quartus

557 4930 680 4984 erit.
717 4927 821 4981 Cur
851 4930 1035 4976 autem
1059 4934 1089 4971 a
1120 4914 1454 4987 quibusdam
1475 4907 1925 4983 praetermittatur
1955 4903 2008 4956 in
2032 4906 2182 4955 cata-

556 5020 684 5093 logo
713 5009 1071 5070 Remensium
1113 5002 1677 5072 archiepiseOporum,
1711 4996 1978 5052 rationem
2008 4988 2181 5045 habe—

559 5127 682 5166 mus
729 5124 795 5161 ex
846 5105 914 5159 iis
954 5119 1077 5173 quae
1135 5100 1372 5156 citantur
1410 5110 1473 5149 ex
1525 5089 1760 5163 epistola
1802 5083 2021 5139 Adriani
2077 5083 2183 5138 hoc

561 5216 705 5269 cap.,
748 5194 878 5267 quia
918 5191 1017 5246 etsi
1062 5189 1137 5243 ibi
1178 5185 1510 5242 constitutus
1538 5181 1610 5235 sit
1640 5178 1955 5249 episcopus,
1997 5179 2179 5226 tamen

562 5295 639 5349 ibi
698 5302 1020 5363 permanere
1052 5282 1354 5355 permissus
1412 5293 1523 5333 non
1564 5274 1684 5339 fuit,
1734 5272 1970 5341 ideoque
2020 5267 2183 5322 rediit

563 5385 815 5448 Lobium,
838 5377 1058 5435 celebre
1088 5375 1140 5428 in
1173 5372 1360 5445 Belgio
1402 5365 1817 5429 monasterium,
1840 5361 1936 5416 ubi
1968 5359 2034 5414 ad
2056 5358 2181 5413 infi-

563 5477 767 5532 delium
816 5468 1234 5526 conversionem
1293 5463 1572 5516 laborasse
1614 5456 1876 5516 creditur,
1937 5452 2078 5507 adeo
2127 5457 2185 5505 ut

562 5573 749 5621 sancte
774 5559 1010 5617 vivendo
1050 5563 1105 5611 et
1138 5550 1489 5625 praadicando
1533 5544 1822 5620 pertigerit
1853 5543 1922 5598 ad
1962 5549 2181 5596 aeternae

565 5657 688 5709 vitae
710 5651 979 5706 bravium.
1009 5648 1215 5701 Nomen
1241 5643 1359 5710 ejus
1388 5640 1557 5695 sacris
1580 5633 1948 5707 Martyrologii
1980 5628 2183 5686 tabulis

568 5742 798 5799 Usuardi
829 5738 1029 5807 adjecit
1068 5736 1314 5792 Molauus
1344 5732 1432 5787 die
1474 5733 1508 5786 ὕ
1541 5727 1765 5802 Augusti
1821 5732 1936 5792 Quo
1960 5723 2048 5778 die
2074 5720 2184 5794 agit

2314 2354 2549 2450 {fiet-tium
2580 2354 2811 2454 denique
2827 2377 3177 2435 Hartbertum
3205 2371 3264 2422 in
3289 2366 3507 2420 ciuitate
3520 2373 3624 2430 qua:
3643 2354 3788 2407 dicitur

2242 2490 2483 2547 Senonis.
2520 2482 2611 2536 Sic
2643 2478 2678 2534 C
2718 2443 2782 2530 et
2809 2474 2858 2528 .l.
2918 2471 2982 2524 At
3010 2467 3120 2531 MS,
3178 2460 3546 2519 Hartbertum.
3576 2454 3624 2503 In
3675 2443 3791 2500 tomis

2246 2536 2612 2632 aoncilii-orum
2653 2565 2962 2625 Artbertus,
3005 2557 3061 2611 in
3092 2551 3295 2608 tabulis
3328 2543 3574 2603 Democh.
3603 2536 3789 2595 Otbertus

2245 2669 2359 2722 sive
2386 2663 2696 2722 Ochibertus
2725 2651 3024 2711 cardinalis
3052 2661 3196 2701 anno
3225 2640 3335 2696 762
3362 2659 3375 2706 ;
3416 2643 3598 2706 estque
3624 2636 3794 2683 numero

2248 2756 2560 2816 tricesimus
2590 2756 2795 2805 sextus.
2830 2745 3002 2799 Porro
3036 2755 3101 2793 ex
3139 2735 3226 2791 his
3265 2748 3392 2803 quae
3431 2728 3514 2782 hic
3537 2723 3733 2778 citantur
3753 2727 3797 2766 ex

2247 2851 2463 2908 duabus
2500 2841 2769 2901 Zachariae
2803 2835 3052 2909 epistolis
3075 2846 3187 2887 non
3220 2843 3399 2900 pauca
3428 2822 3661 2894 poterunt
3685 2806 3798 2865 resti-

2249 2943 2325 3000 tui
2353 2942 2410 2996 in
2442 2937 2607 2995 tomis
2636 2933 2803 3005 epist.
2837 2900 3220 2987 decretalium,
3250 2926 3307 2973 et
3341 2927 3471 2972 tom.
3501 2900 3749 2966 lllCoucil.

2853 3031 3061 3090 CAPUT
3096 3027 3254 3083 XVII.
3329 3044 3335 3049 ”

2324 3148 2394 3200 De
2439 3138 2655 3209 Titpino
2684 3135 2947 3205 episcopo.
2994 3126 3075 3181 lta
3103 3126 3427 3179 constanter
3470 3109 3640 3169 omnia
3662 3116 3803 3161 exem—

2259 3234 2451 3310 plaria.
2485 3231 2588 3286 Alii
2621 3234 2872 3283 auctores
2924 3226 3124 3276 vocant
3153 3212 3419 3270 absolute
3456 3203 3719 3274 Turpiuum
3741 3198 3804 3247 aut

3170 3305 3180 3310 -
3431 3298 3441 3308 -
3544 3285 3732 3310 1,2-.-4-
3759 3281 3804 3310 ,ιο

2260 3281 2451 3310 pm---
2709 3281 2715 3283 ν

2255 3328 2520 3382 Joannem
2552 3317 2877 3388 Turpinum.
2909 3311 3091 3366 Exstat
3134 3305 3257 3374 ejus
3288 3298 3515 3355 nomine
3544 3285 3737 3347 historia
3758 3281 3805 3332 de

2256 3375 2591 3474 νῆες-ξεινοὶὶ
2640 3375 2820 3483 DIagni
2887 3413 2944 3459 et
2998 3395 3233 3456 Rolandi
3266 3435 3281 3460 ,
3346 3386 3557 3447 tametsi
3616 3375 3805 3449 Papirius

2259 3510 2544 3564 Massonus
2574 3501 2671 3557 lib.
2708 3516 2745 3552 ιι
2770 3493 3061 3552 Annalium
3091 3488 3425 3543 Francorum
3457 3472 3704 3532 existimet
3733 3474 3808 3516 non

2261 3613 2385 3654 esse
2417 3594 2612 3666 ipsius,
2636 3586 2732 3644 sed
2756 3581 2997 3641 hominis
3026 3575 3211 3636 otiosi,
3243 3570 3341 3644 qui
3375 3565 3583 3624 fabulas
3608 3558 3708 3614 illas
3729 3554 3812 3622 post

2262 3642 2385 3654 υυυν
2420 3642 2612 3666 ἰ’“’”“”1
2646 3642 2685 3644 --
3262 3642 3277 3644 _

2261 3689 2436 3745 tiaroli
2453 3684 2600 3742 Calvi
2615 3678 2907 3752 imperium
2928 3666 3222 3740 descripsit
3238 3665 3294 3719 in
3309 3661 3538 3737 gratiam
3554 3642 3812 3723 juventutis.

2265 3784 2414 3838 ldem
2446 3785 2596 3834 recte
2632 3741 2795 3829 docet
2822 3763 3094 3822 Antonius
3141 3756 3482 3814 Possevinus
3524 3749 3577 3803 in
3606 3741 3812 3814 Apparalﬂ

2262 3887 2438 3937 sacro,
2464 3869 2521 3923 in
2551 3867 2800 3921 TILPINO.

2334 3966 2409 4017 De
2435 3955 2777 4014 ordinatione
2795 3946 3029 4017 episcopi
3056 3939 3270 3995 nomine
3280 3935 3411 4001 Lul,
3448 3931 3640 3986 sancta
3655 3921 3818 3984 Μοθωι·

2265 4056 2392 4107 tina
2443 4046 2715 4103 Ecclesia.
2766 4037 2855 4092 Sic
2893 4032 3081 4090 omnia
3130 4033 3321 4081 vetera
3387 4010 3713 4087 exemplaria,
3749 4012 3816 4071 pro

2270 4159 2378 4217 quo
2427 4141 2461 4195 S
2494 4137 2599 4192 etJ
2641 4133 2788 4190 Lulli
2840 4124 3268 4184 substituerunt.
3297 4115 3407 4170 Sed
3436 4113 3491 4166 in
3538 4104 3682 4164 tomis
3713 4098 3816 4217 Conl-

2271 4184 2525 4291 ziliorum
2553 4241 2700 4298 saepe
2727 4222 2830 4279 Lul
2858 4216 3186 4289 appellatur,
3216 4224 3281 4263 ac
3307 4200 3624 4260 nominatim
3644 4184 3821 4285 epistola

2273 4328 2341 4382 12
2361 4276 2840 4388 Zacharizerpapaa,
2869 4276 3032 4365 sicuti
3067 4311 3121 4361 et
3160 4276 3218 4357 in
3238 4297 3494 4371 epistolis
3521 4287 3679 4347 sancti
3703 4276 3821 4337 Boni-

2274 4418 2418 4474 facii.
2455 4413 2572 4470 Fuit
2615 4370 2706 4464 hic
2736 4370 2949 4460 lbeatus
2989 4397 3178 4454 Lullus
3223 4370 3582 4448 S.Bonifaeii
3634 4370 3823 4441 martyris

2274 4522 2580 4571 successor,
2614 4510 2667 4558 et
2705 4496 2984 4555 secundus
3010 4487 3463 4558 archiepiscopus
3522 4468 3825 4571 Moguntin'lts.

2347 4596 2688 4657 Novitiacum
2742 4591 2801 4643 in
2846 4599 2989 4656 pago
3036 4581 3275 4637 Urtinse.
3325 4572 3363 4628 C
3415 4571 3646 4630 Ursince,
3693 4558 3711 4611 ι
3758 4552 3826 4606 Πν-

2281 4695 2443 4748 cinse.

2876 4762 3084 4822 CAPUT
3113 4756 3302 4814 XVIII.

2351 4895 2549 4950 Missus
2580 4887 2882 4944 dominicus
2913 4880 2988 4935 ad
3030 4879 3177 4932 recta
3208 4871 3435 4943 judicia
3485 4847 3829 4950 ἀείενηιὶηαιιςία

2279 4985 2467 5045 fuerat
2493 4984 2618 5036 ante
2642 4937 3007 5047 episcopatum
3036 4937 3379 5022 constitutus.
3412 4955 3606 5012 Missus
3631 4947 3679 5003 id
3702 4937 3835 5047 est

2282 5085 2457 5155 gatus.
2499 5074 2782 5142 Frequens
2811 5072 2895 5121 est
2943 5062 3235 5117 missorum
3275 5050 3490 5109 mentio
3540 5049 3592 5101 in
3630 5030 3835 5110 Capitulis

2880 5154 2885 5155 ’
2973 5152 2982 5155 ‘
3024 5150 3035 5155 ·
3085 5146 3161 5155 -··
3528 5131 3738 5155 -cc..:..m
3764 5122 3833 5155 lima

2283 5122 2456 5224 ἓωνοιὶ
2487 5122 2666 5235 Magni
2696 5166 2751 5214 et
2781 5150 3040 5211 Ludovici
3085 5146 3187 5213 Pii,
3245 5155 3481 5216 quorum
3521 5131 3738 5191 ofﬁcium
3764 5122 3834 5235 hic

2284 5207 2456 5224 νων..
2489 5207 2666 5235 μηδ---
2701 5207 2750 5214 ν,
2781 5207 2881 5211 -η
2910 5207 2920 5209 ,
3178 5207 3184 5213 η
3265 5207 3281 5216 _

2281 5257 2464 5329 capite
2503 5247 2852 5308 describitur.
2904 5241 3066 5297 Misso
3119 5242 3304 5291 autem
3343 5226 3621 5286 dominico
3647 5219 3745 5273 fere
3770 5207 3838 5264 ad-

2282 5314 2516 5410 debatur
2562 5362 2771 5410 comes,
2830 5349 2891 5396 ut
2945 5341 3090 5409 patst
3146 5349 3210 5388 ex
3266 5329 3358 5383 lib.
3412 5342 3448 5379 ιι
3503 5314 3836 5390 Capitulorum.

2286 5463 2334 5501 e.
2384 5446 2472 5499 Ξῖ).
2508 5439 2662 5507 Quod
2688 5449 2892 5492 nomen
2947 5426 3115 5485 officii
3155 5427 3295 5488 erat,
3326 5432 3442 5473 non
3482 5405 3740 5507 dignitatis
3778 5400 3841 5450 aut

2285 5529 2638 5589 sublimitatis
2696 5534 2757 5581 ut
2808 5519 2992 5577 hodie.
3043 5515 3122 5570 De
3151 5509 3332 5567 missis
3380 5496 3666 5559 dominicis
3692 5489 3841 5589 limat.

2283 5570 2668 5695 ESiiiiiiii'e
2696 5570 3082 5681 infligas
3115 5599 3300 5665 ius,
3330 5594 3422 5658 ιτ,
3458 5586 3662 5695 19‘,
3688 5570 3843 5695 sitast.

2415 5666 2521 5765 in)“.
2547 5666 2779 5773 ιξιξῖτῖιμ.
2824 5666 3146 5763 ιἰζ-ιδξίιι,
3171 5700 3274 5744 etc.
3306 5687 3372 5739 De
3392 5676 3681 5738 comitibus
3704 5666 3781 5722 tib.
3804 5674 3845 5713 ιι.
