3960 6160
242 297 328 352 369

1605 287 1672 340 ΙΝ
1713 285 1963 341 LIBRUM
1999 286 2066 340 ll.
2091 305 2102 325 ι

3397 289 3504 346 370

234 451 332 503 cap.
357 432 405 497 6,
427 427 572 494 9,10,
601 427 686 492 12,
716 426 805 492 18,
835 426 927 492 23,
957 425 1050 492 2A,
1079 425 1170 492 25,
1201 426 1291 488 26.
1319 427 1408 490 28,
1443 426 1533 493 32,
1571 433 1675 480 etc.
1707 425 1780 479 De
1805 427 1858 496 Α
1884 425 2051 480 cteris
2103 424 2390 496 probatur,
2463 431 2675 479 sextum
2731 440 2956 496 quoque
3034 425 3230 479 librum
3256 465 3273 493 ,
3334 442 3499 497 quem

235 521 302 575 his
337 529 382 574 et
425 517 598 571 Petrus
647 513 895 568 Pithoeus
957 513 1013 568 in
1073 514 1342 569 Glossario
1394 514 1781 586 capitulorum,

232 609 370 663 verbo
397 608 534 661 Missa
568 605 842 658 dominici.
902 603 1252 658 Florentinus
1279 604 1391 658 Van
1421 603 1519 658 der
1561 604 1700 658 llaer
1727 603 1784 658 in

234 695 503 752 Castellanis
531 692 923 759 insulensibus,
951 699 1006 746 et
1040 693 1229 746 Petrus
1259 691 1460 746 Louvet
1496 691 1551 746 in
1585 692 1779 748 Hister.

232 781 571 849 Bellovacensi,
601 782 694 836 lib.
728 799 809 849 ιιι,
833 798 881 838 c.
911 783 964 838 9.

284 883 334 935 In
359 879 432 932 his
459 893 655 948 quoque
675 880 856 947 pagis,
903 879 1206 933 Delomense
1234 879 1454 943 scilicet,
1491 879 1782 946 Vongense,

225 980 310 1028 etc.
347 971 422 1025 Sic
450 969 626 1024 omnia
655 969 774 1024 haec
800 969 1024 1024 nomina
1053 985 1154 1039 per
1189 985 1215 1022 e
1269 969 1458 1043 legunt
1507 969 1614 1036 MS,
1646 985 1786 1040 quo-

225 1061 358 1116 modo
397 1060 515 1115 olim
581 1058 900 1130 frequenter
960 1058 1310 1130 loquebatur,
1371 1061 1518 1130 quod
1577 1059 1783 1114 servari

225 1151 404 1222 placuit.
441 1149 519 1215 CJ,
549 1149 871 1216 Dolomensi,
911 1149 1199 1216 Vongensi,
1233 1154 1363 1215 etc.,
1396 1149 1558 1219 peri.

283 1241 338 1294 Ut
349 1239 490 1292 bonos
505 1241 552 1291 et
564 1237 779 1292 idoneos
795 1237 1132 1292 vicedomnos
1145 1241 1196 1291 et
1205 1237 1492 1292 advocatos
1506 1237 1783 1292 haberent.

223 1331 294 1384 Sic
318 1330 374 1382 Μ.
405 1329 614 1396 Caetera,
673 1329 1062 1384 Vicedominos.
1098 1329 1172 1383 De
1227 1329 1314 1382 bis
1342 1328 1682 1384 vicedomnis
1734 1336 1790 1383 et

224 1420 456 1476 advocatis
485 1427 564 1474 est
591 1420 898 1491 capitulum
928 1421 1014 1486 11,
1056 1420 1154 1475 lib.
1187 1437 1247 1474 ιιι
1267 1419 1662 1490 Capitulorum,
1692 1419 1788 1474 ubi

222 1510 432 1564 similiter
447 1509 644 1582 legitur
671 1511 1018 1566 vicedomnis.
1038 1510 1169 1564 Nam
1191 1509 1237 1564 si
1257 1517 1388 1565 tunc
1409 1525 1509 1581 pro
1539 1511 1787 1565 dominus

223 1601 418 1655 domnus
432 1600 734 1667 dicebatur,
759 1599 1513 1657 conformitervieedomnum
1531 1599 1789 1656 dicebant

222 1699 265 1745 ct
288 1692 593 1747 scribebant.

1885 515 2114 570 seorsim
2149 515 2306 588 ponit
2355 515 2619 581 Canisins,
2653 516 2825 586 ipsius
2865 532 2986 571 esse
3044 516 3347 588 Halitgarii,
3379 533 3500 577 seu.

1887 615 1946 662 ut
1997 607 2130 682 legit
2180 606 2486 662 Chronicou
2541 606 2952 674 Cameracense,
3005 607 3102 662 lib.
3151 624 3190 674 ι,
3246 624 3367 679 cap.
3410 607 3499 673 38,

1885 701 2240 754 Halitcharii.
2287 699 2346 753 [li
2384 698 2509 752 libri
2554 699 2751 753 merito
2784 699 3059 753 recenseri
3105 699 3317 754 debent
3359 699 3507 754 inter

1885 792 2094 862 primos
2117 791 2400 847 casuistas.
2433 790 2618 845 Fuisse
2639 796 2821 844 tamen
2853 797 2906 844 et
2932 791 3067 845 alios
3098 791 3191 862 qui
3219 797 3346 846 ante
3370 797 3506 846 aeta-

1885 889 1996 937 tem
2037 883 2316 958 Halitgarii
2347 883 2417 936 de
2450 882 2648 936 eodem
2681 889 3006 954 argumento
3045 883 3407 953 scripserunt,
3440 898 3505 936 ex

1885 973 2006 1044 ipsa
2055 975 2158 1028 hac
2192 973 2394 1028 Ebonis
2446 980 2660 1028 constat
2691 972 2923 1044 epistola
2955 991 2968 1027 :
3028 980 3088 1028 ut
3116 981 3200 1028 est
3239 973 3508 1028 Paeniten-

1884 1063 2013 1118 tiale
2046 1063 2374 1126 Romanum,
2413 1070 2468 1116 et
2511 1061 2786 1117 Theodori
2819 1061 3223 1132 archiepiscopi
3273 1061 3507 1116 Cantua-

1887 1155 2104 1221 riensis,
2138 1155 2208 1208 de
2267 1169 2377 1224 quo
2418 1153 2564 1208 Beda
2615 1153 2673 1207 in
2705 1152 2988 1208 Chronicis
3039 1153 3142 1207 sub
3176 1153 3502 1226 Dagoberto.

1888 1243 2021 1296 Item
2065 1242 2208 1296 liber
2261 1241 2432 1312 ipsius
2479 1241 2637 1296 Beda;
2685 1241 2754 1295 de
2805 1240 3087 1295 Remediis
3133 1246 3502 1312 peccatorum.

1890 1333 2159 1388 Praeterea
2197 1331 2468 1398 Otliberti,
2501 1338 2554 1386 et
2585 1331 2833 1386 Hattonis
2878 1329 3125 1401 episcOpi
3156 1329 3509 1396 Basileensis,

1889 1425 2092 1480 deinde
2150 1423 2497 1494 Theodulphi
2563 1421 3010 1488 Aurelianensis,
3072 1421 3305 1487 Rabani,
3371 1428 3504 1486 etc.,

1889 1534 2122 1590 quorum
2159 1517 2414 1571 meminit
2445 1516 2740 1570 Rhenanus
2781 1515 2836 1569 in
2867 1522 3190 1586 argumento
3221 1513 3348 1568 libri
3376 1513 3506 1568 Ter-

1891 1607 2106 1662 tulliaui
2139 1607 2207 1660 de
2238 1604 2588 1670 Pmnitcntia,
2619 1611 2674 1658 et
2699 1603 2939 1658 Jacobus
2969 1602 3244 1657 Pamelius
3274 1603 3510 1657 adnota-

1893 1699 2043 1754 tione
2073 1699 2098 1752 1
2135 1698 2202 1752 ad
2237 1697 2497 1751 eumdem
2529 1695 2750 1750 librum.
2786 1695 2938 1748 Patet
2963 1703 3144 1750 autem
3179 1711 3246 1748 ex
3273 1695 3378 1750 hoc
3407 1694 3512 1748 lla-

275 1787 360 1838 Hic
384 1784 639 1852 synodum
672 1787 947 1840 invenitur
975 1785 1226 1840 habuisse
1261 1799 1406 1840 anno
1436 1785 1505 1839 ab
1530 1787 1791 1840 incarna-
1815 1747 1863 1814 Β
1891 1787 2088 1862 litgarii
2115 1801 2284 1857 Opere
2329 1784 2510 1839 adhuc
2548 1792 2661 1838 tum
2715 1783 2982 1854 temporis
3013 1783 3370 1854 pmnitentias
3403 1782 3510 1837 im-

219 1881 330 1933 tione.
348 1881 548 1934 Domini
569 1882 749 1934 nostri
771 1881 896 1934 Jesu
921 1880 1125 1935 Christi
1140 1879 1246 1933 814
1275 1881 1334 1933 in
1353 1879 1573 1933 ecclesia
1602 1879 1792 1935 Novio-

219 1970 372 2021 mensi.
402 1967 515 2022 Hice
535 1970 782 2038 synodus
808 1969 965 2024 deest
995 1969 1052 2022 in
1087 1968 1247 2023 tomis
1273 1967 1661 2023 Coneiliorum.
1683 1967 1789 2021 Sed

215 2066 320 2112 tom.
364 2057 428 2112 lll
457 2058 691 2114 habetur
727 2059 1020 2114 concilium
1070 2059 1342 2114 Remense
1401 2059 1641 2130 primum
1685 2058 1789 2112 sub

216 2152 375 2207 eodem
423 2153 660 2210 Vulfario
713 2161 769 2208 et
801 2154 993 2210 Carolo
1033 2155 1228 2229 Magno
1267 2155 1606 2210 celebratum
1642 2169 1788 2208 anno

215 2243 500 2311 praecedenti
530 2244 657 2307 713,
697 2259 888 2297 mense
929 2243 1086 2307 Maio,
1131 2245 1279 2316 quod
1321 2243 1489 2299 habet
1547 2243 1788 2314 capitula

213 2347 291 2385 seu
317 2347 538 2386 canones
567 2333 660 2386 44.
693 2332 856 2400 Cujus
888 2339 1080 2388 auctor
1109 2342 1298 2388 noster
1345 2348 1468 2387 mox
1501 2332 1640 2387 infra
1673 2349 1789 2387 mc-

209 2423 352 2490 minit,
373 2426 553 2481 dicens
587 2427 643 2480 in
678 2441 745 2481 eo
783 2426 1082 2482 constituta
1131 2425 1304 2480 fuisse
1336 2425 1579 2496 capitula
1609 2441 1733 2478 xmn
1767 2441 1780 2490 ;

205 2517 283 2570 sed
308 2516 449 2572 facile
480 2517 596 2573 ﬁeri
635 2520 813 2590 potuit
840 2528 901 2574 ut
926 2535 1096 2572 unum
1127 2518 1181 2571 in
1209 2517 1320 2572 duo
1351 2517 1706 2571 divideretur.

261 2609 580 2678 Congregatis
606 2627 784 2666 secum
814 2613 1136 2680 coepiscopis
1177 2613 1290 2664 suis
1321 2609 1648 2674 Hildoarde,
1685 2611 1785 2663 Er-

207 2715 401 2759 menone,
457 2701 618 2768 Iesse,
653 2704 1028 2770 Ragumbcrto,
1093 2703 1424 2769 Grimboldo,
1484 2701 1781 2767 Rothardo,

211 2789 552 2858 Wendilmaro,
627 2793 929 2848 Ostroaldo.
965 2791 996 2845 J
1062 2791 1256 2846 scribit
1299 2790 1612 2846 Hildcaido.
1663 2788 1788 2842 Erat

206 2881 276 2936 hic
299 2885 576 2957 episcOpus
603 2885 1038 2951 Cameracensis,
1064 2885 1300 2941 Ermeno
1330 2884 1784 2948 Silvanectensis,

201 2975 278 3048 qui
305 2975 354 3029 in
383 2977 577 3033 tabulis
626 2977 978 3034 Democharis
1005 2983 1230 3031 vocatur
1269 2975 1598 3030 Herminius.
1632 2975 1786 3031 .lesse

200 3067 573 3136 Ambianensis;
611 3071 1038 3146 Ragumbertus,
1061 3071 1168 3134 vel,
1193 3077 1252 3125 ut
1273 3069 1362 3134 ω,
1381 3071 1783 3138 Ragimbertus,

1891 1880 2022 1950 poni
2052 1879 2230 1934 solere
2250 1877 2558 1932 secundum
2585 1875 2912 1949 exigentiam
2946 1889 3240 1929 canonum.

1967 1973 2068 2028 Ubi
2105 1988 2223 2026 cum
2253 1972 2353 2024 diu
2398 1975 2661 2024 orassent.
2715 1967 2824 2033 MS,
2878 1971 3042 2022 Deum
3101 1971 3364 2021 orassent.
3407 1967 3517 2022 Sed

1892 2064 1996 2118 alia
2027 2063 2211 2129 lectio,
2245 2078 2366 2134 quae
2395 2069 2722 2116 caeterorum
2759 2067 2843 2114 est
2871 2057 3291 2130 exemplarium,
3317 2058 3517 2114 merito

1891 2156 2236 2227 praeferenda
2265 2163 2368 2223 est,
2397 2171 2518 2226 quae
2546 2153 2801 2228 congruit
2817 2169 2942 2208 eum
2967 2152 3226 2224 Thegano
3250 2151 3306 2204 in
3341 2167 3512 2221 Opere

1889 2248 1962 2302 De
2003 2247 2173 2321 gestis
2203 2245 2480 2301 Ludowici
2514 2245 2617 2311 Pii,
2677 2261 2796 2315 cap.
2845 2243 2936 2312 16,
2967 2259 3032 2296 ex
3064 2257 3173 2313 quo
3205 2241 3510 2296 verisimile

1889 2343 1974 2390 est
2004 2335 2367 2391 Flodoardum
2400 2333 2702 2404 accepisse,
2734 2349 2858 2386 cum
2893 2331 3087 2385 iisdem
3131 2331 3294 2386 etiam
3327 2330 3512 2385 verbis

1888 2435 2088 2483 utatur.
2125 2426 2361 2498 Contigit
2410 2432 2588 2479 autem
2625 2433 2730 2480 tam
2783 2423 2989 2477 bellum
3023 2429 3211 2477 contra
3263 2422 3510 2488 Sclavos,

1885 2537 2048 2594 quam
2105 2521 2278 2591 ipsius
2342 2517 2600 2573 Ludovici
2662 2517 2716 2570 in
2775 2516 3160 2586 imperatorem
3223 2513 3510 2568 coronatio

1885 2631 2030 2672 anno
2051 2615 2186 2682 “816,
2217 2621 2278 2670 ut
2306 2619 2456 2686 patet
2485 2629 2549 2667 ex
2577 2611 2773 2667 eodem
2804 2611 3064 2685 Thegano
3091 2617 3146 2664 et
3173 2609 3426 2664 Baronio.

1955 2705 2269 2774 Apostolica
2308 2705 2652 2773 reperiuntur
2687 2702 2876 2754 munia
2905 2700 3210 2753 contulisse.
3248 2698 3337 2752 Sic
3384 2713 3506 2751 om-

1888 2796 1978 2850 nia
2009 2793 2361 2865 exemplaria.
2391 2792 2708 2866 Legendum
2747 2789 2890 2844 forte
2919 2789 3043 2860 quis
3071 2789 3368 2843 arbitratur
3405 2790 3512 2841 im-

1881 2887 2121 2958 pcriatia
2147 2902 2248 2956 pro
2277 2885 2596 2954 apostolica,
2636 2892 2695 2938 ut
2726 2882 2781 2936 in
2814 2881 3115 2952 diplomate
3155 2881 3190 2934 2
3219 2879 3391 2948 hujus
3421 2893 3512 2932 ca-

1889 2979 2017 3050 pitis
2052 2996 2065 3032 :
2110 2998 2138 3028 α
2173 2975 2488 3048 lmperialia
2516 2973 2852 3045 sumpsimus
2880 2971 3140 3047 insignia.
3176 2993 3202 3020 υ
3237 2969 3343 3024 Sed
3383 2985 3514 3024 vera

1889 3071 2051 3126 lectio
2081 3079 2165 3125 est
2194 3069 2490 3140 apostolica
2515 3069 2730 3131 munia,
2763 3066 2867 3120 hoc
2893 3070 2976 3118 est
3004 3080 3126 3136 qua:
3157 3080 3186 3118 a
3217 3063 3352 3118 sede
3382 3077 3512 3132 apo-

203 3156 589 3226 Bellovacensis,
629 3161 716 3214 cui
747 3163 1014 3217 successit
1039 3161 1093 3215 S.
1133 3161 1548 3226 Hildemannus,
1581 3160 1650 3215 de
1677 3176 1787 3232 quo
1813 3213 1856 3232 η
1887 3162 2082 3217 stolica
2123 3160 2361 3216 conferri
2389 3159 2590 3214 solent.
2636 3158 2766 3228 Ejus
2809 3157 2957 3211 enim
3001 3162 3084 3211 est
3115 3155 3506 3226 imperatorem

197 3249 312 3304 intra
339 3213 589 3322 cap.28,'
611 3254 708 3324 qui
736 3213 1203 3317 obi—it'anno‘8t8,
1228 3213 1333 3306 die
1371 3251 1405 3305 8
1809 3213 1858 3280 Ο
2195 3213 2356 3314 'Q'uae
2385 3213 2550 3303 lectio
2587 3213 2854 3318 probatur
2883 3260 2948 3299 ex
3003 3259 3124 3314 cap.
3182 3213 3252 3297 10
3279 3241 3374 3296 lib.
3430 3257 3508 3305 ιιι,

199 3337 508 3396 Grimboldus
546 3342 921 3408 Morinensis,
970 3343 1063 3414 qui
1122 3342 1258 3396 alias
1326 3343 1676 3398 Grimbaldus
1733 3350 1789 3398 et

199 3433 536 3488 Erembaldus.
564 3434 880 3489 Rothardus
901 3434 1338 3500 Suessionensis,
1371 3433 1466 3505 qui
1489 3433 1630 3488 infra
1661 3450 1783 3506 cap.

198 3525 253 3580 20
271 3535 318 3582 et
336 3527 426 3582 lib.
459 3545 515 3583 ιιι
539 3545 768 3600 semper
792 3530 1076 3585 Rothadus
1106 3529 1424 3583 nominatur
1446 3529 1503 3582 in
1527 3529 1786 3584 omnibus

198 3617 290 3673 fere
308 3623 730 3693 exemplaribus,
761 3638 882 3694 qua:
910 3622 1001 3677 hic
1027 3621 1259 3677 variant.
1295 3622 1353 3676 In
1382 3621 1548 3676 tomis
1577 3620 1782 3676 Concil.

198 3720 244 3763 et
283 3720 405 3767 tom.
441 3715 509 3769 ΙΙΙ
538 3714 900 3768 Bibliotheca:
958 3713 1177 3768 Patrum
1209 3713 1470 3768 secundae
1526 3713 1788 3768 editionis

195 3803 455 3861 Rothaldus
484 3807 714 3880 legitur.
748 3806 1159 3862 Wendilmarus
1196 3812 1314 3861 erat
1341 3805 1640 3876 episcOpus
1678 3805 1783 3861 No-

197 3893 482 3964 viomensis,
512 3899 834 3954 Ostroaldus
863 3899 1266 3954 Laudunensis.

253 3984 566 4042 Adalbardo.
597 3987 686 4053 CJ,
715 3987 1024 4042 Adalardo.

250 4072 490 4140 Fuit-ade;
519 4076 744 4130 Ericho.
781 4073 870 4128 Sic
902 4075 935 4127 (ἶ
967 4081 1021 4127 et
1048 4074 1096 4128 J.
1127 4073 1244 4128 Alia
1283 4075 1532 4141 Folrado,
1563 4075 1780 4130 Eriono.

199 4159 340 4217 Paulo
366 4174 505 4235 post,
539 4183 642 4238 pro
675 4167 892 4230 Otnero,
925 4165 1012 4228 CJ,
1051 4165 1187 4239 legit
1215 4166 1426 4222 Othero.

252 4255 308 4306 Id
327 4262 417 4319 est,
439 4259 682 4321 Varinae,
709 4259 844 4313 Urbs
869 4272 1112 4328 campus,
1133 4259 1455 4328 Trapiacus,
1471 4259 1788 4324 Jerusalem,

201 4347 681 4417 Harbaudianisva,
722 4353 834 4405 sive
897 4351 1114 4404 ecclesia
1181 4349 1238 4405 S.
1303 4351 1632 4418 Leodegarii.
1704 4350 1792 4404 Sic

198 4441 524 4510 exemplaria,
560 4441 668 4496 nisi
703 4441 852 4512 quod
883 4441 938 4494 in
971 4440 1056 4495 MS
1102 4440 1172 4494 sit
1206 4442 1466 4506 Varinne,
1496 4449 1550 4494 et
1581 4447 1793 4512 postre-

1889 3343 1982 3397 ubi
2014 3341 2250 3396 refertur
2278 3340 2428 3411 quod
2463 3339 2555 3394 hic
2601 3338 2800 3394 citatur
2837 3353 2902 3391 ex
2953 3335 3192 3392 Lotharii
3223 3335 3356 3406 imp.
3390 3333 3514 3405 epi-

1916 3433 2045 3488 tola.

1887 3450 2045 3489 scena.

1957 3529 2028 3582 Et
2045 3525 2337 3582 Lotharius
2353 3522 2592 3576 adduxit
2603 3535 2778 3576 secum
2790 3523 3001 3588 patrem
3022 3517 3097 3572 ad
3123 3516 3512 3586 Compendium

1881 3623 2174 3692 palatium,
2195 3619 2293 3672 ubi
2319 3633 2438 3672 eum
2463 3615 2672 3685 afﬂixit
2687 3631 2804 3670 cum
2831 3614 3113 3684 episcopis.
3150 3611 3334 3664 Exstat
3365 3609 3499 3664 Con-

1852 3763 1856 3768 ,
1887 3709 2139 3764 eiliorum
2171 3713 2304 3761 tom.
2356 3705 2425 3759 lll
2455 3703 2750 3758 concilium
2809 3701 2955 3772 apud
2985 3698 3406 3770 Compendium,
3452 3698 3507 3752 in

1888 3816 1998 3872 quo
2027 3798 2334 3854 Ludovicus
2356 3796 2488 3866 imp.
2515 3794 2814 3864 deponitur
2843 3808 2989 3846 anno
3019 3789 3142 3846 833.

1958 3887 2294 3944 Moderamni
2324 3884 2653 3940 Rodonensis
2701 3882 2954 3950 episcopi.
2992 3879 3081 3932 Sic
3131 3885 3279 3932 recte
3313 3878 3346 3928 S
3402 3876 3505 3930 etJ

1821 3961 1824 3964 1
1886 3988 1941 4035 et
1983 3977 2169 4034 omnia
2207 3973 2541 4045 exemplaria
2567 3988 2688 4042 cap.
2719 3970 2812 4038 20,
2846 3969 2941 4024 lib.
2976 3985 2992 4022 ι
3023 3967 3228 4022 Gallice
3271 3966 3513 4020 vertitur

1889 4079 1954 4131 de
1978 4079 2196 4132 Rennes.
2227 4071 2317 4126 Est
2341 4079 2524 4124 autem
2543 4067 2647 4123 sub
2668 4065 3148 4136 archiepiscopatu
3176 4060 3506 4116 Turonensi.

1891 4168 2094 4223 Caetera
2124 4162 2459 4234 exemplaria
2494 4160 2935 4226 Rothomagensis
2983 4157 3376 4224 archiepiscopi
3419 4153 3511 4208 hic

1891 4259 2168 4335 legebant.
2202 4255 2356 4321 Quod
2384 4271 2452 4308 ex
2481 4269 2548 4308 eo
2578 4251 2958 4307 verisimiliter
2987 4249 3187 4304 accidit
3228 4247 3377 4318 quod
3410 4260 3509 4317 pro

1893 4349 2223 4406 Rodonensis
2280 4343 2479 4416 aliquis
2525 4341 2806 4413 scripserit
2860 4341 3226 4404 Rodomensis,
3254 4352 3354 4408 pro
3402 4349 3513 4406 quo

1895 4441 2036 4497 alius
2063 4439 2284 4509 scripsit
2327 4437 2788 4504 Rothomagensis.
2826 4433 2957 4487 Nam
2991 4432 3367 4504 Bothomagus
3404 4427 3513 4482 alio

198 4543 323 4584 mum
355 4532 406 4586 in
455 4534 568 4590 duo
611 4534 838 4599 dividat,
880 4533 1119 4608 legens:
1170 4535 1332 4598 Haer,
1380 4533 1862 4604 Haudiavisna.D
1892 4530 2118 4585 nomine
2167 4527 2414 4581 Rodoma
2443 4531 2500 4578 et
2554 4523 2836 4578 Rodomus
2865 4521 3088 4581 dicitur,
3138 4525 3198 4573 ut
3229 4534 3396 4588 supra
3443 4516 3510 4570 ad

197 4619 302 4684 Quae
349 4623 602 4680 Nieolaus
650 4625 936 4680 Chesncau
994 4623 1198 4679 Gallice
1257 4623 1454 4678 vertit:
1502 4625 1789 4693 Varesnes,

195 4712 420 4785 Urca-r-p,
458 4718 654 4788 Trapi,
683 4717 1040 4782 Hierusalem,
1084 4716 1407 4770 Herbaudea
1433 4717 1610 4785 vispa.

249 4803 315 4855 De
337 4820 552 4858 annona
583 4806 759 4859 modii
793 4820 1154 4860 nnceccuxv.
1200 4803 1290 4858 Sic
1316 4804 1365 4869 J,
1405 4804 1501 4858 sed
1535 4803 1621 4858 MS
1654 4821 1795 4874 prte-

193 4891 411 4946 tcrmittit
437 4910 634 4947 vocem
671 4894 860 4959 modii,
893 4901 949 4947 ut
977 4894 1199 4947 dubium
1231 4893 1301 4947 sit
1321 4909 1390 4947 an
1422 4893 1558 4948 illud
1581 4910 1653 4948 MD
1680 4909 1790 4948 non

193 4977 253 5032 sit
274 4983 458 5051 modii,
491 4992 551 5039 ut
579 4985 746 5056 paulo
794 4993 919 5056 post
949 4985 1004 5038 in
1035 4984 1120 5038 MS
1149 4983 1409 5038 scribitur
1437 4985 1548 5038 md.
1586 4985 1636 5054 j.
1671 4986 1789 5054 lijo.

191 5070 308 5136 vini,
329 5072 428 5127 hoc
465 5081 550 5128 est
579 5073 748 5129 modii
777 5074 929 5128 mille
951 5073 1354 5148 quinquaginta
1381 5074 1496 5128 duo
1525 5074 1658 5128 vini.

749 5189 754 5194 ·
796 5169 1003 5224 CAPUT
1038 5169 1171 5222 XIX.

251 5257 416 5326 Hujus
458 5261 718 5329 prwsulis
774 5261 996 5315 hortatu
1041 5261 1351 5327 Alitgarius
1395 5259 1796 5315 Camaracensis

193 5351 449 5422 episcopus
501 5370 597 5408 sea
647 5355 851 5410 libellos
891 5355 957 5408 de
997 5353 1266 5410 Remediis
1316 5358 1681 5424 peccatorum,
1747 5357 1795 5406 et

189 5444 358 5498 ordine
413 5449 497 5500 vel
544 5447 779 5516 judiciis
821 5450 1150 5518 pcenitentiue
1203 5449 1541 5516 conscripsit.
1581 5447 1798 5499 Exstant

194 5531 238 5586 hi
274 5536 436 5592 libelli
471 5547 610 5594 tom.
642 5541 679 5594 V
707 5541 947 5612 antiquae
993 5539 1270 5606 lectionis,
1304 5540 1438 5594 editi
1469 5555 1569 5610 per
1602 5538 1797 5593 Henri-

193 5639 301 5678 cum
349 5627 650 5696 Canisium,
701 5629 939 5701 praefixis
986 5646 1206 5701 quoque
1263 5629 1350 5686 his
1391 5628 1626 5692 duabus,
1679 5641 1801 5698 quae

192 5709 270 5766 hic
317 5716 652 5784 referuntur,
714 5718 985 5791 epistolis.
1031 5717 1102 5772 Ex
1143 5719 1248 5772 hoe
1305 5724 1488 5772 autem
1529 5715 1650 5770 loco
1705 5729 1805 5768 au-

1894 4640 2013 4694 Cap.
2063 4623 2130 4676 16
2163 4619 2536 4693 probavimus.
2574 4617 2722 4672 Adde
2752 4616 2898 4688 quod
2932 4615 2986 4668 in
3018 4614 3267 4687 catalogo
3298 4613 3511 4666 Ruthe-

1897 4712 2240 4786 magensium
2298 4707 2840 4778 archiepiscoporum
2901 4704 3047 4775 apud
3120 4702 3510 4756 [)emocbarcm

1895 4801 2081 4856 nullus
2105 4797 2414 4854 inveniatur
2443 4795 2847 4850 Moderamnus.

2526 4883 2736 4938 CAPUT
2771 4881 2878 4935 XX.

1963 4977 2286 5046 Requirente
2316 4973 2664 5044 postmodum
2694 4986 2842 5040 papa
2887 4970 3112 5026 Nicolao
3148 4968 3218 5022 ab
3255 4966 3518 5036 episcopis

1895 5068 2104 5134 Galliaz,
2135 5067 2478 5134 mamimeque
2502 5064 2726 5130 Belgicae
2751 5062 3064 5129 provinciae,
3097 5060 3206 5114 hac
3239 5061 3380 5112 inter
3407 5057 3521 5112 alia

1895 5164 1953 5215 in
1983 5161 2253 5230 responsis
2303 5159 2526 5226 accepit.
2558 5155 2674 5210 Non
2710 5161 2905 5216 exstat,
2951 5151 3147 5206 saltem
3185 5151 3370 5222 plene,
3399 5149 3522 5220 epi-

1897 5267 2192 5324 scoporum
2233 5249 2416 5304 Galliae
2453 5247 2686 5318 cpistola
2722 5245 2791 5300 ad
2839 5242 3120 5299 Nicolaum
3152 5243 3413 5313 primum,
3452 5255 3520 5295 ex

1898 5359 2007 5416 quo
2041 5345 2159 5397 haec
2189 5342 2374 5397 omnia
2401 5347 2590 5394 auctor
2613 5337 2896 5393 delibavit.
2943 5336 3074 5390 Nam
3107 5336 3227 5390 haec
3277 5351 3401 5390 eum
3449 5352 3518 5390 ex

1899 5437 2022 5492 aliis
2053 5436 2285 5489 recitare
2335 5440 2504 5504 patet,
2536 5432 2664 5484 dum
2697 5437 2821 5500 post
2867 5429 3038 5483 multa
3083 5435 3301 5482 narrata
3331 5427 3521 5482 addit:

1899 5535 2027 5588 Item
2053 5536 2174 5600 post
2201 5545 2398 5600 pauca.
2435 5528 2677 5582 Rursus:
2712 5528 2841 5580 Item
2871 5530 2992 5596 post
3030 5523 3399 5593 aliquantulo.

1973 5621 2228 5688 Aiulfum
2261 5619 2508 5673 videlicet
2561 5616 3044 5684 archiepiscopum,
3084 5616 3133 5666 et
3175 5609 3522 5665 Baduradum

1905 5713 2232 5781 episcopum.
2275 5706 2509 5762 Aiull‘um
2540 5705 2734 5776 legunt
2764 5703 2826 5769 R,
2851 5702 2920 5768 M,
2954 5700 3074 5766 etJ,
3099 5716 3164 5754 ex
3195 5713 3304 5769 quo
3327 5697 3362 5751 S
3394 5695 3523 5754 fecit
