3938 6158
481 243 576 297 371

1318 233 1710 289 COLVENERII
1749 227 2025 286 SCHOLIA
2062 227 2127 281 ΙΝ
2170 228 2335 285 HIST.
2379 229 2664 286 REMENS.
2708 226 2964 282 ECCLES.

3631 243 3714 298 372

555 376 843 444 Anulfu-m,
873 372 926 438 C,
957 371 1277 443 Amulium.
1318 371 1674 426 Badaradum
1702 369 1894 443 legunt
1927 366 1962 421 C
1984 367 2089 422 etJ
2124 371 2171 437 Α
2199 369 2569 435 tingentesimo
2616 366 2882 422 tricesimo
2929 365 3138 434 quinto,
3187 382 3321 422 anno
3371 372 3514 427 etiam
3558 378 3722 444 ἐπηρπῆ

485 469 762 543 quomodo
788 475 841 520 et
862 463 1002 518 infra
1031 464 1227 536 legitur
1242 465 1347 519 hoc
1378 463 1572 519 eodem
1604 462 1767 534 capit.
1794 461 1926 516 satis
1956 476 2090 515 con-

486 557 734 615 formiter
759 554 827 609 ab
858 551 1141 619 omnibus,
1169 553 1272 607 nisi
1299 554 1447 624 quod
1477 554 1563 608 MS
1598 553 1795 607 habeat
1823 551 2093 607 Baradus.

487 651 746 706 Similiter
771 654 826 703 et
846 647 1091 718 synodus
1110 646 1546 713 Suessionensis,
1569 646 1636 700 de
1667 662 1775 717 qua
1800 644 1903 699 sub
1927 643 2096 698 linem

486 740 651 811 hujus
683 735 900 806 capitis,
953 735 1089 810 legit
1120 736 1467 790 Badaradum
1526 742 1581 790 et
1609 736 1882 803 Aiulfum.
1928 733 2015 788 MS
2049 739 2103 788 et

487 828 530 882 Β
564 828 670 882 hoc
700 827 821 880 loco
855 824 1215 878 Hadaradum
1250 824 1530 899 legebant.

562 966 702 1049 Quos
739 961 1029 1016 secundum
1058 961 1269 1028 Africa!
1305 964 1597 1031 provincia
1624 977 1847 1017 canones
1877 962 2106 1027 elegerat

488 1055 594 1107 sibi
627 1046 863 1121 ju'dices.
899 1046 1201 1103 Concilium
1245 1048 1579 1115 Africanum,
1621 1048 1766 1119 quod
1811 1047 2107 1119 aliquoties

492 1148 599 1202 hoc
617 1161 739 1215 cap.
764 1144 982 1209 citatur,
1020 1141 1156 1196 illud
1179 1157 1301 1196 esse
1322 1142 1700 1213 videturquod
1728 1148 1903 1195 exstat
1934 1147 2064 1194 tom.
2087 1140 2105 1193 Ι

495 1236 725 1302 Concil.,
746 1235 994 1290 habitum
1024 1232 1128 1287 sub
1161 1231 1517 1303 pontificibus
1542 1231 1824 1287 Bonifacio
1851 1238 1905 1285 et
1934 1230 2110 1287 Coele-

494 1329 661 1384 stino.
696 1329 835 1383 Sunt
864 1335 1046 1381 autem
1082 1341 1324 1381 canones
1376 1325 1717 1381 diversorum
1748 1324 2107 1379 conciliorum

493 1420 758 1475 Africanae
781 1417 1076 1489 provinciae
1138 1432 1369 1471 numero
1402 1417 1526 1472 105.
1584 1417 1738 1482 Quod
1769 1416 1858 1472 hic
1913 1417 2109 1471 citatur

496 1507 736 1562 habetur
763 1522 880 1577 cap.
916 1506 1003 1570 63,
1062 1505 1211 1576 quod
1244 1504 1571 1561 nominatim
1622 1506 1751 1561 citat
1791 1507 2110 1561 Hincmarus

497 1600 553 1653 in
581 1599 779 1654 concil.
814 1597 1224 1660 Suessionensi,
1249 1597 1319 1652 de
1337 1612 1447 1668 quo
1480 1597 1577 1651 lib.
1614 1614 1691 1663 ιιι,
1721 1614 1842 1668 cap.
1880 1597 1964 1651 12.
2002 1596 2110 1651 Sed

497 1704 620 1759 quae
651 1687 791 1741 infra
817 1687 1057 1742 citantur
1086 1701 1153 1739 ex
1182 1701 1301 1756 cap.
1332 1686 1402 1741 59
1434 1693 1489 1741 et
1518 1686 1607 1753 74,
1642 1687 1698 1740 in
1730 1686 1824 1742 illo
1854 1686 2113 1754 concilio,
2142 1693 2190 1760 Β

499 1788 661 1849 prout
689 1794 838 1832 nunc
867 1785 1065 1845 exstat,
1099 1793 1210 1832 non
1238 1777 1519 1851 leguntur.

577 1892 960 1945 Theodericum
1002 1891 1203 1945 scilicet
1228 1892 1554 1960 episcopum.
1612 1889 1706 1944 Hic
1728 1895 1843 1943 erat
1898 1889 2116 1960 episco-

506 2000 608 2052 pus
641 1982 1068 2051 Cameracensis,
1119 1989 1178 2037 ut
1207 1989 1424 2037 constat
1460 1998 1525 2037 ex
1567 1980 1833 2037 Chronico
1866 1981 2119 2038 Camera-

505 2074 678 2131 censi.
713 2074 853 2129 libro
882 2074 1083 2145 primo,
1116 2066 1236 2145 cap,
1277 2074 1367 2128 41.

577 2190 739 2243 Anno
766 2190 1159 2243 incarnationis
1199 2190 1413 2265 Domi-ni
1438 2191 1611 2243 nostri
1643 2191 1769 2243 Jesu
1796 2189 2000 2247 Christi
2035 2206 2121 2244 oc-

2197 458 2419 524 gloriosi
2465 456 2691 511 Caesaris
2730 454 2995 509 Ludovici
3041 470 3149 510 xm.
3201 455 3288 511 Sic
3337 457 3388 513 C.
3440 461 3532 516 Sed
3572 463 3623 530 Β,
3657 466 3721 519 MS

2199 555 2254 601 et
2297 547 2346 609 J,
2398 563 2549 613 xxm,
2596 560 2707 601 non
2749 550 2921 599 recte.
2971 543 3105 597 Nam
3150 561 3270 600 cum
3312 563 3518 622 regnare
3553 555 3727 623 deperit

2201 633 2358 703 initio
2401 634 2531 688 anni
2571 634 2697 703 815,
2747 647 2926 687 annus
2962 630 3067 687 835
3096 642 3178 688 est
3215 635 3419 707 imperii
3466 640 3568 707 ejus
3588 641 3728 707 21,ut

2203 727 2477 782 consentit
2509 726 2830 800 Sigebertus
2873 726 2930 780 in
2959 724 3244 783 Chronico.

2272 825 2608 891 Hartgarius
2654 825 2957 892 episcopus.
3025 822 3117 877 Sic
3154 822 3236 878 RC
3282 831 3335 879 et
3384 826 3427 881 ι.
3478 828 3534 883 At
3576 828 3644 882 MS
3689 838 3733 885 et

2204 914 2351 968 aliud
2378 913 2679 984 exemplar,
2711 915 3070 981 Harogarius.

2274 1010 2597 1065 Rambertus
2654 1011 2948 1079 episcopus.
3004 1009 3073 1075 M,
3112 1012 3462 1078 Hranbertus,
3496 1013 3547 1081 S,
3579 1017 3738 1072 Eram-

2209 1100 2408 1153 bertus.

2278 1193 2566 1247 Haiminus
2602 1194 2900 1262 episcopus.
2945 1193 3034 1248 Sic
3074 1192 3143 1248 Β]
3186 1199 3242 1248 et
3296 1192 3330 1248 C
3358 1194 3410 1248 in
3462 1194 3653 1262 Gallico,
3676 1197 3740 1251 HS

2208 1286 2435 1350 Hamus,
2473 1282 2508 1337 C
2542 1283 2649 1338 Lat.
2684 1286 2932 1339 Hamius.

2283 1377 2383 1432 Cui
2404 1377 2733 1430 restitutioni
2757 1379 3015 1446 prafata,
3047 1393 3167 1447 qua:
3204 1379 3487 1435 Suessionis
3513 1381 3669 1435 habita
3688 1387 3745 1436 est

2208 1464 2543 1518 contradicit
2569 1465 2824 1531 synodus.
2858 1464 2923 1530 Β,
2956 1464 3064 1531 MS,
3114 1468 3445 1521 contradicit.
3479 1467 3623 1535 Hujus
3646 1484 3746 1538 syn-

2209 1553 2303 1608 odi
2330 1553 2493 1607 tacite
2527 1552 2666 1607 facta
2682 1560 2765 1607 est
2794 1555 3001 1609 mentio
3041 1555 3197 1610 initio
3222 1556 3382 1625 hujus
3396 1556 3589 1627 capitis.

2281 1647 2331 1699 A
2387 1662 2490 1714 quo
2546 1647 2605 1699 in
2648 1648 2861 1712 regione
2889 1647 3145 1702 Samoniae
3189 1649 3454 1717 quoddam
3488 1651 3747 1718 episcopiwn

2211 1739 2525 1805 promeruit.
2560 1742 2667 1791 etc.
2707 1737 2898 1791 Factus
2932 1737 3080 1791 enim
3130 1746 3213 1792 est
3262 1738 3538 1809 episcOpus
3565 1738 3753 1792 Hildesc-

2218 1824 2445 1891 mensis,
2495 1825 2690 1880 ordine
2745 1833 2992 1896 quartus,
3050 1826 3105 1880 in
3160 1842 3272 1898 quo
3327 1827 3595 1882 duodecim
3634 1827 3755 1881 annis

2218 1917 2542 1986 permansit,
2576 1924 2635 1970 ut
2686 1917 2879 1973 scribit
2908 1918 3164 1974 Albertus
3205 1920 3481 1974 Krautzius
3512 1919 3629 1973 |ib.i
3673 1919 3754 1973 tle-

2221 2011 2388 2074 lr0p.,
2429 2021 2476 2058 c.
2526 2005 2614 2059 30.
2650 2005 2895 2070 Quocum
2945 2007 3077 2061 satis
3130 2007 3406 2062 consentit
3448 2006 3580 2078 quod
3606 2024 3631 2061 a
3667 2006 3755 2060 Flo-

2220 2094 2426 2149 doardo
2454 2093 2550 2148 lib.
2586 2112 2666 2162 ιιι,
2697 2111 2740 2150 c.
2776 2095 2829 2161 2,
2859 2095 3240 2167 supervixisse
3271 2095 3530 2151 scribatur
3554 2093 3757 2166 usquead

2219 2205 2425 2244 annum
2439 2190 2562 2245 851.

1216 2567 1721 2657 SCHOLIA
1798 2570 1921 2656 IN
2004 2569 2461 2657 LIBRUM
2546 2536 3119 2660 TERTIUM.

1052 2930 1259 2988 CAPUT
1314 2931 1595 2987 PRIMUM.

590 3024 752 3078 Anno
777 3024 1012 3093 denique
1038 3025 1332 3078 Dominicce
1382 3026 1781 3081 incarnationis
1828 3024 1933 3081 845
1962 3028 2137 3081 Κανοέ

520 3117 602 3171 lus
623 3117 888 3186 synodum
925 3118 1296 3186 episcoporum
1317 3133 1473 3185 regni
1492 3119 1579 3173 sui
1586 3118 1737 3188 apud
1764 3119 2132 3185 Bellovagum.

522 3206 610 3262 Sic
672 3207 858 3262 omnia
904 3214 1093 3263 vetera
1144 3208 1498 3279 exemplaria,
1541 3209 1820 3279 quomodo
1860 3209 2024 3264 etiam
2055 3218 2138 3264 ter

522 3306 783 3373 quaterve
836 3300 1038 3375 legitur
1092 3300 1147 3355 in
1194 3301 1540 3356 Atrebatensi
1595 3302 1876 3357 Breviario
1929 3302 2020 3357 die
2068 3302 2137 3356 15

523 3394 673 3449 Julii.
737 3394 796 3448 ld
828 3393 861 3447 S
907 3400 960 3448 et
1003 3394 1029 3448 J
1061 3400 1413 3449 mutaverunt
1458 3394 1514 3448 in
1555 3410 1755 3450 nomen
1805 3396 1908 3450 hoc
1936 3394 2137 3450 saeculo

524 3481 781 3536 usitatius
810 3482 1165 3536 Bellovacum.
1216 3482 1483 3537 Baronius
1530 3490 1662 3539 tom.
1714 3484 1777 3550 X,
1811 3484 1878 3537 ad
1931 3484 2137 3539 dictum

526 3573 673 3627 hunc
695 3587 897 3626 annum
930 3588 996 3626 ex
1032 3579 1220 3627 nostro
1250 3572 1352 3626 hoc
1392 3572 1697 3627 Flodoardo
1729 3571 1930 3627 Gallice
1965 3573 2136 3640 edito,

526 3671 698 3719 totum
731 3665 836 3719 hoc
865 3670 1031 3735 caput
1061 3664 1302 3735 primum
1336 3664 1569 3720 inseruit
1594 3664 1710 3719 suis
1746 3665 2052 3720 Annalibus
2082 3666 2138 3720 in

528 3755 776 3809 Latinum
797 3770 1144 3819 conversum,
1174 3761 1230 3810 et
1256 3770 1323 3809 ex
1353 3769 1419 3809 eo
1452 3753 1640 3810 Binius
1661 3763 1795 3810 tom.
1830 3755 1901 3810 lll
1936 3755 2135 3825 Cpnci-

525 3850 745 3906 liorum.

594 3941 1015 4010 Archiepiscopo
1063 3939 1351 3995 Sennensis
1389 3939 1636 3995 Ecclesiae
1699 3938 1992 3995 Wenilone.
2051 3940 2140 3995 Sic

525 4033 712 4090 omnia
763 4032 991 4102 antiqua
1056 4030 1413 4101 exemplaria,
1466 4030 1614 4100 quod
1662 4046 1852 4085 rursus
1926 4031 1959 4084 S
2020 4031 2133 4086 etJ

524 4125 874 4177 mutaverunt
912 4118 1119 4189 ubique
1177 4117 1234 4171 in
1274 4120 1613 4185 Senonensis,
1663 4119 1941 4189 quomodo
1972 4120 2137 4175 etiam

527 4214 616 4269 hic
645 4210 883 4269 correxit
910 4209 1110 4280 aliquis
1140 4209 1197 4263 in
1231 4209 1300 4275 M,
1355 4224 1481 4263 cum
1512 4208 1666 4279 prius
1704 4208 1979 4283 legeretur
2004 4211 2139 4265 Sen-

524 4307 726 4370 nensis,
775 4301 1055 4373 quomodo
1107 4307 1162 4354 et
1200 4305 1516 4355 constanter
1567 4299 1769 4373 legitur
1799 4300 1941 4356 infra
1989 4319 2036 4357 c.
2070 4302 2140 4358 ‘20

2162 2942 2209 3007 (ζ
2232 2934 2433 2989 dicitur
2463 2934 2685 2989 Sennis.
2722 2958 2747 2981 ι»
2780 2934 2894 2999 Quo
2925 2934 3046 2990 loco
3072 2934 3310 3011 intelligi
3338 2935 3523 2991 urbem
3549 2934 3773 2988 Senonen-

2235 3042 2350 3081 sem
2384 3033 2532 3081 recte
2577 3026 2892 3098 suspicatur
2931 3027 3231 3094 Serrarius,
3282 3035 3338 3083 et
3376 3035 3520 3099 patet
3543 3042 3601 3081 ex
3634 3030 3774 3079 nostro

2234 3119 2542 3175 Flodoardo
2569 3135 2736 3190 supra
2775 3119 2873 3173 lib.
2898 3137 2956 3174 ιι.
2989 3135 3110 3191 cap.
3147 3121 3230 3175 16.
3267 3121 3508 3191 Denique
3535 3113 3777 3173 Senneusis

2237 3215 2504 3279 perpetuo
2532 3209 2733 3282 legitur
2766 3208 2823 3262 in
2867 3208 3029 3279 epist.
3064 3208 3279 3264 Nicolai
3307 3208 3465 3281 primi
3494 3208 3557 3263 ad
3585 3205 3777 3261 Carolum

2237 3316 2423 3376 regem
2452 3342 2465 3368 ,
2514 3308 2569 3355 et
2635 3300 2702 3354 ad
2757 3301 3081 3368 Egilonem,
3135 3317 3278 3372 quas
3328 3300 3498 3356 edidit
3548 3313 3642 3354 una
3688 3310 3778 3350 cum

2239 3394 2509 3450 Hincmari
2537 3395 2699 3466 epist.
2730 3394 2887 3451 Joan.
2934 3395 3248 3451 Cordesius.

2889 3485 3095 3541 CAPUT
3136 3487 3203 3540 ll.

2310 3579 2438 3644 Quae
2460 3586 2572 3635 toto
2603 3580 2708 3635 hoc
2737 3596 2857 3651 cap.
2900 3580 3174 3635 habentur
3198 3580 3272 3636 de
3318 3579 3525 3651 synodo
3552 3572 3785 3632 Parisieusi

2241 3670 2292 3725 in
2325 3686 2490 3726 causa
2532 3669 2738 3725 Ebonis
2766 3670 2973 3740 habita,
3003 3685 3069 3725 ea
3096 3668 3359 3725 similiter
3387 3686 3450 3725 ex
3491 3666 3671 3722 Gallico
3694 3676 3785 3717 con-

2239 3781 2398 3820 versa
2451 3764 2508 3819 in
2540 3765 2792 3820 Latinum
2840 3763 3010 3820 habet
3040 3764 3310 3820 Baronius
3363 3778 3503 3819 anno
3527 3761 3637 3823 847,
3678 3768 3786 3812 etc:

2239 3874 2305 3914 c0
2338 3857 2526 3914 Binius
2545 3864 2679 3912 tom.
2715 3857 2785 3912 lll
2821 3856 3024 3913 Concil.

2876 3946 3086 4010 CAPUT
3114 3947 3206 4002 III.

2308 4040 2380 4093 Et
2418 4039 2709 4106 impetrent
2742 4051 2846 4107 pro
2898 4037 3051 4091 nobis
3095 4036 3285 4106 offerri
3322 4050 3506 4092 sacras
3541 4030 3788 4087 oblationes-

2241 4131 2331 4187 Sic
2371 4130 2406 4186 C
2436 4131 2555 4187 etJ.
2598 4131 2764 4199 Alias,
2799 4133 3079 4201 imperent.
3114 4130 3184 4197 M,
3233 4133 3438 4186 intrent
3463 4145 3559 4200 pro
3583 4126 3711 4182 nobis
3729 4120 3791 4185 οῖ’

2237 4225 2411 4290 ferre;
2444 4238 2544 4294 pro
2570 4239 2680 4295 quo
2712 4224 2984 4289 S,instent
3004 4239 3104 4292 pro
3120 4224 3275 4279 nobis
3302 4224 3512 4293 offerre.
3541 4218 3637 4276 Sed
3660 4213 3792 4287 prima

2239 4311 2403 4366 lectio
2428 4312 2645 4368 videtur
2672 4311 2884 4367 melior.
2917 4311 3049 4366 Hinc
3079 4319 3260 4367 autem
3314 4311 3576 4367 docemur
3600 4307 3793 4360 vivorum

526 4403 582 4450 et
615 4394 704 4448 2|.
740 4392 1005 4461 Idemque
1036 4388 1237 4444 factum
1265 4396 1347 4443 est
1374 4386 1514 4444 infra
1554 4405 1676 4462 cap.
1709 4408 1769 4446 ιι.
1801 4391 1935 4446 Nam
1975 4399 2029 4448 et
2058 4393 2127 4447 ibi

2238 4405 2495 4481 suffragia
2520 4407 2780 4478 prodesse
2821 4404 3116 4461 defunctis.

528 4486 585 4541 in
638 4486 683 4540 Μ
745 4482 1036 4559 legebatur
1084 4496 1207 4536 cum
1262 4480 1540 4537 Wenitone
1585 4482 1864 4539 Sennensi.
1930 4483 2132 4539 Eodem

526 4577 692 4632 modo
741 4574 876 4650 legit
911 4572 1220 4629 Chronicon
1266 4570 1659 4628 Cameracense
1688 4573 1784 4627 lib.
1822 4591 1860 4641 ι,
1891 4589 2010 4645 cap.
2046 4575 2132 4638 43,

526 4682 645 4723 cum
681 4665 942 4722 Venelone
970 4663 1249 4719 Sennensi.
1283 4660 1430 4716 Infra
1468 4678 1587 4733 cap.
1620 4663 1691 4718 20
1726 4662 1914 4719 omnia
1943 4678 2134 4718 exem-

528 4758 702 4830 plaria
729 4758 1008 4825 Egilonem
1038 4760 1275 4820 vocant;
1320 4769 1368 4809 c.
1396 4754 1486 4818 22,
1528 4756 1884 4810 Wanilonem.
1912 4756 1968 4809 ln
2001 4756 2136 4811 Hist.

525 4852 743 4923 Tilpino
768 4849 1035 4919 inscripta
1065 4848 1264 4904 Ganelo
1288 4855 1534 4902 vocatur.
1565 4847 1657 4902 Sic
1688 4855 1742 4903 et
1779 4849 2137 4921 manuscript.

529 4941 810 5012 exemplar
840 4937 1087 4994 Historia:
1118 4936 1460 4992 scholasticae
1487 4935 1633 4991 Petri
1658 4937 1965 5005 Trecensis,
1993 4939 2141 5010 quod

529 5035 613 5084 est
663 5027 720 5081 in
753 5024 1091 5080 bibliotheca
1114 5023 1444 5078 cathedralis
1463 5023 1711 5079 ecclesiae
1742 5024 1797 5079 S.
1824 5025 2141 5093 Audomari,

530 5119 662 5191 legit
712 5118 994 5176 Wilhelmo
1031 5117 1311 5182 Sennensi,
1352 5114 1447 5170 ubi
1500 5115 1557 5168 in
1594 5115 1812 5171 excusis
1853 5126 1936 5171 est
1981 5119 2146 5173 Seno-

531 5210 704 5264 nensi.
739 5206 963 5262 Accedit
1001 5212 1057 5260 et
1103 5220 1209 5260 vox
1244 5204 1447 5260 Gallica
1473 5206 1623 5260 Sens.
1656 5205 1721 5259 Et
1750 5205 1807 5259 in
1838 5207 2147 5261 manuscri-

531 5304 625 5368 pto
667 5296 924 5370 Catalogo
955 5293 1345 5366 episcoporum
1380 5293 1546 5349 totius
1574 5292 1746 5360 orbis,
1778 5310 1940 5366 quem
1971 5310 2144 5366 penes

529 5405 620 5445 me
651 5390 849 5456 habeo,
882 5390 1005 5465 lego
1034 5391 1552 5460 archiepiscopatum
1587 5389 1946 5444 Siennensem.
1979 5388 2145 5443 Deni-

528 5493 637 5551 que
667 5479 951 5535 Zacharias
981 5494 1122 5550 papa
1144 5478 1199 5532 in
1231 5477 1393 5549 epist.
1436 5477 1504 5532 ad
1536 5477 1590 5532 S.
1626 5476 1985 5545 Bonifacium,
2022 5493 2144 5549 quae

530 5573 614 5621 est
644 5566 789 5623 inter
840 5567 1004 5637 epist.
1053 5564 1316 5623 Bonifacii
1357 5564 1480 5633 143,
1526 5566 1594 5621 de
1636 5566 1738 5621 hac
1767 5567 2003 5637 loquens
2030 5567 2140 5621 ait:

531 5682 557 5711 ει
599 5662 837 5719 Tertium
886 5660 1129 5735 denique
1177 5659 1599 5717 Hardthbertum
1652 5660 1707 5717 in
1749 5659 1968 5717 civitate
2024 5676 2145 5735 quae

2306 4566 2488 4635 Atque
2532 4566 2753 4635 pusillis
2798 4492 3374 4634 pugifig.rl:ixertum
3426 4569 3508 4619 est
3536 4577 3599 4616 an
3624 4550 3797 4633 propria

2237 4657 2347 4711 sint
2394 4656 2639 4721 nomina,
2692 4673 2761 4711 an
2804 4657 3156 4727 appellativa,
3203 4657 3354 4728 quod
3395 4656 3579 4712 verius
3612 4650 3798 4707 videtur.

2239 4754 2395 4809 Unde
2425 4753 2633 4808 Gallice
2663 4754 2913 4821 vertitur,
2965 4754 3013 4807 le
3054 4756 3196 4823 petit
3234 4755 3395 4818 nain,
3441 4751 3497 4806 id
3534 4758 3611 4805 est
3649 4752 3800 4817 parvus

2240 4859 2436 4897 nanus.

2313 4936 2460 4990 Sciat
2482 4934 2773 4989 secundum
2788 4934 2968 5002 dignae
2978 4936 3245 4988 memoriae
3272 4936 3384 5000 avi,
3405 4938 3455 4988 et
3478 4933 3578 5001 piae
3600 4920 3802 4982 recorda-

2243 5027 2406 5079 tionis
2427 5026 2687 5092 genitoris
2714 5026 2888 5079 nostri
2908 5009 3152 5093 capitula
3176 5040 3230 5078 se
3256 5022 3675 5078 emendaturum.
3701 5010 3803 5065 L003

2247 5119 2614 5190 Capilulorum
2656 5117 2835 5174 Caroli
2873 5119 3051 5191 Magni
3076 5178 3081 5181 μ
3106 5125 3161 5174 et
3214 5118 3476 5174 Ludovici
3511 5114 3585 5171 Pii
3621 5111 3669 5166 in
3692 5112 3803 5162 textu

2248 5207 2582 5264 notavimus.
2614 5208 2688 5261 Dc
2719 5207 2914 5263 eodem
2942 5216 3266 5280 argumento
3290 5206 3537 5261 Pithoeus
3557 5202 3607 5257 in
3635 5196 3806 5253 Glossa-

2246 5296 2328 5352 rio
2379 5297 2549 5354 verbo
2578 5299 2746 5354 Nona
2783 5301 2831 5350 et
2873 5296 3090 5352 decimae
3139 5296 3271 5351 citat
3319 5307 3587 5350 canonem
3610 5287 3672 5341 42
3711 5293 3802 5351 81⁷³⁸

2245 5392 2482 5465 Mogunt.
2499 5433 2513 5459 ,
2536 5392 2606 5446 46
2623 5391 2981 5456 Turonensis,
3011 5398 3067 5445 et
3085 5391 3155 5445 62
3190 5388 3504 5445 Meldensis.

2314 5462 2548 5536 Fossam
2584 5482 2824 5552 prazbere
2865 5481 3182 5536 consultum.
3215 5480 3305 5536 Sic
3349 5478 3387 5535 C
3418 5485 3473 5534 et
3498 5477 3547 5533 J.
3573 5462 3805 5540 Quomodo

2245 5570 2432 5627 omnia
2460 5572 2652 5645 legunt
2681 5588 2850 5643 supra
2877 5572 2975 5627 lib.
3009 5589 3071 5641 ιι,
3095 5588 3217 5644 cap.
3250 5571 3332 5633 19.
3368 5570 3426 5625 in
3453 5564 3639 5624 litteris
3659 5556 3802 5616 Ludo-

2246 5663 2352 5720 vici
2403 5664 2764 5736 imperatoris.
2800 5665 2967 5732 Alias,
2998 5664 3306 5734 consilium,
3354 5672 3415 5718 ut
3451 5660 3535 5716 MS
3573 5659 3669 5714 hoc
3693 5653 3805 5708 loco-
