3960 6160
244 241 329 297 373
1608 243 1672 297 ΙΝ
1718 242 1802 297 ιιι

1937 243 1965 296 li
2006 244 2097 298 Ill.
3411 249 3519 305 374

245 369 390 425 Utitur
420 365 595 421 eadem
624 379 756 420 voce
794 364 1048 421 Nicolaus
1074 383 1215 440 papa
1247 370 1289 437 l,
1319 368 1482 440 epist.
1514 370 1583 425 32
1609 390 1625 425 :
1647 391 1668 420 ι
1695 370 1795 425 Au-
1827 374 1879 443 Α
1901 386 2047 441 cap.,
2071 371 2364 442 reprobata
2406 389 2437 427 a
2485 372 2705 429 Nicolao
2760 390 2905 446 papa
2934 375 3069 430 LEX
3115 374 3275 431 istius
3318 378 3517 448 synodi

243 460 458 524 divimus,
486 455 674 528 inquit,
700 456 1015 513 Lotharinm
1037 461 1217 515 asede
1246 462 1548 531 apostolica
1564 462 1794 533 petitum
1900 462 2039 517 actis
2066 479 2132 518 ea
2161 479 2283 535 quze
2314 463 2404 518 hic
2434 463 2623 519 scribit
2678 472 2870 522 auctor
2906 466 3237 540 desumpsit,
3270 471 3521 542 plerum-

243 564 333 604 non
357 552 675 617 exspectasse
710 547 1043 615 consultum,
1072 569 1093 599 ι
1132 548 1222 604 Sic
1246 557 1301 606 et
1331 550 1387 605 in
1419 551 1673 607 Rothaldi
1700 567 1801 622 ap-
1902 569 2011 625 que
2031 552 2196 608 etiam
2228 553 2395 608 verba
2423 554 2540 624 ipsa
2560 562 2863 611 mutuatus.
2886 557 3042 621 Quod
3073 574 3103 613 a
3134 557 3355 617 Nicolao
3376 579 3523 635 papa

242 639 496 712 pellatione
534 637 611 725 ad
664 638 851 693 sedem
908 641 1265 711 apostolicam
1310 660 1380 696 :a
1420 644 1635 715 Absque
1674 658 1800 699 meo
1902 654 2191 703 retractata
2222 649 2294 703 sit
2351 657 2406 702 et
2463 649 2826 719 reprehensa,
2882 651 3064 721 quoad
3113 651 3520 724 depositionem

239 743 471 784 consensu
490 742 581 781 seu
603 728 876 783 consultu.
918 752 942 778 υ
977 729 1038 785 Et
1079 730 1388 787 Cbronicon
1411 730 1801 788 Cameracensc
1901 737 2120 792 illorum
2170 738 2495 794 clericorum
2543 738 2638 811 qui
2692 738 2759 793 ab
2818 739 3006 796 Ebone
3037 742 3279 799 ordinati
3305 739 3544 801 fuerant

237 817 316 872 lib.
367 833 437 882 ιιι,
480 832 592 887 cap.
619 817 725 871 26:
766 840 784 866 ι
832 819 898 874 Ut
927 835 1053 874 eum
1105 837 1135 874 a
1200 821 1492 877 consulatu
1525 821 1804 893 pontiﬁcis
1905 827 2173 900 (quamvis
2200 826 2530 898 subreptitie
2558 827 2806 895 ejusdem
2825 829 3021 898 synodi
3059 832 3520 901 approbationem

237 906 372 976 longe
390 904 592 960 faceret.
624 928 643 957 ι
673 906 886 971 Quibus
904 907 1041 964 locis
1067 910 1356 966 consultus
1382 910 1657 985 significat
1677 927 1807 967 con-
1904 932 1936 971 a
1966 915 2263 970 Benedicto
2291 930 2452 985 papa,
2478 920 2532 968 et
2561 914 2630 968 ab
2686 914 2807 985 ipso
2828 915 3052 972 Nicolao
3068 918 3181 987 jam
3204 927 3333 975 ante
3356 921 3523 977 Hinc-

234 996 540 1051 sultationem
578 997 664 1052 vel
690 999 1006 1054 consilium.
1041 1000 1217 1055 Utitur
1256 1002 1457 1057 eadem
1504 1018 1639 1059 voce
1670 1003 1802 1059 Ful—
1907 1024 2091 1063 marus
2110 1007 2434 1075 obtinuerit,
2458 1006 2769 1062 utostendit
2798 1008 3036 1079 epistola
3066 1010 3273 1066 Nicolai
3300 1012 3369 1067 52
3397 1015 3525 1082 et5,

232 1083 384 1138 bertus
407 1085 566 1155 ϐρίθει
600 1084 949 1142 Carnotensis
963 1088 1126 1159 epist.
1147 1088 1235 1144 39.
1908 1101 2053 1156 inter
2085 1117 2178 1155 eas
2202 1116 2325 1172 qua:
2357 1106 2487 1156 sunt
2539 1100 2594 1154 in
2654 1100 2962 1171 appendice
2987 1101 3347 1173 epistolarum
3380 1106 3523 1175 ejus,

824 1198 1040 1255 CAPUT
1100 1200 1162 1255 ν,
1909 1190 2057 1262 quod
2085 1189 2287 1245 fatetur
2305 1190 2472 1244 etiam
2524 1189 2647 1260 ipse
2676 1189 2944 1254 Baronius
2992 1199 3123 1247 tom.
3162 1192 3524 1264 Xann0863,

288 1289 587 1358 Hujmodi
633 1293 798 1359 regia,
851 1293 1200 1361 bmignuaus
1236 1295 1458 1361 γαηοιαε
1508 1296 1808 1349 damma-
1910 1284 2005 1339 ubi
2043 1284 2294 1339 eamdem
2348 1282 2547 1339 intexit
2600 1283 2956 1355 epistolam):
2989 1285 3160 1357 quod,
3212 1285 3463 1356 inquam,
3494 1304 3527 1342 a

234 1382 365 1436 tibus.
390 1382 469 1436 Sic
520 1383 706 1438 omnia
752 1385 1109 1456 exemplaria,
1164 1402 1262 1457 pro
1319 1403 1430 1459 quo
1469 1387 1802 1442 Ssubstituit

1937 1372 2133 1430 licolao
2165 1389 2305 1444 papa
2358 1372 2654 1444 reprobata
2705 1372 2795 1439 sit,
2848 1380 2998 1443 patet
3054 1390 3119 1429 ex
3170 1374 3406 1446 epistola
3453 1376 3524 1430 46

232 1472 393 1537 fretus.
416 1472 611 1528 Sensus
630 1482 713 1528 est
746 1491 760 1528 :
789 1474 921 1529 Cum
954 1476 1185 1532 haberet
1216 1477 1533 1547 hujusmodi
1565 1476 1802 1533 auctori-

1937 1473 1965 1521 ιι
2003 1466 2069 1521 47
2092 1465 2364 1534 ejusdem,
2396 1471 2451 1520 et
2480 1464 2535 1518 in
2567 1464 2880 1536 appendice
2945 1465 3181 1536 epistola
3210 1465 3275 1522 13
3336 1474 3391 1522 et
3431 1468 3521 1533 15,

235 1568 365 1629 tates,
392 1563 488 1618 hoc
512 1570 593 1620 est
622 1564 805 1620 edicta
833 1581 933 1621 seu
958 1567 1263 1637 diplomata
1909 1553 2004 1627 qui
2035 1553 2197 1609 aliam
2214 1553 2378 1626 jussit
2405 1553 2730 1627 congregari
2760 1553 3034 1626 synodum
3076 1555 3134 1609 in
3165 1555 3361 1611 eadem
3383 1556 3525 1611 civi-

290 1657 482 1711 Librum
509 1672 717 1727 quoque
745 1659 1238 1725 Sacramentorum,
1269 1662 1365 1717 sed
1408 1665 1459 1716 et
1516 1662 1802 1716 Lectionu-

1937 1654 2020 1701 ate
2037 1645 2429 1702 Sucssionensi
2450 1660 2619 1716 super
2645 1645 2841 1700 eadem
2866 1644 3340 1719 difticultate,qute
3353 1648 3531 1704 dictos

290 1695 482 1711 υννσι-υσ
509 1695 715 1727 via-mtuo
745 1695 864 1715 υιιυι
881 1695 1108 1715 ωηοωηυι
1129 1695 1238 1725 uno,
1269 1695 1363 1717 acu
1408 1695 1456 1716 σο
1516 1695 1805 1716 ucuowuu-
1840 1695 1890 1764 B
1913 1695 2017 1701 ""'
2039 1695 2429 1702 —-""""""
2451 1695 2609 1716 --ινν-
2651 1695 2841 1700 ’νη-’π-
2871 1695 3338 1719 ”“·“-ν’-·“-“›“ι“·’ν
3356 1695 3530 1704 ἠν-νυ

230 1749 368 1811 rium,
394 1764 516 1818 quos
544 1750 717 1804 scribi
737 1751 887 1818 fecit,
945 1752 1099 1807 ebore
1146 1759 1479 1825 argentoque
1509 1753 1803 1809 decoravit,
1909 1739 2141 1795 clericos
2180 1737 2550 1794 restituendos
2593 1753 2715 1793 esse
2746 1737 3009 1794 decrevit.
3064 1739 3185 1795 Haec
3229 1740 3417 1796 habita
3446 1748 3533 1797 est

232 1837 366 1893 Liber
385 1839 850 1898 Sacramentorum
906 1845 1208 1916 veteribus,
1269 1863 1334 1903 ac
1388 1848 1715 1904 nominatim
1748 1848 1806 1903 Β.
1911 1846 2058 1887 anno
2089 1830 2214 1887 866·

230 1928 469 2004 Gregorio,
508 1937 588 1987 est
610 1948 777 2003 quem
818 1949 919 1988 nos
976 1934 1178 1991 librum
1246 1936 1543 2002 Missalem,
1599 1938 1687 1992 vel
1751 1937 1802 1991 in

1980 1924 2258 1979 Amalrico
2300 1924 2617 1978 Turonensi.
2660 1922 2741 1976 lta
2796 1922 2881 1989 ω,
2942 1929 3054 1978 tom
3126 1922 3423 1979 Coneilior.
3476 1931 3531 1979 et

231 2025 392 2073 neutro
414 2035 633 2092 genere,
674 2021 890 2080 Missale
943 2024 1198 2080 dicimus.
1255 2026 1650 2093 Lectionarius,
1711 2027 1805 2099 qui
1908 2016 2108 2071 Chron.
2145 2014 2538 2069 Cameracense
2595 2013 2701 2081 MS,
2738 2016 3007 2070 Alman'co
3056 2022 3111 2070 et
3161 2015 3305 2071 infra
3338 2018 3529 2072 Alma-

225 2106 451 2162 lectiones
471 2108 739 2180 cujusque
764 2111 876 2166 diei
925 2113 1265 2169 continebat.
1294 2114 1509 2169 Similia
1545 2114 1807 2186 leguntur
1905 2110 2098 2173 ricum,
2134 2115 2189 2161 et
2209 2106 2465 2161 similiter
2493 2106 2580 2160 bis
2607 2121 2726 2176 cap.
2754 2104 2843 2160 21.
2867 2106 3035 2161 Plena
3057 2106 3228 2161 dictio
3246 2114 3329 2161 est
3358 2108 3534 2163 Ama-

225 2194 339 2249 infra
362 2213 473 2269 cap.
499 2199 531 2252 9
560 2199 692 2253 data
743 2198 814 2254 ab
871 2202 1069 2256 eodem
1128 2202 1421 2259 Hincmaro
1461 2203 1711 2259 ecclesiae
1743 2203 1799 2257 S.
1905 2200 2128 2264 laricus,
2163 2198 2309 2273 regis
2329 2198 2776 2269 Wisegothorum
2824 2214 3049 2253 nomen.
3084 2199 3221 2253 Item
3248 2199 3316 2263 Μ,
3357 2202 3530 2254 Turo-

224 2286 441 2363 Remigii.
1904 2304 2082 2344 nense.
2116 2287 2525 2351 Catalaunense,
2552 2288 2995 2353 Noviomagense,
3027 2296 3081 2340 et
3115 2286 3188 2340 ita
3210 2286 3279 2340 de
3310 2287 3525 2341 caeteris

831 2364 1042 2420 CAPUT
1072 2366 1157 2421 νιν
1901 2377 2163 2433 omnibus
2194 2392 2294 2447 per
2322 2392 2367 2440 e,
2401 2374 2508 2428 nisi
2559 2374 2708 2446 quod
2770 2375 2914 2450 legat
2968 2375 3247 2441 Sennensz,
3291 2391 3389 2445 pro
3417 2391 3526 2447 quo

273 2453 684 2526 Praparansque
730 2458 1081 2513 candelarum
1137 2460 1484 2514 munuscula.
1519 2458 1645 2515 llaec
1668 2475 1798 2515 vera

1937 2476 2166 2525 inlatum
2194 2476 2297 2535 est,
2330 2468 2623 2523 Senonensi
2677 2474 2731 2521 et
2760 2468 3147 2523 Cameracensi.
3195 2467 3393 2521 Verum
3422 2468 3529 2523 hoc

221 2545 289 2593 est
307 2540 469 2598 lectio.
501 2544 610 2599 Sed
653 2544 740 2612 Μ,
790 2547 1180 2603 candelabrum
1207 2549 1554 2614 munuscula,
1589 2565 1653 2603 ex
1686 2564 1797 2620 quo

1937 2578 2021 2619 ico
2078 2560 2407 2616 retinuimus
2458 2559 2799 2615 usitatiorem
2855 2559 3311 2626 declinationem,
3356 2543 3528 2615 secuti

218 2628 323 2684 fecit
363 2631 549 2726 εει-1
610 2635 1013 2726 Gaudelabrum
1066 2642 1114 2726 et
1162 2640 1504 2693 munuscula-
1564 2637 1635 2691 ΕΧ
1694 2638 1799 2693 hoc
1899 2654 2375 2726 aliaexemplaria,
2409 2660 2463 2708 et
2517 2660 2681 2724 prout
2726 2651 2927 2725 legitur
2967 2653 3021 2706 in
3058 2651 3220 2708 tomis
3252 2651 3525 2708 Concilio-

219 2728 372 2819 autem
400 2720 661 2819 discimus
689 2722 862 2779 fuisse
892 2726 1059 2780 etiam
1090 2725 1188 2782 illo
1243 2734 1495 2799 tempore
1543 2727 1796 2782 usitatam
1905 2765 2047 2816 mm,
2070 2756 2131 2803 ιη
2155 2720 2545 2819 ρὶοηυηιίριηξ.
2562 2720 2834 2799 δωειίνιζε
2864 2759 2962 2814 ρετ
2990 2746 3029 2799 ε,

220 2805 431 2864 ﬁdelium
472 2811 851 2883 devotionem,
884 2830 1047 2885 quam
1102 2815 1715 2872 etiamnum'cernimus
1743 2821 1802 2871 ut

1973 2805 2211 2899 Huberio
2256 2839 2533 2895 Meldensi.
2582 2838 2661 2892 Ita
2690 2836 2785 2906 Cl,
2831 2805 2977 2891 sicut
3011 2844 3065 2891 et
3096 2834 3294 2892 tabulae
3324 2837 3526 2892 Demo-

220 2901 396 2957 ³³¹¹⁰ίί⁸
429 2903 725 2959 luminaria
745 2907 1132 2962 δθεθηάθτθηί·
1904 2932 2103 2988 charis.
2146 2930 2210 2985 At
2230 2928 2466 3000 reliqua,
2498 2927 2765 2983 Hucberto
2795 2932 2856 2980 ut
2885 2925 2940 2979 in
2972 2932 3104 2981 tom.
3132 2925 3363 2993 Concil.,
3392 2941 3528 2998 quo-

813 3022 1024 3078 CAPUT
1056 3023 1165 3078 Vll.
1828 3068 1871 3092 η
1904 3026 2071 3083 modo
2093 3025 2256 3080 etiam
2288 3038 2491 3079 nomen
2541 3020 2898 3089 Leodicensis
2951 3020 3197 3092 episcOpi
3229 3021 3286 3075 in
3314 3037 3517 3076 mauu-

275 3113 442 3169 Velum
466 3132 587 3172 vero
624 3119 899 3188 quoddam
921 3135 1223 3189 oppansum
1263 3119 1465 3175 ibidem
1492 3121 1796 3177 videbatur.
1825 3108 1875 3136 υ
1905 3115 2124 3187 scriptis
2150 3111 2436 3168 codicibus
2466 3109 2738 3185 Sigeberti
2772 3115 3041 3180 perpetuo
3072 3108 3293 3183 legitur.

214 3202 287 3258 Sic
308 3203 354 3258 M
379 3214 430 3262 et
456 3208 521 3263 R.
549 3210 663 3265 Sed
691 3210 779 3279 Cl,
811 3227 1126 3282 appensum.
1160 3212 1218 3279 S,
1250 3228 1560 3283 oppensum.
1614 3279 1625 3283 Α
1970 3210 2108 3263 Jona
2137 3202 2641 3273 Augustudunensi.
2667 3200 2738 3256 Μ.
2769 3200 3266 3269 Augustiduncnse,
3292 3215 3391 3272 pro
3414 3215 3525 3272 quo

792 3279 1000 3378 cal—IUT
1053 3323 1190 3378 νηί,
1276 3279 1296 3283 _
1316 3279 1336 3283 _
1613 3279 1626 3294 ’
1902 3300 1964 3357 SJ
1996 3297 2490 3368 Augustodunensi,
2523 3294 2670 3366 quod
2702 3309 2852 3349 nunc
2880 3292 3160 3348 usitatius.

1973 3393 2271 3453 Godelsado
2302 3389 2663 3450 Cavilonensi.
2696 3387 2789 3443 Sic
2837 3387 3024 3442 omnia
3055 3385 3285 3456 antiqua
3324 3401 3520 3440 exem-

272 3410 513 3467 Scammis
544 3414 757 3482 εαΡεεία
794 3412 992 3467 reddit.
1023 3412 1135 3468 Hoc
1172 3418 1255 3467 est
1288 3412 1526 3483 reponit.
1560 3412 1651 3468 Sic
1680 3428 1802 3467 om-
1973 3410 2271 3453 uouetsaao
2302 3410 2663 3484 vaviaouensz.
2697 3410 2789 3443 om
2837 3410 3024 3442 umqu
3055 3410 3285 3484 antiqua
3324 3410 3520 3484 Ulixen-1'-
3621 3464 3627 3473 ὁ

1902 3485 2075 3557 plaria
2105 3500 2119 3548 ;
2154 3484 2188 3537 S
2219 3481 2317 3537 etJ
2353 3478 2760 3535 substituerunt
2785 3492 2987 3533 nomen
3028 3475 3306 3533 recentius
3337 3475 3520 3532 Cabil—

217 3496 291 3551 nia
314 3501 664 3572 exemplaria,
707 3508 906 3573 praeter
933 3500 1043 3567 Μς,
1094 3502 1243 3573 quod
1273 3502 1459 3567 habet,
1486 3506 1677 3557 sancta
1716 3508 1802 3557 ta-

209 3594 602 3658 petiareddidit.
638 3593 711 3648 Ex
743 3593 811 3648 iis
841 3602 1022 3649 autem
1057 3610 1180 3666 quae
1201 3594 1292 3649 hic
1307 3594 1801 3651 relerunturdisci-
2398 3657 2428 3669 ﬂ
2514 3658 2524 3669 _
2630 3656 2641 3669 .
2720 3654 2764 3669 η
2850 3654 2879 3669 η
3195 3653 3210 3669 ι
3264 3652 3293 3669 η
3482 3654 3493 3665 ,

216 3695 317 3735 mus
344 3691 667 3739 ornamenta
696 3683 946 3739 ecclesiae
977 3700 1088 3740 non
1107 3700 1229 3740 esse
1245 3685 1574 3757 applicanda
1586 3686 1650 3741 ad
1671 3702 1802 3743 usus

1970 3663 2338 3719 Hildebranno
2390 3656 2659 3725 Sagiensi.
2720 3654 2788 3711 M.
2850 3654 3118 3729 Sogense,
3184 3653 3235 3718 .l,
3264 3652 3522 3727 Sagcnsi,

210 3770 456 3837 profanos.
1281 3747 1293 3756 ’
1321 3747 1333 3757 ’
1900 3756 2181 3831 quomodo
2208 3762 2262 3810 et
2292 3754 2348 3808 in
2380 3752 2543 3808 tomis
2590 3748 2795 3805 Concil.
2828 3749 2919 3804 hic
2948 3748 3168 3837 legitur.
3197 3747 3262 3837 At
3286 3747 3342 3801 in
3377 3748 3520 3802 sub-

821 3845 1029 3901 CAPUT
1071 3845 1156 3900 ΙΧ.
1901 3846 2200 3917 scriptione
2266 3840 2487 3898 concilii
2539 3837 2814 3893 Tullensis
2879 3844 2935 3891 et
2981 3853 3019 3890 ιι
3080 3835 3520 3904 Suessionensis,

268 3933 504 3991 Versibus
532 3937 700 3990 etiam
729 3951 863 3990 auro
888 3938 1106 4007 inclytis
1157 3938 1543 4007 prastitulavit,
1577 3937 1667 3992 Sic
1689 3938 1794 3994 MS.
1902 3936 2302 3997 Hildebrandus
2331 3934 2623 4002 Sagiensis.
2646 3928 2913 3984 Similiter
2956 3929 3014 3983 in
3069 3928 3276 3983 tabulis
3323 3929 3522 3984 Demo-

210 4019 511 4087 Atl,inlitis.
545 4023 630 4092 (3,,
660 4025 874 4080 inditis.

1937 4031 2082 4087 haris
2104 4029 2248 4083 inter
2279 4026 2573 4097 episcopos
2618 4022 2914 4096 Sagienses
2960 4035 3110 4076 nono
3146 4021 3266 4075 loco
3300 4021 3523 4091 ponitur

821 4116 1028 4174 CAPUT
1093 4120 1154 4174 X.
1902 4127 1936 4179 S
2016 4120 2437 4177 Hildebrandus.
2498 4116 2772 4188 Oppidum
2830 4114 3053 4190 Sagium
3108 4113 3418 4185 appellatur
3466 4123 3522 4170 et

266 4205 418 4270 Quem
468 4210 853 4278 quotidianum
885 4211 1052 4279 pallii
1076 4227 1240 4266 usum
1269 4212 1411 4266 nulli
1438 4227 1679 4282 unquam
1706 4230 1800 4267 αν-
1900 4216 2109 4280 Saium,
2137 4213 2232 4269 Gal
2279 4213 2404 4269 Seez
2426 4210 2483 4264 in
2513 4207 2905 4264 Nordmandia.

208 4295 511 4371 chiepiscopo
536 4304 937 4357 seconcessisse.
972 4302 1048 4357 De
1075 4303 1403 4359 auctoritate
1431 4311 1486 4358 et
1513 4321 1615 4359 usu
1646 4304 1795 4375 pallii
1973 4308 2227 4379 Rigboldo
2284 4308 2559 4361 Remorum
2606 4303 2998 4372 chorepiscopo.
3057 4300 3148 4356 Sic
3198 4299 3234 4354 C
3281 4306 3336 4354 et
3381 4301 3517 4355 tomi

211 4391 281 4436 est
308 4386 491 4442 titulus
520 4389 556 4445 8
596 4388 695 4443 lib.
758 4390 1182 4445 iDecretalinm.
1246 4391 1514 4447 Baronius
1570 4398 1680 4447 tom
1755 4392 1797 4446 X
1831 4401 2141 4467 “Concil.,
2168 4398 2264 4455 ubi
2294 4404 2521 4452 vocatur
2556 4394 2880 4462 Rigbaldus,
2929 4409 3029 4465 pro
3081 4407 3190 4465 quo
3230 4407 3339 4448 non
3373 4401 3522 4448 recte

206 4472 398 4532 duobus
420 4478 580 4542 locis,
613 4480 871 4536 videlicet
923 4481 1028 4538 849
1054 4489 1110 4537 et
1134 4482 1260 4549 852,
1305 4483 1498 4539 scribit
1518 4484 1797 4539 Nicolaum
1831 4436 1885 4504 D
2234 4490 2425 4564 legunt
2445 4486 2532 4541 MS
2561 4436 2684 4541 et}.

207 4582 379 4637 papam
410 4588 619 4649 negare
651 4573 821 4629 fuisse
874 4590 1196 4630 conoessum
1253 4574 1541 4630 Hincmaro
1574 4575 1799 4646 pallium
1979 4585 2122 4653 Lupo
2160 4580 2352 4634 abbate
2381 4576 2697 4631 monasterii
2743 4573 2889 4644 quod
2926 4573 3130 4628 dicitur
3182 4575 3517 4628 Ferrarium.

204 4653 261 4708 ad
286 4672 434 4714 usum
485 4662 877 4734 quotidianum
908 4679 940 4717 a
994 4664 1178 4719 Leone
1231 4680 1393 4736 papa,
1426 4692 1449 4710 «ι
1492 4673 1571 4731 ιιι,
1604 4664 1800 4736 inquit,
1908 4674 1999 4727 Sic
2028 4668 2216 4728 omnia
2241 4664 2599 4737 exemplaria.
2630 4665 2688 4718 In
2711 4670 2844 4718 tom.
2876 4662 3081 4718 Concil.
3106 4683 3130 4714 α
3168 4662 3517 4732 Lupoabbat,

203 4760 289 4802 suo
313 4751 684 4809 locodicetur.
724 4777 744 4805 ι
779 4756 977 4810 Verum
1010 4756 1067 4810 in
1098 4755 1272 4830 gestis
1303 4755 1508 4811 Nicolai
1568 4772 1723 4828 papae
1751 4756 1806 4810 id
1910 4761 2226 4820 monasterii
2280 4758 2624 4824 Bethlehem,
2671 4756 2820 4828 quod
2871 4755 3148 4810 Feri-arias
3210 4754 3433 4809 dicitur,
3495 4774 3515 4801 ι

206 4850 449 4911 nusquam
473 4843 721 4898 ostendit
774 4843 968 4899 falsum
1024 4844 1219 4913 fuisse,
1248 4845 1351 4899 etsi
1376 4845 1445 4899 de
1478 4845 1602 4900 aliis
1626 4845 1797 4901 Hinc-

1937 4858 2143 4928 ltroque
2188 4853 2337 4908 enim
2391 4850 2689 4906 vocabatur
2736 4848 2979 4904 nomine.
3039 4847 3208 4915 llujus
3256 4847 3390 4917 Lupi
3420 4847 3520 4901 ab-

207 4947 394 4989 marum
436 4938 753 5014 redarguat.
1903 4943 2046 5000 batis
2076 4948 2250 4997 exstat
2278 4940 2419 4994 liber
2438 4937 2813 5010 epistolarum.

268 5024 665 5084 Commendasse
691 5032 962 5100 reperitur
982 5032 1249 5101 episcopis
1282 5035 1444 5101 atque
1479 5032 1690 5100 legatis.
1712 5031 1803 5086 Sic
1969 5035 2215 5089 Heriaco.
2245 5030 2294 5085 Μ
2320 5037 2375 5085 et
2398 5028 2550 5084 aliud
2580 5027 2882 5098 exemplar,
2935 5026 3145 5080 Heirico
3189 5023 3276 5092 SJ,
3309 5026 3518 5079 Ilerico.

210 5112 393 5172 MS.At
446 5120 560 5188 CJ.,
619 5123 875 5191 epistolis.
938 5122 1093 5177 Prior
1149 5123 1315 5178 lectio
1370 5124 1545 5197 magis
1604 5125 1801 5195 placet,
1904 5120 2274 5179 tomiConcil.
2315 5121 2498 5175 Erico.

205 5208 320 5278 quia
348 5213 415 5268 de
437 5215 696 5286 epistolis
734 5232 861 5271 mox
889 5209 1033 5270 infra
1054 5217 1322 5289 sequitur.
1974 5213 2367 5269 Hairohaldus.
2429 5210 2519 5264 Sic
2556 5208 2664 5264 MS.
2716 5207 2775 5261 Al
2809 5249 2825 5277 ,
2881 5206 3201 5271 Hairoldus,
3234 5211 3296 5259 ut
3353 5203 3437 5259 ω.
3464 5204 3521 5259 ln

830 5304 1039 5361 CAPUT
1078 5304 1163 5361 XI.
1907 5315 2040 5362 tom.
2085 5303 2293 5360 Concil.
2324 5301 2711 5359 Harowaldus.

266 5389 561 5459 Desynodo
600 5395 1039 5462 comprovinciali
1061 5395 1211 5463 apud
1242 5396 1609 5451 Suessonicam
1625 5393 1808 5448 urbem
1980 5397 2207 5453 Nomine
2234 5392 2536 5448 Halduiuo.
2596 5391 2675 5445 Ita
2724 5386 2830 5453 BC,
2882 5394 2937 5442 et
2982 5394 3115 5442 tom.
3177 5386 3381 5442 Co‘ncil.
3416 5385 3525 5441 Sed

206 5473 396 5532 habita.
418 5480 609 5535 Exstat
636 5488 765 5536 tom.
806 5483 872 5537 ΙΙΙ
932 5482 1299 5539 Conciliorum
1332 5525 1346 5550 ,
1406 5492 1558 5554 parte
1609 5483 1805 5553 prima,
1912 5484 1997 5539 MS
2026 5484 2322 5549 Balduino,
2356 5479 2572 5536 tametsi
2630 5480 2676 5534 M
2710 5479 2850 5534 infra
2892 5479 3231 5535 Halduinum
3277 5476 3406 5550 legit
3427 5489 3525 5544 pro

206 5562 466 5623 celebrata
487 5585 640 5626 anno
688 5573 815 5638 853,
877 5579 1133 5644 tempore
1182 5572 1381 5629 Leonis
1412 5573 1615 5640 1V,sed
1644 5581 1704 5629 ut
1733 5573 1808 5627 ibi
1910 5588 2021 5646 quo
2053 5573 2198 5627 male
2228 5576 2536 5627 correctum
2568 5569 2917 5626 Baldui-num.
2948 5567 2997 5633 J,
3030 5566 3316 5621 Harduino
3375 5569 3525 5617 utro-

208 5662 433 5728 notatur,
465 5671 524 5718 et
554 5662 697 5718 infra
752 5664 956 5720 fatetur
1006 5671 1199 5721 auctor
1254 5672 1443 5722 noster
1485 5666 1589 5722 hoc
1609 5666 1806 5722 eodem
1907 5665 2098 5739 hique.
