3960 6160
427 251 529 305 375

1258 243 1656 298 COLVENERII
1698 243 1970 298 SCIIOLIA
2017 246 2080 298 IN
2124 247 2293 300 HIST.
2339 247 2620 301 REMENS.
2666 248 2909 303 ECCLES

3607 266 3692 324 376

503 381 775 436 Przmnissi
795 379 1022 446 denique
1059 376 1275 430 concilii
1296 375 1577 444 praesules,
1627 376 1932 444 apostolicos
1971 390 2053 429 sc-
2077 380 2128 447 Α
2153 376 2310 450 regni
2341 393 2372 430 a
2402 377 2591 432 Carolo
2625 377 2806 443 Calvo,
2863 387 3013 448 patre
3062 382 3235 450 ipsius
3271 384 3462 440 .Iudith.
3493 390 3700 446 Videatur

432 477 518 529 dis
556 474 854 528 obcilientes
879 471 1184 538 pra-:ceptis,
1241 474 1327 520 etc
1359 508 1371 530 ,
1403 467 1720 536 hujus-modi
1746 468 2048 535 prin/bren-

436 573 508 622 tcs
530 565 828 634 epistolam.
858 562 980 615 Haec
1043 559 1296 630 epistola,
1329 559 1484 626 cujus
1547 559 1844 612 summaria
1874 559 2052 628 capita

439 651 814 707 tantummodo
855 650 944 704 hic
989 650 1326 712 inseruntur,
1381 656 1466 702 est
1519 648 1782 717 synodica
1823 647 2052 716 epistola

437 740 656 795 concilii
687 739 998 804 Trecensis,
1032 739 1100 792 de
1132 754 1240 808 quo
1281 736 1421 791 infra
1478 754 1598 808 cap.
1662 739 1746 802 17,
1782 738 1932 807 quod
1963 753 2052 790 ce-

439 835 710 889 lebratum
753 840 836 886 est
902 832 968 884 ab
1024 831 1222 884 iisdem
1273 831 1548 901 epiSCOpis
1602 845 1746 884 anno
1778 829 2054 899 sequenti,

441 927 697 984 videlicet
737 926 862 991 867,
923 941 954 978 a
1001 923 1200 994 quibus
1263 922 1598 977 celebratum
1659 931 1774 977 erat
1804 922 2055 976 Suessio-

443 1032 612 1071 nense
644 1031 789 1069 anno
821 1012 946 1078 866,
1009 1021 1066 1066 ut
1113 1012 1230 1082 ipse
1284 1012 1476 1066 titulus
1530 1012 1755 1076 indicat,
1786 1013 2058 1066 destinata

442 1107 668 1178 quidem
728 1105 793 1157 ad
843 1103 1143 1168 Nicolaum,
1191 1101 1288 1154 sed
1340 1101 1548 1154 reddita
1597 1102 1716 1170 ejus
1746 1100 2052 1155 successori

444 1197 679 1252 Adriano
712 1197 774 1248 Il.
805 1192 1436 1250 Exstattom.IIIConcil.
1473 1192 1528 1245 in
1557 1190 2054 1262 ﬁneprimzepartis

443 1290 536 1344 ubi
576 1287 838 1359 praecedit
865 1295 919 1341 et
949 1286 1054 1340 alia
1081 1285 1313 1354 epistola
1329 1285 1648 1338 eorumdem
1666 1284 2052 1354 episcoporum

445 1399 508 1436 ex
549 1381 784 1435 concilio
813 1377 1200 1432 Suessionensi
1220 1376 1421 1446 scripta
1453 1392 1598 1434 anno
1627 1375 1926 1446 superiori,
1958 1392 2056 1429 cu-

435 1472 528 1539 jus
557 1470 719 1540 paulo
751 1469 1006 1538 superius
1055 1474 1242 1521 auctor
1295 1475 1481 1521 noster
1521 1466 1788 1520 meminit.
1825 1467 1930 1519 Ilac
1954 1482 2056 1519 au—

443 1572 552 1619 tem
585 1562 818 1632 epistola
848 1559 900 1626 “2,
937 1559 1096 1629 plene
1146 1558 1491 1613 satisfaciunt
1552 1560 1617 1612 iis
1647 1576 1769 1629 qua:
1804 1559 2055 1612 Nicolaus

444 1670 585 1724 papa
625 1652 858 1722 epistola
896 1649 964 1703 46
1009 1648 1146 1718 ipsis
1201 1649 1530 1717 injunxerat.
1565 1648 1856 1724 inscriptio
1893 1647 2055 1717 paulo

445 1743 660 1813 plenior
686 1747 771 1794 est
825 1740 880 1792 in
935 1739 1098 1794 tomis
1160 1738 1546 1802 Conciliorum,
1608 1723 1745 1791 et-in
1779 1725 2133 1808 09118611ιὶ5Ιῖ

449 1832 720 1886 Ilincmari
778 1846 953 1899 nuper
1001 1829 1166 1882 editis
1207 1843 1303 1898 per
1339 1827 1606 1882 Joannem
1658 1826 2064 1881 Lemovicensis

447 1928 703 1984 Ecclesiae
735 1925 1060 1982 canonicum
1095 1941 1108 1976 :
1138 1944 1161 1974 ί(
1224 1923 1704 1976 Reverendissimo
1746 1929 1798 1975 et
1829 1922 2063 1976 sanctis-

447 2020 589 2073 simo
613 2017 837 2072 domino
872 2016 1016 2069 Patri
1051 2029 1114 2068 ac
1145 2012 1445 2068 universali
1477 2028 1631 2082 papae
1659 2011 1902 2076 Nicolao,
1946 2012 2064 2081 cpi-

447 2109 622 2179 SCOpI,
643 2107 736 2178 qui
759 2105 1035 2178 przctcrito
1083 2119 1226 2158 anno
1277 2119 1376 2173 per
1406 2103 1638 2173 gratiam
1671 2101 1762 2155 Dei
1795 2109 1848 2155 et
1869 2102 2065 2156 decre—

449 2206 560 2252 tum
590 2205 831 2250 vestrum
867 2194 1015 2265 apud
1072 2192 1458 2248 Suessonicam
1505 2192 1698 2246 urbem
1757 2207 1886 2245 cum
1946 2190 2068 2244 aliis

449 2290 542 2362 qui
575 2297 704 2344 tunc
731 2285 1332 2357 nequicruntadeesse,
1351 2301 1444 2338 vm
1473 2282 1703 2336 Kalend.
1725 2281 2066 2348 Novembris,

451 2378 949 2454 primaindictionc
981 2376 1127 2446 apud
1154 2376 1352 2430 Trecas
1395 2374 1781 2430 convenimus.
1814 2393 1837 2423 ι)
1871 2373 2070 2426 Praeter

451 2475 660 2528 litteras
725 2469 1018 2540 synodales
1071 2483 1135 2520 ex
1175 2467 1376 2532 concil,
1419 2482 1454 2518 ιι
1497 2463 1884 2518 Suessionensi
1918 2462 2072 2518 dedit

452 2574 505 2621 et
537 2566 799 2636 privatam
838 2561 998 2632 epist.
1039 2560 1364 2613 I-Iincmarus
1403 2558 1470 2611 ad
1505 2557 1784 2611 Nicolaum
1819 2573 2016 2626 papam
2054 2573 2066 2620 ;

455 2677 563 2732 qua
588 2676 646 2713 se
670 2667 894 2712 excusat
934 2656 1080 2727 quod
1113 2670 1222 2708 non
1278 2654 1458 2707 statim
1501 2653 1732 2707 clericos
1765 2652 1886 2706 illos
1913 2652 2073 2706 resti-

457 2751 642 2807 tuerit.
707 2751 886 2803 Exstat
911 2747 1058 2817 apud
1091 2745 1382 2799 Baronium
1440 2742 1588 2798 dicto
1619 2758 1764 2796 anno
1787 2742 1910 2806 866,
1947 2749 2072 2812 post

457 2845 744 2915 epistolam
771 2841 1117 2912 synodalem.
1151 2839 1390 2908 Utraque
1437 2839 1604 2890 missa
1639 2842 1721 2889 est
1763 2853 1864 2906 per
1883 2837 2070 2910 Egilo-

459 2951 582 2988 nem
601 2931 1072 3001 archiepisc0pum
1103 2928 1504 2982 Senonensem.
1531 2926 1596 2980 Ut
1627 2935 1808 2979 autem
1833 2926 2068 2994 cpistola

459 3026 724 3096 synodica
751 3021 1036 3077 Trecensis
1059 3027 1171 3074 tota
1201 3018 1330 3072 huic
1376 3035 1496 3088 cap.
1532 3033 1641 3071 non
1673 3017 1956 3084 inseritur,
1989 3019 2068 3072 sic

459 3139 524 3176 ex
546 3121 614 3174 iis
645 3136 764 3191 qua:
793 3117 960 3172 habet
991 3113 1327 3170 Flodoardus
1375 3119 1674 3183 potuerunt
1703 3111 1915 3181 aliquot
1943 3112 2078 3166 locis

460 3212 702 3284 suppleri
745 3227 808 3264 ea
839 3227 958 3281 quae
977 3209 1179 3262 desunt
1205 3206 1260 3260 in
1288 3213 1422 3261 tom.
1461 3205 1826 3260 Conciliorum
1847 3215 1900 3260 et
1930 3207 2077 3276 apud

461 3301 800 3358 Cordesium.

529 3397 592 3448 In
622 3395 733 3447 suis
759 3392 1038 3446 ordinibus
1075 3392 1356 3444 restituere
1386 3391 1922 3445 mutumsscmusﬁic
1953 3391 2078 3462 qui-

464 3488 588 3540 item
623 3487 655 3537 S
680 3494 733 3538 et
753 3484 802 3549 J,
826 3484 924 3537 sed
955 3498 1139 3536 errore
1171 3482 1260 3536 hic
1283 3481 1547 3552 positum,
1575 3499 1696 3535 cum
1729 3499 1858 3536 vera
1911 3483 2076 3536 lectio

464 3578 553 3643 sit,
615 3592 776 3646 quam
847 3575 1051 3628 habent
1093 3572 1142 3626 Μ
1175 3579 1227 3627 et
1263 3571 1320 3639 C,
1349 3577 1762 3626 maturare-mus.
1801 3574 1875 3627 Ita
1928 3573 2073 3626 enim

464 3667 620 3722 estin
653 3675 782 3722 tom.
811 3663 1040 3730 Concil.,
1083 3663 1154 3716 ita
1215 3662 1270 3715 in
1327 3663 1518 3716 eadem
1548 3663 1780 3733 epistola
1803 3663 1948 3716 edita
1979 3679 2078 3733 per

464 3760 802 3824 Cordcsium,
864 3765 917 3812 et
965 3756 1023 3809 in
1077 3755 1308 3826 epistola
1359 3754 1636 3808 IIincmari
1691 3756 1758 3808 ad
1795 3757 2074 3810 Nicolaum

463 3871 682 3925 papam,
715 3869 835 3924 quae
868 3859 952 3906 est
978 3850 1224 3905 secunda
1273 3849 1414 3904 inter
1467 3865 1560 3903 eas
1613 3866 1750 3920 quas
1785 3849 2077 3906 Cordesius

463 3948 654 4012 edidit,
680 3953 732 4000 et
763 3945 818 3998 in
840 3944 1074 4014 epistola
1102 3942 1334 3996 secundi
1365 3941 1564 3996 concil.
1600 3943 1767 3996 Suess
1815 3944 1882 3996 ad
1914 3959 2077 3997 eum-

465 4038 588 4090 dem
622 4035 924 4089 Nicolaum.

537 4127 758 4192 Scripta.
780 4138 1005 4192 quoque,
1035 4137 1153 4190 quae
1180 4122 1304 4174 hinc
1334 4137 1368 4173 a
1395 4115 1578 4175 rostra
1605 4127 1927 4176 auctoritate
1980 4125 2072 4178 ili.-

466 4221 627 4268 rcctu.
663 4214 752 4267 Sic
780 4211 863 4264 CJ.
894 4209 1176 4264 Consentit
1227 4209 1392 4264 lectio
1423 4227 1543 4280 qua:
1574 4219 1652 4264 est
1683 4211 1736 4264 in
1767 4221 1899 4268 tom.
1943 4214 2084 4270 Con-

467 4307 553 4361 cil.
586 4305 690 4358 nisi
733 4319 842 4374 quo
861 4318 959 4374 pro
976 4305 1099 4356 hinc
1121 4303 1266 4373 legat
1296 4302 1415 4356 huc.
1435 4301 1498 4356 At
1520 4303 1643 4356 hinc
1672 4305 1842 4374 accipi
1881 4317 2079 4378 potest,

467 4411 574 4448 non
605 4400 664 4447 ut
702 4390 1020 4447 adverbium
1054 4389 1178 4454 loci,
1228 4390 1322 4445 sed
1366 4407 1486 4460 quin
1514 4393 1658 4459 hinc,
1689 4393 1742 4448 id
1773 4403 1854 4450 est
1885 4399 1946 4450 dc
1985 4401 2083 4454 hac

465 4501 540 4550 re,
569 4482 816 4550 MS,quo:
864 4481 988 4534 hinc
1015 4497 1047 4532 (ι
1103 4485 1288 4534 nostra.
1318 4483 1657 4534 auctoritate.
1697 4481 1805 4535 Sed
1841 4485 2078 4553 priorem

467 4578 760 4634 lectionem
827 4574 1110 4646 requirunt
1188 4589 1252 4628 ea
1309 4587 1430 4644 qua:
1499 4574 1814 4643 praecedunt
1864 4583 1916 4630 et
1981 4594 2076 4632 se-

467 4677 726 4742 quuntur.

1101 4735 1308 4791 CAPUT
1336 4736 1452 4790 XII.

543 4853 866 4906 (‘anonicum
899 4853 954 4903 in
997 4851 1118 4918 jam
1174 4849 1376 4902 dictum
1409 4849 1757 4916 Balduinum,
1789 4855 1838 4904 et
1867 4853 2078 4920 Judith,

465 4943 757 5000 secundum
787 4943 962 4996 citictu
994 4941 1134 4994 beati
1166 4940 1430 5006 Gregorii,
1459 4941 1526 4993 ab
1565 4943 1821 5010 episcopis
1841 4942 2084 5010 depromi

467 5038 785 5092 sententiam
813 5036 959 5101 fecit.
999 5033 1055 5086 Id
1084 5038 1164 5087 est
1209 5032 1417 5086 curavit
1467 5047 1561 5086 eos
1591 5034 2076 5088 excommunicari.

468 5126 780 5196 BeSpicitur
809 5131 1013 5188 autem,
1039 5132 1096 5176 ut
1120 5129 1368 5193 apparet,
1401 5123 1467 5176 ad
1509 5122 1788 5176 decretum
1823 5125 1886 5178 10
1935 5131 1991 5177 et
2012 5125 2072 5176 1-1
2105 5133 2114 5144 ‘

467 5220 714 5294 Gregorii
757 5220 878 5273 IIin
909 5217 1121 5288 synodo
1167 5217 1432 5284 Romana,
1482 5233 1603 5288 cap.
1658 5219 1718 5273 Si
1747 5220 1868 5287 quis
1909 5219 2081 5284 virgi-

465 5331 584 5368 nem
614 5313 704 5381 36,
728 5313 854 5384 q.9.,
889 5327 997 5382 quo
1039 5326 1160 5380 cap.
1219 5315 1467 5380 raptores
1506 5310 1776 5382 virginum
1811 5317 1864 5365 et
1891 5309 2080 5364 vidua-

463 5421 584 5459 rum
615 5400 1079 5458 excommunicari
1097 5399 1378 5471 jubentur.

536 5499 608 5552 Et
636 5496 859 5550 honores
889 5495 1156 5550 Botduino
1189 5509 1292 5562 pro
1347 5498 1526 5548 vestra
1571 5493 1898 5548 solummodo
1934 5497 2076 5563 peti-

465 5589 607 5640 tione
634 5587 876 5641 donavit.
909 5584 1002 5640 Hic
1055 5583 1377 5646 Balduinus,
1426 5591 1794 5657 cognomento
1821 5583 2072 5648 Ferreus,

465 5675 676 5743 primus
723 5673 925 5728 dicitur
977 5679 1193 5728 creatus
1239 5687 1425 5727 comes
1465 5671 1731 5724 Flandrite
1763 5687 1860 5726 seu
1892 5687 2077 5728 comes

2151 466 2388 520 Jacobus
2439 467 2685 536 Meyerus
2743 468 2796 520 in
2853 469 3158 524 Annalibus
3205 473 3382 527 Fland.
3437 493 3564 533 anno
3602 483 3697 538 863.

2155 556 2303 608 Inter
2331 556 2491 624 epist.
2529 557 2730 610 Nicolai
2759 559 2840 610 ha:
2869 566 2996 612 sunt
3020 560 3088 613 de
3121 577 3282 616 causa
3309 565 3534 620 Balduini
3553 569 3704 632 20,241,

2154 646 2242 709 30,
2273 645 2340 701 32
2371 648 2526 712 et52,
2560 665 2680 718 quae
2727 664 2918 702 omnes
2979 649 3090 703 fere
3123 661 3248 706 sunt
3278 656 3344 706 ad
3383 656 3540 726 ipsum
3575 659 3706 715 Caro-

2157 741 2266 794 Ium
2299 751 2572 813 regem,ut
2599 742 2866 796 Balduino
2901 754 3102 816 parcat.
3137 749 3400 802 Vicesima
3429 767 3524 803 una
3559 763 3623 805 est
3655 756 3707 807 ad

2161 833 2611 888 IIermentrudem
2673 836 2943 909 reginam.
2981 839 3066 892 Eae
3094 857 3216 910 qua!
3259 849 3383 894 sunt
3419 842 3478 894 ad
3501 843 3709 899 llincma-

2159 943 2300 992 rum,
2331 942 2562 996 quarum
2594 927 2846 981 meminit
2875 929 2977 984 hoc
3017 931 3218 999 capite,
3253 948 3363 986 non
3393 941 3598 987 exstant.

2767 1035 2974 1092 CAPUT
3029 1039 3169 1092 XIII.

2225 1131 2299 1180 De
2325 1144 2490 1180 causa
2529 1129 2764 1183 Rothudi
2794 1130 3102 1184 Suessonici
3129 1135 3362 1200 episcopi
3389 1135 3610 1202 depositi.
3639 1137 3717 1190 Ite.-

2155 1216 2367 1286 positus
2407 1217 2507 1270 fuit
2531 1218 2619 1270 hic
2651 1218 2948 1282 Rothadus,
2976 1221 3116 1284 sive,
3152 1229 3206 1276 ut
3239 1231 3320 1276 est
3353 1223 3640 1295 plerumque
3675 1228 3718 1280 in

2159 1311 2288 1360 tom.
2319 1306 2685 1360 Conciliorum
2721 1315 2774 1362 et
2805 1309 3146 1364 Bibliotheca
3180 1313 3415 1370 Patrum.
3451 1314 3717 1376 Itothaltlus,

2157 1403 2376 1448 auctore
2413 1395 2702 1450 IIincmaro
2760 1400 3108 1471 congregatis
3169 1401 3376 1470 aliquot
3417 1403 3656 1472 episeOpis
3681 1405 3720 1457 in

2159 1487 2370 1555 synodo
2404 1487 2802 1540 Silvanectensi
2866 1505 3010 1542 anno
3043 1493 3165 1550 863,
3211 1507 3400 1544 mense
3429 1491 3595 1545 .lunio.
3626 1494 3719 1554 Qui,

2163 1581 2254 1634 illo
2287 1581 2337 1632 in
2369 1582 2762 1634 monasterium
2834 1583 3080 1644 detruso,
3137 1585 3306 1638 alium
3355 1585 3720 1644 substituerunt,

2163 1690 2270 1729 non
2305 1675 2558 1729 obstante
2609 1678 2978 1746 appellatione
3014 1681 3078 1732 ad
3113 1680 3302 1733 sedem
3341 1683 3680 1750 apostolicam.
3705 1699 3725 1733 a

2164 1783 2270 1836 qua
2299 1775 2492 1837 postea
2509 1769 2628 1822 sedi
2649 1786 2761 1823 sua:
2803 1777 2883 1824 est
2916 1772 3220 1834 restitutus,
3273 1789 3396 1825 cum
3431 1774 3552 1826 nulli
3579 1781 3727 1826 contra

2164 1872 2292 1908 eum
2331 1865 2680 1911 accusatores
2736 1859 2919 1913 Itomze
2952 1871 3356 1930 comparerent,
3390 1879 3482 1915 nec
3513 1863 3614 1930 ipse
3642 1863 3726 1914 OIIO

2165 1945 2572 2000 Bellovacensis
2593 1948 2912 2018 episcopus,
2939 1950 3032 2019 qui
3064 1950 3128 2002 ab
3179 1952 3278 2004 hac
3312 1952 3514 2020 synodo
3549 1951 3726 2003 Itomam

2169 2033 2363 2086 missus
2394 2033 2590 2098 fuerat,
2647 2053 2770 2089 eum
2845 2047 3146 2093 accusaret.
3179 2040 3249 2092 De
3296 2040 3494 2109 quibus
3525 2038 3734 2092 omnibus

2168 2121 2275 2175 late
2299 2122 2486 2176 videre
2514 2131 2594 2177 est
2635 2125 2924 2194 epistolam
2975 2127 3043 2179 9.8
3076 2128 3280 2181 Nicolai
3329 2144 3476 2197 papa!
3511 2125 3668 2194 primi.
3693 2133 3732 2178 et

2171 2219 2468 2280 sequentes
2497 2230 2670 2283 usque
2704 2214 2771 2266 ad
2827 2216 2860 2266 4
2877 2216 2915 2267 ί.
2952 2219 3077 2278 (jure
3109 2216 3389 2270 sexdecim
3423 2215 3642 2284 cpistola:
3667 2231 3734 2266 ex-

2171 2309 2534 2373 tantquoque
2583 2311 2714 2358 tom.
2764 2306 2828 2358 III
2859 2305 3214 2359 Bibliotheca!
3265 2307 3478 2360 Patrum
3529 2305 3736 2358 secundae

2171 2391 2450 2446 editionis.
2479 2394 2539 2447 Et
2571 2402 2716 2448 certe
2771 2395 3092 2449 Hincmarus
3127 2395 3178 2447 in
3211 2412 3310 2448 sua
3343 2396 3564 2464 cpistola
3587 2395 3739 2464 apolo-

2171 2484 2514 2554 getica,quae
2561 2492 2676 2540 toto
2734 2487 3054 2556 hoccapite
3109 2487 3448 2550 continetur,
3497 2485 3660 2539 scribit
3695 2501 3738 2536 se

2171 2572 2387 2626 mittere
2435 2573 2667 2628 viearios
2733 2591 2884 2640 suos,
2944 2595 2969 2626 ‹‹
3017 2591 3128 2629 non
3187 2584 3532 2628 accusatores
3554 2575 3739 2626 adeon-

2175 2659 2498 2734 ﬂigendum,
2569 2664 2668 2716 sed
2736 2673 2796 2717 ut
2851 2681 2881 2716 a
2957 2665 3205 2718 Itothado
3264 2671 3430 2734 atque
3505 2683 3532 2716 ει
3591 2661 3741 2715 vicinis

2173 2756 2478 2817 accusatus,
2546 2751 2613 2804 ad
2671 2751 3061 2818 intimandum,
3149 2753 3296 2822 quod
3363 2767 3468 2804 non
3529 2750 3576 2802 in
3639 2761 3744 2800 con-

2174 2845 2440 2908 templum
2463 2841 2612 2893 sedis
2661 2841 2998 2911 apostolicze,
3061 2842 3436 2911 appellantem
3487 2835 3742 2891 Itothadum

2169 2932 2471 2984 secundum
2504 2933 2859 2988 Sardicenses
2905 2950 3147 2988 canones
3181 2935 3373 2987 sedem
3419 2928 3746 3002 apostolicam,

2169 3022 2264 3075 sed
2288 3038 2413 3076 eum
2446 3025 2540 3094 qui
2571 3025 2639 3078 ad
2681 3026 2978 3080 electorum
3022 3026 3292 3090 judicium
3360 3025 3428 3078 de
3459 3021 3608 3077 certis
3631 3017 3748 3087 capi-

2102 3097 2305 3169 Ctulis
2337 3119 2651 3186 provocavit
2698 3119 2852 3186 juxta
2909 3119 3370 3192 Carthaginienses
3432 3115 3746 3172 et.-\t'ricanos

2179 3220 2522 3272 canones,ac
2553 3207 2772 3262 decreta
2829 3209 2976 3262 beati
3027 3201 3748 3282 Gregorii,regulariterjurli-

2179 3297 2441 3352 cavimus.
2481 3323 2503 3347 ι›
2540 3299 2758 3353 Sicille.
2791 3299 2986 3353 Verum
3023 3299 3078 3352 id
3108 3305 3270 3372 negat
3307 3298 3581 3352 Itothadus
3605 3297 3652 3349 in
3678 3307 3752 3346 sua

2179 3387 2574 3457 appellatione,
2596 3407 2716 3460 qua)
2750 3399 2920 3444 exstat
2957 3398 3078 3460 post
3106 3390 3266 3460 epist.
3291 3388 3358 3443 37
3384 3388 3588 3452 Nicolai
3613 3401 3751 3456 papa,

2178 3485 2339 3550 atque
2391 3480 2442 3533 in
2500 3498 2564 3534 eo
2620 3483 2836 3537 videtur
2889 3483 3162 3552 prwcipua
3222 3481 3592 3537 controversia
3623 3477 3755 3544 hujus

2178 3587 2352 3626 causa!
2415 3575 2735 3628 consistere.
2799 3575 2972 3627 Exstat
3039 3583 3213 3629 totum
3285 3577 3388 3628 hoc
3461 3567 3750 3644 caputapud

2178 3664 2372 3718 Baron.
2409 3671 2538 3718 tom.
2564 3667 2626 3728 Χ,
2656 3683 2800 3720 anno
2841 3669 2965 3731 8531,
3003 3667 3099 3721 sed
3150 3685 3213 3719 ex
3265 3668 3430 3720 unico
3481 3659 3754 3732 exemplari.

2177 3767 2377 3822 eoque,
2407 3760 2464 3807 ut
2494 3753 2693 3808 fatetur
2735 3757 3020 3820 Baronius,
3055 3773 3164 3810 non
3191 3757 3315 3810 sine
3346 3755 3576 3810 mendis.

2251 3845 2481 3910 Quidam
2515 3863 2882 3918 cprscoporum
2938 3852 3090 3914 regni
3149 3851 3424 3914 Loihurii,
3483 3848 3758 3901 zeloumuro

2180 3942 2367 3990 contra
2399 3955 2492 3992 nos
2527 3941 2693 4006 ducti,
2723 3943 2850 4009 quia
2876 3941 3089 3993 illorum
3131 3942 3373 3994 consiliis
3406 3941 3470 3994 de
3501 3934 3758 3993 Witlitrudu

2178 4049 2282 4087 non
2314 4037 2698 4103 acquierinms.
2733 4037 3021 4090 Lotharius
3053 4053 3166 4100 rex,
3199 4033 3348 4088 tilius
3373 4033 3606 4089 Lotharii
3635 4033 3758 4098 imp,

2180 4125 2466 4195 repudiata
2489 4127 2735 4200 legitima
2767 4144 2934 4181 uxore
2977 4128 3346 4199 Theutherga,
3384 4129 3524 4182 hanc
3551 4123 3760 4178 Waldra-

2186 4217 2310 4271 dam
2341 4219 2706 4272 concubinam
2763 4201 2876 4272 sibi
2929 4218 2982 4272 in
3039 4219 3456 4272 matrimonium
3489 4217 3759 4271 ascivcrat:

2185 4323 2294 4376 qua
2320 4306 2386 4359 de
2421 4323 2478 4359 re
2505 4307 2691 4360 mult-aa
2715 4323 2936 4377 quoque
2987 4313 3200 4360 exstant
3233 4307 3444 4361 Nicolai
3495 4321 3640 4374 papae
3663 4301 3760 4369 epi-

2107 4400 2357 4489 Dstolze,
2399 4399 2741 4453 ctlIincmari
2779 4399 3048 4468 prolixum
3077 4400 3408 4469 cpusculum
3449 4399 3518 4452 de
3565 4391 3761 4450 divortio

2183 4491 2420 4546 Lotharii
2443 4492 2586 4563 regis
2617 4499 2670 4544 et
2697 4491 3018 4563 Teuthcrga?
3045 4491 3270 4564 regium.

2250 4589 2321 4640 Et
2345 4586 2462 4639 ideo
2491 4591 2550 4639 ut
2587 4602 2640 4640 se
2668 4587 3019 4649 concrederet,
3073 4587 3332 4638 locarium
3381 4587 3431 4638 ei
3469 4583 3760 4652 promittere.

2183 4677 2271 4732 Sic
2303 4676 2338 4731 C
2365 4685 2419 4732 et
2455 4679 2500 4732 .I.
2537 4678 2743 4732 Dicitur
2798 4686 2978 4732 autem
3031 4679 3298 4732 locarium
3343 4694 3376 4730 a
3409 4677 3552 4738 loco,
3585 4674 3666 4728 ubi
3695 4671 3761 4723 lo-

2184 4784 2329 4834 care,
2373 4766 2427 4820 id
2471 4777 2552 4820 est
2582 4767 2879 4834 collocare,
2935 4775 2986 4820 te
3037 4767 3232 4837 possis.
3295 4764 3598 4838 Signiﬁcat,
3657 4767 3764 4815 teste-

2183 4860 2445 4922 Varrone,
2474 4859 2710 4929 pretium
2747 4860 2890 4930 quod
2949 4859 3107 4911 datur
3139 4859 3190 4910 in
3223 4857 3444 4911 stabqu
3468 4863 3520 4910 et
3557 4853 3762 4908 taberna.

2185 4949 2340 5004 Unde
2367 4948 2567 5003 Gallice
2625 4949 2856 5003 vertitur
2901 4965 3115 5014 moycns
3147 4947 3210 5000 de
3247 4950 3414 5000 ciere.
3453 4945 3537 4998 IIIS
3571 4953 3621 4998 et
3647 4935 3766 4994 aliud

2184 5037 2466 5108 exemplar
2505 5037 2694 5108 legunt
2742 5039 3037 5106 jocnrium,
3108 5035 3255 5106 quod
3315 5030 3766 5103 idemsigniﬁcart‘

2181 5135 2360 5200 potest
2391 5129 2538 5199 quod
2581 5130 2780 5197 jocale,
2815 5129 2927 5182 Gall
2985 5129 3199 5195 joyit‘ua:
3234 5146 3246 5188 ;
3273 5128 3364 5180 sed
3393 5127 3518 5182 huic
3549 5127 3656 5178 loco
3683 5133 3768 5174 non

2183 5221 2437 5292 congruit
2471 5239 2483 5273 :
2521 5220 2670 5290 prior
2699 5229 2878 5274 autem
2909 5220 3069 5274 lectio
3096 5227 3146 5272 et
3178 5217 3510 5289 signiﬁcatio
3543 5215 3768 5286 prolmtuf

2186 5329 2252 5367 ex
2283 5311 2351 5366 iis
2381 5329 2503 5382 qtue
2529 5328 2638 5366 non
2671 5312 2842 5366 multo
2876 5319 3000 5365 ante
3035 5311 3370 5380 przecedunt.

2251 5407 2320 5460 Et
2348 5407 2562 5459 itineris
2575 5405 2914 5472 longitudine
2945 5408 3106 5472 atque
3127 5402 3460 5456 insolidititte
3489 5400 3764 5454 obstricta-9-

2179 5496 2288 5552 Iter
2317 5496 2614 5550 insolidum
2647 5507 2822 5562 vocat,
2883 5511 2988 5550 non
3041 5502 3236 5554 tutum.
3301 5493 3506 5546 Gallice
3536 5491 3638 5544 mut
3671 5489 3762 5540 sint

2180 5587 2436 5650 Quaedam
2489 5587 2822 5658 exemplaria
2849 5587 2956 5640 duo
2986 5587 3152 5640 verba
3179 5585 3382 5639 faciunt
3417 5587 3474 5637 in
3504 5583 3766 5636 soliditati.

2179 5675 2276 5729 sed
2309 5691 2419 5730 non
2443 5685 2610 5730 recte.
