3938 6158
225 285 308 342 377
1597 295 1659 348 ΙΝ
1704 295 1762 348 Ll

1885 295 1949 350 lM
1991 297 2083 350 III.
3233 310 3235 313 ’
3403 305 3506 360 378

278 421 378 476 Nisi
420 419 662 488 quandiu
689 420 852 488 ejecta
879 423 996 476 sine
1057 423 1168 478 ullo
1195 426 1417 479 crimine
1463 427 1532 480 ab
1588 443 1652 480 ea
1689 442 1785 481 suo
1814 434 1860 498 Α
1890 435 1946 484 et
1972 429 2312 484 recentiores
2351 429 2660 486 scribentes
2695 433 2765 486 de
2815 433 3120 488 haeresibus
3167 435 3346 490 solum
3371 435 3504 490 illud

220 512 441 581 pontiﬁce.
476 507 698 562 Scilicet
765 508 1078 580 Rigoberto,
1140 512 1210 566 de
1239 529 1350 584 quo
1397 531 1566 586 supra
1594 515 1688 572 lib.
1723 533 1783 580 ιι,
1870 522 2143 587 afferunt,
2171 523 2317 595 quod
2351 523 2676 597 Sigebertus
2710 527 2766 580 in
2807 526 3074 583 Chronico
3089 543 3235 584 anno
3265 530 3390 596 415,
3423 529 3507 584 his

221 619 318 692 cap.
346 600 415 654 12.
457 599 581 663 Qua?
637 601 807 692 dictio
853 603 977 692 alia
1018 621 1181 660 manu
1227 623 1396 678 super
1445 609 1618 663 lineas
1649 609 1704 665 in
1736 610 1784 664 Μ
1885 617 2071 672 verbis
2132 636 2144 672 :
2205 639 2228 669 σ
2293 618 2812 674 Praedestinatorum
2869 621 3095 676 haeresis
3124 623 3229 677 hoc
3259 629 3504 692 tempore

221 688 366 788 posita
387 694 478 788 est,
507 703 744 788 eamque
771 689 806 742 S
833 697 888 742 et
910 690 936 744 J
956 691 1244 788 intextum
1278 695 1602 788 retulerunt.
1738 787 1749 788 ί
1885 711 2292 783 cmpitserpere
2323 729 2336 768 :
2361 713 2596 782 quiideo
2624 713 3007 769 Praadestinati
3064 725 3347 783 vocantur,
3374 688 3504 788 quia

275 776 407 843 Quod
427 777 644 842 furatus
672 780 746 832 sit
774 794 858 833 res
915 785 965 834 et
993 783 1307 838 thesaurum
1335 786 1580 842 ecclesia.
1611 787 1700 842 Sic
1725 787 1761 842 C

1884 801 1954 856 de
1993 801 2476 872 praedestinatione
2505 811 2556 857 et
2587 803 2772 857 divina
2786 804 2964 874 gratia
2979 805 3506 874 disputantes,asse-

216 884 313 940 quae
340 882 450 920 vera
476 867 696 922 videtur
714 869 895 924 lectio.
927 871 1177 942 Reliqua,
1207 873 1508 934 fraudatus.

1885 867 2079 953 rebant
2105 899 2254 970 quod
2285 914 2389 954 nec
2417 898 2504 968 pie
2531 898 2847 953 viventibus
2865 900 3048 969 prosit
3073 901 3342 955 bonorum
3369 917 3506 972 ope-

593 1048 608 1060 ‘
664 1049 679 1060 τ
777 959 986 1016 CAPUT
1041 963 1173 1060 ξίνέ
1228 1057 1241 1060 _
1307 1059 1315 1060 ί
1884 1006 2002 1043 rum
2037 959 2212 1053 labor,
2245 990 2290 1044 si
2319 1007 2350 1044 a
2380 959 2492 1044 Deo
2526 991 2594 1044 ad
2614 999 2844 1045 mortem
2867 959 3241 1059 praedestinati
3275 959 3500 1056 fuerint;

266 1046 348 1101 Ad
367 1047 775 1102 conciliabulum
819 1067 996 1120 nuper
1035 1056 1193 1109 Metis
1219 1057 1488 1125 habitum,
1519 1063 1665 1130 quod
1687 1078 1765 1116 vos

1885 1101 1990 1139 nec
2016 1085 2204 1154 impiis
2228 1085 2377 1140 obsit
2407 1087 2554 1157 quod
2579 1085 2835 1156 improbe
2856 1085 3062 1151 vivant,
3094 1085 3139 1139 si
3171 1101 3203 1140 a
3235 1087 3342 1139 Deo
3361 1102 3506 1155 prae-

210 1139 306 1190 cari
348 1135 599 1234 synodum
630 1141 898 1194 vetuistis.
933 1139 1116 1196 Exstat
1164 1150 1292 1198 tom.
1353 1146 1423 1200 Ill
1470 1145 1677 1204 Concil.
1727 1151 1783 1204 in
1886 1135 3504 1242 vaiéégrii'oﬂet—bcnrosa

210 1227 298 1280 line
323 1225 496 1296 primae
520 1228 711 1296 partis,
761 1229 1005 1284 habitum
1041 1248 1189 1288 anno
1219 1233 1343 1300 863,
1375 1253 1566 1292 mense
1595 1240 1784 1302 Junio,
1885 1225 2354 1327 ἣδξίξξξοεδδει,
2389 1273 2442 1320 οι
2475 1267 2649 1321 malos
2672 1265 2739 1320 ad
2774 1225 2916 1320 [Eata
2945 1265 3292 1336 provocabat.
3333 1285 3352 1314 α
3383 1264 3506 1319 Haec

209 1321 252 1374 in
303 1337 448 1376 causa
502 1323 734 1392 repudii,
755 1324 1115 1400 Theutbergae
1182 1330 1389 1404 regina:
1448 1349 1480 1388 a
1532 1335 1786 1392 Lotltario
1889 1356 2004 1410 ίιιρ,

207 1428 312 1485 rege
339 1413 473 1467 facti.
517 1414 804 1470 Damnavit
843 1417 980 1471 illud
1037 1419 1333 1474 Nicolausl
1367 1422 1421 1475 in
1439 1425 1682 1480 concilio
1717 1427 1759 1480 ll

1959 1445 2111 1512 Quod
2137 1427 2614 1499 Pl:wdestil‘tatilllli
2639 1451 2838 1500 veteres
2866 1462 2977 1500 non
3007 1446 3284 1509 dixerunt,
3311 1446 3412 1498 iste
3440 1447 3502 1498 ut

209 1506 550 1604 3031309911)-
570 1507 910 1604 iPSOAhabilO
930 1510 1124 1565 θοάθιη
1155 1528 1322 1567 almo-
1891 1535 2180 1599 audacius,
2205 1538 2284 1588 ita
2311 1538 2362 1588 et
2411 1537 2775 1604 perniciosius
2817 1536 2971 1600 dicit,
3021 1534 3273 1588 deitatem
3304 1538 3502 1588 sancta:

263 1598 470 1652 Tandem
529 1601 586 1653 in
648 1602 976 1667 Maguntina
1024 1606 1242 1660 civitate
1298 1609 1494 1662 habita
1556 1611 1765 1677 synodo

1897 1629 2182 1681 Trinitatis
2211 1629 2412 1680 tri-nam
2441 1642 2571 1681 esse.
2609 1627 2666 1680 Id
2692 1627 2916 1698 quidam
2946 1625 3134 1680 minus
3146 1632 3291 1680 recte
3321 1632 3376 1679 et
3399 1625 3501 1678 im-

204 1687 386 1742 Rabano
419 1687 816 1758 archiepiscopo
869 1691 1112 1746 libellum
1141 1697 1232 1748 sui
1259 1699 1458 1750 erroris
1475 1701 1790 1766 porrigens,
1821 1749 1867 1815 Β
1895 1721 2118 1790 proprie
2173 1719 2398 1782 dicitur,
2446 1737 2567 1784 Qum
2599 1687 2764 1774 ιιηίυξη
2824 1735 3180 1790 personarum
3230 1719 3284 1772 in
3312 1726 3502 1773 sancta

204 1776 452 1815 dnmnnfne
495 1776 567 1815 nl)
593 1777 838 1815 nmwn'Imc
871 1779 1170 1815 (lopmnm’m
1202 1786 1462 1815 θυῖε-ριν.κή
1513 1792 1596 1815 ηιη
1665 1787 1789 1815 nm...
1839 1780 1844 1782 ⁷
3056 1813 3064 1815 ι
3115 1814 3119 1815 ,
3277 1813 3292 1815 _,
3357 1813 3368 1815 _

203 1776 452 1871 dummwa
495 1776 567 1828 ab
592 1777 838 1871 °"}_’""”“3
871 1779 1170 1834 Gcrm’mm
1201 1786 1484 1854 θρίδδθΡίδ*
1513 1792 1616 1840 om“
1665 1787 1790 1870 “$9
1821 1776 1867 1815 ὕ
1888 1776 2153 1870 'l‘rinitate
2184 1831 2294 1871 non
2325 1776 2395 1870 sit
2426 1776 2532 1870 nisi
2591 1831 2702 1870 una
2759 1776 2988 1869 numero
3037 1813 3231 1868 deitas.
3265 1813 3372 1868 Sed
3435 1827 3502 1867 eo

201 1867 500 1978 Eff‘sy‘mdus
552 1884 612 1978 "I
645 1869 966 1972 Mogumma
1125 1875 1366 1978 “f‘banot
1395 1894 1542 1978 an“?
1570 1877 1789 1934 Domini
1887 1924 2054 1962 sensu
2085 1907 2194 1962 dici
2228 1914 2407 1978 potest
2431 1909 2570 1962 trina
2601 1906 2798 1972 deitas,
2825 1907 2955 1977 quia
2971 1915 3058 1961 est
3099 1907 3152 1959 in
3179 1906 3355 1960 tribus
3375 1921 3502 1976 per-

197 1959 298 2023 8l8,
326 1967 564 2030 tempore
593 1961 796 2017 Leonis
823 1980 979 2034 papa!
1020 1966 1098 2029 lV,
1147 1967 1216 2022 de
1263 1985 1376 2040 quo
1406 1971 1605 2026 eodem
1637 1988 1785 2027 anno

197 2049 439 2112 Baronius,
472 2051 576 2104 sed
629 2067 695 2105 ex
737 2053 822 2107 his
871 2053 1159 2110 Flodoardi
1217 2059 1441 2130 scriptis
1487 2077 1552 2116 ex
1581 2062 1782 2118 Gallica

196 2136 352 2211 lingua
377 2138 552 2194 solum
578 2143 877 2196 translatis.

249 2228 416 2282 Postea
442 2234 632 2284 autem
685 2248 720 2284 a
773 2234 1000 2300 Belgicae
1048 2237 1333 2291 Remorum
1379 2253 1441 2293 ac
1474 2239 1779 2296 Galliarum

191 2324 559 2388 provinciarum
610 2327 871 2394 episcopis
901 2328 1143 2382 auditus.
1180 2329 1447 2384 Videlicet
1477 2331 1530 2384 in
1562 2334 1774 2402 synodo

193 2409 438 2464 Valentina
461 2427 615 2467 anno
663 2413 789 2480 855,
842 2414 912 2468 ab
962 2416 1242 2486 episcopis
1267 2417 1429 2472 trium
1463 2421 1771 2490 provincia-

190 2514 306 2562 rum,
335 2515 449 2570 qua:
477 2508 659 2556 exstat
718 2509 850 2558 tom.
895 2504 968 2558 Ill
1021 2503 1230 2560 Concil.
1272 2518 1429 2576 parte
1457 2524 1495 2574 ι,
1519 2515 1573 2563 et
1592 2508 1646 2562 in
1673 2527 1769 2581 sy-

188 2587 310 2642 nodo
325 2589 564 2644 Tullensi
589 2589 648 2644 in
676 2591 946 2647 suburbio
977 2592 1130 2648 illius
1159 2595 1332 2662 urbis,
1355 2596 1484 2652 villa
1521 2597 1772 2669 Sapona—

187 2678 276 2732 rias
299 2681 454 2748 dicta,
519 2681 592 2736 ab
661 2683 939 2756 episc0pis
1006 2686 1301 2742 duodecim
1361 2691 1769 2760 provinciarum

183 2787 303 2826 anno
327 2773 529 2828 Domini
562 2777 692 2842 8339,
754 2793 876 2847 quae
899 2777 1108 2832 ibidem
1163 2795 1274 2834 non
1306 2781 1520 2855 integre
1576 2792 1767 2839 exstat.

183 2859 410 2918 Videntur
433 2865 702 2930 Barqnius
729 2867 834 2922 hoc
863 2883 1008 2922 anno
1037 2868 1092 2922 in
1126 2869 1445 2924 Annalibus.
1481 2872 1772 2944 Utriusque

182 2949 299 3006 infra
326 2955 570 3008 meminit
599 2965 792 3011 auctor
820 2972 940 3027 cap.
975 2959 1059 3010 16.

1885 1999 2060 2054 sonis.
2094 1997 2248 2052 Unde
2275 1997 2331 2051 in
2364 1997 2604 2052 Ecclesia
2634 1996 2880 2050 Romana
2921 2013 2952 2050 a
2980 1997 3244 2052 trecentis
3268 2003 3324 2052 et
3343 1996 3504 2068 quin-

1883 2090 2148 2162 quaginta
2168 2089 2387 2145 circiter
2415 2089 2578 2142 annis
2622 2090 2948 2143 decantatus
2968 2090 3162 2144 estille
3194 2090 3250 2143 S.
3277 2089 3499 2144 Thomae

1881 2182 2120 2252 hymnus
2151 2183 2222 2236 de
2255 2181 2311 2236 V.
2331 2188 2677 2236 sacramento
2698 2181 2754 2235 in
2774 2196 2885 2252 quo
2917 2181 3161 2236 dicitur:

2031 2290 2100 2340 Te
2127 2290 2257 2339 trina
2288 2291 2451 2340 Deitas
2481 2305 2679 2354 unaque
2708 2291 2960 2354 poscimus

1948 2390 2192 2462 Cumque
2207 2390 2274 2444 de
2290 2406 2355 2445 eo
2386 2391 2649 2446 mutando
2689 2399 2947 2462 ageretur
2984 2391 3040 2444 in
3066 2395 3342 2460 postrema
3373 2404 3500 2444 cor-

1874 2479 2118 2534 rectione
2183 2479 2413 2534 Romani
2471 2479 2728 2532 Breviarii
2763 2478 2866 2532 sub
2886 2478 3170 2533 Clemente
3211 2475 3348 2542 Vlll,
3388 2483 3498 2530 uta

1872 2572 2005 2625 viris
2033 2571 2198 2626 dictis
2228 2572 2438 2642 accepi,
2475 2580 2700 2642 prepter
2730 2572 3109 2627 auctoritatem
3143 2579 3325 2626 tamen
3359 2569 3494 2625 tanti

1873 2659 2115 2716 doctoris
2181 2661 2330 2728 nihil.
2380 2667 2462 2714 est
2511 2667 2800 2716 mutatum.
2877 2661 2969 2716 Sic
3025 2661 3172 2732 apud
3213 2659 3492 2732 Chrysost.

1876 2755 2006 2803 tom.
2041 2749 2134 2803 ΙΙΙ.
2160 2749 2352 2804 homil.
2385 2749 2454 2804 de
2491 2751 2548 2802 S.
2580 2750 2796 2804 Joanne
2828 2749 3069 2820 Baptista
3091 2749 3235 2821 (quae
3268 2749 3497 2820 quidem

1875 2844 2050 2914 ipsius
2093 2859 2204 2899 non
2238 2852 2340 2910 est,
2369 2844 2466 2898 sed
2511 2845 2703 2900 incerti
2738 2845 3000 2915 auctoris)
3020 2845 3244 2919 legitur,
3277 2866 3306 2894 (ι
3347 2843 3497 2916 quod

1873 2931 1931 2984 in
1952 2931 2133 2998 Patre,
2169 2933 2328 2999 Filio,
2369 2941 2423 2988 et
2475 2935 2681 3006 Spiritu
2710 2943 2900 2990 sancto
2960 2942 3042 2990 est
3072 2935 3268 3006 triplex
3302 2943 3357 2990 et
3388 2951 3499 2990 una

239 3045 349 3110 Qua:
387 3052 576 3101 contra
639 3049 960 3104 catholicam
1022 3051 1182 3119 ﬁdem
1248 3068 1315 3106 ea:
1353 3057 1518 3106 veteri
1576 3055 1769 3110 hwresi
1801 3071 1849 3138 Ο
1874 3025 2155 3138 ξί¹ξ¹¹¹¹ί³⁵’
2190 3027 2358 3138 ἐωξὶ
2411 3027 2606 3138 Erjpjlex
2635 3044 2731 3098 pro
2789 3031 3200 3138 ίνίπαὶνίξῖηίωξ
3236 3034 3401 3138 δέξῃ
3428 3037 3498 3138 ξι

183 3137 665 3206 Ρνωάικεεὶηαιίαηίι,
719 3147 850 3206 etc.,
893 3141 1069 3196 dicere
1123 3144 1393 3199 videatur.
1429 3145 1592 3200 Recte
1633 3147 1770 3202 dicit

1876 3115 2158 3186 inhymno
2190 3115 2472 3170 Prudentii
2502 3117 2572 3171 de
2597 3133 2757 3172 cereo
2811 3117 3078 3188 paschali,
3121 3133 3244 3172 cum
3289 3117 3364 3171 ait
3423 3117 3494 3172 de

1870 3207 1983 3262 Deo
2006 3224 2020 3260 :

179 3230 414 3296 rideatur,
447 3236 580 3306 quia
613 3237 866 3307 quaedam
893 3253 956 3292 ex
1012 3239 1097 3292 his
1137 3239 1283 3294 bene
1326 3241 1607 3298 intellecta
1639 3242 1770 3300 fidei

177 3335 264 3374 non
290 3323 649 3381 adversantur
697 3343 709 3379 :
754 3333 812 3380 ut
861 3328 1010 3398 quod
1068 3330 1318 3385 secundo
1367 3331 1489 3387 loco
1519 3331 1766 3398 affertur,

174 3408 534 3484 distinguendo
564 3415 637 3468 de
665 3415 949 3471 voluntate
1008 3417 1106 3472 Dei
1149 3418 1486 3490 beneplaciti
1517 3429 1572 3476 ct
1595 3423 1760 3498 signi.

175 3503 282 3560 ltem
326 3509 478 3565 tertio
543 3512 690 3577 loco,
742 3513 890 3582 quod
948 3513 1194 3569 Christus
1253 3531 1352 3586 pro
1409 3519 1671 3575 omnibus
1695 3521 1768 3576 sit

175 3606 388 3654 mortuus
416 3610 471 3657 et
499 3603 802 3658 cruciﬁxus
827 3604 1192 3674 sufficienter,
1235 3609 1363 3680 quia
1394 3611 1630 3680 pretium
1662 3613 1767 3668 fuit

172 3688 418 3747 sufficiens
448 3697 602 3766 quod
630 3697 784 3752 dedit
813 3716 826 3763 ;
857 3699 954 3753 sed
987 3716 1098 3755 non
1117 3717 1215 3771 pro
1233 3703 1494 3758 omnibus
1524 3703 1768 3760 cfﬁcien~

178 3787 260 3846 ter,
285 3785 403 3852 quia
427 3801 541 3840 non
582 3787 844 3842 omnibus
893 3789 1222 3860 applicatur.
1258 3791 1313 3845 In
1343 3810 1510 3864 quem
1541 3812 1765 3850 sensum

176 3875 426 3942 respondit
449 3877 588 3932 olim
621 3880 673 3932 S.
731 3879 966 3950 Prosper
1003 3882 1072 3936 ad
1133 3881 1380 3954 Capitula
1409 3886 1684 3942 Gallorum
1712 3898 1767 3944 et

176 3963 490 4032 objectiones
521 3971 933 4027 Vincentianas.
996 3974 1152 4038 Quod
1211 3975 1390 4046 primo
1457 3978 1577 4035 loco
1609 3979 1765 4035 affert

178 4049 470 4112 Hincmarus
501 4059 594 4114 his
623 4059 808 4114 verbis
841 4078 853 4114 :
889 4087 910 4106 κ
949 4061 1084 4117 Dicit
1131 4064 1416 4132 (nimirum
1447 4067 1764 4123 Gothescal-

173 4146 270 4214 cus)
298 4151 437 4218 quod
463 4159 518 4206 et
556 4159 771 4208 veteres
818 4154 1290 4211 Praedestinatiani
1316 4158 1572 4213 dixerunt
1623 4177 1766 4232 quo--

174 4233 294 4291 niam
354 4241 496 4297 sicut
529 4243 680 4296 Deus
725 4244 991 4314 quosdam
1039 4245 1106 4300 ad
1152 4247 1315 4302 vitam
1370 4259 1653 4314 teternam,
1685 4251 1762 4306 ita

172 4327 406 4391 quosdam
441 4331 859 4400 praedestinavit
897 4333 966 4387 ad
997 4341 1230 4390 mortem
1269 4347 1553 4393 aeternam.
1593 4359 1615 4389 ι)
1653 4339 1762 4395 Hoc

173 4408 485 4500 impieabiis
539 4427 596 4474 et
652 4422 1073 4480 aGothescalco
1121 4427 1539 4500 dictum,-quia
1598 4431 1760 4486 dice-

169 4499 280 4557 bant
297 4505 438 4562 fatali
462 4510 799 4566 necessitate
829 4529 895 4566 ex
927 4515 1412 4584 praedestinationc
1430 4499 1540 4573 Dei
1569 4535 1666 4575 eos
1695 4527 1763 4580 ad

170 4606 383 4668 peccata,
407 4602 618 4660 deinde
650 4605 708 4660 in
747 4618 980 4664 mortem
1025 4612 1308 4682 compelli,
1341 4621 1398 4668 ut
1460 4623 1674 4672 constat
1698 4636 1762 4674 ex

169 4689 458 4758 objectione
497 4701 680 4769 prima
711 4703 765 4756 in
807 4703 1071 4776 Capitulis
1098 4706 1396 4775 Gallorum,
1417 4717 1471 4764 et
1512 4727 1632 4766 can.
1662 4714 1760 4770 ult.

168 4785 688 4848 concil.:lrausicani
717 4811 776 4861 ιι,
818 4808 872 4851 ct
897 4813 1018 4869 cap.
1047 4799 1101 4865 3,
1133 4802 1334 4876 concil.
1379 4803 1673 4872 Valentini,
1706 4806 1761 4862 in

167 4886 276 4940 quo,
312 4878 478 4935 citato
545 4885 752 4940 eodem
808 4889 1009 4944 concil.
1043 4893 1399 4962 Arausicano,
1421 4896 1500 4950 sic
1521 4896 1760 4952 dicitur:

171 4983 188 5009 α
217 4964 392 5025 Verum
420 4973 649 5046 aliquos
669 4978 735 5031 ad
753 4979 957 5034 malum
990 4983 1414 5050 praedestinatos
1429 5002 1551 5040 esse
1573 4987 1762 5042 divina

167 5070 430 5134 potestate,
461 5070 727 5128 videlicet
765 5082 824 5128 ut
851 5077 1008 5146 quasi
1055 5077 1202 5132 aliud
1231 5096 1354 5134 esse
1377 5096 1490 5136 non
1513 5089 1756 5152 possent,

165 5169 258 5210 non
271 5161 442 5217 solum
463 5181 583 5221 non
601 5168 900 5236 credimus,
925 5170 1023 5226 sed
1049 5173 1214 5228 etiam
1231 5175 1276 5228 si
1299 5175 1410 5231 sint
1430 5177 1523 5248 qui
1546 5183 1756 5232 tantum

164 5251 269 5304 mali
300 5258 528 5313 credere
569 5261 765 5329 velint,
802 5279 926 5319 cum
994 5267 1143 5320 omni
1175 5267 1565 5336 detestatione,
1617 5271 1761 5326 sicut

161 5340 392 5404 Amusica
420 5352 693 5422 synodus,
746 5355 856 5410 illis
891 5359 1184 5414 anathema
1221 5361 1478 5417 dicimus.
1509 5386 1524 5411 ι
1555 5363 1760 5436 Legam

161 5443 344 5506 autem,
367 5453 424 5498 et
452 5447 609 5516 apud
626 5465 684 5504 se
701 5453 1050 5521 perpendant
1071 5461 1235 5524 caput
1263 5466 1475 5511 sextum
1508 5457 1758 5526 ejusdem

2150 3277 2378 3340 Regnum
2399 3277 2660 3328 continuat
2691 3280 2892 3329 nomine
2915 3281 3119 3344 triplici.

1941 3377 2072 3432 Nam
2093 3378 2238 3433 Deus
2265 3395 2374 3434 non
2396 3389 2543 3435 recte
2573 3381 2770 3451 triplex
2815 3381 3039 3448 dicitur,
3069 3381 3166 3436 sed
3204 3381 3405 3446 trinus,
3436 3389 3496 3435 ut

1865 3465 2072 3522 docent
2099 3467 2413 3523 scholastici
2467 3469 2722 3524 doctores
2782 3469 2838 3523 in
2895 3469 3095 3524 librum
3129 3487 3142 3522 I
3177 3468 3497 3524 Sententia-

1868 3578 2010 3620 rum.
2045 3562 2172 3616 dist.
2209 3561 2297 3617 19.

1938 3657 2008 3709 Et
2034 3670 2140 3708 non
2167 3655 2339 3709 solum
2369 3656 2652 3711 doctorum
2667 3672 2892 3712 suorum
2921 3657 3108 3711 doctor
3135 3657 3495 3726 videriappe-

1869 3747 1956 3808 tit,
1979 3751 2085 3798 etc.
2117 3743 2206 3798 Sic
2233 3745 2419 3800 omnia
2436 3747 2790 3816 exemplaria,
2817 3755 3012 3818 estque
3027 3748 3144 3802 hth
3158 3764 3286 3802 vera
3303 3747 3492 3814 lectio,

1869 3831 2108 3902 ideoque
2141 3831 2196 3885 in
2231 3833 2275 3886 M
2299 3834 2439 3888 male
2473 3842 2804 3897 correctum,
2827 3836 3116 3901 dictorum,
3150 3836 3299 3906 quod
3328 3851 3494 3889 secu-

1866 3933 1953 3980 tus
1983 3932 2064 3980 est
2095 3926 2149 3980 S.
2181 3927 2272 3982 Est
2292 3935 2475 3982 autem
2507 3944 2706 3982 sensus
2758 3929 3035 3983 doctorum
3061 3944 3304 3994 suorum,
3339 3928 3394 3981 id
3411 3938 3495 3982 est

1865 4031 2054 4070 eorum
2095 4018 2191 4088 qui
2221 4035 2345 4072 eum
2378 4019 2582 4074 docent
2609 4026 2662 4072 et
2694 4019 2993 4084 instruunt,
3058 4020 3256 4074 doctor
3311 4019 3490 4074 videri

1864 4106 2095 4176 appetit,
2127 4123 2268 4178 quos
2299 4109 2625 4163 convincere
2656 4109 2849 4163 nititur
2899 4109 2970 4164 de
3009 4125 3076 4164 eo
3111 4109 3256 4180 quod
3297 4117 3489 4164 contra

1864 4195 2084 4266 seipsos
2103 4203 2158 4250 et
2189 4199 2470 4268 propriam
2499 4197 2807 4254 doctrinam
2847 4199 3104 4256 doceant.

2509 4289 2716 4346 CAPUT
2745 4292 2848 4346 XV.

1930 4375 2187 4429 Owterum
2213 4377 2457 4444 capitula
2476 4379 2766 4446 synodalia
2783 4382 3173 4436 uenerabilium
3201 4396 3482 4437 consacer-

1787 4454 1844 4522 D
1864 4465 2049 4520 dctum
2075 4472 2404 4534 nostrorum,
2433 4472 2602 4524 trium
2627 4473 2829 4527 scilicet
2870 4476 3300 4542 provinciarum,
3349 4475 3491 4529 sicut

1867 4558 2066 4612 ibidem
2091 4562 2413 4627 continetur,
2447 4569 2553 4618 etc.
2616 4563 2879 4636 Loquitur
2906 4565 2974 4618 de
3014 4547 3252 4621 concilio
3285 4565 3488 4621 Valen-

1867 4649 2004 4716 tino,
2036 4659 2348 4722 utpatetex
2377 4655 2863 4725 sequentibus,cui
2891 4656 3262 4712 interfuerunt
3293 4657 3347 4711 in
3371 4657 3492 4712 uni—

1865 4755 2082 4794 versum
2112 4741 2376 4796 tredecim
2406 4749 2502 4797 aut
2521 4745 2938 4815 quatuordecim
2978 4747 3314 4818 episcopi,et
3342 4748 3492 4802 inter

1865 4845 1961 4884 eos
1993 4837 2103 4884 tres
2131 4833 2562 4903 metropolitani,
2591 4836 2869 4910 Remigius
2899 4838 3308 4912 Lugdunensis,
3343 4839 3491 4916 Egil-

1863 4928 2043 4976 matus
2071 4923 2422 4994 Viennensis,
2457 4936 2512 4982 et
2536 4927 2854 4985 Rodlandns
2871 4931 3227 4997 Arelatensis,
3249 4947 3486 5003 quorum

1864 5017 2074 5064 tantum
2115 5011 2341 5068 nomina
2396 5015 2555 5071 initio
2607 5019 3012 5088 exprimuntur,
3070 5038 3195 5076 cum
3258 5019 3485 5074 nomine

1863 5103 2090 5158 Elbonis
2117 5103 2612 5178 Gratianopolitani
2669 5111 2940 5182 episc0pi.
2994 5115 3052 5166 In
3085 5129 3196 5186 quo
3225 5113 3484 5179 consilio,

1859 5200 2040 5264 capite
2073 5195 2128 5260 4,
2164 5194 2257 5248 illa
2285 5196 2560 5252 habentur
2590 5215 2712 5269 quae
2743 5210 2935 5256 contra
2964 5218 3022 5256 se
3054 5202 3202 5258 dicta
3231 5217 3351 5256 esse
3383 5203 3486 5257 hac

1861 5286 2094 5357 epistola
2127 5286 2447 5344 Hincmarus
2491 5293 2762 5364 agnoscit,
2799 5301 2908 5348 tam
2941 5295 3009 5349 de
3048 5303 3286 5366 quatuor
3312 5310 3478 5367 quam

1861 5375 1928 5429 de
1961 5379 2340 5433 novemdecim
2366 5380 2622 5448 capitulis
2653 5399 2684 5436 a
2713 5398 2774 5437 se
2800 5382 3059 5438 collectis.

1932 5469 1994 5525 In
2032 5470 2302 5536 Africana
2327 5477 2376 5524 et
2405 5473 2679 5528 Arausica
2701 5475 2923 5543 synodo.
2960 5475 3083 5529 Haec
3121 5483 3205 5529 est
3234 5473 3479 5544 synodus

158 5530 354 5588 concilii
405 5535 711 5609 Valentini,
762 5543 858 5614 qui
919 5545 1234 5612 ltujusmodi
1291 5549 1627 5619 quaestiones
1657 5550 1762 5606 hoc

158 5620 338 5677 saeculo
362 5628 726 5688 suscitarunt.
765 5633 1031 5690 Caeterum
1065 5639 1135 5692 de
1175 5639 1369 5695 haeresi
1403 5641 1762 5696 Prtedestina-

161 5708 291 5769 liana
310 5721 454 5790 apud
475 5730 700 5782 veteres
735 5745 856 5784 rara
886 5737 971 5785 est
1025 5732 1230 5788 mentio
1251 5734 1356 5788 sub
1390 5735 1484 5790 illo
1515 5737 1760 5804 nomine,

1862 5575 1902 5612 ιι
1937 5559 2288 5627 Arausicana,
2348 5580 2470 5635 quae
2527 5565 2691 5619 etiam
2740 5566 2908 5621 hodie
2958 5573 3152 5622 exstat.
3210 5566 3265 5619 [n
3299 5563 3476 5618 Africa

1863 5647 1968 5702 tria
1993 5648 2061 5703 de
2105 5650 2204 5704 hac
2235 5667 2291 5706 re
2340 5652 2574 5707 concilia
2605 5653 2882 5708 celebrata
2938 5663 3084 5720 sunt,
3117 5653 3227 5708 duo
3251 5652 3476 5707 Cartha-

1863 5739 2001 5812 gini,
2031 5757 2202 5797 unum
2237 5743 2415 5799 Milevi
2449 5745 2503 5798 in
2557 5745 2836 5812 Numidia,
2881 5753 2942 5800 ut
2968 5752 3116 5815 patet
3143 5761 3210 5800 ex
3241 5744 3472 5815 epistola
