3938 6158
471 187 576 241 379

1309 189 1699 246 COLVENEHII
1741 191 2014 248 SCHOLIA
2054 193 2118 248 IN
2160 193 2325 250 HIST.
2370 193 2656 248 REMENS.
2699 190 2959 247 ECCLES.

3627 197 3708 252 380

469 319 538 371 47
565 318 618 371 S.
641 317 949 392 Augustini,
975 318 1068 372 ubi
1123 336 1290 374 unum
1349 328 1507 375 vocat
1550 322 1860 392 plenarium
1912 324 2081 378 totius
2108 329 2156 396 Α
2184 327 2254 381 ad
2284 326 2426 380 hanc
2441 324 2735 396 synodum,
2791 338 2912 395 qua
2951 320 3097 374 inter
3139 318 3310 389 ipsius
3330 317 3558 390 epistolas
3583 329 3648 376 est
3667 322 3708 378 9.

467 405 1002 473 Africa'coneilium,
1055 409 1203 478 quod
1257 408 1557 463 dolendum
1598 419 1681 466 est
1709 427 1819 466 non
1845 421 2080 479 exstare,

469 498 567 552 sed
590 498 708 567 ejus
730 497 981 568 quadam
1010 498 1316 573 fragmenta
1337 500 1468 555 citat
1485 500 1726 573 Prosper
1747 502 1804 556 in
1830 518 2080 573 respons.

472 591 540 644 ad
571 589 583 644 l
619 589 877 661 Capitula
894 589 1326 662 Gallorum,cap.
1360 593 1414 658 8,
1446 601 1501 646 et
1555 593 1653 648 lib.
1687 601 1876 649 contra
1907 594 2086 650 Colla-

473 690 672 752 torem,
704 701 825 756 cap.
856 687 944 740 10.

549 781 726 833 Veluti
745 782 972 850 epistola
988 781 1363 852 Capitulorum
1383 785 1590 838 exstitit
1619 801 1783 854 quam
1814 786 2087 840 venerabi-

472 877 538 929 lis
567 877 690 930 Ibas
714 878 990 946 episcopus
1010 893 1168 932 suam
1205 895 1314 934 esse
1342 881 1396 934 in
1428 880 1632 948 synodo
1663 880 1965 946 denegavit.
1994 879 2089 934 Hic

473 973 556 1020 est
588 965 710 1020 lbas
740 966 1031 1022 Edessena
1085 969 1343 1024 Ecclesia
1382 970 1698 1041 episcopus,
1757 970 1828 1024 de
1893 986 2000 1039 quo
2033 969 2086 1024 in

473 1060 723 1115 conciliis
751 1077 848 1116 seu
903 1061 1085 1131 potius
1108 1063 1336 1131 judiciis
1391 1063 1782 1119 ecclesiasticis
1811 1063 1973 1134 Tyrio
2032 1069 2087 1117 et

478 1151 804 1218 Berithensi,
830 1153 958 1206 etin
988 1154 1189 1209 concil.
1221 1153 1680 1220 Chalcedonensi,
1729 1154 1948 1210 actione
1995 1154 2083 1207 10.

479 1241 623 1294 Item.
644 1241 908 1296 Baronius
921 1258 1064 1296 anno
1091 1243 1216 1307 448,
1245 1242 1644 1314 quiepistolam
1663 1242 1889 1314 quidem
1920 1241 2089 1312 ipsius

478 1344 598 1383 esse
620 1329 715 1396 ait,
744 1330 840 1384 sed
875 1331 1095 1404 negavit
1153 1331 1276 1385 lbas
1307 1348 1366 1387 se
1395 1332 1597 1386 dixisse
1620 1332 1736 1386 hac
1767 1338 1860 1386 aut
1889 1329 2090 1384 similia

478 1417 687 1482 verba;
728 1418 888 1473 «Non
923 1418 1144 1473 invideo
1200 1418 1414 1474 Christo
1446 1418 1584 1474 fasto
1624 1419 1758 1486 Deo,
1795 1417 1842 1472 si
1867 1417 2093 1473 voluero

478 1520 533 1565 et
559 1511 680 1582 ipse
713 1510 830 1566 fieri
880 1528 1123 1583 possum.
1176 1535 1197 1562 ι)
1243 1514 1306 1568 Et
1363 1514 1431 1567 de
1491 1530 1557 1569 eo
1599 1514 1854 1572 crimine.
1908 1512 2094 1566 audita

481 1604 863 1662 testificatione
921 1607 1245 1663 clericorum
1301 1609 1594 1664 Edessena
1649 1607 1928 1672 Ecclesia,
1995 1606 2096 1662 fuit

480 1697 782 1752 absolutus.

2186 415 2360 485 Supra
2378 429 2506 469 vero
2528 429 2650 483 cap.
2701 412 2764 466 11
2818 410 2982 478 hujus
3013 409 3136 463 libri
3169 408 3336 478 posita
3363 416 3440 463 est
3464 409 3586 463 bona
3618 427 3713 480 pars

2186 504 2472 578 synodalis
2501 501 2746 574 epistola
2770 500 3018 568 ejusdem
3051 496 3270 553 concilii
3298 497 3574 551 Trecensis.

2258 593 2664 649 PerActardum
2680 591 3032 646 venerabilem
3053 591 3430 646 Nannetensem
3454 591 3714 657 episcopum.

2187 689 2277 742 Sic
2303 693 2357 741 et
2378 685 2433 738 in
2455 683 2620 740 tomis
2644 682 2844 738 Concil.
2875 681 2959 734 MS
2991 681 3097 735 hoc
3120 680 3240 734 loco
3261 686 3314 731 et
3339 675 3465 730 infra
3483 677 3722 748 aliquoties

2187 779 2490 845 Acardum,
2516 775 2793 831 interdum
2825 773 3153 835 Accardum,
3170 769 3473 824 Arctardum
3491 776 3540 823 et
3564 770 3724 828 Arter-

2189 869 2336 923 dum.
2370 867 2475 921 Sed
2507 866 2685 937 prima
2716 863 2880 919 lectio
2902 860 3250 918 communior
3279 869 3374 915 est.

2261 959 2518 1015 Nicotaus
2538 970 2660 1009 vero
2694 968 2847 1024 papa
2861 956 3143 1020 gratanter
3181 950 3461 1018 suscipiens
3485 963 3586 1017 quae
3600 949 3728 1002 Hinc-

2189 1067 2372 1106 marus
2402 1053 2450 1104 ei
2478 1052 2790 1119 scripserat,
2824 1048 2889 1102 de
2918 1046 3161 1101 omnibus
3185 1045 3293 1098 sibi
3319 1043 3628 1108 satisfactum
3647 1057 3731 1096 esse

2185 1142 2482 1210 rescripsit.
2511 1140 2635 1194 Hac
2680 1137 2915 1209 epistola
2957 1132 3302 1208 apologetica
3353 1130 3596 1185 Hinemari
3621 1129 3732 1183 bene

2191 1229 2400 1300 prolixa
2431 1235 2604 1282 exstat
2635 1226 2782 1297 apud
2813 1223 3109 1279 Baronium
3135 1235 3281 1276 anno
3311 1218 3537 1286 867,sed
3550 1232 3735 1288 respon-

2193 1323 2276 1377 sio
2317 1321 2525 1376 Nicolai
2569 1335 2678 1375 non
2707 1325 2902 1374 exstat.

2264 1413 2506 1466 Dicentes
2519 1412 2630 1480 ipsi
2642 1411 2815 1466 ϐτωοὶ
2825 1408 2972 1478 quod
2983 1407 3218 1461 chrisma
3228 1419 3296 1458 ea:
3306 1418 3444 1472 aqua
3452 1401 3656 1470 ﬂuminis
3666 1399 3739 1453 La-

2196 1504 2300 1556 tini
2325 1503 2690 1570 conﬁciamus.
2710 1500 2821 1554 Hoc
2835 1499 2916 1553 sic
2933 1495 3180 1570 intelligo
3197 1493 3346 1566 quod
3358 1508 3452 1546 nos
3467 1490 3618 1545 Latini
3629 1488 3742 1544 chri-

2197 1610 2314 1649 sma
2334 1609 2398 1648 ex
2426 1609 2569 1664 aqua
2597 1591 2840 1647 ﬂuminis
2891 1589 3265 1646 conﬁciemus.
3302 1584 3450 1640 Unde
3474 1583 3527 1636 in
3548 1580 3740 1636 editione

2122 1700 2172 1767 B
2198 1684 2440 1740 Romana
2453 1685 2611 1756 epist.
2639 1683 2997 1739 decretalium
3017 1681 3246 1755 legitur:
3266 1672 3743 1767 «Quodtamenchri-

559 1793 811 1858 Tempore
835 1791 974 1844 ἀίυω
1000 1793 1266 1846 memoria;
1291 1792 1478 1846 Κανοιί
1504 1791 2095 1862 imperatoris’quando
2122 1761 2167 1767 —
2195 1788 2312 1827 sma
2342 1788 2523 1827 nosex
2538 1788 2679 1843 aqua
2703 1767 3238 1862 ﬂuminisconticere
3268 1761 3745 1862 fallaciterarbitran:

483 1879 720 1946 synodus
760 1894 858 1945 pro
896 1881 1113 1946 cognita
1142 1881 1462 1948 inﬁdelitate
1487 1882 1670 1935 Felicis
1691 1885 1768 1935 est
1797 1881 2004 1934 habita.
2039 1880 2096 1946 S,

483 1968 822 2034 infelicitate.
853 1966 1120 2037 Loquitur
1136 1968 1206 2022 de
1239 1966 1428 2023 Carolo
1460 1967 1659 2041 Magno
1676 1975 1730 2022 et
1747 1968 1924 2022 Felice
1943 1968 2100 2040 Utge-

483 2061 650 2117 litano
706 2061 989 2133 episcOpo.
1023 2063 1202 2134 Agunt
1249 2064 1318 2118 de
1373 2065 1569 2119 eodem
1624 2064 1804 2118 Felice
1871 2063 2099 2134 ejusque

484 2165 670 2206 errore
699 2150 937 2205 Annales
968 2151 1294 2207 Francorum
1337 2169 1367 2207 a
1398 2153 1610 2209 Pithon
1639 2153 1772 2209 editi
1805 2168 1950 2208 anno
1974 2153 2096 2222 792;

486 2239 806 2314 Sigebertus
830 2239 886 2292 in
926 2239 1128 2295 Chron.
1160 2241 1298 2306 793;
1329 2242 1614 2298 Aimoinus
1635 2242 1732 2296 lib.
1771 2259 1840 2306 Iv,
1870 2258 1919 2297 c.
1949 2242 2018 2296 83
2046 2249 2100 2297 et

485 2331 779 2398 85;.lonas
825 2331 1237 2388 Aurelianensis
1293 2333 1390 2388 lib.
1417 2352 1432 2388 1
1461 2335 1536 2389 De
1591 2335 1739 2389 cultu
1771 2335 2098 2407 imaginum,

486 2429 541 2474 et
570 2419 772 2474 Paulus
823 2420 1212 2491 Aquileiensis,
1271 2423 1365 2493 qui
1431 2429 1619 2477 contra
1677 2439 1918 2478 errorem
1981 2423 2099 2491 ejus

489 2511 688 2566 librum
733 2512 974 2582 scripsit,
1025 2513 1121 2584 qui
1154 2520 1330 2568 exstat
1356 2523 1490 2569 tom.
1527 2515 1590 2568 IV
1611 2514 1967 2570 Bibliotheca
1998 2514 2101 2567 Pa-

491 2613 634 2660 trum
651 2605 910 2660 secunda
937 2606 1219 2662 editionis.
1255 2607 1515 2663 Damnata
1545 2615 1627 2662 est
1656 2608 1775 2677 ejus
1795 2607 2024 2663 haresis
2043 2607 2099 2661 in

492 2693 704 2764 synodo
733 2693 1234 2763 Francofordiensi,
1277 2713 1400 2768 qua
1425 2703 1602 2754 exstat
1632 2704 1764 2753 tom.
1798 2698 1867 2752 lll
1900 2697 2104 2753 Concil.

488 2783 557 2837 ad
587 2775 792 2838 annum
817 2783 942 2838 794.

562 2878 630 2930 Et
648 2878 726 2930 sic
755 2877 971 2931 tandem
1008 2879 1356 2947 subjiciemus
1402 2881 1505 2936 illa
1533 2882 1707 2937 decem
1735 2886 1786 2937 et
1809 2898 1996 2938 novem
2020 2899 2111 2939 ca-

489 2967 691 3035 pitula.
716 2965 805 3021 Sic
833 2967 1018 3021 omnia
1063 2967 1395 3038 exemplaria
1438 2976 1643 3036 nostra,
1677 2977 1730 3025 et
1782 2972 1978 3028 concil.
2008 2972 2113 3026 Va-
2142 3007 2164 3038 λ

496 3055 787 3110 lentinum.
815 3055 1035 3120 QuareJ
1067 3056 1262 3112 vitiose
1283 3056 1416 3131 legit
1445 3059 1619 3114 decem
1649 3065 1698 3114 et
1721 3076 1836 3115 sem.

1106 3166 1311 3224 CAPUT
1373 3170 1504 3226 XVI.

567 3256 660 3312 An
689 3257 822 3326 quia
849 3256 997 3310 vobis
1026 3272 1062 3310 a
1119 3273 1257 3311 cana
1303 3263 1531 3328 patrum
1557 3260 1682 3330 ﬁde.
1742 3261 1833 3316 Sic
1865 3260 1920 3329 C,
1954 3263 2007 3316 id
2029 3271 2112 3318 est

501 3348 745 3420 antiqua,
791 3354 851 3402 ut
909 3347 1111 3403 Gallice
1158 3349 1320 3404 vertit
1382 3350 1690 3419 Chesneau,
1720 3359 1775 3408 et
1804 3370 1871 3410 eo
1898 3355 2111 3410 accedit

498 3443 605 3509 MS,
657 3459 766 3515 quo
809 3459 907 3515 pro
951 3460 987 3497 a
1035 3461 1195 3511 cana,
1249 3445 1404 3518 legit,
1465 3462 1688 3504 arcana.
1731 3448 1756 3502 .l
1814 3449 2103 3504 substituit

499 3553 656 3591 sana.
687 3537 765 3591 lta
794 3537 1053 3592 Sidonius
1081 3536 1415 3607 Apollinaris
1439 3538 1682 3593 carmine
1710 3540 1745 3593 2
1777 3543 1948 3596 εΕταε
1974 3558 2112 3598 οαηα

494 3631 742 3696 patrum,
774 3626 828 3680 id
860 3634 944 3682 est
970 3625 1148 3698 prisca
1169 3635 1324 3692 atas,
1353 3632 1407 3680 et
1434 3625 1676 3682 Isidorus
1705 3627 1763 3681 in
1779 3627 1979 3700 glossis
1995 3644 2112 3682 ma-

2201 1872 2306 1919 tur.
2337 1889 2358 1906 κ
2392 1862 2556 1917 Miror
2574 1861 2856 1916 Nicolaum
2887 1861 3172 1916 Chesneau
3194 1858 3276 1914 sic
3293 1853 3610 1911 transtulisse
3627 1849 3745 1921 quasi

2201 1955 2375 2009 Latini
2407 1952 2844 2026 essetgenitivus
2861 1952 3284 2007 coharenscum
3307 1946 3530 2003 dictione
3554 1940 3748 1998 ﬂuminis

2202 2045 2387 2100 addita
2410 2046 2466 2100 in
2486 2044 2733 2117 margine
2757 2044 2859 2097 hac
2877 2041 3252 2097 adnotatione:
3280 2060 3302 2088 ι
3325 2038 3540 2092 Flumen
3553 2033 3746 2088 Latinum

2200 2135 2398 2190 Tibris.
2433 2156 2454 2183 η
2488 2135 2619 2188 Nam
2650 2141 2704 2188 et
2730 2134 2786 2187 in
2820 2131 3151 2188 refutatione
3197 2130 3388 2184 decem
3415 2123 3748 2181 calumniarum

2201 2247 2232 2284 a
2262 2227 2462 2284 Gracis
2492 2227 2856 2296 objectarum,
2885 2240 3048 2296 quam
3069 2229 3191 2293 post
3219 2237 3366 2287 eam,
3397 2233 3512 2289 qua
3543 2215 3619 2269 hic
3643 2212 3750 2268 cita-

2201 2326 2312 2383 tur,
2339 2315 2543 2372 Nicolai
2577 2315 2864 2386 epistolam
2895 2313 3124 2384 apponit
3151 2309 3436 2373 Baronius,
3472 2303 3595 2360 illud
3611 2301 3750 2357 solum

2202 2409 2402 2464 dicitur
2435 2426 2497 2462 :u
2523 2405 2678 2474 Quod
2732 2412 2916 2461 utatur
2975 2403 3217 2459 Ecclesia
3278 2395 3622 2456 Occidentalis
3647 2407 3755 2462 aqua

2201 2515 2301 2571 pro
2326 2497 2644 2564 chrismate,
2676 2494 2925 2550 omnium
2969 2489 3360 2548 testiﬁcatione
3415 2493 3493 2541 est
3527 2481 3756 2571 manifesta

2206 2569 2500 2645 calumnia.
2539 2607 2563 2637 ‹ι
2593 2584 2751 2639 Certe
2783 2599 2894 2638 non
2947 2581 3207 2636 videntur
3235 2577 3472 2634 voluisse
3521 2572 3666 2628 Graci
3693 2569 3758 2623 di-

2208 2693 2335 2732 cere
2355 2682 2523 2731 totam
2581 2673 2879 2728 Ecclesiam
2935 2668 3348 2726 Occidentalem
3377 2665 3456 2720 uti
3476 2679 3604 2736 aqua
3624 2658 3760 2715 Tibris

2212 2781 2312 2838 pro
2343 2764 2663 2831 chrismate,
2694 2763 2794 2818 sed
2821 2761 3068 2816 ﬂuminis
3095 2759 3494 2829 cujuscunque.

2810 2871 3017 2928 CAPUT
3047 2871 3231 2925 XVIII.

2283 2970 2346 3023 In
2364 2969 2570 3022 visione
2590 2965 2844 3021 Bernoldi
2881 2964 3131 3019 redivivi.
3171 2961 3309 3016 Huic
3346 2951 3764 3015 visioniBeruoldi

2213 3060 2282 3115 de
2328 3059 2450 3116 loco
2477 3057 2772 3113 tenebroso
2819 3066 2874 3110 et
2903 3056 3074 3110 altero
3100 3053 3288 3108 lucido
3319 3048 3517 3105 similia
3542 3053 3652 3102 sunt
3673 3056 3766 3116 qua:

2211 3150 2486 3207 scribitV.
2555 3149 2703 3204 Beda
2760 3148 2859 3202 lib.
2892 3165 2924 3201 v
2955 3146 3204 3201 Historia
3264 3143 3446 3218 gentis
3501 3139 3767 3214 Anglorum,

2211 3263 2330 3317 cap.
2376 3243 2463 3311 13,
2486 3251 2544 3298 et
2573 3241 2853 3314 Lupoldus
2881 3237 3301 3314 Babenburgius
3327 3236 3398 3291 de
3437 3233 3548 3289 zelo
3571 3236 3768 3286 veterum

2211 3338 2522 3410 principum
2579 3335 2906 3400 Germania,
2957 3349 3076 3404 cap.
3153 3331 3238 3398 14,
3301 3329 3397 3385 ubi
3440 3345 3503 3383 ex
3544 3317 3770 3378 Vincentii

2210 3430 2444 3503 Speculo
2471 3436 2524 3485 et
2551 3445 2616 3485 ex
2649 3427 2881 3483 Historia
2929 3426 3259 3480 Francorum
3291 3423 3411 3495 agit
3454 3419 3521 3474 de
3550 3410 3771 3470 Ludovico

2211 3524 2306 3579 Pio
2337 3523 2470 3594 imp.
2503 3522 2559 3576 in
2585 3521 2763 3592 poenis
2793 3519 3038 3581 detento,
3089 3521 3316 3588 petente
3358 3511 3607 3568 auxilium
3634 3523 3660 3560 a
3694 3503 3774 3594 Lu-

2212 3593 2427 3672 dovico,
2447 3613 2770 3669 Germanico
2798 3610 2908 3666 ﬁlio
2928 3625 3049 3665 suo.
3082 3610 3157 3664 De
3181 3623 3291 3680 quo
3324 3615 3379 3662 et
3424 3601 3710 3678 Sigebertus
3735 3593 3774 3646 in

503 3715 798 3786 nuscriptis
825 3733 839 3770 :
871 3717 1020 3772 Cana
1052 3717 1205 3786 ﬁdes,
1233 3718 1465 3787 antiqua
1488 3722 1744 3772 senectus.
1788 3718 1851 3773 Et
1880 3721 2118 3776 antehos
2217 3705 2420 3761 ChFOn-
2461 3719 2551 3758 ειη-
2582 3702 2707 3758 375-

503 3808 650 3884 Virg.
683 3825 718 3864 ι.
737 3811 960 3864 .Enead.
997 3827 1010 3863 :

657 3917 793 3984 Cana
813 3917 952 3984 ﬁdes,
980 3927 1028 3967 et
1056 3919 1221 3978 Vesta,
1239 3920 1391 3970 Remo
1413 3934 1526 3970 cum
1551 3922 1717 3982 fratre,
1749 3923 1986 3984 Quirinus

660 3980 781 4029 Iura
800 3979 1007 4029 dabunt.

2288 3795 2428 3862 Quia
2454 3795 2502 3848 si
2519 3793 2645 3847 inde
2669 3795 2938 3846 certamen
2967 3787 3276 3848 habuerint,
3322 3783 3426 3838 cito
3444 3781 3508 3835 de
3541 3779 3639 3867 ista
3661 3784 3778 3867 M0

2219 3899 2305 3938 ero
2334 3883 2610 3937 liberatus.
2646 3879 2706 3934 Id
2737 3886 2820 3933 est
2846 3877 2891 3932 si
2909 3876 3155 3932 certatim
3199 3874 3307 3928 hoc
3338 3869 3570 3946 egerint,
3599 3865 3717 3918 sicut
3739 3865 3778 3911 in

2220 3973 2662 4046 praecedentibus
2685 3970 2906 4036 dicitur,
2938 3977 2996 4024 ut
3023 3967 3098 4022 ibi
3140 3965 3290 4037 quod
3323 3981 3417 4019 rex
3435 3959 3710 4018 mandaret,
3731 3949 3781 4003 de

577 4082 644 4134 In
670 4083 929 4133 conventu
983 4081 1349 4149 episcoporum
1377 4083 1561 4138 habito
1581 4086 1640 4138 in
1683 4087 1953 4140 territorio
1990 4087 2102 4140 Tul-

2217 4083 2352 4138 pace
2371 4065 2616 4121 stabilire
2647 4070 2874 4134 possent
2901 4074 3178 4134 agereque
3205 4062 3504 4113 certarent.

509 4171 645 4225 lensi
666 4171 725 4223 in
743 4171 878 4224 villa
907 4185 1027 4240 quae
1051 4171 1258 4226 dicitur
1295 4173 1655 4242 Saponarias.
1688 4175 1764 4230 De
1791 4177 1895 4231 hoc
1921 4177 2115 4232 conci-

511 4261 585 4317 lio
615 4261 872 4318 adnotavi
898 4277 1062 4332 supra
1092 4263 1160 4316 ad
1200 4277 1320 4334 cap.
1356 4265 1445 4319 14.

582 4357 652 4409 Et
669 4357 729 4409 in
752 4357 1005 4411 suburbio
1033 4359 1341 4425 Lingonica
1368 4360 1537 4415 urbis.
1571 4359 1695 4415 Hac
1739 4360 1983 4432 synodus
2009 4376 2119 4417 non
2135 4349 2192 4417 Ὀ
2224 4341 2257 4396 9
2285 4339 2504 4396 Οθῑοδτυ

513 4453 709 4502 exstat.

2288 4162 2419 4215 Item
2445 4159 2508 4212 de
2531 4157 2785 4226 passione
2811 4155 2866 4211 S.
2911 4153 3155 4222 Dionysii
3199 4166 3234 4203 a
3253 4147 3546 4210 Methodio,
3573 4147 3663 4196 etc.
3693 4134 3785 4226 Haec

2219 4250 2454 4323 epistola
2475 4223 2651 4305 exstat
2679 4247 2826 4319 apud
2856 4245 3074 4300 Surium
3105 4243 3175 4298 de
3203 4241 3344 4296 Vitis
3374 4240 3699 4296 Sanctorum,
3722 4223 3788 4279 die

2850 4403 3056 4460 CAPUT
3083 4402 3216 4458 XIX.

2301 4525 2370 4578 De
2393 4521 2625 4590 conjecto
2672 4519 3002 4573 Normannis
3059 4513 3261 4569 dando.
3319 4510 3632 4578 Conjectum
3659 4508 3793 4572 genus

2229 4625 2347 4672 erat
2375 4613 2570 4670 tributi
2601 4629 2632 4668 a
2661 4609 3003 4682 conjacendo
3044 4607 3272 4672 dictum,
3295 4612 3360 4660 ut
3390 4608 3540 4675 patet
3568 4614 3627 4653 ex
3650 4592 3731 4688 lib.
3755 4602 3795 4688 iv

2229 4706 2624 4778 Capitulorum,
2679 4719 2797 4773 cap.
2828 4702 2918 4769 69,
2952 4707 3007 4755 et
3051 4716 3117 4754 ex
3144 4698 3328 4754 edicto
3387 4691 3564 4751 Karoli
3595 4688 3645 4742 in
3671 4683 3793 4778 Cari-

2227 4775 2375 4850 siaco
2396 4809 2542 4851 anno
2560 4793 2684 4849 861.
2703 4791 2837 4847 Vide
2870 4788 3222 4846 Glossarium.
3255 4784 3480 4852 Pithai,
3513 4778 3666 4835 verbo
3682 4775 3795 4869 Coa-

2219 4889 2438 4959 jectum.
2470 4885 2724 4958 Papirius
2769 4883 3055 4939 Massonus
3083 4881 3183 4935 lib.
3233 4877 3496 4934 "Annal.
3539 4873 3729 4928 Franc,
3755 4875 3793 4913 In

2231 4982 2506 5039 Ludovico
2531 4980 2701 5037 Balbo
2759 4981 2878 5035 hac
2898 4977 3064 5034 verba
3085 4973 3382 5030 Flodoardi
3402 4969 3651 5030 recitans,
3680 4961 3799 5016 notat

2230 5072 2287 5127 in
2317 5071 2564 5144 margine
2594 5087 2606 5124 :
2647 5091 2672 5122 α
2698 5069 2987 5139 Conjectus
3005 5063 3279 5139 signiﬁcat
3306 5073 3652 5144 annonams»

2301 5162 2395 5216 Ad
2417 5142 2557 5231 filios
2583 5173 2792 5230 quoque
2829 5159 3002 5226 ipsius
3029 5154 3277 5221 defuncti
3321 5151 3494 5218 regis,
3529 5142 3799 5234 Ludovieum

2233 5255 2283 5305 et
2307 5229 2748 5307 Karolomanum.
2812 5246 2875 5311 Hi
2928 5250 3059 5298 sunt
3134 5241 3234 5296 ﬁlii
3290 5235 3552 5294 Ludovici
3601 5229 3802 5316 .Balbiex

1127 5335 1332 5392 CAPUT
1394 5338 1529 5392 XVII
2236 5337 2513 5412 Ausgarde
2545 5337 2716 5411 priori
2767 5334 3121 5406 conjuge;ex
3169 5327 3488 5403 posteriori,
3526 5322 3608 5379 cui
3641 5326 3803 5412 nomen

593 5429 667 5480 De
689 5429 892 5495 synodo
933 5443 1028 5482 sea:
1063 5432 1470 5498 provinciarum
1527 5431 1719 5487 Gallia:
1769 5431 1915 5500 apud
1948 5432 2136 5484 Trecas
2236 5407 2762 5503 Adeleidis,—genuit
2793 5422 3042 5479 Carolum
3068 5421 3450 5490 posthumum,
3481 5407 3804 5503 cognomenta

523 5521 735 5576 habita.
770 5522 892 5576 Haec
921 5523 1165 5592 synodus
1187 5529 1358 5578 exstat
1378 5529 1510 5578 tom.
1543 5522 1619 5577 lll
1638 5521 1866 5586 Concil.,
1891 5530 2044 5592 parte
2075 5537 2134 5587 ii;
2239 5501 2673 5587 Simplicem.De
2693 5501 3807 5601 illisetinframeminitcap.Shrﬁcegifefs

525 5617 680 5683 parte
709 5619 892 5666 autem
916 5586 966 5664 n—
981 5617 1157 5666 exstat
1175 5611 1407 5683 epistola
1435 5611 1656 5666 Adriani
1692 5612 1755 5678 ll,
1789 5586 2138 5682 responsoria
2239 5586 2448 5664 litteras
2460 5608 2530 5664 ad
2547 5607 2830 5680 Hugonem
2846 5603 3102 5660 abbatem
3129 5601 3200 5656 de
3218 5598 3416 5656 eodem
3430 5586 3809 5669 negolio.Sige'

582 4537 721 4604 Quia
731 4553 838 4592 non
853 4553 921 4592 ea:
948 4540 1102 4608 ipsis,
1133 4544 1195 4594 ut
1223 4556 1330 4596 non
1349 4541 1593 4596 dicamus
1609 4557 1707 4611 per
1735 4544 1895 4611 ipsos,
1925 4544 2128 4612 synodo

512 4627 756 4696 capitula
800 4628 923 4696 ipsa
961 4629 1112 4694 fuere
1143 4630 1385 4698 prolata.
1432 4631 1639 4686 Sensus
1687 4640 1770 4686 est
1801 4647 1912 4687 non
1961 4631 2127 4688 fuisse

518 4718 748 4790 prolata,
771 4719 928 4792 quasi
961 4721 1028 4775 ab
1054 4721 1189 4793 ipsis
1220 4723 1482 4794 profecta.

591 4815 766 4867 Timeo
806 4829 872 4868 ne
893 4816 1173 4869 connivere
1219 4818 1310 4879 sit,
1354 4817 1449 4871 hoc
1474 4821 1665 4872 tacere.
1699 4816 1787 4872 Sic
1814 4817 2026 4872 restitui
2060 4833 2127 4873 ex

516 4906 654 4981 orig.
679 4905 852 4976 ipsius
885 4905 1160 4963 Calestini
1211 4909 1374 4981 epist.
1409 4911 1432 4964 1
1473 4927 1487 4976 ;
1520 4925 1619 4981 pro
1651 4911 1910 4982 cohibere,
1937 4912 1962 4966 J
1991 4910 2128 4966 sub-

515 4995 696 5051 stituit
723 4999 1060 5052 committere.

589 5088 653 5140 In
674 5087 809 5141 villa
835 5088 1278 5157 Rothomugensis
1307 5091 1564 5159 episcopii
1579 5104 1698 5158 qua
1754 5090 1962 5159 Melpsa
1989 5090 2127 5144 dici-

521 5179 632 5231 tur.
654 5173 820 5241 Alias,
851 5177 1087 5246 Melpha,
1122 5175 1208 5232 vel
1229 5177 1502 5248 Anelpha,
1549 5175 1667 5232 sive
1692 5176 1955 5245 Avelpha,
1987 5185 2045 5232 ut
2075 5177 2130 5232 in

521 5261 635 5317 MS.
662 5263 685 5318 J
716 5265 949 5334 Nelpha.
