3960 6160
208 262 307 318 381

1636 264 1700 318 ΙΝ
1742 263 1993 319 LIBRUM
2037 263 2126 318 Ill.

3436 264 3543 321 382

208 395 403 448 bertus
430 393 484 447 in
508 392 706 448 Chron.
742 393 918 449 an.88
946 393 1090 449 ﬁlios
1117 410 1185 449 ex
1208 395 1518 450 concubina
1548 394 1816 451 nominat.
1851 400 1900 466 Α
1924 393 2220 448 Adrianum
2252 393 2318 460 ll,
2349 392 2603 461 Ejusdem
2660 392 2883 447 Adriani
2930 393 2997 447 ad
3032 392 3380 447 Hincmarum
3413 410 3537 465 qua:

205 483 411 537 Verum
439 499 538 537 eos
568 489 725 537 natos
755 499 878 537 esse
909 499 974 538 ex
1021 483 1266 558 legitimo
1287 483 1636 540 matrimonio
1663 483 1825 539 docet

208 575 398 646 Papir.
428 576 549 631 loco
575 576 688 645 jam
720 576 906 630 citato.

277 671 407 723 Post
434 669 643 723 obitum
671 669 986 737 Ragenelini
1013 670 1266 739 episcopi.
1308 669 1398 726 Sic
1426 678 1480 725 et
1518 668 1659 725 infra
1697 685 1834 725 con-

204 764 424 812 stanter
453 773 573 828 cap.
604 756 676 812 23
706 766 760 811 et
788 757 860 811 24
919 757 1114 831 legunt
1142 757 1228 811 MS
1290 758 1394 813 hoc
1418 758 1539 813 loco
1560 759 1831 826 Ragelini,

203 849 229 903 J
260 848 474 920 ubique
500 848 616 903 fere
637 849 971 917 Ragenelmi,
1012 849 1291 920 quomodo
1319 857 1373 904 et
1398 850 1647 921 Papirius
1669 850 1831 916 Mass,

211 940 315 993 lib.
352 959 393 995 η
425 940 624 996 Annal.
658 941 918 997 Francor.
943 940 1033 996 bis
1060 942 1196 1017 legit
1228 960 1242 1007 ;
1272 942 1370 997 scd
1393 958 1513 1014 cap.
1542 943 1613 997 23
1634 942 1687 997 in
1711 943 1834 997 Ber-

210 1048 361 1087 none
394 1033 582 1088 omnia
612 1042 799 1088 nostra
821 1034 1121 1100 Rainelini,
1167 1033 1193 1088 J
1221 1036 1510 1091 Rainelmi.
1546 1034 1597 1088 Is
1627 1041 1710 1087 est
1738 1032 1832 1104 qui

211 1124 269 1177 in
298 1124 551 1197 catalogo
587 1124 1020 1179 Tornacensium
1051 1131 1106 1179 et
1136 1123 1584 1179 Noviomensium
1618 1122 1837 1194 episco-

212 1230 413 1287 porum
446 1215 759 1271 tricesimus
815 1217 1084 1291 septimus
1120 1222 1341 1271 vocatur
1380 1214 1714 1271 Rancelinus
1743 1219 1834 1269 aut

212 1303 595 1374 Raymelinus,
619 1312 675 1359 et
702 1305 757 1359 in
785 1304 1194 1376 subscriptione
1220 1304 1439 1360 concilii
1465 1304 1835 1359 Suessionen-

212 1397 311 1461 sis,
353 1396 528 1451 habiti
592 1412 739 1453 anno
813 1396 936 1453 866.
1007 1396 1351 1464 Remelinus,
1418 1396 1506 1451 cui
1572 1395 1836 1451 successit

216 1490 436 1546 Hedilo.

859 1582 1066 1638 CAPUT
1089 1583 1197 1638 XX.

286 1692 532 1748 Arduico
546 1694 970 1748 Vesontionensi.
1006 1693 1086 1748 Ita
1116 1693 1156 1747 C
1181 1700 1237 1747 et
1262 1692 1313 1758 J,
1347 1699 1403 1747 et
1434 1692 1573 1749 infra
1590 1709 1831 1766 sequen-

211 1782 369 1837 tibus
420 1782 693 1853 capitibus
739 1782 925 1837 omnia
955 1781 1309 1852 exemplaria,
1342 1783 1429 1837 vel
1460 1799 1585 1838 cum
1617 1782 1832 1853 aspira-

1930 492 2145 541 exstant
2174 492 2304 540 tom.
2339 485 2410 539 Ill
2441 484 2647 540 Concil.
2677 483 2747 539 13
2775 491 2830 538 et
2856 482 2946 538 28.

1999 576 2250 629 Formosa
2268 573 2411 628 sedis
2441 572 2680 640 ejusdem
2713 571 2938 640 (scilicet
2969 568 3250 639 Romanae)
3288 568 3543 635 religioso

1931 666 2193 735 episcopo.
2220 663 2471 735 lntellige
2500 660 2869 735 suﬂ'raganeo.
2902 669 2965 716 ut
2990 660 3219 733 exponit
3254 658 3540 725 Baronius,

1933 752 2128 808 eadem
2156 753 2323 808 verba
2350 751 2571 807 citando
2602 767 2747 806 anno
2767 752 2892 816 89-],
2920 766 3029 822 quo
3056 751 3200 805 idem
3229 750 3542 815 Formosus,

1934 847 2097 919 longe
2129 852 2253 916 post
2308 844 2521 900 obitum
2576 842 2871 911 Hincmari,
2931 851 3147 897 creatus
3185 850 3267 895 est
3296 856 3544 895 summus

1934 939 2203 1013 pontifex,
2231 955 2355 995 cum
2383 949 2508 994 ante
2538 944 2685 994 esset
2734 938 3028 1009 episcOpus
3083 935 3421 990 Portuensis.
3454 933 3545 989 Sic

1932 1033 2075 1088 infra
2098 1032 2191 1087 lib.
2252 1048 2324 1098 ιν,
2375 1047 2497 1102 cap.
2545 1030 2599 1095 6,
2647 1038 2896 1101 tempore
2929 1024 3192 1098 Stephani
3222 1026 3312 1080 νυ
3351 1023 3545 1080 scribit

1934 1130 2098 1186 Fulco
2126 1127 2326 1184 Joanni
2360 1126 2578 1181 cuidam
2613 1126 2857 1181 Romano
2902 1122 3149 1196 praesuli,
3183 1137 3346 1193 quem
3379 1121 3546 1174 Baro-

1934 1223 2060 1277 nius
2098 1237 2243 1276 anno
2259 1221 2362 1274 897
2394 1219 2525 1274 dicit
2551 1234 2723 1273 unum
2748 1216 2915 1272 fuisse
2946 1231 3012 1270 ex
3041 1211 3543 1284 suffraganeissan-

1934 1325 2033 1375 ctae
2061 1317 2320 1372 Romanae
2371 1314 2645 1370 Ecclesiae.
2690 1313 2838 1366 Idem
2863 1310 3110 1385 intellige
3142 1308 3211 1362 de
3241 1306 3545 1362 Gauderico

1937 1422 1992 1469 et
2018 1412 2253 1477 Joanne,
2286 1411 2356 1465 de
2371 1409 2575 1482 quibus
2606 1423 2729 1462 mox
2755 1407 3021 1479 sequitur.

2010 1503 2362 1570 Evangelium
2380 1516 2590 1571 quoque
2611 1502 2665 1557 Ν
2666 1513 3020 1553 azarenorum
3050 1496 3158 1550 sibi
3171 1494 3246 1548 ad
3283 1495 3550 1547 transcri-

1933 1596 2161 1650 bendum
2181 1596 2330 1648 mitti
2351 1596 2554 1663 petens.
2609 1590 2779 1659 Hujus
2833 1586 3131 1660 aliquoties
3182 1583 3435 1658 meminit
3489 1582 3542 1636 S.

1934 1688 2427 1760 Hieronymus,qui
2459 1702 2529 1753 se,
2560 1685 2695 1740 illud
2729 1700 2794 1739 ex
2830 1682 3061 1738 Hebraeo
3092 1681 3146 1734 in
3179 1678 3422 1734 Graecum
3447 1676 3546 1731 La-

1931 1782 2219 1852 tinumque
2267 1792 2581 1833 sermonem
2615 1775 2957 1830 transtulisse
2996 1771 3191 1828 scribit
3227 1769 3442 1824 inlibro
3471 1768 3547 1822 De

212 1873 393 1937 tione,
417 1872 727 1936 Harduico;
756 1871 845 1925 MS
894 1873 998 1927 hoc
1023 1872 1145 1927 loco
1175 1872 1381 1927 habent
1410 1873 1666 1939 Radvico,
1696 1886 1836 1944 quo-
1859 1869 1911 1937 B
1931 1876 2063 1933 viris
2091 1873 2399 1929 illustribus
2449 1873 2502 1926 in
2533 1870 2757 1926 Jacobo.
2798 1870 2873 1924 De
2906 1884 3016 1940 quo
3040 1868 3163 1921 vide
3205 1866 3417 1920 Sixtum
3446 1863 3548 1917 Se-

210 1964 381 2019 modo
414 1962 450 2018 C
475 1963 607 2036 legit
636 1980 804 2035 super
829 1964 1031 2031 lineas,
1071 1970 1126 2019 et
1146 1965 1203 2018 in
1233 1964 1463 2020 Gallico.

281 2057 393 2110 Pro
416 2054 551 2109 villa
582 2055 897 2109 Deduciaco.
958 2055 1049 2109 Sic
1095 2054 1181 2109 MS
1213 2054 1378 2109 etiam
1437 2052 1598 2118 infra,
1630 2051 1726 2107 sed
1758 2051 1835 2106 ibi

208 2143 345 2200 facit
411 2144 549 2198 duas
578 2143 930 2211 dictiones,J
994 2144 1100 2199 hoc
1128 2144 1250 2199 loco
1308 2144 1623 2208 Dudiciaco,
1675 2142 1834 2207 infra,

207 2236 534 2290 Dudeciaco.
568 2236 628 2289 1n
683 2239 1014 2289 testamento
1066 2234 1121 2287 S.
1161 2232 1395 2305 Remigii
1428 2238 1743 2288 constanter
1767 2232 1836 2287 ab

204 2323 477 2380 omnibus
498 2322 913 2394 exemplaribus
942 2322 1146 2397 legitur
1166 2322 1441 2397 integrum
1476 2337 1679 2378 nomen
1695 2325 1840 2377 Duo-

204 2413 487 2480 deciacus,
518 2412 799 2484 quomodo
834 2418 889 2466 et
909 2410 1051 2466 infra
1082 2412 1186 2466 hoc
1231 2411 1374 2467 libro
1406 2428 1490 2479 ιιι,
1530 2427 1649 2481 cap.
1689 2427 1833 2482 seq.,

204 2504 403 2558 villam
440 2503 850 2568 Duodectacam,
915 2502 1018 2557 etsi
1076 2502 1278 2558 omissa
1308 2518 1418 2557 una
1448 2496 1627 2557 littera
1658 2502 1715 2555 in
1748 2500 1835 2556 MS

206 2596 431 2670 legatur
458 2594 808 2651 solummodo
839 2595 1163 2651 Dudeciaea.
1198 2594 1288 2649 Sic
1317 2603 1373 2649 et
1401 2609 1523 2664 cap.
1554 2593 1625 2647 26
1657 2593 1713 2647 in
1744 2591 1832 2646 MS

204 2687 298 2742 bis
334 2687 541 2763 legitur
596 2688 912 2751 Dudeciaco,
963 2686 1059 2741 ubi
1089 2686 1115 2741 J
1149 2686 1335 2758 priore
1361 2687 1482 2743 loco
1537 2685 1702 2740 habet
1749 2685 1834 2739 in-

205 2788 367 2855 tegre
396 2781 716 2847 Dudeciaco,
745 2778 1026 2852 quomodo
1051 2795 1238 2834 rursus
1267 2778 1456 2835 omnia
1511 2778 1705 2853 legunt
1732 2777 1830 2832 lib.

204 2887 286 2938 Iv,
314 2886 442 2940 cap.
475 2867 532 2923 2.

283 2956 393 3012 Sed
420 2961 473 3010 et
500 2956 566 3009 de
593 2956 727 3010 villa
759 2956 1065 3021 Novitiara,
1090 2961 1195 3010 etc.
1230 2955 1305 3010 De
1328 2955 1429 3010 hac
1457 2970 1623 3026 supra
1659 2954 1754 3008 lib.
1776 2971 1832 3019 η,

203 3061 336 3116 cap.
372 3045 463 3111 17,
504 3050 560 3099 et
595 3044 760 3098 latius
790 3044 845 3098 in
880 3043 1187 3118 fragmento
1235 3043 1508 3098 Hincmari
1543 3043 1688 3114 quod
1715 3051 1837 3113 post

204 3135 381 3192 ﬁnem
451 3136 615 3204 hujus
676 3136 863 3206 aperis
925 3135 1130 3204 adjecit
1186 3135 1423 3191 Jacobus
1486 3135 1831 3201 Sirmondus,

206 3226 367 3298 quod
397 3225 620 3280 videtur
672 3234 883 3295 partem
930 3224 1171 3296 aliquam
1204 3224 1367 3293 hujus
1417 3223 1667 3295 epistola:
1698 3239 1836 3279 con-
1860 3239 1910 3307 Ο

206 3319 414 3373 linere.

276 3406 486 3462 Karolo
513 3421 722 3477 quoque
747 3405 1008 3461 Ludovici
1050 3406 1503 3461 Transrhenensis
1568 3405 1703 3473 ﬁlio.
1735 3404 1833 3460 Hic

205 3510 293 3555 est
320 3498 554 3553 Carolus
609 3498 854 3565 Crassus,
894 3497 1043 3552 illius
1097 3497 1244 3572 regis
1297 3496 1622 3564 Germaniae,
1653 3496 1833 3551 fratris

208 3590 398 3647 Caroli
427 3589 595 3645 Calvi.

825 3675 1033 3732 CAPUT
1097 3676 1231 3732 XXI.

276 3787 378 3842 Ad
415 3787 735 3841 Lotharium
758 3787 935 3841 Italia:
962 3802 1159 3855 regem,
1187 3789 1286 3857 qui
1313 3802 1388 3853 se,
1437 3787 1633 3842 relicta
1669 3802 1840 3841 umore

194 3881 464 3949 propria,
490 3878 716 3932 cuidam
742 3879 960 3945 femina:
991 3879 1353 3947 copulaverat.
1399 3878 1495 3933 llic
1524 3885 1608 3933 est
1640 3879 1835 3933 Lotha-

109 4004 121 4018 .
200 3970 326 4024 rius
356 3970 430 4025 de
462 3985 571 4041 quo
628 3984 798 4040 supra
855 3969 923 4024 ad
955 3986 1077 4040 cap.
1119 3970 1206 4034 13,
1264 3977 1319 4025 et
1349 3985 1561 4024 rursum
1594 3985 1713 4040 cap.
1746 3968 1836 4035 20,

198 4062 477 4117 videlicet
504 4060 746 4117 Lotharii
796 4061 1147 4133 imperatoris
1202 4061 1369 4116 ﬁlius.
1433 4062 1630 4116 Verum
1664 4062 1835 4117 Baro-

203 4154 340 4209 nius
364 4154 435 4208 ad
467 4169 672 4208 annum
705 4153 832 4223 855,
864 4170 972 4226 quo
1015 4155 1155 4210 obiit
1184 4154 1471 4210 Lotharius
1510 4154 1668 4225 imp.,
1701 4154 1835 4209 dicit

202 4243 551 4309 enm,diviso
602 4258 798 4316 regno,
832 4243 1107 4299 Ludovico
1138 4244 1349 4298 Italiam
1380 4243 1624 4310 dedisse,
1653 4244 1749 4315 qui
1779 4252 1835 4299 et

198 4339 484 4395 successit
512 4339 563 4393 ei
586 4338 642 4392 in
676 4338 1196 4410 imperio,Lothario
1219 4347 1405 4395 autem
1433 4355 1667 4411 regnum
1689 4339 1840 4411 quod

199 4433 260 4487 in
296 4432 534 4486 Francia
552 4432 896 4502 possidebat,
915 4439 1280 4503 praeterquam
1297 4432 1840 4504 Provinciam,quam

202 4519 411 4575 Carolo
441 4520 684 4587 tradidit,
718 4528 772 4574 et
803 4521 1004 4591 passim
1036 4536 1182 4575 anno
1211 4521 1315 4576 868
1347 4522 1493 4576 hunc
1524 4522 1838 4576 Lotharium

198 4611 531 4667 adulterum
562 4620 721 4667 vocat
752 4628 940 4687 regem
971 4612 1156 4667 Galliae
1188 4621 1247 4667 et
1275 4612 1627 4677 Francorum,
1660 4619 1715 4667 et
1746 4613 1838 4667 Si-

196 4701 482 4775 gebertus
518 4700 575 4753 in
605 4699 805 4758 Chron.
840 4701 988 4757 dicto
1021 4716 1166 4756 anno
1196 4700 1302 4757 855
1325 4701 1458 4756 dicit
1481 4716 1607 4755 eum
1636 4700 1841 4755 Lotha-

199 4793 452 4864 ringiam
488 4792 757 4859 tenuisse,
783 4799 837 4847 et
861 4808 1008 4848 anno
1047 4791 1175 4858 862,
1217 4808 1328 4864 quo
1358 4791 1705 4847 Waldradam
1725 4791 1842 4863 pel-

199 4881 377 4936 licem
410 4880 759 4950 superduxit,
819 4888 978 4937 vocat
1036 4896 1223 4956 regem
1254 4880 1643 4953 Lotharingize.
1677 4880 1843 4935 Simi-

201 4974 338 5029 liter
384 4972 645 5043 Papirius
700 4973 987 5029 Massonus
1053 4973 1148 5027 lib.
1210 4991 1245 5027 ιι
1298 4973 1494 5028 Annal.
1561 4974 1752 5028 Franc.
1786 4973 1842 5027 in

203 5064 419 5118 Carolo
461 5063 620 5118 Calvo
657 5080 669 5118 :
709 5084 730 5113 ι
802 5063 1064 5122 Decessit,
1127 5064 1328 5134 inquit,
1389 5063 1676 5118 Lotharius
1704 5064 1838 5134 imp.

203 5155 435 5209 relictis
488 5155 680 5210 liberis
740 5155 1037 5221 Ludovico,
1102 5155 1357 5211 Lothario
1398 5161 1455 5211 et
1483 5155 1698 5211 Carolo.
1744 5155 1841 5210 llic

200 5246 564 5301 Provinciam
600 5247 811 5312 habuit,
844 5250 1122 5301 secundus
1154 5247 1462 5303 Leucorum
1519 5256 1575 5302 ct
1621 5246 1837 5302 Medio-

198 5338 510 5393 matricum
564 5345 758 5406 terras,
823 5355 946 5411 qua:
1012 5339 1251 5409 priscum
1285 5355 1490 5394 nomen
1549 5339 1605 5393 in
1639 5339 1842 5394 Lotha-

200 5430 452 5505 ringiam
485 5437 787 5493 mutarunt,
825 5430 1132 5486 Ludovicus
1190 5446 1281 5485 rex
1312 5431 1479 5486 Italiae
1509 5429 1635 5495 fuit,
1670 5450 1695 5479 ι)
1732 5430 1840 5483 [ta-

200 5540 324 5595 que
347 5539 448 5593 pro
460 5525 639 5578 Italia:
666 5523 1116 5579 substituendum
1139 5524 1355 5579 videtur
1373 5524 1763 5591 Lotharingiaz.

278 5612 500 5680 Scripsi
529 5614 692 5665 etiam
721 5612 970 5681 quaedam
999 5612 1074 5666 ad
1103 5612 1412 5666 Adrianum
1434 5627 1655 5682 papam.
1693 5611 1839 5665 Inter

202 5703 501 5759 Hincmari
528 5704 793 5776 epistolas
822 5721 854 5760 a
915 5703 1177 5761 Cordesio
1234 5705 1410 5760 editas
1441 5704 1604 5760 unica
1652 5715 1737 5760 est
1767 5703 1835 5759 ad

1936 1980 2165 2020 nensem
2194 1962 2288 2017 lib.
2314 1980 2350 2016 ιι
2385 1961 2740 2017 Bibliotheca:
2763 1967 2985 2025 sanctae,
3013 1957 3183 2013 verbo
3208 1956 3551 2012 Hebraeorum

1934 2052 2309 2126 Evangelium.
2353 2056 2445 2111 Sic
2475 2056 2623 2110 enim
2647 2055 2756 2110 alio
2795 2054 3019 2110 nomine
3042 2051 3369 2124 appellatur.

2014 2151 2254 2217 Vulfado
2287 2149 2624 2216 Biturigensi
2674 2148 3093 2215 archiepiscopo.
3130 2144 3180 2198 Is
3236 2150 3319 2196 est
3365 2138 3457 2212 qui
3481 2136 3550 2193 ab

1938 2245 2126 2300 Ebone
2150 2243 2325 2298 fuerat
2374 2242 2665 2314 presbyter
2718 2241 3027 2306 ordinatus,
3086 2240 3154 2294 de
3177 2252 3287 2310 quo
3314 2234 3551 2292 totiesin

1936 2332 2338 2406 superioribus,
2358 2342 2416 2388 ut
2471 2339 2621 2404 patet
2651 2349 2716 2387 ex
2767 2331 3001 2403 epistola
3055 2329 3235 2385 Karoli
3286 2327 3431 2401 regis
3480 2325 3550 2379 ad

1935 2430 2216 2486 Nicolaum
2249 2445 2466 2500 papam,
2496 2444 2622 2500 quae
2652 2434 2829 2484 exstat
2856 2428 3002 2484 inter
3038 2425 3312 2481 Hincmari
3342 2421 3552 2495 episto-

1936 2522 2016 2577 las
2035 2537 2065 2576 a
2095 2519 2358 2576 Cordesio
2388 2518 2583 2573 editas.

2004 2617 2233 2671 Immom’
2262 2616 2676 2681 Noviomagensi
2729 2615 2996 2683 episcopo.
3039 2611 3135 2667 llic
3161 2611 3298 2666 alias
3328 2616 3554 2666 vocatur

1937 2713 2171 2776 Himmo,
2231 2715 2287 2763 et
2339 2706 2686 2777 subscriptus
2733 2706 2935 2780 legitur
2989 2706 3045 2760 in
3073 2703 3550 2761 concil.’l‘ullensi

1939 2820 2086 2861 anno
2105 2805 2231 2861 859.
2263 2805 2505 2860 Vocatur
2530 2810 2585 2858 et
2622 2807 2807 2880 Emmo
2861 2810 2915 2858 et
2955 2804 3166 2868 Emino,
3199 2817 3362 2873 quem
3403 2801 3552 2857 occi-

1938 2915 2059 2954 sum
2089 2916 2120 2954 a
2149 2897 2585 2954 Nordmannisin
2612 2898 2764 2953 urbis
2791 2913 2903 2953 suae
2934 2896 3244 2967 direptione
3272 2911 3418 2951 anno
3436 2896 3549 2964 jam

1937 2994 2086 3050 dicto
2113 2993 2305 3049 scribit
2333 2993 2601 3064 Meyerus.

2007 3087 2301 3140 Prudentia
2336 3086 2667 3139 Trecassino.
2705 3082 2801 3138 Hic
2831 3083 2885 3138 in
2926 3082 3174 3158 catalogo
3198 3082 3550 3139 Trecensium

1938 3175 2327 3246 episcoporum
2361 3181 2444 3230 est
2488 3175 2797 3231 tricesimus
2846 3176 3114 3245 septimus
3197 3173 3345 3228 Obiit
3410 3173 3554 3229 circa

1940 3284 2146 3323 annum
2172 3268 2298 3335 861,
2332 3277 2391 3323 ut
2440 3277 2521 3322 est
2577 3267 2633 3322 in
2672 3267 3053 3339 Promptuario
3102 3283 3378 3322 sacrarum
3410 3267 3553 3321 anti-

1942 3360 2211 3431 quitatum
2251 3359 2568 3414 Tricassinze
2599 3359 2878 3426 dimcesis,
2941 3365 3164 3415 auctore
3229 3374 3326 3413 seu
3385 3357 3556 3413 colle-

1942 3464 2093 3512 ctore
2118 3456 2339 3512 Nicolao
2366 3455 2641 3510 Camuzat.
2699 3456 2918 3511 Festum
2978 3456 3264 3531 peragitur
3289 3453 3324 3509 9
3352 3453 3553 3508 lectio-

1942 3547 2109 3603 nibus
2137 3548 2170 3601 6
2199 3547 2416 3619 Aprilis.
2448 3547 2627 3602 Exstat
2654 3547 2707 3601 in
2731 3548 2928 3603 eodem
2963 3545 3344 3618 Promptuario
3374 3560 3556 3601 sermo

1940 3644 2191 3713 ejusdem
2232 3644 2338 3699 hoc
2387 3644 2585 3700 titulo:
2639 3646 2820 3700 Sermo
2884 3645 2938 3697 Β.
3014 3642 3293 3697 Prudentil
3324 3642 3560 3710 episcopi

1945 3738 2217 3790 Trecensis
2239 3736 2304 3789 de
2344 3738 2461 3790 vita
2490 3740 2539 3790 et
2568 3741 2736 3791 morte
2784 3738 3032 3804 gloriosae
3062 3736 3294 3802 virginis
3329 3735 3553 3787 Maura).

1938 3826 2168 3897 Scripsit
2210 3843 2432 3899 quoque
2460 3828 2660 3884 librum
2691 3844 2802 3900 quo
2853 3829 3068 3883 erudite
3099 3828 3350 3883 confutat
3386 3825 3554 3881 libel-

1940 3918 2053 3972 lum
2077 3916 2423 3991 Origenianis
2476 3924 2530 3971 et
2588 3917 2901 3992 Pelagianis
2955 3916 3238 3972 erroribus
3267 3914 3555 3980 refertum,

1940 4021 2103 4077 quem
2146 4005 2387 4060 Joannes
2452 4006 2647 4062 Scotus
2706 4005 3136 4061 concinnaverat
3198 4019 3265 4058 ex
3321 4002 3558 4058 Gothes-

1940 4097 2075 4153 calci
2108 4096 2434 4153 Orbacensis
2483 4098 2736 4154 monachi
2777 4097 3016 4168 scriptis.
3046 4096 3104 4150 Ei
3138 4094 3401 4152 successit
3430 4095 3560 4149 Ful-

1934 4187 2170 4253 chricus,
2235 4187 2439 4242 deinde
2496 4186 2727 4252 Atulfus,
2760 4187 2875 4241 sive
2916 4185 3179 4251 Octulfus,
3246 4185 3316 4240 de
3348 4184 3554 4257 quibus

1941 4283 2084 4338 intra
2113 4299 2161 4339 c.
2196 4284 2266 4337 23

2009 4378 2178 4432 linea
2201 4377 2559 4436 Parisiorum.
2606 4391 2709 4445 pro
2734 4375 2980 4432 Rothado
3030 4374 3368 4448 Sues‘sonico.
3402 4370 3564 4426 Dedit

1942 4474 1997 4521 et
2021 4466 2156 4521 alias
2190 4467 2398 4521 litteras
2443 4468 2511 4521 ad
2552 4468 2700 4522 hunc
2738 4466 2962 4521 [Eneam
3027 4482 3126 4538 pro
3160 4467 3412 4521 Bernone
3446 4464 3565 4520 cle-

1861 4562 1917 4630 D
1940 4560 2076 4626 rico,
2122 4574 2244 4630 quae
2272 4565 2489 4613 exstant
2544 4559 2690 4630 apud
2739 4560 3032 4615 Baronium
3056 4575 3203 4615 anno
3230 4558 3357 4625 912,
3386 4565 3442 4612 et
3474 4571 3560 4611 rc-

1942 4649 2168 4720 sponsio
2189 4647 2371 4703 Encas
2392 4649 2459 4702 ad
2485 4648 2858 4703 llincmarum.

2559 4739 2767 4796 CAPUT
2798 4739 2958 4796 XXII.

2011 4812 2076 4865 In
2098 4810 2305 4879 synodo
2346 4810 2716 4882 episcoporum
2755 4813 2937 4867 decem
2966 4812 3401 4883 provinciarum.
3439 4810 3561 4865 Haec

1943 4911 2029 4957 est
2092 4902 2337 4972 synodus
2400 4901 2751 4959 Duziacensis
2802 4903 2858 4957 in
2923 4902 3212 4975 provincia
3276 4900 3557 4957 Remensi.

1946 4993 2330 5067 Fragmentum
2385 4995 2635 5065 epistolae
2664 4995 2829 5064 hujus
2865 4995 3063 5067 synodi
3131 4993 3199 5048 ad
3262 4993 3558 5048 Adrianum

1946 5103 2145 5158 papam
2188 5088 2234 5141 II
2283 5087 2458 5142 edidit
2504 5088 2748 5144 Joannes
2799 5088 3089 5144 Cordesius
3121 5088 3266 5141 inter
3287 5084 3559 5141 Hincmari

1941 5179 2220 5250 epistolas.
2254 5179 2505 5235 Meminit
2556 5181 2805 5250 ejusdem
2855 5180 3141 5235 Aimoinus
3169 5178 3267 5234 lib.
3300 5195 3353 5244 v,
3386 5193 3434 5232 c.
3465 5176 3557 5245 24,

1942 5270 1999 5324 ίη
2039 5268 2148 5324 ﬁne
2181 5288 2194 5324 :
2226 5269 2511 5325 habitaest
2540 5286 2686 5326 anno
2711 5272 2836 5326 817.
2872 5271 3053 5326 Exstat
3071 5276 3206 5325 tom.
3232 5269 3559 5339 lllConcil.,

1944 5379 1976 5432 p
1998 5369 2097 5417 irte
2136 5379 2195 5417 ll.
2231 5363 2291 5416 Et
2322 5362 2587 5433 praecedit
2607 5362 2814 5417 ibidem
2842 5363 3137 5419 concilium
3172 5362 3319 5434 apud
3340 5363 3561 5443 Vermej

1943 5456 2077 5511 riam
2111 5456 2372 5528 palatium
2423 5456 2915 5531 habitumyiginti
2976 5457 3361 5528 episcoporum
3418 5454 3555 5509 etin

1937 5545 2066 5601 villa
2084 5554 2137 5601 et
2163 5546 2367 5617 palatio
2408 5547 2700 5615 Attiuiaco,
2721 5563 2868 5602 anno
2906 5546 3033 5613 8'70,
3060 5546 3208 5618 quod
3231 5562 3296 5600 ex
3320 5544 3555 5599 Baronio

1938 5633 2146 5689 ibidem
2178 5634 2528 5708 illegitimum
2556 5644 2613 5689 et
2640 5635 2958 5690 latrocinale
2981 5634 3147 5689 fuisse
3174 5635 3396 5697 dicitur,
3422 5638 3475 5686 et
3499 5632 3556 5686 in

1937 5742 2004 5784 eo
2034 5727 2216 5800 ipsum
2249 5728 2598 5784 Hincmarum
2646 5727 3065 5784 Laudunensem
3098 5726 3299 5796 injuste
3330 5724 3554 5796 deposi-
