3938 6158
463 262 569 315 383

1303 256 1693 311 COLVENERII
1735 256 2006 311 SCIIOLIA
2051 256 2113 310 IN
2156 255 2319 309 HIST.
2362 252 2644 309 REMENS.
2686 249 2953 306 ECCLES.

3625 258 3705 314 38$

464 382 573 448 lum
646 392 764 446 Fuit
818 390 956 445 forte
1019 389 1340 443 Hincmarus
1404 389 1882 459 Remensis(quem
1923 394 2071 459 patet
2096 391 2145 457 Α
2175 384 2505 440 Caroli-novi
2573 383 2773 453 imper.
2806 397 2907 451 per
2936 395 3134 433 manus
3161 377 3419 432 Anastasii
3474 380 3712 438 Bibliothe-

459 480 626 535 fuisse
651 481 1033 534 vehementem
1084 479 1139 532 in
1192 478 1450 533 omnibus
1492 478 1609 533 suis
1660 477 2071 541 actionibus,et

456 571 751 626 maximum
784 570 982 625 veteris
1034 570 1343 640 disciplina:
1387 574 1739 637 assertorem)
1791 569 2071 640 aliquanto

459 662 703 716 severior
756 661 811 715 in
842 678 1003 715 suum
1056 669 1316 733 nepotem
1355 661 1708 716 Hincmarum
1744 660 2073 714 Laudunen-

459 773 598 821 sem,
623 756 995 820 defensorem,
1030 766 1088 811 ut
1130 757 1204 811 ait
1230 757 1514 821 Baronius,
1543 755 1749 825 jurium
1813 755 2072 809 Romanae

463 846 718 901 Ecclesiae
753 847 893 912 ;sed
947 855 1001 901 et
1045 848 1294 919 iniquum
1328 847 1498 901 fuisse
1532 847 1588 899 in
1647 862 1771 900 eum
1831 845 1992 899 docet
2025 846 2078 899 in

461 936 767 991 Annalibus
796 937 1082 991 adannum
1108 939 1210 993 870
1242 945 1296 991 et
1324 937 1447 991 871.
1482 936 1636 991 Unde
1662 950 1761 1005 pro
1788 935 2078 989 llincmaro

464 1028 816 1083 Laudunensi
836 1036 917 1083 est
937 1029 1170 1099 epistola
1190 1030 1258 1082 27
1290 1027 1515 1083 Adriani
1549 1028 1592 1081 ll
1625 1036 1679 1081 et
1704 1035 1814 1081 tres
1845 1042 2080 1097 sequen-

464 1130 547 1174 tes
596 1120 851 1188 Ejusdem
888 1121 1201 1176 reclamatio
1252 1121 1368 1175 sive
1419 1119 1718 1190 appellatio
1758 1119 1824 1172 ad
1888 1118 2076 1172 sedem

466 1211 818 1280 apostolicam
853 1220 1025 1266 exstat
1054 1213 1252 1267 eodem
1302 1220 1433 1266 tom.
1484 1210 1689 1265 Concil.
1725 1216 1845 1279 post
1870 1209 2079 1280 episto-

469 1303 621 1357 lam3
649 1303 877 1357 Joannis
907 1305 1046 1369 Vlll,
1080 1314 1134 1358 et
1163 1304 1383 1358 tandem
1425 1303 1481 1357 in
1539 1301 1795 1356 Trecensi
1821 1300 2077 1367 concilio,

466 1397 569 1451 sub
599 1397 792 1451 eodem
814 1398 1024 1451 Joanne
1072 1399 1208 1460 VIII,
1242 1414 1388 1453 anno
1411 1397 1533 1459 878,
1565 1413 1664 1450 suo
1684 1396 1916 1467 pristino
1947 1412 2078 1467 gra-

468 1490 559 1545 dui
618 1489 751 1545 dicit
814 1492 1082 1545 Baronius
1142 1491 1309 1546 fuisse
1344 1492 1683 1558 restitutum,
1724 1491 2081 1561 etprobatex

467 1584 655 1639 Adone
683 1584 736 1637 in
786 1583 895 1638 ﬁne
943 1584 1027 1638 sui
1080 1584 1355 1639 Chronici.
1389 1585 1588 1638 Verum
1620 1583 1907 1637 Aimoinus
1933 1582 2082 1638 dicto

470 1678 629 1744 libro,
663 1694 711 1733 c.
739 1679 829 1745 37,
859 1679 1041 1748 potius
1081 1678 1420 1733 contrarium
1476 1675 1769 1749 signiﬁcat,
1805 1677 1931 1730 dum
1956 1676 2033 1731 ait
2067 1695 2078 1729 :

468 1768 735 1823 Joannem
771 1786 968 1839 papam
1012 1769 1216 1822 dixisse
1247 1775 1305 1823 ut
1346 1768 1688 1823 lledenulfus
1717 1784 1817 1821 sua
1848 1767 2085 1822 auctori-

471 1865 578 1912 tate
602 1856 891 1912 ordinatus
921 1858 1235 1928 episcopus,
1279 1857 1470 1911 sedem
1527 1873 1685 1912 suam
1741 1864 1978 1921 teneret,
2034 1865 2088 1910 et

473 1955 793 2024 episcopale
840 1954 1207 2008 ministerium
1260 1963 1469 2029 ageret,
1514 1961 1568 2008 et
1632 1953 1974 2017 Hincmarus,
2042 1952 2087 2005 si

472 2049 657 2113 vellet,
682 2049 902 2102 missam
932 2055 1201 2111 cantaret,
1243 2055 1297 2101 et
1338 2054 1546 2118 partem
1576 2048 1641 2102 de
1674 2047 1840 2101 rebus
1870 2045 2091 2117 episco-

474 2141 548 2213 pii
578 2141 927 2196 Laudunensi
955 2142 1202 2197 haberet.
1236 2140 1392 2195 Certe
1424 2140 1676 2196 Nicolaus
1694 2156 1835 2210 papa
1862 2140 2090 2210 primus,

473 2232 573 2286 etsi
614 2231 668 2285 in
701 2232 898 2286 litteris
923 2231 987 2285 ad
1023 2232 1370 2285 llincmarum
1424 2230 1748 2283 Remensem
1777 2228 1940 2294 datis,
1971 2243 2093 2299 quae

474 2330 689 2377 exstant
731 2328 876 2376 tomo
912 2322 981 2374 Ill
1021 2321 1254 2384 Concil.,
1289 2337 1417 2374 eum
1450 2320 1506 2374 in
1532 2319 1862 2391 quibusdam
1898 2334 2090 2388 repre-

473 2417 700 2483 hendat,
726 2417 779 2470 in
807 2433 871 2471 ea
903 2423 1084 2471 tamen
1117 2416 1352 2486 epistola
1381 2414 1539 2482 cujus
1578 2411 2090 2488 t‘ragmentumcitat

477 2513 566 2566 lvo
590 2511 644 2564 in
702 2526 803 2565 suo
862 2511 1110 2571 Decreto,
1145 2517 1284 2579 part.
1317 2525 1425 2573 xxv,
1491 2523 1610 2577 cap.
1646 2506 1734 2570 46,
1765 2511 1819 2560 et
1850 2504 1991 2558 Grat.
2029 2521 2088 2572 ιι,

477 2620 510 2673 q
565 2603 618 2665 3,
643 2618 763 2670 cap.
799 2600 923 2665 102,
974 2601 1492 2663 Ewcellcntissimus,
1519 2597 1841 2667 praeclarum
1871 2596 1920 2650 ei
1955 2612 2091 2664 prae-

477 2693 571 2747 bet
589 2691 1202 2757 testimonium,dicens
1232 2709 1247 2744 :
1289 2710 1311 2739 (ι
1340 2690 1683 2759 Quapropter
1726 2704 1873 2742 nunc
1922 2687 2092 2742 beati-

476 2787 655 2841 tudini
688 2795 792 2841 tuai
816 2786 1155 2860 injungimus
1212 2794 1271 2840 ut
1299 2800 1468 2854 super
1498 2784 1602 2838 hoc
1623 2792 1807 2837 nostra
1852 2782 2095 2837 auctori-

477 2885 588 2932 tate
620 2878 810 2941 fretus,
837 2893 1023 2931 curam
1064 2876 1131 2930 de
1165 2876 1249 2930 his
1306 2891 1525 2930 sumere
1556 2874 1809 2929 studeas:
1836 2874 1966 2945 quia
1998 2889 2094 2929 no-

476 2988 570 3025 on
603 2987 870 3024 DlVlNlTUS
899 2969 1161 3023 sanctitas
1212 2975 1303 3023 tua
1328 2969 1484 3022 valde
1513 2969 1665 3023 novit
1696 2967 1844 3021 aliud
1873 2983 1999 3021 esse
2030 2982 2096 3021 ex

480 3065 827 3130 necessitate,
851 3063 999 3117 aliud
1030 3079 1096 3118 ex
1144 3061 1475 3135 ignorantia,
1500 3069 1664 3134 atque
1693 3061 1841 3115 aliud
1859 3060 2007 3132 quod
2031 3076 2097 3114 ex
2126 3033 2175 3099 Ο

479 3157 660 3213 studio
682 3154 1048 3226 delinquitur,
1079 3175 1097 3203 (ι
1134 3152 1522 3208 etc.Eumdem
1545 3150 1713 3206 fuisse
1729 3151 1906 3205 virum
1939 3151 2089 3221 pium

483 3257 538 3301 et
586 3246 883 3301 admodum
937 3245 1236 3299 litteratum
1269 3249 1497 3296 testatur
1544 3241 1872 3313 Meyerusin
1900 3242 2089 3294 Anna»

483 3339 629 3393 libus
684 3337 973 3404 l‘landriae,
1034 3336 1156 3392 885.
1192 3334 1340 3390 Facit
1398 3350 1620 3407 quoque
1674 3350 1774 3405 pro
1802 3333 2092 3388 Rincmaro

484 3430 740 3485 Remensi
760 3429 993 3501 epistola
1016 3428 1265 3496 ejusdem
1305 3427 1533 3482 Joannis
1561 3427 1700 3493 VIII,
1752 3442 1939 3497 quam,
1968 3424 2095 3497 quia

483 3522 640 3577 deest
669 3522 726 3575 in
752 3521 916 3576 tomis
957 3520 1344 3585 Conciliorum,
1379 3519 1470 3573 hic
1507 3517 1785 3573 ascribere
1842 3517 2098 3588 placuita

484 3614 863 3670 R.P.Jaeobo
917 3613 1208 3668 Sirmondo
1264 3628 1329 3665 ex
1381 3611 1726 3665 Bibliotheca
1754 3610 1806 3663 8.
1866 3608 2099 3682 Remigii

482 3702 634 3774 prius
664 3701 1012 3772 cxscriptam.
1058 3720 1083 3751 η
1115 3701 1358 3756 Joannes
1389 3700 1683 3770 episcOpus
1736 3714 1928 3752 servus
1985 3714 2105 3752 ser-

484 3807 675 3847 vorum
702 3790 794 3845 Dei
835 3789 1124 3845 Ilincmaro
1145 3790 1562 3860 archiepiscopo
1594 3788 1874 3844 Remensi.
1902 3788 2102 3852 Quam-

486 3885 568 3940 vis
597 3885 667 3940 de
696 3884 1000 3939 sanctitatis
1041 3891 1144 3938 tuae
1203 3882 1416 3949 judicio
1472 3882 1611 3936 nihil
1664 3882 2100 3948 dubitassemus,

489 3975 823 4046 quiatamen
872 3973 1231 4027 charissimus
1282 3971 1431 4025 filius
1487 3977 1675 4025 noster
1706 3970 1929 4026 Carolus
1962 3969 2098 4023 invi-

489 4064 770 4118 ctissimus
800 4063 1114 4132 imperator,
1146 4078 1177 4114 a
1230 4060 1392 4116 nobis
1419 4059 1842 4133 diligentissime
1866 4075 2105 4130 percun-

488 4162 688 4221 ctatus,
754 4151 1218 4208 circumstantiam
1270 4151 1467 4219 judicii
1523 4168 1553 4205 a
1611 4150 1959 4205 beatitudine
2014 4157 2108 4204 tua

492 4245 1063 4315 coepiscoporumque
1108 4256 1332 4296 suorum
1389 4240 1445 4293 in
1493 4240 1839 4294 Hincmarum
1900 4239 2104 4293 dudum

491 4335 917 4389 Laudunensem
948 4330 1269 4401 episc0pum
1304 4328 1500 4400 prolati
1542 4328 1878 4398 apostolatui
1918 4338 2108 4383 nostro

2174 477 2307 532 carii
2339 477 2394 531 in
2423 474 2722 531 secretario
2765 472 3020 528 ecclesia:
3062 471 3118 523 S.
3153 469 3313 525 Petri.
3344 470 3483 526 Anno
3510 472 3715 529 incarna-

2173 567 2343 621 tionis
2372 563 2673 619 Dominicae
2703 562 2828 628 877,
2862 562 3002 616 Non.
3072 559 3333 624 Januarii,
3372 560 3634 616 indictione
3659 580 3714 627 ix,

2175 665 2228 714 et
2255 658 2437 712 delata
2465 662 2547 711 est
2576 656 2644 709 ab
2670 654 2868 708 eodem
2899 651 3242 707 Theoderico
3272 651 3325 704 in
3355 651 3546 706 civitate
3570 653 3720 709 Remis

2176 745 2465 799 Hincmaro
2500 743 2793 796 Remorum
2847 739 3271 809 archiepiscopo
3326 739 3503 792 eodem
3537 720 3721 795 annuet

2180 834 2371 888 eadem
2405 830 2708 885 indictione
2737 847 2767 883 v
2799 829 2926 883 ldus
2953 826 3149 893 Martii,
3180 852 3202 872 ι»

2250 928 2320 980 Ει
2355 942 2389 978 a
2419 926 2727 981 Nonnanno
2777 925 2838 975 in
2891 920 3098 989 synodo
3143 922 3439 973 accusatus.
3466 918 3530 972 De
3557 918 3645 972 hoc
3664 920 3724 972 vi-

2180 1017 2374 1071 deatur
2412 1014 2650 1085 epistola
2688 1011 2911 1066 Adriani
2942 1010 3013 1064 28
3053 1015 3107 1064 et
3136 1009 3226 1064 29.

2249 1112 2612 1179 Municipium
2640 1088 2941 1172 Laudum’,‘
2978 1110 3107 1168 etc,
3141 1103 3209 1157 ab
3271 1102 3479 1156 exordio
3502 1104 3595 1168 sui,
3616 1109 3729 1172 post-

2180 1218 2344 1274 quam
2372 1219 2406 1255 a
2436 1201 2736 1256 Marcobrz'o
2764 1200 3015 1266 praetore,
3046 1195 3353 1264 utprodunt
3387 1194 3616 1259 historiae,
3635 1210 3733 1247 coa-

2181 1293 2356 1346 ditum
2381 1292 2510 1359 fuit.
2546 1289 2622 1342 De
2653 1286 2847 1341 eadem
2897 1300 2953 1338 re
2993 1284 3140 1337 idem
3184 1282 3494 1335 Iiincmarus
3541 1280 3589 1333 in
3626 1296 3735 1350 opus

2184 1384 2262 1437 LV
2287 1381 2682 1453 Capitulorum,
2740 1394 2863 1447 cap.
2899 1377 2964 1433 16
3022 1376 3103 1430 sic
3129 1374 3203 1429 ait
3240 1392 3252 1426 :
3293 1395 3311 1421 ι
3349 1371 3491 1437 Quod
3552 1372 3732 1441 (nempe

2183 1475 2469 1530 castellum
2539 1468 2924 1536 Laudunense(
2993 1468 3134 1522 sicut
3195 1464 3477 1534 EutrOpius
3530 1463 3739 1533 antiquus

2184 1565 2664 1640 historiographus
2720 1562 2872 1627 dicit,
2939 1567 3164 1615 auctore
3220 1556 3509 1612 Marcobrio
3553 1563 3740 1625 praetore

2184 1657 2491 1721 conditum,
2519 1655 2585 1709 ab
2616 1652 2845 1709 exordio
2902 1651 2987 1705 sui
3036 1651 3093 1704 in
3127 1648 3447 1724 paganismo
3477 1646 3604 1700 inter
3635 1645 3741 1699 civi-

2188 1757 2326 1805 tates
2357 1749 2442 1803 vel
2503 1743 2875 1818 provinciales
2904 1743 3069 1798 sedes
3130 1757 3335 1796 nomen
3365 1746 3416 1793 et
3469 1739 3624 1793 locum
3661 1750 3742 1790 non

2189 1841 2405 1984 habia};
2434 1928 2502 1982 ab
2517 1928 2686 1981 horno
2717 1924 2925 1978 habita.
2961 1921 3049 1976 Sic
3072 1920 3157 1974 MS
3189 1926 3243 1974 et
3265 1917 3541 1990 originale.
3564 1916 3606 1979 J,
3629 1930 3743 1977 omo,

2191 2019 2470 2092 quomodo
2496 2016 2696 2091 legitM
2725 2015 2820 2069 lib.
2856 2032 2893 2081 ι,
2937 2029 3057 2083 cap.
3086 2011 3176 2066 20.
3215 2010 3396 2065 Rorno
3449 2014 3613 2062 autem
3635 2005 3747 2058 idem

2193 2091 2279 2162 est
2308 2106 2456 2178 quod
2483 2107 2587 2160 hoc
2609 2119 2774 2158 anno.
2806 2101 3013 2156 Dicitur
3042 2107 3095 2154 et
3124 2102 3349 2165 hornus,
3379 2114 3413 2150 ιι
3460 2112 3562 2161 um,
3591 2100 3641 2148 ut
3662 2091 3747 2146 Iru-

2194 2199 2508 2266 ctushorni,
2541 2214 2706 2270 poma
2726 2197 2921 2261 horna,
2950 2194 3005 2248 id
3037 2201 3119 2249 est
3144 2194 3312 2263 hujus
3336 2190 3484 2246 anni.

2265 2299 2413 2350 Licet
2441 2294 2515 2348 ad
2553 2299 2752 2347 tomum
2782 2295 2949 2359 caput
2976 2290 3221 2354 inclinet,
3242 2290 3341 2356 qui
3366 2287 3439 2338 eis
3467 2298 3565 2337 non
3598 2279 3749 2343 obedit,

2192 2387 2285 2444 sed
2306 2386 2490 2455 potius
2520 2398 2681 2454 porro
2726 2383 2910 2436 obvias
2951 2394 3145 2433 manus
3176 2379 3432 2444 inferens.
3466 2372 3546 2427 Sic
3572 2370 3689 2440 orig.
3716 2374 3754 2420 et

2189 2485 2238 2540 J.
2271 2482 2491 2537 Phrasis
2538 2487 2622 2533 est
2651 2478 2784 2532 satis
2847 2476 3097 2531 obscura.
3154 2473 3263 2538 MS,
3319 2472 3570 2525 thomum.
3602 2466 3753 2519 Exem-

2192 2577 2310 2647 plar
2339 2588 2449 2646 quo
2472 2587 2605 2626 usus
2635 2576 2719 2624 est
2765 2566 3030 2622 Baronius
3057 2564 3192 2640 legit
3226 2565 3501 2626 Thomam,
3550 2565 3600 2612 et
3642 2560 3761 2626 putat

2192 2644 2596 2723 restituendum
2645 2665 2885 2717 Romam.
2922 2659 3023 2712 Pro
3067 2671 3229 2727 porro
3259 2655 3393 2721 legit
3436 2655 3591 2708 Petro.
3624 2649 3670 2701 In
3694 2644 3759 2697 MS

2194 2761 2416 2815 obvians
2450 2755 2670 2830 legitur.
2709 2753 2799 2806 Est
2841 2757 3023 2805 autem
3056 2758 3238 2803 tomus
3270 2743 3492 2817 proprie
3530 2741 3761 2813 fragmen-

2196 2864 2310 2910 tum
2328 2851 2454 2907 libri
2474 2849 2805 2914 abscissum,
2848 2854 2902 2902 et
2928 2861 3024 2915 pro
3073 2845 3193 2915 ipso
3236 2842 3380 2896 libro
3409 2855 3504 2894 seu
3533 2831 3763 2890 volumine

2201 2941 2527 3013 imperfecto
2549 2937 2840 3009 accipitur.

2798 3025 3009 3082 CAPUT
3033 3024 3217 3079 XXIII.

2263 3121 2541 3192 Synodum
2586 3118 2735 3187 apud
2763 3119 2941 3171 Pistas
2970 3113 3263 3182 agendum.
3320 3106 3632 3181 Intelligitur
3655 3116 3766 3157 con-

2194 3211 2383 3266 cilium
2416 3208 2669 3262 Pistense
2696 3206 2750 3259 in
2778 3205 2898 3259 loco
2934 3202 3026 3273 qui
3079 3200 3241 3255 Pistis
3285 3198 3486 3253 dicitur
3513 3195 3575 3249 ad
3601 3193 3770 3260 Sequa-

2197 3322 2322 3360 nam
2386 3301 2636 3367 ﬂuvium,
2685 3296 3023 3353 celebratum
3081 3309 3228 3348 anno
3275 3290 3404 3358 863,
3456 3287 3553 3343 sub
3594 3283 3772 3339 Nicolao

2196 3399 2376 3471 primo
2419 3395 2567 3468 quod
2620 3401 2798 3448 exstat
2852 3399 2984 3445 tom.
3038 3389 3109 3443 Ill
3168 3385 3540 3440 Conciliorum
3601 3380 3649 3433 in
3692 3374 3773 3471 ﬁne

2197 3465 2399 3562 prioris
2428 3465 2614 3559 partis.
2670 3482 2827 3539 Unde
2863 3497 3033 3551 supra
3070 3496 3192 3548 cap.
3226 3478 3287 3531 21
3333 3476 3530 3550 legitur
3550 3472 3603 3526 in
3630 3465 3775 3524 omni-

2200 3585 2306 3638 bus
2327 3578 2757 3651 exemplaribus,
2785 3577 2859 3630 ad
2888 3578 3066 3629 Pistas
3122 3575 3183 3626 in
3241 3573 3499 3641 Sequana
3532 3567 3659 3620 :hoc
3683 3562 3776 3615 loco

2203 3677 2310 3731 MS.
2344 3678 2525 3729 Pastas
2553 3671 2703 3743 legit,
2731 3668 2829 3723 sed
2868 3667 3033 3722 male.
3068 3665 3184 3720 Alio
3239 3664 3471 3719 nomine
3523 3657 3778 3749 Pisciacum

2204 3772 2259 3820 et
2287 3763 2447 3817 Pista:
2480 3761 2683 3815 dicitur
2710 3756 2870 3829 quasi
2901 3755 3172 3817 Pisciatae,
3227 3752 3365 3823 quia
3395 3751 3535 3805 solet
3561 3761 3667 3802 esse
3712 3757 3777 3810 pl-

2202 3859 2355 3914 scina
2386 3856 2554 3911 totius
2576 3852 2841 3919 Franciae,
2885 3859 2945 3905 ut
2988 3848 3182 3905 scribit
3234 3846 3599 3905 Sebastianus
3647 3834 3780 3893 Roul-

2200 3946 2339 4000 liard
2364 3945 2417 3998 in
2449 3961 2547 3998 sua
2576 3941 2867 3996 Parthenia
2887 3939 3000 3992 sive
3043 3937 3279 3992 Historia
3334 3932 3591 3992 Ecclesia:
3614 3929 3780 3983 Carnoo

2206 4036 2379 4092 tensis
2400 4052 2520 4105 cap.
2560 4034 2648 4100 12,
2670 4049 2820 4087 num.
2844 4032 2897 4085 9.
2933 4029 3137 4083 Gallice
3171 4030 3381 4096 Poissy.

2280 4128 2499 4184 Walom'
2527 4128 2847 4181 Metensium
2872 4122 3115 4192 praesuli.
3176 4120 3263 4174 Sic
3302 4119 3416 4185 MS,
3452 4116 3547 4171 sed
3579 4114 3624 4179 J,
3662 4109 3792 4166 Walw

2209 4222 2485 4298 quomodo
2502 4228 2660 4276 vocat
2690 4236 2814 4274 eum
2834 4216 3118 4271 Aimoinus
3147 4215 3249 4269 lib.
3286 4232 3344 4281 v,
3373 4230 3496 4284 cap.
3534 4210 3615 4265 41.

2822 4332 3033 4388 CAPUT
3063 4332 3239 4386 XXIV.

494 4426 701 4490 retulit,
743 4423 1067 4497 agnovimus
1110 4421 1321 4490 justum
1354 4419 1524 4475 fuisse
1566 4421 1793 4475 omnino
1818 4420 2086 4488 judicium

2280 4436 2348 4488 In
2392 4432 2825 4487 Parisiacensem
2876 4425 3214 4496 parochiam.
3272 4422 3368 4476 Sic
3422 4420 3457 4473 C
3526 4417 3579 4472 in
3626 4409 3793 4467 Gallica

496 4518 686 4588 Neque
740 4515 885 4570 enim
954 4520 1136 4569 tantus
1193 4514 1453 4585 princeps
1505 4512 1611 4567 nisi
1641 4513 1871 4567 veritate
1920 4512 2113 4567 fultum

495 4610 797 4682 quidquam
820 4614 1032 4678 poterat
1087 4605 1380 4660 affirmare.
1414 4605 1566 4659 Uude
1596 4603 1755 4660 nefas
1786 4619 1912 4660 esse
1944 4602 2113 4658 duxi-

497 4716 621 4755 mus
650 4699 770 4767 ejus
805 4696 1060 4751 relationi
1090 4710 1203 4751 non
1250 4695 1500 4766 praebere
1545 4693 1675 4748 ﬁdei
1730 4693 2119 4749 incunctanter

492 4793 764 4869 auditum.
798 4789 917 4844 Noli
958 4802 1088 4869 ergo
1113 4787 1226 4857 jam
1263 4803 1413 4843 nunc
1443 4785 1742 4842 Ecclesiam
1778 4785 2111 4840 Laudunen-

497 4900 615 4939 sem
635 4882 911 4938 viduatam
956 4856 1012 4936 et
1041 4880 1162 4935 sine
1210 4879 1482 4954 regimine
1512 4877 1773 4950 pastorali
1808 4876 2108 4939 dimittere,

494 4977 591 5035 sed
622 4973 1001 5031 indifferenter
1030 4974 1290 5036 electum,
1322 4977 1378 5026 et
1409 4972 1477 5025 de
1517 4968 1903 5025 Laudunensis
1929 4968 2112 5022 Eccle-

496 5067 758 5125 siaeclero
784 5063 959 5119 virum
1021 5061 1303 5125 idoneum,
1357 5068 1411 5115 et
1466 5059 1521 5113 in
1571 5074 1682 5130 quo
1714 5057 1961 5113 omnium
1990 5066 2116 5113 vota

501 5154 870 5219 consentiant,
903 5150 1086 5206 eidem
1118 5148 1374 5204 Ecclesiae
1405 5147 1624 5218 praetice
1645 5161 1872 5217 prorsus
1897 5144 2116 5216 episco-

500 5243 771 5317 pum.Cui
823 5238 1081 5297 electioni
1133 5238 1386 5294 volumus
1446 5237 1609 5292 etiam
1650 5237 1882 5291 missum
1909 5235 2118 5306 praefati

502 5333 734 5407 piissimi
787 5327 1139 5402 imperatoris
1187 5326 1477 5395 interesse,
1523 5334 1582 5382 ut
1617 5326 1736 5381 sine
1776 5324 2119 5381 saecularium

502 5427 737 5497 strepitu
768 5422 919 5480 omni
950 5422 1121 5475 latere
1153 5418 1276 5473 talis
1305 5419 1559 5494 eligatur,
1606 5417 1699 5490 qui
1751 5425 1914 5489 aptus
1953 5417 2124 5472 sacris

501 5518 809 5577 canonibus
860 5533 986 5571 esse
1036 5514 1217 5569 modis
1273 5512 1534 5569 omnibus
1581 5508 2122 5582 approbetur.0pta-

503 5629 624 5668 mus
653 5611 999 5666 sanctitatem
1031 5617 1177 5662 tuam
1229 5607 1284 5661 in
1320 5605 1535 5661 Christo
1568 5605 1711 5659 bene
1743 5604 1947 5659 valere.
1994 5603 2123 5657 Data

505 5711 588 5759 est
608 5704 795 5785 Romae
823 5700 1170 5781 Theoderico
1205 5699 1361 5770 jussu
1405 5714 1563 5771 papae
1588 5695 1911 5763 Joannis,et
1932 5694 2121 5751 domui

2217 4522 2597 4585 translatione,
2641 4533 2737 4589 pro
2766 4532 2877 4588 quo
2909 4515 3037 4570 facit
3066 4512 3215 4585 quod
3246 4511 3457 4567 scribat
3488 4508 3553 4562 ad
3583 4504 3795 4559 abbatem

2217 4613 2268 4667 8.
2300 4610 2543 4683 Dionysii
2566 4610 2739 4679 juxta
2768 4607 3031 4661 Parisios.
3067 4601 3102 4656 C
3155 4602 3210 4655 in
3242 4600 3443 4655 Latino
3476 4604 3529 4652 et
3559 4596 3610 4660 .l,
3648 4590 3801 4647 Ρανὶαο

2217 4722 2425 4764 censem
2455 4722 2469 4770 ;
2500 4704 2609 4767 MS,
2648 4705 3050 4757 Parnacensem.

2820 4811 3034 4869 CAPUT
3079 4809 3230 4864 XXV.

2286 4913 2616 4981 Mageda-rdo
2639 4912 2950 4982 prwposito.
2984 4906 3095 4972 MS,
3128 4905 3449 4972 Agenardo.

2828 5025 3038 5082 CAPUT
3055 5024 3231 5078 XXVI.

2296 5145 2425 5198 Viro
2455 5141 2827 5196 illustrissimo
2878 5138 3142 5193 Eberado.
3199 5134 3268 5201 M,
3303 5129 3596 5188 Ebarardo
3625 5145 3639 5191 ;
3669 5123 3689 5178 J
3721 5118 3807 5176 Eb-

2220 5232 2383 5286 rardo
2415 5246 2515 5302 per
2545 5243 2852 5300 syncOpen.

2292 5328 2484 5382 Rorico
2513 5326 2830 5382 Normanno
2881 5320 2954 5373 ad
3008 5318 3171 5389 ﬁdem
3202 5315 3410 5372 Christi
3440 5320 3699 5367 converso.
3736 5298 3812 5353 llic

2226 5415 2458 5472 Roricus
2489 5413 2746 5469 diversus
2777 5420 2861 5467 est
2889 5427 2919 5465 a
2943 5409 3175 5464 Rollone
3228 5404 3705 5460 Nordmannorum
3732 5391 3813 5445 du-

2225 5517 2398 5575 ctore,
2430 5509 2499 5563 de
2529 5522 2639 5579 quo
2665 5504 2973 5560 Chronicon
3026 5501 3425 5556 Cameracense
3456 5496 3552 5549 lib.
3584 5510 3640 5557 ιι,
3670 5481 3812 5579 ςὶἓθτ

2226 5598 2321 5670 qui
2354 5574 2422 5651 ad
2450 5574 2611 5650 ﬁdem
2644 5603 2731 5649 est
2761 5607 3063 5649 conversus
3093 5596 3148 5644 et
3177 5586 3496 5662 baptizatus
3525 5599 3612 5638 an.
3636 5574 3817 5647 912,111

2224 5691 2430 5748 ibidem
2461 5688 2735 5745 adnotavi.
