3938 6158
248 239 332 296 385
870 185 874 190 Α
1600 230 1665 284 ΙΝ
1707 230 1956 286 LIBRUM
1998 231 2081 285 IV.
3409 239 3514 295 386

763 357 970 411 CAPUT
1010 358 1214 412 XXVII.
1826 368 1874 432 Α
1899 378 2031 416 sane
2059 361 2222 415 lectio
2262 361 2456 415 vitiosa
2485 368 2586 425 est,
2619 367 2673 416 et
2714 378 2812 432 pro
2840 378 2904 417 ea
2936 363 3232 419 dicendum
3292 365 3515 433 fuisset,

298 451 577 514 Innintrudi
611 454 831 519 reginae.
888 453 1011 507 Haec
1061 458 1144 508 est
1190 451 1366 509 Caroli
1422 453 1566 508 Calvi
1624 454 1799 524 prima
1903 454 2308 515 adinteritum.

242 565 365 609 uxor,
410 560 517 616 quae
552 543 621 596 ab
677 543 799 596 aliis
837 544 1197 614 scriptoribus
1245 545 1660 600 Ilermentrudis
1705 563 1805 616 ap-
2508 544 2716 599 CAPUT
2736 545 2910 601 XXIX.

240 638 450 709 Ρθηθίυτν
474 649 573 705 qua
599 632 861 688 defuncm
892 634 1182 689 RIChildim
1216 636 1388 689 (Ῑυκηο
1975 658 2049 710 De
2080 656 2215 709 libro
2243 655 2385 709 edito
2415 672 2449 709 a
2470 671 2542 710 se.
2575 658 2818 721 Qualiter
2838 658 3064 713 Domini
3095 660 3181 714 vel
3200 669 3513 716 sanctorum

296 730 352 782 Ut
375 728 592 780 timentes
619 726 1069 789 cmwenientiam,
1101 740 1216 794 qua
1252 725 1503 789 dicimus,
1530 742 1543 777 :
1584 728 1800 780 Dimitte

1902 744 2014 799 sint
2037 745 2308 820 imagines
2332 746 2683 800 veneranda.
2715 747 2869 811 Quod
2899 749 2943 802 si
2961 748 3104 803 liber
3129 751 3230 805 iste
3257 757 3515 823 exstaret,

234 817 359 871 ποδίδ
397 813 565 867 dem“
604 816 794 866 nostra
821 815 981 911 Sicut}
1015 818 1120 866 etc'
1153 811 1600 911 0°""e_"ie_"_‘_iam
1642 815 1802 869 intel'
1906 849 2025 894 tum
2076 811 2221 895 clare
2250 846 2525 896 constaret
2554 841 2688 911 quid
2718 841 2787 895 de
2821 841 2922 897 hac
2974 860 3031 897 re
3070 845 3305 899 senserit
3353 811 3520 901 Hinc;

234 908 576 1009 ligiI_Pac‘umn
604 918 702 1005 se‘f
735 904 1149 1009 ‘foncf’rdatf’m’
1205 904 1650 1009 antjurifﬁc‘fmn
1669 922 1803 1006 cm?"
1904 948 2089 987 marus
2176 932 2327 987 Certe
2386 904 2656 988 catholice
2716 933 2955 988 sensisse
3014 942 3161 1005 patet
3224 953 3291 991 ex
3348 938 3521 1009 ipsius

235 998 523 1053 ventionem.
543 994 786 1065 Respicit
807 996 956 1049 enim
983 995 1051 1049 ad
1075 1001 1293 1065 paetum
1324 995 1590 1049 orationis
1615 996 1802 1051 Domi-
1903 1040 2097 1095 opusc.
2157 1043 2219 1079 LV
2251 1025 2626 1098 capitulorum
2679 1033 2868 1081 contra
2912 994 3260 1083 Hin'cmamm
3308 994 3523 1086 La‘udu_

1906 1133 2164 1185 nensem,
2194 1133 2313 1188 cap.
2362 1119 2453 1172 25.
2488 1118 2643 1182 Quod
2686 1134 2817 1173 vero
2870 1118 3121 1173 Matthias
3158 1119 3403 1191 lllyricus
3457 1140 3522 1177 ex

1905 1209 2152 1276 ejusdem
2186 1210 2369 1279 operis
2397 1226 2518 1279 cap.
2550 1209 2621 1265 20
2651 1209 2833 1263 locum
2878 1209 3098 1283 allegat,
3130 1226 3238 1282 quo
3268 1211 3522 1267 Hincma-

1903 1320 1996 1357 rus
2025 1304 2315 1373 septimam
2356 1305 2627 1375 synodum
2658 1304 2727 1359 de
2767 1304 3121 1378 imaginibus,
3153 1321 3276 1376 qua:
3317 1312 3399 1360 est
3429 1306 3523 1360 Ni-

1900 1412 2053 1452 caina
2107 1415 2165 1464 II,
2198 1397 2459 1452 damnare
2508 1397 2746 1459 videtur,
2777 1397 3062 1452 sciendum
3120 1404 3325 1452 textum
3358 1399 3523 1453 Ilinc-

1900 1494 2035 1549 mari
2068 1501 2322 1564 corrupte
2369 1494 2629 1566 allegare,
2665 1508 2761 1563 pro
2813 1494 3284 1562 Constantinopoli
3322 1492 3524 1547 substi-

1901 1582 2105 1640 tuendo
2154 1588 2364 1642 Nicaeus.
2396 1585 2571 1639 Verba
2602 1601 2724 1655 qua:
2755 1584 2956 1655 allegat
2986 1584 3259 1638 habentur
3299 1585 3352 1638 in
3402 1584 3522 1637 dia-

746 1702 966 1758 CAPUT
1020 1703 1221 1758 xxv“.
1822 1703 1874 1770 Β
1898 1679 2024 1753 logo
2052 1684 2248 1770 quarto
2295 1678 2449 1731 Alani
2479 1694 2530 1770 fc.
2564 1677 2651 1731 18.
2712 1678 2842 1770 Item
2876 1678 3022 1747 apud
3062 1677 3352 1770 Baronium

1899 1770 1985 1836 IX,
2016 1784 2163 1824 anno
2188 1768 2310 1823 794.
2348 1770 2409 1822 At
2440 1768 2689 1823 videatur
2717 1768 2991 1841 integrum
3022 1782 3163 1838 Opus
3194 1767 3368 1837 ipsius
3397 1768 3526 1821 Hin-

1896 1862 2065 1917 cmari
2097 1862 2246 1934 quod
2274 1863 2501 1917 demum
2558 1877 2705 1917 anno
2736 1862 3071 1931 praecedenti
3133 1862 3267 1917 1615
3297 1861 3519 1916 Parisiis

1897 1954 2107 2008 editum
2147 1961 2249 2021 est,
2293 1954 2388 2008 ubi
2439 1954 2559 2008 sine
2600 1952 2711 2007 ulla
2765 1952 3018 2007 lectionis
3060 1952 3322 2006 varietate
3382 1955 3523 2010 Con-

1899 2048 2253 2118 stantinopoli
2282 2048 2499 2121 legitur.
2548 2047 2805 2101 Videatur
2845 2046 2973 2101 item
3032 2046 3235 2102 Alanus
3267 2049 3385 2103 loco
3408 2048 3520 2117 jam

1902 2143 2070 2207 dicto,
2095 2148 2149 2197 et
2166 2158 2289 2212 cap.
2322 2158 2419 2214 seq
2466 2149 2521 2197 et
2547 2141 2811 2196 latissime
2837 2142 2904 2195 de
2930 2142 3013 2195 his
3044 2142 3323 2197 disserens
3354 2143 3525 2197 Seve-

1903 2239 2057 2294 rinus
2086 2238 2277 2293 Binius
2307 2238 2361 2292 in
2388 2238 2532 2293 notis
2579 2238 2647 2291 ad
2678 2236 2971 2292 conculium
3004 2237 3518 2303 Francofordiense,

233 1092 344 1147 nica:
369 1098 416 1145 et
440 1090 503 1144 ad
529 1105 649 1159 cap.
684 1089 751 1142 13
802 1090 1026 1164 Regulae
1059 1090 1112 1144 S.
1149 1088 1454 1155 Benedicti,
1488 1089 1542 1142 in
1573 1105 1682 1161 quo
1714 1090 1802 1144 di-

232 1182 367 1236 citur:
400 1204 413 1223 -
447 1179 505 1234 Ut
529 1178 784 1232 conventi
809 1195 907 1248 per
937 1178 1390 1250 ipsiusorationis
1416 1178 1802 1247 sponsionem,

228 1287 316 1342 qua
351 1270 559 1323 dicunt:
591 1270 824 1327 Dimitte
860 1269 1037 1334 nobis,
1074 1288 1095 1317 ι
1128 1273 1232 1321 etc.

286 1365 526 1431 Quantum
582 1363 950 1431 periculosum
999 1363 1223 1425 malum,
1275 1367 1385 1416 tam
1428 1366 1551 1432 ipsa
1587 1365 1798 1430 regina,

226 1470 356 1524 quam
380 1455 603 1522 emptria:
633 1453 735 1506 illa
754 1454 1037 1508 subierint.
1066 1451 1136 1518 M,
1166 1452 1510 1517 Periculum;
1541 1450 1599 1516 J,
1630 1467 1801 1521 quan-

226 1547 316 1596 tum
338 1542 547 1611 periculi
571 1542 799 1609 malum,
832 1546 944 1595 tam
987 1544 1110 1610 ipsa
1143 1556 1307 1610 quam
1343 1541 1671 1608 imperatrim
1698 1541 1800 1594 illa

224 1634 469 1689 subierint.

278 1820 545 1889 Cujusdam
572 1822 776 1888 fratris
814 1822 1191 1889 Ragamfredi.
1224 1821 1312 1875 Sic
1340 1820 1390 1875 Μ
1433 1821 1539 1877 hoc
1570 1820 1693 1876 loco
1742 1827 1798 1875 et

223 1908 354 1976 paulo
380 1908 528 1963 infra.
563 1910 624 1976 S,
645 1911 1033 1978 Ragemfredi:
1066 1910 1116 1976 J,
1149 1910 1515 1978 Raganfredi.

275 2000 327 2055 Si
362 2016 473 2054 vero
495 2003 614 2071 ipse
651 2016 820 2055 comes
860 2002 955 2055 hoc
1005 2003 1127 2070 ﬁeri
1152 2003 1393 2069 negavit.
1428 2000 1518 2055 Sic
1570 1999 1702 2054 MS..
1736 1999 1797 2051 At

220 2091 261 2143 J:
288 2092 365 2147 Sic
385 2108 503 2146 vero
547 2109 717 2147 comes
746 2096 863 2163 ipse
901 2093 996 2147 hoc
1028 2095 1150 2161 ﬁeri
1185 2108 1296 2147 non
1323 2095 1541 2160 rogavit
1594 2092 1802 2145 Sensus

220 2198 321 2237 esse
344 2183 546 2239 videtur
579 2201 594 2237 :
639 2184 695 2237 Si
724 2200 913 2239 comes
943 2191 1109 2259 neget
1137 2200 1195 2239 se
1225 2183 1443 2238 fecisse.

274 2280 375 2334 Aut
398 2282 584 2334 timore
610 2280 868 2349 alicujus,
891 2280 974 2333 vel
994 2280 1332 2333 hortamento
1353 2278 1416 2332 dc
1439 2280 1559 2347 ipso
1581 2276 1805 2345 presby-

217 2330 533 2424 ιενξξέίξῖζ
557 2330 774 2424 vss;
790 2330 914 2434 iis,
932 2330 1535 2436 '...;'.'.I..;.;.';...-...;...
1563 2330 1802 2436 ίὲηραιὲυ
1904 2336 2038 2385 ίοητο
2077 2330 2169 2385 ¹¹¹σ
2505 2417 2711 2472 CAPUT
2744 2417 2887 2471 ,χχχ

211 2457 1435 2528 ρνωειιηιαηιιήἀράαηιηανὶ,υρῌιινωηθητοάρ
1452 2457 1589 2525 ipso,
1618 2461 1723 2509 etc.
2507 2457 2606 2472 ναι
2633 2457 2703 2472 υι
2744 2457 2909 2482 ηιυιιι·

266 2547 415 2602 Malos
441 2552 621 2601 autem
645 2549 919 2617 prwsci'vit
952 2550 1183 2613 tantum,
1227 2561 1335 2599 non
1364 2544 1794 2613 prwdestmavit,
1969 2548 2132 2602 Anno
2198 2548 2490 2601 Dominicae
2543 2548 2939 2600 incarnationis
3003 2546 3126 2600 882.
3183 2545 3272 2599 Sic
3323 2545 3508 2603 omnia
3603 2542 3626 2557 ⁶

214 2654 289 2693 nec
311 2645 365 2693 ut
385 2644 633 2710 perirent
687 2656 790 2694 sua
811 2642 1161 2710 przscientia
1210 2639 1487 2708 compulit.
1523 2637 1613 2691 Sic
1638 2636 1685 2691 J.
1734 2637 1797 2690 At
1896 2635 2254 2707 exemplaria,
2307 2635 2434 2690 etin
2466 2636 2567 2689 hac
2610 2651 2667 2688 re
2697 2635 2875 2709 magis
2924 2635 3263 2689 credendum
3301 2635 3513 2690 auctori

213 2725 285 2781 MS
311 2728 449 2782 addit
477 2729 618 2783 duas
642 2728 869 2785 voculas
902 2729 994 2798 (ad
1038 2728 1286 2797 regnum)
1319 2728 1423 2782 hoc
1451 2726 1646 2781 modo:
1677 2727 1798 2783 Non
1898 2741 2063 2796 quam
2094 2725 2385 2799 Sigeberto
2406 2731 2461 2779 et
2486 2725 2715 2795 )Ieyero.
2746 2723 2841 2794 qui
2863 2723 3069 2777 obiisse
3100 2724 3351 2779 scribunt
3383 2725 3514 2778 Hino

208 2821 583 2886 pradestinavit
616 2821 692 2875 ad
745 2837 971 2888 regnum
1002 2837 1097 2875 nec
1134 2826 1193 2874 ut
1237 2821 1498 2889 perirent,
1529 2824 1615 2871 etc
1668 2818 1797 2881 Quae
1899 2831 2111 2869 marum
2152 2829 2299 2869 anno
2326 2814 2452 2870 885.

906 3181 1414 3272 SCHOLIA
1479 3182 1603 3270 IN
1665 3180 2124 3268 LIBRUM
2189 3179 2812 3294 QUARTUM.

718 3508 928 3564 CAPUT
983 3507 1273 3563 PRIMUM.
1584 3576 1597 3579 _
1711 3576 1721 3579 _
1751 3575 1759 3579 _
1831 3513 1881 3579 ρ
1975 3504 2079 3558 Sed
2107 3504 2309 3560 Odonis
2342 3506 2485 3572 regis
2524 3504 2616 3558 sui
2644 3503 2911 3557 consultu.
2947 3503 3043 3558 llic
3073 3504 3208 3570 Odo,
3243 3502 3388 3558 ﬁlius
3420 3504 3529 3559 Ro-

268 3580 413 3633 Fulco
439 3583 524 3634 vir
550 3580 716 3635 ualde
744 3582 959 3635 nobilis.
992 3580 1140 3633 Alias
1165 3580 1332 3643 Folco,
1358 3576 1638 3650 quomodo
1671 3575 1800 3629 ubi-

1907 3596 2044 3651 berti
2075 3597 2251 3660 ducis,
2304 3595 2405 3649 fuit
2441 3601 2589 3649 tutor
2632 3595 2777 3668 regis
2806 3593 2981 3649 Caroli
3042 3595 3339 3666 Simplicis,
3378 3604 3531 3666 post-

217 3681 307 3736 que
334 3667 441 3722 fere
481 3669 677 3723 Scribit
707 3669 773 3724 Μ.
1564 3757 1568 3758 ί
1910 3688 2063 3743 humi
2096 3687 2352 3742 Ludovici
2377 3686 2549 3740 Balbi.
2575 3667 2710 3740 Vide
2736 3687 2955 3741 Scholia
2984 3687 3123 3741 infra
3145 3705 3265 3758 cap.
3297 3688 3350 3743 5.

276 3761 472 3815 Πανίηο
496 3777 659 3830 Ραρω
688 3761 958 3828 ἀθιεθαηεο
996 3759 1118 3813 "$0
1168 3765 1251 3813 εει
1290 3773 1417 3812 Vera
1449 3757 1635 3823 Ῑθοιίον
1667 3772 1806 3827 quo‘
1981 3779 2257 3847 Synodum
2304 3794 2591 3835 convocare
2637 3778 2786 3845 apud
2845 3757 3525 3844 Wangionemrciritatem.

218 3850 360 3904 m°d°
382 3860 432 3907 θί
457 3852 603 3906 infra
653 3850 1003 3906 concorditer
1040 3850 1261 3925 legitur,
1295 3849 1395 3903 θίδί
1426 3849 1481 3902 in
1517 3848 1563 3902 Μ
1597 3847 1805 3902 recenti
1907 3867 2018 3931 MS,
2057 3869 2411 3934 Vangionem.
2446 3866 2568 3919 Ilaec
2601 3864 2711 3918 alio
2746 3865 2970 3918 nomine
3003 3865 3301 3919 Wormatia
3333 3868 3533 3923 dicitur

214 3957 355 3996 manu
378 3945 737 4016 superaddita
767 3945 837 3998 sit
865 3944 1051 4015 littera
1082 3950 1101 3997 t
1140 3952 1198 3997 ut
1224 3943 1439 4017 legatur
1468 3944 1723 4003 Martino,
1754 3948 1807 3994 et
1909 3973 1939 4009 δ
1970 3956 2259 4029 Sigeberlo
2290 3961 2344 4008 ει
2373 3953 2498 4008 aliis
2554 3953 2707 4008 unde
2740 3953 3110 4024 Luitprandus
3151 3954 3205 4007 in
3240 3955 3430 4010 “bello
3462 3959 3531 4011 de

214 4030 338 4088 hunc
373 4034 579 4091 faciunt
612 4036 902 4090 Martinum
944 4035 1009 4090 Il.
1071 4034 1180 4089 Sed
1210 4034 1509 4109 legendum
1558 4034 1800 4089 Marinus

1911 4045 2043 4099 Vitis
2088 4042 2411 4116 pontiﬁcum
2467 4044 2523 4097 in
2553 4043 2670 4096 Vita
2727 4043 2990 4112 Stephani
3031 4044 3191 4109 sexti,
3224 4044 3358 4099 dicit
3403 4061 3527 4100 eum

215 4125 456 4185 Baronius
481 4138 537 4185 et
577 4131 770 4186 Binius
800 4136 1139 4195 attestantur,
1172 4135 1487 4184 asserentes
1518 4142 1805 4199 perperam
1903 4134 2137 4204 jussisse
2185 4134 2457 4205 synodum
2516 4133 2805 4187 convocari
2864 4132 3239 4199 Wormatiam,
3284 4142 3338 4187 et
3369 4134 3528 4191 titulo

214 4220 459 4276 nominari
488 4222 782 4277 Martinam
814 4221 1141 4276 secundum.
1910 4226 2328 4281 \Vormatiensis
2353 4225 2571 4280 concilii
2614 4225 2836 4295 ponitur
2869 4232 2999 4280 tom.
3037 4227 3105 4279 III
3140 4226 3530 4294 Conciliorum,

267 4312 360 4365 Pro
408 4315 727 4382 defensione
776 4314 1056 4368 Frotharii
1109 4313 1465 4369 Bituricensis
1530 4313 1810 4382 ανοὴὶθρί-
1911 4327 2065 4390 parte
2096 4335 2154 4382 ll,
2206 4334 2352 4373 anno
2383 4317 2507 4372 890.
2569 4317 2745 4372 Verba
2773 4318 2893 4385 ejus
2945 4319 3026 4373 sic
3056 4318 3293 4373 habent:
3358 4344 3371 4365 ι
3436 4320 3533 4374 IIic

208 4410 352 4477 δευρί.
413 4409 511 4465 Hic
550 4410 729 4463 luerat
760 4408 1184 4484 Burdegalensis
1230 4408 1701 4479 archiepiscopus,
1752 4413 1811 4460 ut
1912 4410 2302 4465 Heriinannum
2328 4408 2714 4464 Coloniensem
2744 4409 3250 4480 archiepiscopum,
3287 4419 3342 4466 et
3372 4411 3532 4465 Adal-

210 4510 340 4569 patet
366 4521 531 4576 supra
563 4505 662 4581 lib.
715 4522 796 4573 ιιι,
836 4522 884 4561 c.
923 4505 1015 4570 2|,
1056 4510 1109 4559 et
1139 4502 1280 4559 infra
1308 4504 1415 4559 hoc
1441 4504 1636 4558 eodem
1688 4519 1807 4572 cap.
1914 4503 2130 4578 garium
2180 4502 2650 4574 Hamburgensem
2700 4501 3219 4572 archiepiscopum,
3274 4503 3343 4557 de
3402 4504 3528 4558 Bre-

266 4595 352 4649 Ad
376 4612 497 4665 qua:
522 4598 641 4651 illa
669 4598 1012 4667 respondens.
1059 4595 1438 4649 Recensentur
1481 4595 1585 4649 hoc
1624 4593 1804 4664 capite
1908 4593 2084 4647 mensi
2124 4592 2364 4647 Ecclesia
2412 4591 2834 4656 contendentes,
2887 4591 3242 4647 Wormatiam
3277 4593 3347 4647 ad
3394 4610 3531 4664 syn-

206 4686 377 4744 decem
406 4699 461 4747 et
490 4692 736 4763 amplius
765 4691 1013 4763 epistolae
1055 4690 1320 4761 Stephani
1354 4690 1418 4744 VI
1458 4706 1632 4761 papae,
1670 4705 1807 4760 qua-
1906 4682 2076 4738 odum
2128 4680 2320 4735 venire
2376 4680 2561 4750 jussit,
2635 4680 2727 4734 ubi
2798 4680 3023 4736 Fuleoni
3098 4682 3355 4739 Remensi
3406 4685 3531 4756 Epi-

206 4797 308 4838 rum
363 4788 511 4843 nulla
541 4795 722 4843 exstat
757 4788 810 4842 in
866 4787 1117 4858 epistolis
1172 4785 1563 4847 decretalibus,
1612 4784 1697 4840 vel
1750 4783 1805 4837 in
1907 4792 2075 4848 SCOpO
2102 4775 2219 4831 vice
2250 4790 2350 4829 sua
2374 4772 2691 4839 commissa,
2729 4788 2948 4827 causam
2995 4789 3185 4829 eorum
3227 4776 3529 4833 examinari

208 4876 350 4930 tomis
379 4878 776 4935 Conciliorum.
817 4877 989 4933 Sicuti
1035 4894 1138 4932 nec
1168 4876 1280 4931 ulla
1310 4884 1483 4931 exstat
1529 4875 1807 4933 Fulconis.
1839 4883 1891 4950 [)
1916 4868 2215 4923 mandavit.
2263 4892 2286 4913 υ

206 4980 313 5035 (μιδέ
342 4968 446 5024 hoc
502 4970 687 5040 capite
736 4978 1129 5026 enumerantur
1176 4974 1299 5023 οοίο
1344 4966 1430 5022 νει
1481 4981 1703 5033 "Ovem,
1758 4976 1812 5022 εἰ
1984 4983 2089 5049 Qui
2140 4996 2320 5035 eorum
2353 4980 2739 5033 vicaricatione
2790 4980 3069 5048 perfuncti
3115 4980 3464 5050 disceptandi
3481 4990 3531 5038 et

207 5058 375 5125 Plures
411 5078 536 5134 cap.
581 5063 967 5135 sequentibus.
1913 5072 2252 5127 deliberandi
2279 5071 2581 5124 libertatem
2633 5069 2965 5138 possideant.
2993 5069 3083 5124 Sic
3115 5068 3171 5123 C.
3216 5071 3279 5124 At
3308 5072 3350 5124 III
3390 5074 3530 5127 viri-

264 5152 388 5219 QuO.
418 5156 621 5211 divina
651 5157 949 5219 vocatione.
990 5156 1255 5209 hominem
1303 5153 1605 5208 excedente.
1640 5152 1699 5207 Id
1731 5164 1818 5212 est
1915 5164 2142 5225 catione,
2191 5160 2340 5231 quod
2386 5159 2420 5213 S
2451 5158 2681 5213 mutavit
2708 5158 2763 5212 in
2810 5159 3246 5227 juriscautione;
3300 5158 3323 5212 J
3382 5163 3525 5215 vica-

207 5254 421 5303 mortuo.
463 5250 560 5305 Sic
601 5249 741 5304 infra
784 5266 828 5304 c.
874 5249 945 5305 5:
1013 5269 1037 5301 α
1074 5249 1224 5303 Tunc
1280 5247 1389 5301 illis
1419 5246 1655 5302 feliciter
1706 5247 1808 5301 hu-
1915 5257 2175 5318 riatione;
2217 5252 2365 5323 apud
2421 5250 2716 5305 Baronium
2763 5253 3048 5317 vicatione,
3100 5250 3158 5303 in
3198 5266 3372 5325 marg.
3428 5268 3530 5320 pro

208 5352 349 5395 mana
378 5342 803 5397 excedentibus.
862 5366 887 5388 η
946 5342 1037 5397 Sic
1078 5340 1384 5395 Chronicon
1417 5339 1807 5394 Cameracense
1908 5343 2039 5396 vice.
2082 5341 2289 5398 Eodem
2329 5355 2495 5394 sensu
2525 5338 2583 5393 in
2624 5339 2861 5409 epistola
2905 5340 2961 5394 S.
3005 5340 3361 5415 Radegundis
3389 5340 3528 5414 legi-

206 5433 289 5489 lib.
328 5456 405 5505 ιιι,
437 5456 484 5494 c.
520 5440 633 5495 19:
688 5459 713 5489 α
749 5439 1033 5493 Baldricus
1078 5437 1377 5508 episc0pus
1405 5435 1684 5491 hominem
1715 5451 1810 5489 ex—
1912 5438 2001 5485 tur
2021 5430 2166 5500 apud
2192 5428 2414 5501 Gregor.
2467 5425 2695 5495 Turon.,
2725 5428 2818 5483 lib.
2852 5445 2904 5483 ix
2954 5429 3089 5485 Hist.
3127 5430 3318 5485 Franc.
3353 5446 3402 5484 c.
3432 5430 3525 5494 42,

203 5520 304 5590 ivit,
361 5550 381 5579 ι
435 5529 491 5584 id
522 5536 613 5584 est
663 5534 914 5584 mortuus
945 5535 1045 5584 est.
1105 5527 1405 5583 Videantur
1436 5541 1559 5596 quae
1598 5524 1807 5579 ibidem
1911 5523 2151 5593 epistola:
2174 5522 2508 5576 vicarietate.
2563 5520 2775 5578 Sensus
2814 5528 2917 5590 est,
2974 5523 3074 5587 Qui
3100 5522 3343 5592 ipsorum
3385 5520 3528 5574 vica-

205 5614 463 5670 adnotavi.
1914 5612 2022 5666 rias
2052 5627 2249 5682 operas
2288 5611 2503 5677 subeat,
2531 5610 2649 5667 sive
2678 5610 2921 5666 uthodie
2957 5610 3253 5680 loquimur,
3285 5608 3380 5679 qui
3411 5608 3522 5663 sint
