3960 6160
422 254 526 312 387

1252 237 1649 295 COLVENERII
1690 235 1964 291 SCHOLIA
2006 233 2071 288 IN
2110 232 2275 288 HIST.
2319 232 2600 288 REMENS.
2646 230 2912 286 ECCLES.

3623 230 3712 284 388

426 402 617 444 eorum
647 388 1031 456 procuratores
1066 396 1188 436 cum
1223 378 1387 451 plena
1421 385 1688 449 potestate
1727 393 1840 432 rem
1879 376 2039 431 abso—
2061 380 2107 445 Α
2135 373 2312 438 sieno,
2367 380 2548 428 tutore
2602 364 2849 441 ejusdem
2890 368 3121 436 'Caroli,
3181 368 3274 440 qui
3324 367 3536 423 titulum
3583 371 3719 443 regni

420 482 532 536 lute
562 476 952 548 componendi.
986 473 1247 545 Sequitur
1273 473 1420 528 enim
1450 490 1464 526 :

493 575 560 628 Ut
587 571 734 625 nullo
749 570 976 623 ulterius
993 571 1249 636 tempore,
1275 569 1543 634 praecepta
1572 564 1790 633 ﬁnitiva
1819 565 2033 616 senten—

417 666 518 729 tia,
547 662 613 716 de
653 661 753 714 hac
808 674 867 713 re
894 658 1254 714 necessarium
1285 658 1358 710 sit
1413 660 1615 709 vertere
1661 655 2026 724 quaestionem.

420 757 509 811 Sic
548 755 738 828 legunt
777 750 813 806 C
844 760 897 807 et
926 752 965 818 l;
1007 749 1105 805 sed
1144 749 1194 819 Ι,
1223 750 1539 818 inﬁnitima.
1574 746 1640 801 In
1670 747 1755 801 MS
1789 746 2033 815 perfecta

420 858 520 916 pro
567 846 839 913 percepta,
891 846 945 894 et
990 839 1038 893 Μ
1092 842 1296 892 nectere
1333 852 1432 908 pro
1482 839 1704 903 vertere,
1755 831 2031 905 quomodo

421 934 586 991 etiam
617 940 911 1004 utrumque
930 930 1074 1001 apud
1094 930 1385 985 Baronium
1417 927 1638 1003 legitur.
1961 917 1969 923 ’

1077 1061 1281 1117 CAPUT
1312 1061 1378 1115 Il.

497 1155 797 1211 Rodemiam
830 1153 1096 1208 uidelicet.
1128 1150 1217 1206 Sic
1251 1151 1313 1215 J;
1347 1149 1404 1217 S,
1446 1148 1785 1212 Rodennam;
1828 1145 1898 1213 Μ,
1935 1147 2036 1200 Το-

421 1248 674 1302 dennam.

490 1342 873 1410 Imperatorem
911 1352 1119 1407 quoque
1163 1336 1447 1391 Widonem
1496 1337 1805 1389 coronatum
1855 1330 2036 1385 eodem

420 1448 566 1488 anno
618 1433 927 1500 signiﬁcans
977 1429 1272 1484 indictione
1308 1429 1533 1482 decima.
1575 1423 1841 1481 Videlicet
1887 1437 2033 1477 anno

419 1522 545 1589 892,
605 1519 857 1592 quamvis
888 1518 1067 1573 statim
1125 1533 1157 1571 a
1187 1523 1363 1571 morte
1416 1514 1591 1569 Caroli
1618 1513 1817 1580 Crassi,
1869 1512 1924 1566 id
1951 1516 2035 1567 est

420 1610 490 1664 ab
516 1625 662 1665 anno
689 1609 857 1677 (juxta
888 1606 1228 1682 Reginonem
1269 1612 1323 1660 ct
1365 1604 1677 1675 Baronium)
1705 1603 1830 1669 888,
1861 1603 2034 1672 impe-

2134 463 2463 518 Francorum
2511 462 2579 515 ab
2609 461 2761 517 obitu
2816 459 2991 515 Caroli
3022 459 3198 515 Crassi
3245 458 3587 529 imperatoris
3622 460 3722 530 (qui

2133 564 2271 612 teste
2328 555 2633 629 Reginone,
2689 569 2852 625 quem
2896 552 3146 624 sequitur
3201 552 3394 606 Baron.
3440 567 3583 605 anno
3634 552 3726 607 Do-

2134 645 2269 699 mini
2311 645 2415 700 888
2445 661 2514 699 ex
2545 644 2647 698 hac
2676 643 2784 697 vita
2814 642 3082 715 migravit)
3116 640 3402 711 tyrannica
3445 641 3725 710 usurpavit.

2134 734 2454 809 Sigebertus
2481 733 2536 786 in
2566 731 2765 786 Chron.
2796 745 2942 784 anno
2968 728 3074 785 890
3099 728 3289 783 scribit
3316 727 3565 783 Carolum
3590 726 3725 781 Cras-

2133 840 2253 878 sum
2305 823 2372 878 ab
2402 821 2765 893 Optimatibus
2807 818 3183 890 repudiatum,
3214 825 3267 872 et
3309 818 3367 871 in
3398 818 3576 872 locum
3621 832 3726 885 (ειυς

2133 911 2486 966 sublimatum
2510 908 2832 981 praedictum
2855 906 3162 974 Arnulfum,
3190 914 3246 962 et
3267 905 3517 960 Carolum
3545 904 3726 959 obiisse

2132 1020 2279 1060 anno
2308 1003 2594 1075 sequenti;
2646 1001 2878 1067 addens,
2910 999 3109 1055 eodem
3157 1014 3302 1054 anno
3334 997 3439 1053 890
3486 997 3729 1064 Francos,

2134 1097 2383 1168 neglecto
2430 1094 2629 1155 (.aroLQ
2655 1092 2913 1148 Ludovici
2961 1091 3111 1146 Balbi
3146 1105 3317 1162 puero
3369 1090 3456 1144 vix
3487 1088 3730 1155 decenni,

2133 1201 2320 1260 regem
2353 1185 2461 1238 sibi
2494 1182 2810 1254 prmfecisse
2841 1182 3085 1237 Odonem
3122 1179 3295 1235 ﬁlium
3314 1179 3540 1235 Roberti
3574 1179 3728 1233 ducis.

2136 1276 2267 1329 Item
2295 1274 2351 1328 in
2382 1273 2576 1328 eadem
2605 1273 2818 1343 synodo
2846 1272 2916 1327 de
2948 1270 3215 1326 Balduino
3256 1269 3455 1325 comite
3487 1268 3732 1324 Flandriaa

2134 1372 2421 1420 tractatum
2449 1372 2552 1431 est,
2582 1372 2641 1419 ut
2671 1371 2820 1435 patet
2850 1381 2915 1418 ex
2944 1379 3064 1434 cap.
3093 1363 3127 1417 ϐ
3157 1370 3211 1417 et
3241 1362 3270 1416 7
3300 1363 3579 1433 sequenti.
3605 1359 3735 1435 Sige

2134 1455 2324 1509 bertus
2351 1453 2616 1525 praedicta
2654 1456 2822 1507 retert
2850 1452 2917 1506 ad
2963 1467 3169 1506 annum
3198 1451 3323 1515 894,
3356 1465 3465 1521 quo
3496 1464 3643 1503 anno
3668 1448 3734 1503 sic

2133 1544 2250 1598 ait:
2303 1568 2329 1591 α
2388 1543 2578 1597 Odone
2618 1558 2747 1615 rege
2802 1558 2902 1613 per
2952 1540 3244 1597 consilium
3302 1539 3635 1593 Francorum
3686 1536 3731 1588 in

2131 1635 2421 1706 Aquitania
2446 1634 2791 1699 demorante,
2822 1633 3014 1687 Franci
3056 1647 3286 1702 puerum
3333 1630 3586 1685 Carolum
3615 1628 3733 1682 duo-

424 1700 565 1797 {ium
614 1698 984 1796 οθθυρξίνθτίίν
1027 1713 1149 1752 cum
1182 1696 1469 1797 (fssetuflux
1510 1696 1951 1797 δὲθιθίδηοῗυηῖν
1982 1699 2036 1748 et
2059 1700 2110 1768 Β
2131 1696 2395 1793 dennem,
2425 1725 2687 1781 Ludovici
2717 1696 2869 1780 Balbi
2898 1696 3094 1790 ﬁliuni,
3122 1725 3179 1777 in
3204 1738 3432 1797 regnum
3456 1728 3731 1792 paternum

423 1789 492 1842 de
520 1802 588 1842 eo
619 1793 731 1841 tota
759 1786 869 1841 vita
896 1802 995 1840 sua
1022 1801 1142 1839 cum
1180 1783 1406 1839 Arnulfo
1434 1791 1488 1839 et
1536 1784 1863 1858 Berengario
1894 1783 2033 1838 duce

419 1874 784 1945 Forojuliensi
812 1874 1119 1930 certaverit.
1153 1874 1474 1943 Utrumque,
1502 1872 1712 1927 scilicet
1740 1872 2032 1927 Widonem

420 1981 475 2030 et
504 1972 810 2041 Arnulfum,
842 1972 1048 2027 obiisse
1078 1970 1267 2025 scribit
1288 1970 1486 2024 Baron.
1521 1985 1665 2025 anno
1694 1968 1799 2024 899
1827 1987 1841 2034 ;
1875 1968 2030 2043 Sige—

420 2065 609 2120 bertus
632 2065 923 2119 Widonem
956 2077 1101 2117 anno
1128 2061 1225 2117 901
1256 2079 1270 2127 ;
1320 2060 1603 2115 Arnulfum
1632 2059 1760 2128 902,
1793 2068 1848 2116 et
1880 2061 2033 2115 Lam-

419 2156 633 2211 bertum
667 2155 916 2211 Widonis
947 2153 1119 2209 ﬁlium
1149 2153 1271 2210 903.
1303 2155 1500 2209 Verum
1539 2153 1742 2209 certius
1774 2154 1894 2209 haec
1921 2170 2037 2209 om-

420 2249 511 2303 nia
554 2248 841 2314 Baronius,
891 2248 985 2319 qui
1027 2246 1301 2302 Lamberti
1348 2246 1480 2316 imp.
1531 2245 1740 2301 obitum
1792 2245 2035 2320 assignat

420 2358 565 2399 anno
590 2342 715 2399 910.

1059 2413 1266 2468 CAPUT
1297 2414 1389 2468 Ill.

489 2503 642 2570 Quod
682 2504 734 2557 si
778 2503 1021 2569 auderet,
1064 2504 1372 2572 apostolica:
1405 2504 1549 2559 sedis
1578 2506 1898 2559 sententiam
1944 2518 2033 2558 re-

417 2591 760 2660 formidaret.
817 2590 909 2644 Sic
948 2589 984 2645 C
1030 2597 1085 2645 et
1121 2591 1169 2645 J.
1203 2592 1267 2645 At
1301 2591 1418 2646 MS:
1469 2593 1622 2659 Quod
1647 2595 1697 2646 si
1728 2608 1836 2647 non
1879 2593 2037 2647 audi-

420 2685 520 2744 ret,
575 2681 901 2750 apostoliece,
943 2685 1044 2734 etc.
1098 2680 1295 2734 Verum
1330 2681 1387 2735 in
1415 2680 1461 2734 M
1503 2681 1711 2735 recenti
1740 2697 1906 2735 manu
1937 2680 2035 2735 ad-

416 2772 564 2838 jecta
604 2776 689 2825 est
718 2770 938 2844 negatio
976 2786 1104 2824 non.
1147 2770 1321 2836 Quare
1350 2786 1461 2826 non
1505 2777 1589 2826 est
1615 2770 1845 2826 dubium
1877 2770 2035 2843 prio-

424 2874 538 2913 rem
567 2858 862 2913 lectionem
890 2873 1072 2913 veram
1102 2874 1243 2914 esse.

492 2951 624 3005 Item
651 2950 843 3005 scribit
884 2949 1055 3004 eidem
1094 2950 1494 3022 archiepiscopo
1532 2952 1611 3021 (id
1638 2959 1723 3009 est
1750 2953 2043 3010 Formosus

421 3054 564 3136 papa
579 3037 865 3136 Fulcoriio
894 3054 1000 3136 pro
1031 3040 1311 3136 Berthario
1342 3042 1916 3136 qupdamgpresbytero
1964 3046 2042 3099 Ita
2067 3067 2118 3136 ρ

418 3128 528 3197 MS,
572 3128 608 3184 C
654 3136 709 3184 et
752 3128 824 3194 J;
880 3129 1021 3185 alias
1071 3130 1354 3195 Vertario;
1404 3129 1441 3185 C
1480 3132 1534 3187 in
1574 3131 1801 3201 Gallico,
1858 3134 1948 3189 hic
1987 3141 2041 3190 et

423 3218 586 3288 infra,
616 3222 928 3277 Berchario.

1064 3292 1272 3348 CAPUT
1314 3294 1398 3349 IV.

490 3378 620 3446 Qua:
647 3385 774 3435 tunc
804 3396 839 3434 a
868 3380 1198 3437 Zendeboldo
1226 3382 1449 3452 Arnulﬁ
1472 3386 1612 3453 regis
1650 3386 1781 3454 ﬁlio.
1812 3385 1863 3452 J,
1896 3388 2035 3441 Zeu-

420 3467 662 3537 deboldo,
707 3471 986 3542 quomodo
1040 3470 1181 3527 etC.
1237 3472 1556 3546 Sigebertus
1608 3476 2038 3532 Zuendebaldum
2098 3478 2105 3485 ’

419 3560 690 3616 nominat.
722 3562 850 3617 Erat
886 3570 1068 3619 autem
1102 3561 1249 3619 ﬁlius
1282 3564 1489 3620 Arnulﬁ
1530 3582 1596 3621 ex
1622 3568 1952 3635 concubina,
1981 3577 2040 3624 ut

419 3652 586 3707 habet
633 3650 781 3707 idem
820 3652 1138 3727 Sigebertus
1187 3652 1243 3707 in
1287 3651 1485 3710 Chron.
1536 3656 1663 3725 896,
1704 3657 1800 3711 ubi
1849 3657 2041 3713 scribit

417 3760 542 3801 eum
573 3761 604 3799 a
638 3752 793 3816 patre
822 3743 1022 3800 factum
1069 3760 1256 3820 regem
1282 3745 1743 3816 Lothariensium,
1775 3756 1832 3805 et
1869 3749 1939 3804 ab
1969 3749 2039 3806 iis

417 3848 764 3913 peremptum
795 3858 942 3899 anno
979 3841 1106 3911 903,
1133 3845 1242 3911 vel,
1273 3850 1333 3899 ut
1359 3844 1591 3920 Regino,
1622 3847 1750 3903 900.

1076 3954 1284 4011 CAPUT
1310 3957 1369 4010 ν.

488 4026 733 4094 Arnulfo
759 4028 879 4092 regi
924 4028 1358 4083 Transrhenensi
1393 4029 1607 4085 litteras
1653 4033 1894 4099 mittens,
1929 4048 2031 4103 pro

415 4131 583 4171 causa
621 4117 766 4183 regis
794 4116 1457 4186 Karoliquemparvulum
1494 4120 1674 4174 adhuc
1708 4127 1944 4176 una-erat
1971 4124 2031 4176 in

411 4220 610 4273 regem.
646 4204 742 4260 Hic
769 4203 1029 4258 Arnulfus
1057 4212 1177 4260 erat
1204 4204 1352 4261 ﬁlius
1386 4206 1754 4278 Carlomanni,
1787 4213 1881 4283 qui
1914 4211 2033 4267 Car-

410 4296 709 4352 lomannus
740 4296 841 4350 fuit
888 4294 1036 4351 ﬁlius
1067 4297 1325 4353 Ludovici
1381 4299 1710 4357 Germanici.
1758 4302 1855 4359 Hic
1883 4305 2030 4360 enim

2135 1823 2417 1882 revocant,
2447 1813 2699 1869 etRemis
2724 1830 2755 1868 a
2776 1813 3014 1869 Fulcone
3039 1812 3460 1882 archiepiscopo
3478 1810 3535 1864 in
3565 1824 3733 1883 regem

2136 1905 2394 1961 benedici
2442 1904 2665 1960 faciunt.
2699 1924 2728 1955 ι)
2760 1904 2821 1959 Ει
2847 1919 2994 1959 anno
3014 1903 3146 1960 899:
3189 1928 3204 1949 ο
3240 1902 3353 1957 0do
3386 1919 3480 1956 rex
3513 1901 3736 1954 Franco-

2135 2014 2253 2051 rum
2283 1997 2535 2063 moritur,
2577 1998 2861 2052 obtestans
2904 1998 3167 2068 primates
3196 2004 3256 2052 ut
3291 1995 3542 2051 Carolum
3588 1994 3643 2047 in
3666 2008 3740 2047 re-

2133 2105 2245 2164 gno
2274 2089 2602 2160 reciperent.
2629 2109 2653 2140 ››
2690 2089 2843 2154 Quod
2862 2089 3116 2160 pluribus
3145 2087 3387 2143 declarat
3408 2087 3477 2141 ad
3498 2086 3738 2141 eumdem

2134 2197 2339 2235 annum
2366 2180 2470 2236 899
2491 2180 2763 2252 Meyerus.

2204 2269 2357 2335 Quod
2398 2270 2715 2324 Aschericus
2740 2270 2875 2339 ipse.
2911 2268 3001 2324 Sic
3027 2267 3110 2323 CR
3159 2274 3214 2323 et
3241 2267 3267 2323 J
3284 2285 3299 2332 ;
3333 2267 3434 2321 sed
3464 2266 3535 2334 Μ,
3567 2266 3739 2322 Adde-

2129 2360 2297 2426 ricus,
2329 2374 2429 2429 pro
2459 2376 2568 2431 quo
2599 2360 2632 2414 S
2663 2361 2909 2429 clericus,
2940 2359 3221 2431 quomodo
3260 2359 3316 2412 in
3358 2357 3595 2413 Baronio
3627 2356 3742 2430 legi-

2133 2453 2222 2502 tur
2245 2455 2380 2503 tom.
2415 2448 2478 2515 X,
2510 2463 2655 2503 anno
2678 2448 2804 2515 892,
2836 2454 2890 2503 et
2918 2448 2974 2501 in
3006 2447 3187 2519 Papir.
3222 2446 3497 2501 Massono.

2202 2540 2465 2594 Filiorum
2517 2541 2794 2608 Godfridi.
2850 2538 2939 2594 MS
2993 2539 3175 2610 Papir.
3217 2538 3478 2608 Goﬂ'ridi.
3518 2537 3568 2604 J,
3622 2537 3741 2593 Ges-

2132 2632 2293 2698 fridi.

2209 2724 2483 2790 Quatenus
2512 2727 2623 2778 tam
2659 2723 2725 2777 de
2753 2738 2837 2778 me
2865 2738 3028 2794 quam
3053 2725 3217 2778 etiam
3244 2723 3310 2777 de
3335 2721 3456 2777 sede
3491 2722 3743 2783 Remensi,

2135 2814 2424 2870 mercedem
2455 2815 2714 2882 dignetur
2742 2815 2953 2870 habere.
2986 2813 3065 2868 Ita
3093 2814 3159 2881 Β,
3185 2813 3316 2868 MS..
3349 2813 3630 2883 exemplar
3657 2812 3747 2865 Ba-

2142 2909 2284 2964 ronii
2321 2917 2377 2964 et
2402 2910 2452 2976 Ι,
2506 2909 2655 2981 quod
2686 2909 2819 2984 legit
2874 2910 2939 2963 de
2989 2909 3128 2976 sede,
3177 2924 3301 2963 cum
3351 2907 3462 2963 alia
3506 2908 3746 2963 omittam

2143 3001 2232 3067 de,
2257 3007 2317 3056 ut
2353 3002 2424 3057 sit
2453 3001 2659 3057 dictum
2692 3000 2875 3072 phrasi
2906 3000 3109 3055 Gallica
3128 3004 3312 3066 merci,
3344 3000 3400 3054 id
3431 3006 3511 3054 est
3536 2999 3744 3054 veniam

2140 3098 2194 3147 et
2222 3093 2624 3168 indulgentiam
2658 3093 2810 3158 dare,
2841 3093 2978 3149 alias
3003 3093 3208 3166 legitur
3243 3096 3572 3157 memoriam,
3612 3106 3746 3162 quo-

2139 3181 2303 3269 modo
2332 3182 2564 3238 vertitur
2587 3183 2643 3237 in
2673 3182 2896 3238 Gallico.

2779 3306 2989 3363 CAPUT
3025 3308 3112 3363 VI.

2210 3401 2467 3456 Frothero
2491 3401 2915 3471 archiepiscopo.
2949 3399 3041 3454 Sic
3071 3399 3113 3454 R
3141 3406 3197 3455 et
3223 3399 3273 3455 J.
3315 3401 3380 3454 At
3405 3398 3517 3465 MS,
3544 3400 3745 3454 Flothe-

2138 3507 2217 3546 ro.
2242 3492 2441 3547 Verum
2473 3492 2622 3547 illam
2638 3492 2933 3548 lectionem
2963 3490 3329 3563 praeferimus,
3357 3492 3488 3564 quia
3520 3492 3743 3566 intelligi

2138 3581 2357 3636 videtur
2408 3582 2724 3637 Frotharius
2774 3582 3133 3637 Bituricensis
3185 3582 3645 3653 archiepiscOpus,
3682 3583 3745 3635 de

2140 3690 2250 3746 quo
2279 3690 2446 3745 supra
2478 3691 2598 3745 cap.
2632 3676 2673 3742 ι,
2706 3681 2761 3729 et
2786 3674 2881 3729 lib.
2916 3692 2997 3737 Ill,
3028 3691 3077 3730 c.
3108 3674 3197 3736 21,
3233 3675 3442 3746 quique
3474 3675 3529 3729 in
3559 3675 3744 3730 tabulis

2138 3766 2494 3822 Democharis
2524 3766 2688 3822 etiam
2742 3766 3020 3822 Froterius
3047 3773 3295 3832 vocatur,
3355 3774 3410 3822 et
3437 3767 3746 3837 subscripsit

2140 3853 2351 3926 synodo
2380 3855 2769 3910 Suessionensi
2797 3855 2996 3911 habita:
3027 3871 3172 3911 anno
3204 3855 3311 3911 866
3340 3864 3397 3913 et
3420 3855 3739 3912 Trecassina:

2140 3959 2287 3999 anno
2307 3943 2433 4010 867,
2463 3943 2560 3999 ubi
2588 3945 2753 3999 modo
2807 3943 3099 4012 Froterius,
3118 3943 3306 4011 modo,
3334 3944 3522 4000 addita
3549 3946 3737 4017 aSpira-

2137 4039 2312 4106 tione,
2345 4039 2659 4095 Frotharius
2694 4039 3030 4095 nominatur.
3344 4040 3355 4049 ”

2200 4129 2469 4195 Rostag-no
2523 4128 2926 4183 Arelatensium
2990 4129 3233 4197 praesuli.
3304 4129 3400 4185 Hic
3454 4130 3574 4185 sine
3641 4129 3733 4184 du-

2131 4218 2225 4274 bio
2261 4219 2309 4273 is
2335 4225 2417 4274 est
2446 4218 2539 4291 qui
2571 4235 2741 4290 supra
2766 4219 2843 4274 lib
2870 4237 2948 4289 ιιι,
2995 4235 3114 4290 cap.
3142 4220 3231 4274 21.
3288 4220 3621 4277 Rothstanus
3644 4239 3728 4293 ap—

2133 4308 2390 4380 pellatur.

413 4385 726 4492 Ludovicus
785 4385 938 4492 ﬁlius
986 4385 1246 4492 Ludovici
1296 4387 1374 4487 Pii
1446 4389 1796 4460 imperatoris
1853 4393 2034 4449 dictus
2058 4423 2115 4492 D
2204 4399 2448 4454 Pleonico
2486 4398 2894 4470 archiepiscopo
2946 4401 3352 4456 Transmarino.
3397 4402 3497 4458 Hic
3544 4402 3723 4474 estqui

411 4474 773 4530 Germanicus
802 4481 859 4531 et
899 4473 1387 4546 Transrhenensis,
1434 4477 1602 4534 frater
1656 4479 1830 4536 Caroli
1861 4482 2030 4550 Calvi,

413 4562 605 4618 habuit
656 4569 768 4618 tres
833 4561 1000 4632 ﬁlios,
1063 4561 1507 4633 Carlomannum,
1586 4567 1920 4624 Ludovicum
1980 4576 2034 4625 et

412 4650 665 4707 Carolum
697 4651 971 4720 Crassum,
995 4652 1091 4724 qui
1113 4651 1217 4708 fuit
1238 4653 1556 4724 imperator,
1589 4656 1678 4710 cui
1706 4664 1901 4727 patruo
1931 4674 2034 4715 suo

409 4743 467 4799 in
522 4759 693 4819 regno
724 4744 909 4815 potius
943 4761 1107 4817 quam
1160 4745 1395 4816 imperio
1439 4748 1707 4803 successit
1748 4749 2029 4805 Amulius.

409 4833 565 4889 Unde
619 4840 726 4889 tam
766 4851 799 4890 a
851 4834 1159 4891 Flodoardo
1189 4852 1354 4907 quam
1400 4837 1469 4891 ab
1500 4837 1622 4892 aliis
1672 4838 2033 4909 scriptoribus

404 4926 611 4997 saepius
662 4942 756 4982 rex
796 4926 1109 4997 appellatur
1176 4944 1341 4999 quam
1397 4928 1721 5000 imperator.
1770 4929 2032 4987 Videatur

405 5018 604 5074 Baron.
636 5018 791 5075 Tom.
825 5019 887 5087 X,
912 5034 1060 5075 anno
1102 5019 1226 5076 888.
1263 5021 1389 5076 Haec
1422 5028 1604 5077 autem
1634 5038 1759 5094 quae
1789 5039 2030 5096 sequun-

404 5116 494 5165 tur
540 5126 716 5183 usque
764 5111 833 5166 ad
893 5110 986 5166 illa
1055 5112 1251 5168 verba:
1332 5115 1462 5169 Item
1523 5116 1599 5170 ad
1661 5119 1900 5173 eumdem
1940 5135 2027 5173 re-

402 5215 520 5269 gem
566 5203 886 5270 signiﬁcans
924 5203 975 5255 ei
1019 5202 1086 5255 de
1121 5201 1402 5271 ﬁdelitate,
1457 5210 1588 5270 etc.,
1648 5206 1807 5276 ponit
1858 5207 2029 5262 Seve-

401 5294 762 5350 rinusBinius
790 5310 891 5366 pro
930 5295 1107 5371 gestis
1136 5296 1357 5352 concilii
1389 5296 1739 5363 Rhemensis,
1763 5300 2025 5356 celebrati

402 5402 589 5443 annno
621 5386 748 5455 892,
794 5387 851 5441 in
881 5402 990 5460 quo
1031 5388 1255 5444 Carolus
1291 5389 1555 5460 Simplex,
1598 5388 1743 5445 ﬁlius
1782 5394 2016 5462 posthu-

400 5492 525 5532 mus
595 5476 856 5533 Ludovici
913 5476 1066 5531 Balbi
1146 5493 1214 5533 ex

2134 4505 2364 4546 numero
2396 4505 2579 4546 nonus
2609 4490 2859 4546 decimus
2889 4491 2947 4545 in
2975 4492 3224 4566 catalogo
3256 4493 3581 4566 archiepisc.
3615 4494 3728 4550 Can-

2134 4582 2496 4638 tuariensium
2517 4590 2759 4639 vocatur.

2202 4671 2285 4726 Ad
2313 4673 2662 4729 tractandum
2701 4675 2767 4729 de
2799 4677 3119 4746 pervasione
3138 4674 3422 4731 Balduini.
3471 4677 3723 4733 Invaserat

2133 4762 2223 4818 hic
2261 4763 2542 4819 Baduinus
2572 4765 2844 4821 Flandriaz
2897 4783 3085 4823 comes
3140 4768 3537 4823 monasterium
3567 4769 3723 4825 Berti—

2131 4845 2307 4907 nense
2349 4867 2415 4908 ex
2442 4854 2745 4910 donatione
2775 4856 2947 4911 Caroli
2991 4855 3287 4927 Simplicis,
3321 4856 3391 4910 de
3422 4874 3531 4928 qua
3569 4873 3641 4925 re,
3668 4872 3723 4911 ex

2129 4945 2433 5002 Folchardo
2463 4954 2519 5001 et
2572 4947 2785 5002 Joanne
2823 4948 3025 5018 lperio,
3084 4948 3333 5004 Molanus
3387 4949 3445 5003 in
3476 4950 3592 5005 Nat.
3644 4948 3722 5003 SS.

2128 5039 2302 5114 Belgii
2330 5040 2419 5095 die
2440 5039 2474 5093 9
2502 5038 2813 5110 Septembr.
2843 5046 2897 5095 et
2927 5042 2993 5096 17
3021 5039 3188 5096 Junii.

2198 5128 2497 5183 Abbatiam
2547 5129 2840 5197 quamdam
2883 5130 2943 5182 in
2972 5128 3135 5198 hujus
3189 5129 3462 5185 Hetilonis
3485 5129 3728 5201 parochia

2126 5221 2307 5275 sitam.
2340 5219 2602 5294 lntelligit
2627 5218 2907 5275 Cisonium
2935 5220 2992 5274 in
3024 5219 3248 5275 dioecesi
3293 5219 3643 5287 Tornacensi,
3667 5221 3727 5274 de

2126 5323 2235 5379 qua
2276 5323 2445 5377 supra
2475 5323 2596 5377 cap.
2627 5308 2680 5374 1,
2712 5323 2836 5378 quae
2867 5308 2970 5363 sita
3000 5308 3201 5363 dicitur
3230 5308 3285 5362 in
3320 5311 3577 5380 parochia
3598 5310 3727 5364 ﬂeti-

2122 5395 2266 5450 lonis
2294 5395 2541 5466 episcopi
2572 5396 2976 5460 Noviomensis,
3001 5397 3152 5468 quia,
3180 5404 3241 5451 ut
3268 5397 3338 5452 ad
3365 5415 3487 5470 cap.
3516 5401 3551 5454 5
3578 5397 3724 5453 libri:

1296 5477 1559 5533 Αάθιδίάθ
1595 5521 1609 5546 ν
1685 5479 2017 5537 Francorum
2119 5490 2524 5558 adnotavimus,
2555 5489 2921 5548 Tornacensis
2961 5500 3017 5548 et
3064 5492 3448 5550 Noviomensis
3503 5492 3723 5550 Ecclesia

399 5567 557 5639 regni
623 5568 905 5644 legitimus
954 5584 1267 5637 successor,
1323 5585 1356 5624 a
1410 5569 1653 5626 Fulcone
1720 5571 2018 5630 Rhemensi
2118 5581 2393 5641 sexcentis
2424 5582 2585 5637 annis
2615 5582 2786 5640 unum
2822 5583 3063 5641 ςιιθιυυηι,

405 5658 821 5730 archiepiscopo
861 5666 1079 5726 unctus,
1130 5660 1335 5727 rejecto
1377 5660 1565 5715 Odone
1611 5663 1814 5718 comite
1865 5664 2018 5719 Pari-

2189 5670 2342 5734 Quod
2359 5673 2711 5739 impetratum
2743 5689 2777 5727 a
2796 5676 3041 5729 Romana
3059 5674 3327 5729 detulerat
3350 5675 3501 5731 urbe.
3526 5674 3578 5729 S.
3606 5670 3718 5726 Eve-

3640 5960 3699 5979 Α
