3938 6158
222 262 311 317 389

1608 262 1672 315 ΙΝ
1715 263 1960 318 LIBRUM
2007 266 2090 320 IV.

3410 292 3517 351 390

217 385 381 440 rardus
431 382 690 447 marchio,
721 391 780 438 ut
837 392 918 439 est
963 401 1130 455 supra
1182 401 1305 456 cap.
1343 387 1360 442 1
1426 387 1590 459 hujus
1643 389 1789 456 libri,
1817 395 1869 462 Α
1895 393 2017 446 libri
2049 394 2214 461 tertii,
2244 395 2568 454 Hincmarus
2596 403 2734 458 obiit
2762 421 2908 462 anno
2935 409 3060 477 882,
3091 419 3144 466 et
3171 414 3334 472 Fulco
3370 422 3516 476 sedit

216 492 388 547 corpus
423 475 472 527 S.
507 475 692 529 Calixti
727 491 882 546 papae
914 484 968 530 et
1016 477 1270 548 martyris
1299 495 1329 532 a
1386 478 1629 534 Romana
1655 481 1790 536 sede

215 566 501 638 impetravit,
535 567 630 619 sed
674 565 791 620 ﬁeri
840 568 1018 637 potuit
1052 575 1110 622 ut
1139 569 1361 622 demum
1415 568 1562 625 ﬁlius
1615 571 1790 641 ipsius

215 655 461 719 Rodull'us,
492 655 558 710 de
589 672 699 727 quo
723 657 810 712 hic
831 665 913 712 est
943 674 1147 724 sermo,
1177 659 1307 713 inde
1336 660 1612 715 detulerit.
1644 663 1789 716 Scri-

213 747 326 799 bunt
354 751 522 797 tamen
553 744 792 800 Jacobus
823 745 1068 817 Meyerus
1098 747 1152 800 in
1184 748 1378 803 Annal.
1415 750 1702 819 Flandriaz,
1735 759 1790 808 et

210 837 417 891 Joannes
443 835 692 890 Molanus
732 837 788 891 in
838 838 1011 892 Nata].
1050 839 1143 894 SS.
1191 840 1361 914 Belgii
1410 842 1498 896 die
1529 843 1597 896 14
1627 843 1789 899 Octo-

210 928 320 994 bris,
350 927 485 982 beati
545 927 734 983 Calixti
793 929 1056 1001 reliquias
1114 931 1397 986 Gisonium
1446 933 1638 989 allatas
1692 953 1790 1006 per

212 1017 505 1071 Everardum
553 1017 658 1072 loci
691 1017 1036 1074 fundatorem
1067 1035 1214 1075 anno
1269 1022 1394 1075 851.
1427 1023 1590 1078 Addit
1618 1024 1790 1079 Mola—

209 1124 293 1162 nus
336 1123 421 1162 eas
475 1108 664 1164 Remis
709 1125 854 1177 esse,
907 1128 1018 1182 quo
1064 1112 1275 1167 delatas
1327 1112 1498 1168 fuisse
1534 1115 1791 1171 scribitur

208 1199 323 1252 infra
348 1215 460 1268 cap.
514 1201 586 1264 8;
644 1201 699 1254 in
731 1202 1012 1273 epitaphio
1043 1213 1225 1258 autem
1273 1203 1458 1260 feretri
1513 1206 1788 1262 Gisonium

204 1287 382 1342 delatas
407 1288 606 1360 legitur
657 1306 806 1344 anno
831 1290 956 1346 855.
1019 1292 1194 1356 Quare
1227 1292 1337 1347 falli
1367 1294 1584 1350 videtur
1636 1296 1790 1370 Sige-

204 1376 381 1441 bertus,
407 1377 489 1430 vel
523 1377 778 1449 quisquis
807 1379 910 1434 hoc
938 1379 1225 1454 Sigeberto
1253 1382 1451 1450 adjecit
1483 1400 1626 1439 anno
1655 1386 1788 1439 88b:

207 1487 228 1516 α
259 1467 355 1522 Hoc
383 1475 627 1538 tempore
676 1470 945 1526 Rodulfus
984 1472 1209 1544 quidam
1243 1489 1444 1544 corpus
1484 1477 1659 1531 sancti
1693 1478 1792 1530 (Ia-

203 1555 278 1608 lxti
307 1573 450 1627 papae
481 1567 541 1612 et
580 1560 834 1629 martyris
869 1577 900 1614 a
931 1561 1177 1616 Romana
1205 1563 1341 1617 urbe
1373 1563 1429 1617 in
1482 1564 1788 1633 Franciam,

199 1648 442 1703 transfert.
492 1673 520 1695 ιο

255 1737 510 1792 Ρνίεηιίεεί
559 1738 783 1805 Otfridi.
837 1739 927 1794 Sic
960 1742 1277 1796 nominatur
1326 1743 1468 1799 infra
1520 1762 1568 1800 c.
1625 1747 1682 1800 11
1735 1737 2000 1836 inttwc'.

193 1825 415 1880 omnibus
457 1827 892 1898 exemplaribus,
934 1837 988 1884 et
1038 1831 1094 1885 in
1142 1831 1344 1886 tabulis
1402 1833 1786 1903 Democharis,

189 1922 326 1984 atque
366 1915 418 1968 in
451 1915 730 1971 Chronico
784 1917 1164 1987 Cameracensi
1197 1921 1291 1975 lib.
1358 1925 1409 1986 1,
1453 1938 1501 1978 c.
1558 1924 1646 1978 61.
1683 1925 1787 1979 Su-

192 2019 272 2072 pra
303 2009 474 2058 tamen
533 2005 640 2060 hoc
695 2021 815 2076 cap.
874 2006 959 2060 MS
1015 2008 1152 2082 legit
1203 2013 1274 2067 Et
1323 2013 1541 2078 fredus;
1587 2013 1637 2080 J,
1694 2015 1788 2071 0t-

190 2095 371 2160 fredus.

247 2183 529 2238 Auxilium
555 2185 664 2239 sibi
701 2188 868 2240 veniae
903 2188 1214 2256 ﬂagitantes
1262 2192 1331 2246 ab
1360 2194 1503 2262 ipsa.
1531 2193 1556 2248 J
1589 2195 1790 2250 omittit

189 2279 359 2341 venire;
388 2276 532 2332 forte
562 2277 864 2352 legendum
891 2285 1093 2338 venire.

796 2392 1006 2449 CAPUT
1055 2395 1164 2449 VII.

241 2484 318 2536 Ex
361 2487 562 2552 synodo
601 2490 780 2543 Remis
831 2490 1022 2544 habita
1067 2494 1360 2548 Dominicce
1394 2496 1786 2552 incarnationis

183 2588 299 2627 anno
324 2573 425 2628 892
452 2581 646 2644 arguit
671 2594 806 2633 eum.
844 2580 968 2635 Haec
1006 2588 1089 2636 est
1118 2584 1363 2653 synodus
1412 2585 1701 2642 Remensis
1731 2588 1786 2642 in

190 2677 280 2731 qua
333 2663 555 2719 Carolus
609 2667 849 2738 Simplex
897 2667 1043 2723 ﬁlius
1094 2670 1353 2727 Ludovici
1405 2675 1555 2729 Balbi
1613 2676 1668 2730 in
1709 2693 1789 2732 re-

766 2923 974 2980 CAPUT
1031 2927 1146 2982 VIII

239 3030 318 3083 Ab
344 3033 570 3087 ecclesia
605 3034 754 3088 tituli
804 3035 858 3090 S.
892 3037 1179 3104 Agricolae.
1239 3041 1362 3097 Haec
1393 3043 1558 3098 hodie
1605 3051 1690 3100 est
1721 3046 1776 3101 S.

185 3113 388 3173 Nicasii.

813 3193 1021 3249 CAPUT
1059 3197 1124 3250 IX

243 3282 311 3334 Hi
335 3283 538 3338 scilicet
578 3283 874 3340 Gibrianus
934 3289 1192 3356 Helanus,
1253 3296 1357 3347 etc.
1424 3293 1512 3349 Sic
1565 3295 1649 3350 MS
1680 3297 1788 3352 Ve-

185 3385 286 3424 rum
307 3373 547 3430 Helanus
579 3377 635 3429 in
666 3376 716 3430 M
772 3377 877 3432 alia
910 3394 1073 3433 manu
1103 3381 1324 3437 additus
1351 3391 1451 3450 est,
1485 3401 1608 3440 cum
1642 3400 1788 3446 esset

183 3462 414 3519 omissus.
447 3469 511 3520 At
543 3471 582 3521 c
625 3468 679 3522 in
737 3469 931 3526 Latino
987 3481 1042 3526 et
1073 3473 1296 3540 Gallico,
1330 3483 1384 3530 et
1412 3475 1438 3530 J
1471 3493 1571 3547 pro
1611 3495 1677 3534 eo
1709 3481 1788 3536 le-

181 3560 579 3625 guntTesanus.
616 3559 911 3632 Utriusque
971 3565 1219 3620 meminit
1269 3567 1512 3623 Joannes
1541 3569 1788 3627 Molanus

184 3640 229 3694 in
253 3644 532 3702 additione
567 3648 638 3701 ad
666 3649 994 3706 Usuardum.
1025 3653 1178 3708 Illius
1198 3654 1231 3709 8
1263 3655 1385 3710 Maii
1440 3657 1528 3712 his
1558 3660 1741 3715 verbis
1770 3679 1783 3715 :

185 3753 206 3782 σ
243 3735 419 3816 Remis
444 3739 730 3809 depositio
783 3743 959 3798 sancti
1019 3743 1261 3800 Gibriani
1317 3747 1670 3816 confessoris,
1731 3755 1784 3808 in

185 3813 406 3879 ecclesia
424 3827 611 3881 sancti
638 3828 869 3904 Remigii
897 3831 1257 3902 quiescentis.
1287 3856 1306 3884 ι
1338 3835 1529 3904 Hujus,
1565 3838 1594 3893 7
1625 3813 1785 3896 Octo-

186 3910 285 3966 bris
313 3935 328 3968 :
362 3941 386 3962 ιι
445 3918 507 3971 1η
540 3933 687 3992 pago
715 3918 992 3988 Remensi,
1021 3922 1142 3978 vico
1158 3924 1251 3994 qui
1275 3927 1792 3998 vocaturBuxiolus,

187 3999 440 4070 depositio
471 4007 656 4061 sancti
710 4008 897 4063 Helani
954 4012 1258 4082 presbyteri
1291 4021 1345 4069 et
1375 4015 1730 4074 confessoris.
1767 4042 1786 4071 ι

180 4091 432 4151 Eumdcm
465 4099 520 4153 S.
562 4099 830 4155 Helenum
862 4103 1026 4157 habet
1056 4104 1162 4160 hoc
1217 4106 1307 4160 die
1352 4107 1544 4162 Petrus
1575 4109 1789 4165 Galesi-

186 4186 295 4241 nius
319 4190 371 4243 in
441 4208 550 4248 suo
614 4193 1018 4269 Martyrologio,
1083 4213 1149 4251 ex
1213 4199 1413 4254 tabulis
1476 4210 1790 4259 sanctorum

185 4275 422 4336 Ecclesiae
456 4284 777 4349 Remensis,
808 4295 862 4340 et
899 4287 1195 4360 utrobique
1229 4290 1350 4345 sine
1389 4292 1499 4347 ulla
1527 4296 1790 4352 varietate

184 4367 402 4427 Helanus
431 4376 772 4446 appellatus,
803 4378 941 4433 sicut
985 4389 1038 4434 et
1069 4380 1123 4436 in
1154 4381 1330 4437 Nata].
1358 4384 1449 4438 SS.
1483 4386 1651 4461 Belgii
1677 4389 1792 4444 Mo-

1816 3089 1865 3158 C

1891 487 2052 541 annis
2086 487 2170 552 17,
2197 487 2372 542 tribus
2390 493 2697 561 mensibus,
2733 499 2995 556 etdecem
3023 504 3237 574 diebus,
3264 517 3321 564 ut
3352 512 3516 570 habet

1892 578 1997 632 hoc
2026 579 2144 632 loco
2179 580 2541 650 epitaphium.
2578 585 2753 648 Quare
2811 591 3012 647 l'allitur
3044 596 3298 654 Nicolaus
3348 603 3515 659 Ches-

1890 688 2033 726 neau
2061 672 2190 726 dum
2221 673 2277 726 in
2311 673 2512 730 Gallica
2553 694 2652 732 sua
2698 681 2940 739 editione
2973 695 3126 743 notat
3156 690 3210 744 in
3263 696 3510 770 margine

1890 777 2015 816 eum
2046 764 2252 819 obiissc
2281 782 2427 822 anno
2455 768 2582 823 903.
2613 770 2762 826 ldem
2792 776 3053 844 probatur
3079 797 3142 834 ex
3177 799 3225 837 c.
3256 786 3322 840 17
3350 764 3510 846 infra.

1889 857 2021 911 Nam
2054 875 2177 914 cum
2209 877 2498 920 successor
2545 866 2664 934 ejus
2699 868 2994 940 Herivaeus,
3045 882 3101 929 ut
3133 885 3216 932 est
3246 879 3299 933 in
3347 881 3511 939 Chro-

1889 948 2016 1004 nico
2042 952 2300 1018 auctoris,
2337 955 2534 1011 obierit
2563 974 2708 1013 anno
2735 961 2858 1024 922,
2896 963 2985 1018 die
3022 966 3056 1018 ‘2
3083 967 3232 1036 Julii,
3264 979 3321 1025 et
3351 976 3515 1030 sede—

1891 1039 1980 1105 rit,
2039 1048 2096 1094 ut
2140 1042 2345 1098 ibidem
2405 1046 2624 1116 dicitur,
2673 1052 2834 1106 annis
2889 1054 2959 1107 22
3017 1056 3258 1130 demptis
3319 1064 3515 1122 diebus

1890 1131 1945 1197 4,
1987 1140 2202 1201 Oportet
2260 1151 2383 1190 eum
2424 1139 2735 1196 ordinatum
2793 1143 2959 1200 fuisse
2990 1147 3081 1202 die
3133 1151 3166 1204 6
3221 1152 3348 1207 Julii
3406 1173 3512 1210 an-

1892 1242 1963 1280 no
2001 1227 2126 1282 900.

1961 1319 2421 1392 Explorantesque
2471 1328 2730 1395 quomodo
2782 1346 2816 1384 a
2868 1337 3070 1390 metatu
3111 1353 3205 1393 suo
3255 1341 3327 1394 ad
3376 1346 3515 1413 regis

1892 1409 2234 1478 colloquium,
2276 1421 2380 1468 etc.
2430 1416 2518 1470 Sic
2549 1421 2733 1474 omnia
2781 1426 3133 1496 exemplaria.
3170 1431 3376 1487 Sensus
3406 1445 3510 1502 est,

1894 1507 2171 1573 quomodo
2203 1523 2233 1560 a
2263 1508 2385 1564 loco
2417 1511 2470 1564 in
2504 1529 2612 1583 quo
2644 1517 2834 1571 metari
2866 1521 3026 1587 solet,
3062 1525 3144 1578 vel
3177 1542 3243 1580 ex
3271 1528 3512 1599 hospitio

1895 1615 2016 1665 suo,
2051 1601 2326 1671 proﬁcisci
2375 1611 2598 1663 soleret.
2647 1611 2799 1667 Unde
2846 1614 3046 1670 dicitur
3090 1619 3278 1675 infra:
3329 1627 3515 1680 (lateri

1893 1694 1992 1760 qui
2041 1697 2354 1763 superfuere
2392 1699 2477 1752 his
2516 1703 2613 1769 qui
2653 1703 2728 1756 ad
2783 1704 3083 1774 hospitalia
3120 1719 3509 1779 remanserant,

2062 1785 2236 1839 Utitur
2283 1789 2476 1843 eadem
2534 1807 2668 1846 voce
2705 1799 2930 1850 metatus
2988 1798 3130 1853 intra
3191 1818 3236 1856 c.
3293 1804 3382 1870 15,
3415 1806 3508 1860 ubi

1891 1871 2191 1947 signiﬁcari
2219 1875 2514 1946 hOSpitium
2536 1894 2598 1932 ex
2626 1896 2692 1935 eo
2717 1889 2883 1951 patet,
2910 1885 3037 1955 quia
3068 1890 3215 1957 quod
3244 1889 3318 1943 ibi
3347 1890 3508 1949 dicit:

1893 1968 1987 2021 Ad
2013 1973 2268 2024 metatum
2313 1987 2472 2027 suum
2500 1974 2753 2042 dedumit,
2801 1977 2855 2030 in
2888 1977 3158 2037 Chronico
3191 1999 3293 2039 suo
3333 1986 3466 2042 dicit
3497 2005 3511 2042 :

1891 2063 2060 2116 Duxit
2084 2079 2204 2118 eum
2251 2066 2325 2119 ad
2370 2067 2612 2138 hospitia
2638 2086 2756 2124 sua.
2793 2073 2926 2127 Item
2984 2077 3174 2131 eadem
3204 2095 3339 2135 voce
3378 2098 3512 2137 usus

1891 2163 1974 2209 est
2028 2172 2194 2226 supra
2246 2158 2339 2214 lib.
2377 2163 2427 2228 1,
2459 2178 2508 2216 c.
2541 2161 2628 2230 20,
2692 2171 2743 2220 et
2798 2166 2894 2220 lib.
2932 2185 2988 2232 ιι,
3025 2186 3073 2224 c.
3132 2173 3185 2236 3,
3245 2174 3338 2228 ubi
3386 2177 3510 2232 vide

1889 2251 2160 2308 scholion.
2210 2254 2385 2318 Quare
2430 2272 2540 2311 non
2575 2266 2742 2327 recte,
2794 2263 3218 2322 reclamantibus
3254 2272 3512 2327 omnibus

1890 2343 2315 2412 exemplaribus,
2350 2345 2383 2398 S
2419 2346 2534 2400 vult
2562 2349 2763 2424 corrigi
2794 2367 2807 2402 :
2847 2352 2984 2417 Quot
3013 2357 3072 2407 in
3107 2360 3365 2413 cantitata
3393 2377 3510 2416 suo.

1892 2436 2034 2489 Voce
2065 2440 2294 2491 metatur
2347 2439 2514 2493 utitur
2545 2440 2862 2512 frequenter
2905 2446 3129 2521 Gregor.
3197 2451 3397 2508 Turon.
3455 2456 3509 2509 in

1891 2526 2024 2580 Hist.
2077 2528 2428 2597 Francorum,
2490 2539 2547 2586 ut
2603 2533 2696 2587 lib.
2733 2551 2807 2600 Ill,
2869 2553 2990 2608 cap.
3044 2541 3097 2606 8,
3152 2545 3224 2597 ad
3259 2550 3511 2601 metatum

1888 2619 2181 2683 regressis;
2216 2633 2263 2671 c.
2297 2619 2385 2686 15,
2417 2623 2476 2674 in
2504 2625 2708 2676 metatu
2745 2625 2896 2692 ejus;
2931 2627 3026 2682 lib.
3060 2647 3111 2696 ν,
3145 2633 3312 2690 c.15.
3345 2638 3507 2691 Rece-

1888 2708 2042 2762 dente
2068 2725 2190 2764 vero
2217 2727 2337 2780 rege
2356 2713 2431 2767 ad
2458 2717 2710 2769 metatum
2739 2731 2894 2772 suum
2917 2735 2931 2783 ;
2978 2719 3108 2775 item
3138 2723 3344 2780 ibidem
3380 2743 3504 2799 cap.

1881 2799 1988 2868 39;
2035 2803 2128 2858 lib.
2181 2822 2275 2868 vn,
2322 2822 2440 2877 cap.
2500 2808 2590 2873 29,
2650 2809 2774 2876 bis;
2833 2811 2910 2866 lib
2978 2832 3093 2883 vin,
3153 2834 3272 2890 cap.
3318 2820 3372 2888 2,
3433 2824 3507 2878 ad

1879 2897 2133 2948 metatum
2173 2901 2414 2952 nostrum
2487 2900 2725 2956 advenit.
2783 2903 2936 2968 Quod
2982 2915 3179 2977 postea
3235 2912 3392 2980 dicit,
3447 2917 3507 2970 in

1879 2987 2152 3039 mansione
2179 3001 2309 3052 mea,
2339 2987 2394 3040 id
2423 2995 2510 3043 est
2537 2989 2844 3060 domicilio,
2873 3001 2978 3050 etc.

1957 3173 2028 3225 Et
2075 3175 2252 3227 sancti
2277 3104 2918 3242 Remigiicbfnggicﬁgne
2946 3187 3164 3254 recepit.
3219 3186 3330 3243 Hoc
3361 3191 3506 3247 enim

1888 3264 2150 3321 tributum
2179 3277 2262 3324 est
2283 3270 2492 3326 meritis
2523 3273 2576 3328 S.
2609 3274 2866 3350 Remigii,
2906 3279 3053 3349 quod
3101 3281 3147 3336 is
3188 3285 3280 3355 qui
3311 3302 3508 3359 corpo-

1887 3355 1963 3410 ris
2001 3357 2122 3425 ejus
2172 3360 2588 3417 translationem
2641 3364 3029 3436 honoraverat,
3065 3387 3176 3428 non
3227 3355 3505 3437 amitteret

1889 3452 2038 3522 quod
2069 3453 2120 3506 ei
2162 3450 2305 3509 furto
2336 3453 2514 3512 fuerat
2545 3458 2808 3514 ablatum.

1963 3637 2257 3694 Conventus
2294 3571 3010 3720 ἀεηίᾳηὲἒῖηῐὲὲαῇὲνὲιτρρ
3033 3669 3152 3709 cum
3189 3662 3509 3733 coepiscopis

1887 3741 1995 3780 suae
2022 3727 2303 3782 diceceseos
2333 3730 2546 3787 habuit.
2588 3733 2918 3791 Nominatim
2957 3741 3117 3810 duos,
3159 3727 3327 3802 unum
3364 3727 3509 3807 anno

1895 3818 2018 3883 909,
2048 3818 2150 3871 sub
2191 3818 2385 3892 Sergio
2418 3821 2489 3875 IlI
2521 3839 2662 3892 papa
2701 3825 2757 3877 in
2809 3843 2950 3900 pago
2983 3830 3338 3893 Suessionico
3364 3845 3509 3911 apud

1895 3909 2221 3977 Trosleium,
2269 3911 2339 3965 de
2369 3928 2478 3983 quo
2509 3913 2650 3968 infra
2704 3931 2753 3972 c.
2785 3918 2873 3984 16,
2923 3921 3015 3974 ubi
3048 3923 3132 3977 MS
3156 3924 3346 3999 legunt
3379 3909 3510 3987 Tro-

1893 4007 2102 4069 sleium,
2163 4015 2219 4060 et
2271 4008 2455 4062 omnia
2483 4010 2780 4080 exemplar.
2835 4029 2883 4067 c.
2920 4016 2986 4069 19
3015 4025 3068 4070 et
3120 4019 3208 4074 21.
3269 4022 3509 4096 Utroque

1895 4096 2041 4150 enim
2078 4097 2303 4151 nomine
2333 4097 2486 4152 locus
2531 4101 2838 4170 appellatus
2882 4104 3178 4175 invenitur,
3209 4118 3268 4166 ut
3298 4113 3392 4169 illa
3417 4132 3510 4187 ap-

1893 4186 2117 4258 pellatio
2160 4187 2230 4241 sit
2271 4187 2504 4263 integra,
2549 4190 2665 4245 haec
2713 4209 2812 4262 per
2836 4194 3327 4269 abbreviationem,
3368 4186 3510 4262 sicut

1895 4283 2190 4338 Herivzeus.
2227 4283 2394 4352 Hujus
2424 4293 2544 4339 acta
2574 4288 2886 4342 summatim
2931 4306 2997 4344 ex
3023 4293 3258 4351 Baronio
3294 4299 3506 4356 haben-

1892 4384 1979 4429 tur
2029 4384 2160 4430 lom.
2209 4377 2279 4429 III
2325 4375 2712 4443 Conciliorum,
2757 4388 2912 4450 parte
2968 4400 3025 4440 ll.
3067 4386 3307 4444 Alterum
3362 4409 3508 4450 anno

181 4456 273 4513 lani
303 4462 392 4517 die
417 4464 451 4518 3
484 4465 832 4532 Decembris,
879 4467 972 4521 ubi
1019 4468 1274 4525 distincte
1330 4456 1606 4527 recenset"
1635 4475 1792 4530 Hela-
1816 4462 1870 4529 Ι)
1894 4471 2018 4535 921,
2053 4471 2120 4524 de
2150 4485 2260 4541 quo
2285 4476 2483 4526 auctor
2513 4481 2701 4527 noster
2731 4475 2785 4527 in
2815 4491 2913 4530 suo
2945 4478 3236 4548 Chronico,
3268 4491 3321 4539 et
3341 4486 3506 4543 Seve-

182 4561 315 4616 num,
348 4551 690 4618 Tresanum,
714 4553 1065 4622 Germanum,
1099 4564 1152 4612 et
1197 4559 1490 4614 Veranum.
1527 4562 1602 4616 De
1633 4572 1792 4619 zetate

182 4634 354 4692 borum
386 4647 716 4696 sanctorum
748 4643 866 4698 haec
895 4645 1087 4701 scribit
1113 4647 1431 4719 Sigebertus
1476 4649 1531 4703 in
1589 4651 1787 4708 Chron.

179 4743 308 4785 anno
336 4732 442 4788 509
475 4752 489 4788 :
522 4733 819 4789 Gibrianus
848 4736 1041 4792 Scotus
1099 4755 1223 4794 cum
1257 4740 1516 4797 fratribus
1547 4749 1601 4797 et
1638 4760 1791 4800 soro-

176 4820 312 4879 ribus
341 4827 397 4880 in
437 4848 458 4876 ι
496 4827 730 4882 Galliam
781 4831 1182 4903 peregrinatus,
1226 4833 1420 4889 urbem
1461 4836 1784 4914 Remensem

176 4914 272 4969 vita
297 4925 349 4972 et
382 4926 569 4975 morte
601 4937 701 4974 sua
719 4921 971 4977 illustrat.
998 4946 1020 4973 ι

235 5008 484 5065 Francla.
520 5009 618 5066 Sic
648 5009 730 5065 CR
759 5029 773 5076 ;
806 5012 902 5066 sed
932 5013 1036 5079 MS,
1066 5015 1305 5079 Francia,
1333 5015 1385 5085 J,
1418 5019 1654 5074 Frauda.

829 5129 1037 5186 CAPUT
1056 5131 1117 5185 Χ.

233 5213 304 5268 De
329 5217 568 5273 historia
608 5217 1079 5290 interremptionis
1108 5237 1205 5277 seu
1247 5224 1490 5293 martyrii
1521 5225 1779 5281 Fulconis

175 5302 406 5362 videatur
437 5310 695 5366 Molanus
727 5311 780 5364 in
830 5311 1110 5368 Natalibus
1154 5314 1243 5368 SS.
1300 5314 1476 5390 Belgii
1515 5317 1582 5370 17
1607 5317 1776 5383 Junii,

172 5409 227 5447 ex
251 5397 529 5455 chronicis
564 5400 992 5456 Bertinensium.
1031 5403 1153 5458 Fuit
1173 5403 1390 5459 occisus
1415 5421 1560 5461 anno
1590 5405 1780 5474 900,ut

172 5482 359 5540 ibidem
392 5489 627 5552 dicitur,
681 5499 736 5544 et
765 5491 1121 5546 consentiunt
1172 5493 1510 5567 Sigebertus,
1542 5495 1780 5552 Jacobus

169 5569 390 5644 Cuisius,
422 5578 706 5650 Meyerus,
763 5579 1031 5634 Baronius
1095 5581 1151 5635 in
1204 5582 1528 5647 Annalibus,
1581 5591 1636 5639 et
1661 5585 1777 5654 alii,

171 5662 321 5736 idque
362 5685 428 5724 ex
451 5685 523 5725 eo
553 5670 820 5741 probatur
875 5673 1023 5744 quia,
1081 5679 1140 5728 ut
1191 5674 1366 5745 patuit
1393 5691 1558 5746 supra
1580 5675 1635 5731 in
1667 5674 1777 5734 ﬁne

1895 4564 2048 4618 rinus
2099 4564 2283 4618 Binius
2312 4573 2435 4634 post
2487 4567 2758 4636 synodum
2788 4569 2993 4625 ibidem
3043 4576 3371 4633 celebratam
3403 4581 3507 4635 sub

1893 4655 2098 4722 Seulfo,
2129 4656 2197 4710 de
2228 4672 2336 4727 qua
2367 4657 2508 4711 infra
2537 4674 2582 4711 c.
2618 4659 2703 4714 19.

1959 4754 2084 4807 Post
2131 4753 2322 4807 bellum
2350 4755 2498 4822 quod
2546 4757 2808 4811 Robertus
2833 4774 2999 4814 comes
3034 4767 3222 4819 contra
3251 4781 3335 4821 eos
3367 4770 3504 4826 Car-

1888 4849 2106 4899 notenus
2147 4847 2326 4913 gessit.
2354 4845 2448 4899 Sic
2477 4847 2662 4902 omnia
2717 4850 3072 4921 exemplaria,
3103 4857 3251 4927 quod
3301 4859 3504 4919 Gallice

1888 4943 2036 4989 recte
2066 4935 2227 4989 vertit
2255 4952 2372 4991 vers
2404 4938 2673 5007 Chartres,
2725 4940 2779 4993 id
2821 4949 2924 5005 est,
2957 4960 3148 5001 versus
3187 4948 3498 5010 Carnotum.

1887 5025 2040 5081 Unde
2070 5027 2121 5081 S.
2183 5028 2508 5091 Carnotenus
2551 5031 2778 5087 mutavit
2808 5033 2862 5086 in
2920 5035 3319 5096 Carnototenus.
3355 5043 3502 5107 Quo-

1885 5121 2050 5176 modo
2106 5128 2287 5177 autem
2341 5123 2496 5178 Rollo
2549 5124 2658 5180 dux
2725 5126 3161 5186 Normannorum
3204 5133 3493 5192 Carnotum

1884 5211 2171 5279 obsidens,
2210 5213 2537 5269 miraculose
2581 5216 2648 5269 ab
2679 5217 2814 5272 urbe
2855 5221 3108 5288 repulsus
3156 5223 3338 5291 fuerit,
3394 5228 3497 5281 sub

1881 5321 2084 5361 annum
2133 5308 2350 5362 Domini
2385 5308 2498 5365 908
2529 5327 2628 5380 per
2654 5313 2936 5368 camisiam
2974 5332 3072 5369 seu
3110 5317 3402 5374 interulam
3431 5323 3489 5376 B.

1880 5400 2058 5456 Mariae
2091 5403 2316 5476 virginis
2343 5403 2450 5458 late
2494 5405 2754 5460 describit
2783 5408 3046 5464 idiomate
3086 5411 3290 5468 Gallico
3321 5415 3490 5469 Seba-

1881 5498 2092 5552 stianus
2122 5498 2401 5553 Roulliard
2461 5501 2513 5554 in
2563 5518 2662 5556 sua
2716 5501 2948 5559 Historia
2977 5506 3234 5562 Ecclesiae
3283 5507 3490 5563 Carno-

1879 5587 2053 5642 tensis
2081 5604 2201 5659 cap.
2232 5590 2285 5656 7,
2320 5606 2474 5644 num.
2495 5593 2548 5645 5.

1946 5683 2130 5739 Fidem
2177 5685 2381 5741 Christi
2434 5689 2702 5756 suscipere
2756 5695 3080 5758 receperunt.
3117 5692 3190 5744 Ita
3243 5691 3278 5744 C
3331 5701 3385 5746 et
3434 5693 3484 5750 J.
