3938 6158
453 166 547 219 391

1289 152 1677 209 COLVENERII
1720 150 1994 205 SCIIOLIA
2036 151 2098 203 IN
2142 148 2307 204 IIIST.
2350 148 2636 203 REMENS.
2683 146 2941 201 ECCLES.
3610 167 3689 224 392

450 292 555 346 Sed
607 290 712 355 MS,
747 289 965 351 Baron.,
1020 282 1195 352 Papir.
1231 288 1286 336 et
1320 287 1510 335 auctor
1563 279 1681 349 ipse
1728 278 1781 331 in
1837 276 2061 343 Chron.,
2092 284 2140 349 Α
2168 283 2226 330 ut
2253 284 2336 330 est
2364 275 2507 329 infra
2530 292 2578 330 e.
2611 276 2701 328 26.
2727 274 2871 329 Obiit
2902 282 3082 329 autem
3115 292 3239 329 xvur
3260 276 3365 332 Kal.
3393 280 3539 350 Junii,
3566 297 3690 361 atque

450 386 718 453 ceperunt.

2168 370 2241 423 ita
2271 367 2519 441 regnavit
2545 381 2719 421 annos
2780 366 2860 422 12.
2916 367 3066 431 Quod
3096 367 3364 423 conforme
3402 382 3473 428 est
3507 377 3693 438 Robmo

519 477 743 542 Insuper
789 474 947 524 etiam
978 472 1269 523 Romanum
1314 466 1620 533 pontiﬁcem
1676 477 1837 529 super
1864 460 2069 528 ejusce-
2169 461 2433 534 Gaguino,
2468 460 2635 513 Paulo
2696 458 2912 513 {Emilio
2945 466 3000 513 ct
3054 458 3178 512 aliis
3227 461 3413 515 multis.
3448 466 3506 519 Ilo
3536 470 3615 521 ιιηρ
3643 472 3695 527 in

448 566 593 621 modi
663 565 866 630 negotio
941 560 1205 614 consulere
1265 557 1494 611 studuit.
1566 556 1659 609 Ad
1734 554 1889 622 cujus
1945 568 2070 607 con-
2170 552 2362 608 scribit
2392 550 2485 605 lib.
2516 568 2555 604 ιι
2585 538 2875 604 Annalium
2908 549 3159 621 Papirius
3191 550 3242 603 in
3274 549 3445 608 Carolo
3470 558 3694 628 Simplirc:

448 656 612 728 salta,
669 659 775 706 etc.
824 649 1170 718 Rescriptum
1214 645 1442 700 Joannis
1491 644 1552 697 IX
1608 659 1762 713 pasz
1802 642 1870 694 ad
1913 640 2068 694 lleri-

448 759 609 797 veum
638 738 1116 809 archiepisc0pum
1150 736 1216 788 de
1246 734 1315 787 iis
1358 749 1481 804 quae
1516 732 1659 785 circa
1688 729 2069 785 Nordmanno—
2116 754 2119 761 -

450 850 571 888 rum
601 830 1022 887 conversionem
1075 826 1328 881 facienda
1358 825 1539 880 forent
1567 830 1743 877 exstat
1792 820 1937 891 apud
1967 820 2069 873 Ba-

449 942 570 982 ron.
601 932 734 979 tom.
763 924 825 988 Χ,
853 936 999 977 anno
1029 919 1153 985 985,
1183 927 1239 973 et
1268 920 1399 973 toni.
1437 918 1525 971 Ill.
1560 914 1793 978 Concil.,
1823 919 1981 983 parte
2013 927 2070 964 ιι.

1084 1034 1293 1088 CAPUT
1336 1032 1438 1086 XV.

523 1130 773 1198 Sequenti
792 1141 914 1179 vero
945 1140 1102 1187 anno,
1136 1133 1242 1177 etc.
1280 1121 1551 1190 Deinceps
1580 1133 1847 1173 annorum
1878 1128 2073 1167 nume-

451 1238 565 1287 rus,
595 1236 756 1292 quem
802 1217 1000 1284 acljeci,
1036 1222 1287 1286 sumptus
1340 1220 1424 1267 est
1451 1230 1517 1266 ex
1576 1209 1846 1264 Chronico
1897 1204 2070 1259 nostri

2174 666 2199 688 ‹‹
2230 640 2553 710 Rodulpbus
2587 640 2841 694 Richardi
2883 638 3028 693 filius
3055 640 3109 693 in
3163 641 3485 697 matrimonio
3514 648 3693 702 hale

2176 730 2416 783 Emmam
2459 728 2679 783 Roberti
2746 728 2933 790 ﬁliam,
2968 736 3022 782 et
3055 728 3365 784 Heribertus
3421 732 3557 787 aliam
3613 738 3700 802 rjn.

2178 822 2345 876 filiam
2396 823 2645 887 duxerat,
2707 838 2867 875 socer
2904 823 3207 895 generique
3272 831 3324 878 et
3386 825 3519 900 [Iugo
3575 827 3701 881 ﬁlius.

2177 914 2501 970 auctoritate
2534 922 2587 967 et
2644 913 2817 988 gratia
2880 920 3046 984 atque
3109 914 3309 986 Opibus
3345 918 3547 971 multum
3582 929 3707 989 pote-

2169 1015 2312 1063 rant.
2337 1028 2366 1058 ν)

2794 1078 3003 1133 CAPUT
3029 1080 3161 1134 XXI.

2242 1193 2557 1248 Heribertus
2590 1195 2847 1248 Karolum
2876 1195 2942 1247 de
2970 1195 3236 1258 custodia,
3278 1198 3334 1248 in
3358 1212 3460 1265 qua
3480 1206 3579 1250 cum
3604 1199 3712 1252 deti-

450 1281 763 1371 Flodoardi,
797 1281 944 1378 quod
985 1281 1227 1357 Pitlimus
1254 1301 1426 1355 edidit
1465 1300 1611 1354 inter
1638 1294 1931 1352 duodecim
1965 1307 2067 1346 au-
2172 1281 2555 1378 nebataejecit.
2616 1282 2750 1338 Dolo
2806 1283 2954 1337 enim
3022 1283 3291 1338 Heriberti
3354 1293 3524 1355 captus
3579 1285 3715 1339 fuerat

453 1410 632 1457 ctores
661 1406 975 1455 coetaneos.

2173 1385 2318 1424 anno
2349 1371 2472 1435 923,
2510 1379 2633 1441 post
2698 1372 2941 1426 occisum
2979 1372 3302 1435 Robertum,
3349 1380 3400 1426 et
3454 1373 3714 1428 liberatnsc

522 1494 748 1560 Propter
798 1490 1142 1554 Haganoncm
1170 1486 1544 1539 consiliarium
1574 1496 1748 1535 suum.
1787 1496 1808 1526 (ι
1847 1477 1924 1529 Ita
1961 1473 1986 1527 ,Ι
2015 1477 2069 1525 et

2190 1475 2392 1515 :arcere
2421 1479 2565 1517 anno
2595 1463 2719 1530 927,
2749 1464 2849 1517 sed
2879 1480 3023 1517 anno
3076 1464 3329 1535 sequenti
3378 1464 3553 1519 iterum
3578 1466 3620 1517 in
3645 1482 3716 1519 cu-

453 1583 489 1637 c
543 1583 596 1635 ίη
626 1554 819 1635 Latino
874 1586 928 1633 οι
956 1577 1180 1631 ρειῃίρο⁵
1240 1576 1287 1630 Μ
1327 1591 1479 1640 vero,
1526 1576 1820 1640 uagoan,
1854 1584 1922 1621 ex
1949 1575 2074 1636 quo
2100 1632 2138 1640 η
2178 1554 2413 1608 stodiam
2446 1556 2720 1620 redactus,
2776 1556 2831 1609 in
2886 1573 2995 1627 qua
3033 1556 3167 1610 obiit
3197 1571 3340 1610 anno
3383 1555 3494 1610 929.
3526 1556 3627 1610 Haec
3670 1573 3718 1610 ex

454 1674 487 1728 s
517 1672 646 1727 fecit
678 1674 961 1737 nugonem,
997 1669 1102 1722 sed
1133 1684 1251 1721 eam
1302 1682 1463 1737 quam
1498 1663 1825 1718 retinuimus
1874 1655 2069 1712 lectio-
2100 1632 2145 1698 Β
2172 1652 2393 1698 auctore
2418 1645 2470 1698 in
2505 1645 2789 1700 Chronico.
2829 1646 3001 1700 Habet
3057 1645 3140 1700 his
3198 1644 3486 1699 conformia
3514 1644 3721 1717 Sigebcr-

455 1781 582 1819 nem
614 1778 796 1819 veram
844 1777 967 1815 esse
998 1767 1215 1815 constat
1252 1775 1316 1813 ex
1350 1765 1572 1811 auctore
1606 1755 1661 1808 in
1692 1753 1840 1807 dicto
1899 1750 2071 1803 Chro-

457 1853 604 1918 nico,
652 1852 744 1907 ubi
777 1859 1094 1907 constanter
1139 1849 1215 1901 ita
1270 1846 1402 1920 legit
1450 1844 1635 1899 multis
1691 1842 1847 1897 locis.
1901 1840 2072 1893 Aliam

458 1959 677 1998 causam
712 1940 960 1995 derelicti
1011 1938 1185 1993 Caroli
1219 1937 1363 2011 regis
1412 1935 1616 1989 indicat
1674 1932 1991 2007 Sigebertus
2022 1929 2077 1981 in

459 2033 658 2089 Chron.
692 2047 838 2087 anno
876 2030 1003 2093 920,
1036 2031 1121 2083 his
1174 2029 1358 2083 verbis
1392 2046 1403 2082 :
1463 2027 1734 2082 Robertus
1777 2024 1884 2077 dux
1916 2020 2081 2074 frater

459 2125 664 2181 Odonis
694 2125 863 2199 regis,
909 2131 1180 2194 appetens
1229 2137 1456 2195 regnum
1510 2120 1841 2173 Francorum
1888 2122 2080 2170 contra

458 2216 730 2279 Carolum,
779 2213 1121 2285 iuquietabat
1172 2210 1476 2279 Franciam,
1518 2208 1752 2278 ejusque
1816 2204 2077 2259 instinctu

456 2319 651 2361 omnes
701 2319 843 2374 pene
896 2301 1169 2372 primores
1197 2299 1440 2353 Franciae
1498 2297 1933 2352 adversabantur
1982 2293 2081 2348 Ca—

458 2394 594 2450 rolo.
647 2419 670 2441 n
1160 2418 1181 2427 ι

1076 2458 1284 2515 CAPUT
1323 2459 1430 2512 XVI

527 2560 603 2611 De
631 2555 915 2610 Erlebaldi
945 2555 1153 2608 comitis
1185 2551 1733 2605 excommunicatione,
1768 2548 1846 2601 lta
1876 2560 2079 2617 perpe-

459 2655 552 2703 tuo
596 2646 729 2719 legit
755 2646 802 2701 J.
837 2645 1052 2716 Alioqui
1083 2643 1233 2699 varia
1261 2652 1347 2697 est
1375 2641 1540 2696 lectio
1572 2641 1737 2694 etiam
1782 2639 1838 2693 in
1879 2637 2075 2693 eodem

459 2735 783 2807 exemplari,
817 2734 902 2788 MS
932 2734 989 2788 in
1021 2733 1180 2787 titulo
1203 2731 1337 2805 legit
1367 2730 1670 2796 Heribaldi,
1700 2744 1825 2782 mox
1849 2728 1901 2782 in
1927 2734 2078 2781 textu

461 2833 518 2888 M
539 2832 935 2898 Herlebaldum,
964 2836 1020 2884 et
1064 2836 1256 2900 postea
1307 2827 1645 2883 Erbebaldus
1676 2843 1692 2890 ;
1735 2826 1794 2888 S,
1826 2823 2078 2878 Heribal-

462 2927 584 2981 dus.
620 2925 840 2999 Legitur
865 2931 921 2978 et
949 2923 1274 2988 Erebaldus,
1296 2920 1615 2984 Ereboldus,
1649 2925 1705 2974 et
1734 2917 2075 2973 Erleboldus.

464 3019 538 3073 Ex
564 3017 675 3072 ﬁne
702 3023 882 3071 autem
914 3015 1112 3086 capitis
1140 3020 1271 3069 nota
1310 3029 1435 3068 eum
1464 3012 1776 3067 absolutum
1809 3010 1980 3065 fuisse
2010 3008 2079 3063 ab

464 3105 1040 3165 excommunicationc
1080 3110 1204 3174 post
1231 3110 1483 3159 mortem.

1065 3214 1272 3269 CAPUT
1303 3213 1475 3269 XVII.

544 3310 732 3364 Tertia
772 3308 861 3362 die
908 3306 1113 3360 scilicet
1144 3309 1435 3375 postquam
1463 3304 1724 3360 Robcrtus
1771 3317 1873 3356 rea:
1900 3303 2081 3369 factus

463 3399 668 3464 fuerat.
700 3396 892 3451 Factus
931 3402 1048 3449 erat
1104 3410 1196 3449 rex
1247 3394 1340 3449 die
1371 3393 1560 3449 ultima
1605 3392 1754 3446 Junii
1808 3391 1934 3445 922.
1987 3390 2083 3444 Hic

471 3484 763 3550 Robertus,
832 3483 999 3538 frater
1059 3483 1268 3538 Odonis
1320 3483 1486 3555 regis,
1554 3482 1751 3536 eodem
1803 3495 1974 3546 anno,
2026 3484 2084 3532 ut

465 3575 662 3632 scribit
717 3576 1064 3642 Odorannus,
1115 3582 1170 3629 et
1225 3574 1565 3647 Sigebertus,
1623 3573 1829 3627 auxilio
1888 3571 2085 3626 Lotha-

465 3669 750 3734 riensium,
780 3668 926 3738 apud
954 3666 1305 3722 Suessionem
1356 3665 1797 3721 interfectusest.
1825 3663 1932 3718 Sed
1964 3679 2084 3717 ma-

463 3762 556 3836 gis
572 3760 781 3817 auctori
805 3767 994 3816 nostro
1019 3776 1109 3814 res
1129 3759 1215 3814 sui
1236 3758 1503 3830 temporis
1555 3757 1822 3813 scribenti
1850 3758 2083 3811 creden-

466 3856 619 3922 dum,
660 3855 755 3926 qui
785 3869 930 3910 anno
980 3870 1100 3925 seq.
1155 3852 1259 3908 923
1283 3852 1627 3908 interfectum
1673 3850 1868 3905 scribit
1888 3850 1942 3904 in
1982 3863 2085 3904 suo

471 3949 763 4007 Chronico.

680 4030 687 4037 ‘
1067 4017 1273 4073 CAPUT
1332 4017 1483 4072 XIX.

544 4112 724 4164 Vitam
771 4108 971 4177 ﬁnisse.
1012 4106 1156 4161 Obiit
1184 4106 1404 4185 Seulfus
1433 4120 1578 4159 anno
1608 4104 1734 4169 925,
1766 4103 1998 4173 expletis
2028 4102 2083 4156 in

463 4202 781 4273 epiSCOpatu
806 4200 964 4255 annis
994 4199 1165 4253 tribus
1199 4205 1252 4253 et
1308 4198 1511 4252 diebus
1569 4198 1836 4269 quinque.
1872 4199 1950 4250 Ita
1979 4212 2081 4250 au-

464 4301 580 4347 ctor
605 4292 661 4345 in
695 4291 986 4346 Chronico.
1025 4290 1119 4343 Cui
1171 4289 1455 4345 conforme
1500 4298 1583 4344 est
1613 4289 1761 4360 quod
1807 4288 1875 4342 de
1902 4302 1968 4342 eo
1998 4286 2081 4340 le-

463 4383 613 4457 gitur
640 4382 782 4438 infra
809 4400 930 4455 cap.
962 4383 1049 4438 35.

1091 4452 1301 4508 CAPUT
1330 4452 1435 4506 XX.

534 4564 805 4631 Rodulfus
836 4566 1008 4631 igitur
1032 4580 1151 4618 recc.
1186 4564 1260 4617 De
1293 4564 1395 4618 hoc
1420 4561 1656 4618 Rodulfo
1686 4561 1877 4617 scribit
1906 4560 2083 4631 Meye-

464 4671 556 4710 rns
582 4672 728 4710 anno
759 4656 881 4710 890.
920 4656 1122 4711 Eodem
1136 4671 1281 4711 anno
1314 4653 2079 4727 Burgundionesﬁodulpho,

466 4744 864 4799 Ricardiducis
890 4745 975 4799 sui
1031 4742 1165 4809 tilio,
1230 4744 1486 4799 diadema
1537 4745 1942 4814 imposuerunt,
1986 4759 2080 4798 rc-

461 4850 702 4907 gemque
760 4833 867 4887 sibi
907 4834 1411 4888 consalutaveruut.
1448 4832 1542 4887 llic
1574 4830 1741 4905 igitur
1792 4831 2080 4899 Rodulfus,

462 4925 606 4980 filius
631 4925 886 4981 Richardi
921 4926 1257 4982 marchionis
1290 4925 1533 4996 praefecti
1591 4924 1943 4998 Burgundiaz,
1968 4930 2083 4978 erat

465 5034 555 5072 rex
590 5017 944 5092 Burgundiaa,
973 5033 1137 5089 quem
1197 5017 1416 5084 Franci,
1446 5017 1629 5071 occiso
1662 5017 1719 5069 in
1753 5016 1941 5087 przelio
1974 5017 2081 5071 Ro-

464 5110 621 5164 bcrto
642 5126 793 5184 rege,
818 5125 1010 5165 socero
1038 5110 1234 5180 ipsius,
1264 5124 1409 5163 anno
1456 5108 1580 5175 9‘25,
1617 5106 1870 5163 nolentes
1900 5108 2081 5164 redire

464 5202 531 5256 ad
563 5202 816 5257 Carolum
875 5202 1222 5271 Simplicem,
1282 5200 1387 5255 sibi
1436 5216 1621 5275 regem
1653 5200 1960 5273 elegerunt,
1993 5216 2080 5255 re-

462 5290 650 5363 xitque
678 5308 908 5364 regnum
941 5290 1183 5345 Francirc
1235 5306 1333 5361 per
1358 5290 1497 5344 duos
1544 5305 1738 5348 annos.
1793 5296 1852 5343 ut
1889 5289 2081 5343 scribit

461 5382 803 5459 Sigebertus,
833 5383 979 5437 dicto
1013 5381 1204 5437 Carolo
1259 5381 1314 5435 in
1342 5382 1594 5436 custodia
1637 5382 1781 5452 apud
1811 5382 2076 5436 Peronam

460 5474 703 5528 detento.
756 5472 958 5527 Verum
1013 5487 1079 5525 ex
1130 5486 1251 5540 cap.
1305 5469 1672 5541 sequentibus
1714 5477 1930 5526 constat
1951 5487 2076 5526 eum

462 5577 726 5634 regnasse
759 5561 810 5614 in
841 5560 1068 5614 Francia
1099 5573 1274 5629 usque
1303 5558 1371 5612 ad
1390 5575 1592 5614 annum
1619 5559 1747 5627 936,
1777 5576 1887 5631 quo
1918 5561 2078 5626 obiit,

2106 3093 2156 3163 C

2176 1744 2281 1805 tus,
2314 1738 2410 1791 sed
2452 1738 2659 1793 fallitur
2690 1739 2745 1793 in
2782 1748 3049 1810 tempore,
3108 1740 3236 1794 dum
3291 1738 3619 1792 scribitanno
3641 1740 3720 1793 θὲι

2175 1846 2300 1884 eum
2326 1830 2379 1884 in
2404 1833 2709 1886 custodiam
2772 1834 2998 1887 Peronm
3030 1849 3060 1886 a
3120 1833 3323 1887 comite
3376 1832 3626 1886 lleriberto
3648 1832 3722 1885 de-

2182 1928 2393 1976 trusum
2417 1923 2488 1977 ob
2517 1939 2710 1977 necem
2744 1924 2965 1979 Roberti
3005 1924 3159 1979 ducis
3182 1925 3253 1979 ab
3306 1940 3369 1979 eo
3400 1924 3651 1995 perempti.
3679 1923 3723 1975 Et

2180 2029 2325 2069 anno
2355 2015 2459 2069 926
2487 2036 2503 2070 :
2544 2037 2569 2066 (ι
2597 2013 2823 2070 Carolus
2888 2030 2978 2069 rex
3050 2015 3377 2069 Francorum
3408 2014 3501 2068 sub
3529 2012 3724 2067 custodia

2181 2103 2449 2158 Heriberti
2510 2106 2662 2159 exsul
2695 2112 2748 2159 et
2803 2113 3010 2175 martyr
3038 2105 3289 2160 moritur.
3340 2124 3365 2151 π
3421 2102 3646 2157 Similiter
3684 2101 3722 2153 in

2182 2204 2427 2266 tempore
2458 2195 2681 2263 fallitur,
2716 2199 2845 2251 dum
2876 2198 3068 2253 scribit
3124 2214 3273 2253 anno
3326 2198 3424 2252 928
3454 2196 3723 2251 Ludovicum

2183 2282 2354 2338 filium
2388 2285 2563 2340 Caroli
2632 2287 2688 2340 in
2720 2286 3001 2341 Franciam
3058 2302 3185 2342 esse
3253 2302 3538 2351 reversum,
3565 2300 3665 2338 cum
3688 2282 3724 2334 id

2182 2373 2402 2427 demum
2434 2372 2636 2429 factum
2665 2375 2733 2428 sit
2789 2391 2934 2429 anno
2981 2374 3108 2440 976,
3165 2382 3290 2445 post
3335 2373 3530 2429 obitum
3560 2367 3726 2425 Rodulti

2184 2461 2332 2535 regis
2354 2463 2705 2539 Burgundize.

2776 2557 2988 2613 CAPUT
3018 2557 3180 2611 XXIII

2258 2660 2364 2714 Nec
2390 2670 2493 2708 non
2520 2657 2569 2707 ct
2605 2653 2870 2708 Arnaldo.
2929 2652 3067 2707 SicJ
3102 2671 3115 2715 ;
3145 2653 3273 2715 alia,
3334 2650 3572 2707 Arnoldo.
3603 2646 3731 2701 Simi-

2179 2748 2303 2803 liter
2331 2746 2387 2800 in
2420 2745 2785 2817 sequentibus
2807 2762 2954 2800 nunc
2972 2746 3258 2811 Artoldus,
3288 2743 3550 2822 quomodo
3574 2738 3733 2809 salpius

2180 2837 2214 2891 C
2245 2844 2298 2891 et
2325 2837 2374 2901 J,
2405 2851 2553 2890 nunc
2582 2835 2873 2902 Artaldus,
2901 2835 3180 2907 quomodo
3212 2833 3543 2905 frequentius
3569 2829 3639 2883 MS
3674 2827 3730 2878 le-

2180 2932 2335 3001 gunt.
2364 2926 2499 2979 Item
2525 2924 2841 2991 Sigcboldus
2868 2932 2923 2977 et
2949 2924 3295 2992 Sigcbaldus,
3351 2930 3451 2978 etc.
3484 2940 3496 2987 ;
3533 2928 3581 2974 et
3626 2915 3737 2971 infra

2182 3033 2228 3072 c.
2262 3016 2351 3082 33,
2376 3014 2645 3071 Deroldus
2675 3021 2730 3068 et
2755 3014 3044 3070 Deraldus.

2787 3106 2995 3162 CAPUT
3023 3108 3195 3162 XXIV.

2251 3213 2326 3266 De
2357 3202 2699 3267 ordinatione
2719 3204 2896 3257 damni
2927 3201 3147 3257 Artoldi
3195 3201 3449 3271 episcopi.
3502 3195 3607 3249 Haec
3634 3191 3739 3246 facta

2183 3307 2265 3353 est
2289 3314 2434 3354 anno
2470 3299 2596 3365 731,
2624 3303 2679 3350 et
2707 3293 2847 3351 obiit
2874 3289 3359 3362 anno961,pridic
3392 3288 3498 3341 Kal.
3520 3280 3740 3343 Octobris,

2181 3401 2241 3449 ut
2264 3394 2433 3448 habet
2481 3399 2671 3447 auctor
2727 3391 2782 3445 in
2834 3388 3125 3453 Chronico,
3182 3393 3351 3458 atque
3380 3386 3450 3439 ita
3478 3384 3663 3438 constat
3692 3374 3736 3430 3i

2185 3481 2662 3555 annisEcclesiam
2695 3479 3058 3555 gubernasse.

2790 3570 2998 3626 CAPUT
3048 3570 3197 3624 XXV.

2259 3668 2506 3737 Synodus
2527 3671 2724 3738 septem
2752 3669 3117 3737 episcoporum
3156 3665 3310 3735 apud
3340 3665 3397 3719 S.
3437 3664 3666 3718 Macram.
3691 3653 3741 3715 Μ,

2188 3760 2475 3825 Magram;
2506 3756 2561 3823 S,
2594 3757 2891 3812 Machram.
2926 3755 2987 3808 ln
3019 3762 3147 3809 tom.
3183 3754 3256 3808 Ill
3317 3750 3515 3807 Concil.
3565 3744 3743 3817 ponitur

2186 3863 2331 3903 anno
2358 3847 2483 3915 935,
2514 3849 2617 3903 sub
2664 3848 2890 3903 nomine
2940 3841 3157 3902 consilii
3218 3844 3521 3907 Remensis,
3565 3855 3671 3896 cum
3694 3834 3743 3888 sit

2186 3960 2361 4018 pagus
2388 3944 2610 4015 quidam
2643 3943 2892 4012 ejusdem
2918 3942 3195 4009 dicecesis,
3219 3943 3331 3998 alio
3359 3938 3572 3995 nomine
3595 3936 3744 3988 Fismcs

2186 4034 2386 4101 dictus,
2417 4042 2477 4089 ut
2507 4033 2787 4089 adnotavit
2816 4032 3071 4089 Nicolaus
3096 4031 3406 4087 Chesneau.
3442 4029 3511 4082 Dc
3538 4021 3746 4096 passione

2185 4130 2369 4179 autem
2401 4123 2452 4177 S.
2488 4123 2678 4179 Macra;
2701 4122 2933 4197 virginis
2958 4121 3131 4176 habes
3162 4120 3306 4175 infra
3327 4137 3357 4174 c
3406 4118 3490 4173 δι.

2789 4210 2998 4266 CAPUT
3028 4210 3205 4264 XXVI.

2250 4307 2517 4362 Ludovico
2548 4307 2738 4360 Karoli
2765 4305 2897 4374 ﬁlio,
2933 4319 3082 4374 quem
3141 4318 3241 4357 rea:
3300 4303 3588 4357 Aistannus
3612 4305 3747 4347 avun-

2098 4413 2158 4483 D
2178 4396 2330 4449 cuius
2355 4396 2531 4464 ipsius
2564 4395 2853 4448 nutriebat.
2889 4394 2952 4459 Β,
2984 4394 3252 4448 Alstanus
3287 4410 3300 4446 :
3330 4392 3381 4459 J,
3416 4394 3679 4447 Astranus.
3708 4380 3749 4432 ln

2181 4490 2432 4563 catalogo
2488 4505 2676 4563 regum
2727 4489 2934 4563 Anglia}
2985 4487 3132 4558 apud
3186 4488 3457 4542 Joannem
3512 4478 3750 4536 Curionem

2183 4580 2504 4633 .xldelstanus
2534 4577 2854 4633 nominatur
2887 4595 2900 4643 ;
2930 4578 3177 4648 Meyerus
3232 4578 3571 4633 Atclstanum
3610 4569 3752 4620 vocal-

2186 4666 2276 4721 Est
2315 4674 2497 4720 autem
2555 4666 2645 4721 hic
2698 4666 3009 4721 Ludovicus
3063 4666 3241 4722 Caroli
3297 4661 3574 4735 Simplicis
3622 4654 3753 4713 ﬁlius,

2184 4759 2365 4813 dictus
2393 4757 2836 4826 Transmarinus,
2884 4759 3016 4831 quia
3048 4766 3197 4814 trans
3251 4775 3406 4813 mare
3436 4754 3577 4825 apud
3604 4760 3754 4821 regem

2185 4850 2391 4924 Anglia;
2414 4848 2591 4904 fuerat
2643 4851 2938 4916 enutritus,
2994 4865 3060 4904 eo
3116 4849 3264 4920 quod
3322 4853 3549 4902 matrem
3572 4838 3757 4894 haberet

2182 4940 2350 4996 ﬁliam
2384 4941 2530 5016 regis
2557 4942 2878 5015 Anglorum.

2251 5035 2404 5100 Ουοά
2421 5040 2582 5104 Pater
2600 5036 2714 5104 ejus
2761 5034 2996 5101 (scilicet
3025 5034 3249 5089 Carolus
3300 5028 3563 5102 Simplex)
3605 5025 3640 5079 S
3675 5022 3755 5073 Re.

2179 5131 2342 5197 ωίρττο
2372 5130 2701 5184 tradiderat.
2763 5129 2821 5182 ld
2867 5134 2951 5182 est
2987 5126 3323 5182 monaSierio
3355 5126 3409 5179 S.
3458 5113 3759 5190 Remigiiml

2180 5226 2331 5290 patet
2350 5235 2413 5274 ex
2444 5219 2632 5273 verbis
2686 5220 3072 5291 sequentibus.
3108 5219 3196 5273 Sic
3250 5227 3306 5270 et
3367 5213 3508 5269 infra
3533 5214 3757 5277 capsul-

2181 5320 2237 5367 ct
2265 5312 2396 5366 alibi
2427 5313 2716 5382 accipitur.

2766 5382 2975 5438 CAPUT
3000 5381 3227 5436 XXVIII.

2249 5474 2408 5541 Ηιιθο
2431 5476 2682 5543 princeps
2711 5473 2856 5542 ﬁlius
2898 5473 3157 5527 Rotberti.
3212 5469 3309 5523 llic
3367 5466 3508 5522 infra
3536 5480 3582 5519 c.
3626 5458 3685 5514 35
3721 5458 3761 5507 et

2181 5563 2312 5619 alibi
2341 5574 2566 5621 vocatur
2597 5565 2747 5637 llugo
2779 5580 2986 5631 comes,
3034 5552 3125 5635 qui
3163 5563 3349 5617 dictus
3392 5569 3473 5613 est
3504 5558 3643 5625 llugo
3666 5549 3759 5603 M8-
