3938 6158
514 294 622 350 395

1353 283 1742 340 COLVENERII
1783 279 2057 336 SCHOLIA
2094 279 2161 334 IN
2204 278 2369 334 HIST.
2413 276 2698 333 REMENS.
2742 274 2998 333 ECCLES.
3651 294 3732 353 396

584 431 713 484 Post
768 440 998 497 quarum
1062 424 1370 479 litterarum
1424 422 1818 486 recitationem,
1872 425 1979 473 etc.
2027 417 2129 472 Se-
2157 421 2205 488 Α
2230 415 2507 472 Ludovico
2538 415 2654 489 regi
2685 411 3005 478 satisfaciat,
3040 417 3097 466 ut
3118 416 3341 468 testatur
3358 424 3523 475 auctor
3543 422 3736 484 inChro-

514 515 739 589 quentia
769 512 956 568 omnia
985 527 1161 584 usque
1189 511 1259 566 ad
1318 510 1483 566 tinem
1536 507 1782 581 capituli,
1813 513 1869 562 et
1895 507 2005 562 duo
2037 522 2128 561 ca-

2233 505 2355 561 nico
2382 520 2528 559 anno
2557 505 2682 559 949.
2718 502 2869 568 Quod
2903 500 3210 556 Cbronicon
3262 502 3470 561 ulterius
3491 514 3735 571 extenditur

513 605 685 678 pitula
735 602 1026 674 sequentia
1054 645 1068 670 ,
1110 602 1277 655 etiam
1328 601 1509 672 quoad
1556 600 1742 662 verba,
1776 597 1969 653 eadem
2001 603 2130 653 sunt
2229 614 2392 669 quam
2423 598 2540 652 hinc
2570 595 2816 651 historia.
2849 592 3122 667 Pertingit
3155 593 3297 648 enim
3328 612 3480 669 usque
3510 602 3567 656 ad
3591 620 3742 661 annum

510 696 566 750 in
599 693 889 758 Chronico,
922 707 1066 747 anno
1100 691 1213 760 jam
1249 689 1415 753 dicto,

580 786 754 841 Lectis
780 783 1039 854 capitulis
1064 782 1131 836 de
1185 781 1560 851 hujuscemodi
1622 779 2126 838 calumniatoribus.

511 876 831 950 Intelligere
868 874 1087 929 videtur
1115 873 1354 944 capitula
1411 873 1629 929 concilii
1689 870 2133 945 Carthaginensis

511 969 599 1024 vel
623 968 870 1039 Capitula
899 965 1075 1021 Caroli
1103 964 1279 1040 Magni
1328 971 1385 1020 et
1414 963 1676 1020 Ludovici
1699 963 1799 1030 Pii,
1841 963 1894 1017 in
1927 961 2132 1034 quibus

516 1070 702 1119 tamen
730 1061 835 1116 hoc
865 1073 975 1113 non
1008 1056 1248 1128 reperio.

582 1152 818 1208 Artaldo
846 1166 969 1204 vero
995 1152 1240 1220 praesuli,
1259 1152 1361 1222 gui
1390 1149 1641 1204 omnibus
1666 1164 1721 1204 se
1740 1147 1965 1217 synodis
1992 1161 2131 1216 prce-

511 1248 709 1299 sentem
736 1242 1074 1296 exhibuerat.
1106 1241 1285 1296 Multae
1313 1241 1460 1296 enim
1482 1241 1678 1313 synodi
1709 1255 1804 1311 pro
1833 1240 1935 1294 hac
1964 1252 2131 1293 causa

511 1340 857 1408 congregata:
888 1331 1203 1399 fuerunt,ut
1222 1337 1370 1402 patet
1400 1331 1596 1402 partim
1628 1347 1693 1385 ex
1723 1328 2128 1401 superioribus,

511 1423 709 1495 partim
739 1440 803 1478 ex
849 1422 1119 1477 Chronico
1174 1420 1433 1485 auctoris,
1493 1426 1547 1474 et
1599 1425 1729 1474 tom.
1794 1418 1863 1472 ιιι
1891 1417 2124 1484 Concil.,

510 1522 663 1586 parte
722 1531 779 1580 ιι,
812 1513 1069 1568 videlicet
1127 1511 1491 1565 Virdunensis
1553 1525 1700 1565 anno
1757 1508 1907 1574 947;
1950 1507 2127 1562 Moso-

509 1605 738 1672 mensis,
767 1605 894 1672 948,
946 1604 1132 1658 Idibus
1183 1602 1430 1657 Januarii
1472 1620 1486 1667 ;
1550 1599 2128 1674 Engelenheimensis,

509 1700 633 1767 8&8,
666 1699 901 1770 septimo
934 1699 1062 1752 ldus
1090 1696 1259 1762 Junii,
1292 1695 1361 1750 de
1402 1710 1510 1767 qua
1540 1695 1669 1765 hoc.
1700 1710 1845 1765 cap.,
1873 1709 1998 1766 qua)
2026 1708 2134 1747 cae-

2229 688 2352 744 966.
2391 688 2556 743 Porro
2585 686 2837 741 Artaldus
2863 683 3002 741 obiit
3032 680 3193 739 anno
3223 684 3341 751 961,
3370 689 3521 759 pridie
3541 693 3746 752 Kalendas

2231 778 2498 843 Octobris,
2539 787 2600 833 ut
2638 784 2723 832 est
2782 777 2837 832 in
2890 777 3088 832 eodem
3145 775 3418 847 Chronico,
3477 788 3523 836 et
3552 788 3746 856 sequenti

2233 886 2378 928 anno
2404 870 2673 927 successit
2702 870 2751 925 ei
2781 868 3082 925 Odalricus.

2797 962 3007 1019 CAPUT
3035 962 3284 1018 XXXVIII

2305 1063 2368 1116 In
2387 1062 2584 1116 honore
2610 1062 2800 1116 Mariae
2829 1060 2912 1115 uel
2939 1060 2994 1115 S.
3028 1061 3174 1115 Petri
3197 1066 3528 1118 consanuisse
3547 1067 3751 1121 traditur.

2234 1155 2268 1211 8
2309 1164 2457 1212 recte
2490 1162 2643 1211 notat
2691 1156 2746 1210 in
2800 1154 3055 1229 margine
3105 1158 3186 1209 vel
3216 1157 3347 1227 poni
3374 1173 3464 1228 pro
3488 1162 3546 1213 et.
3576 1160 3697 1224 Quod
3719 1168 3757 1216 et

2233 1245 2354 1299 aliis
2376 1245 2708 1317 quibusdam
2760 1245 2897 1300 locis
2934 1244 3227 1319 contingit,
3284 1247 3558 1317 praesertim
3585 1249 3631 1303 in
3648 1265 3757 1303 sum-

2232 1338 2418 1392 mariis
2435 1338 2704 1409 capitum.

2802 1431 3011 1489 CAPUT
3056 1433 3278 1489 XXXIX.

2298 1531 2374 1584 De
2413 1530 2596 1584 sancto
2627 1528 2909 1583 Balderico
2956 1528 3165 1583 abbate.
3201 1528 3276 1582 De
3306 1527 3407 1583 hoc
3448 1528 3654 1583 Joannes
3674 1528 3761 1583 llo-

2231 1621 2392 1676 Ianus
2416 1622 2472 1675 in
2522 1612 2902 1676 additionibus
2942 1621 3011 1675 ad
3071 1621 3392 1689 Usuardum,
3421 1621 3503 1675 die
3541 1622 3598 1676 16
3641 1620 3763 1676 Octo-

2238 1712 2354 1768 bris
2386 1730 2398 1766 :
2441 1712 2541 1766 «In
2572 1719 2759 1767 monte
2787 1711 3057 1773 Falconis.
3107 1711 3406 1766 beatissimi
3436 1711 3637 1766 Baldrici
3663 1727 3765 1766 con-

442 1834 451 1841 ,
510 1791 643 1846 teris
672 1790 773 1845 fuit
802 1790 1073 1846 celebrior
1105 1806 1120 1855 ;
1153 1795 1433 1860 postremo
1483 1787 1749 1854 Romana,
1781 1786 1907 1852 949,
1944 1785 1999 1839 in
2029 1801 2131 1855 qua

2248 1798 2482 1864 lessoris,
2530 1800 2688 1869 cujus
2725 1800 2835 1854 vita
2886 1798 3098 1854 crebris
3156 1788 3429 1854 miraculis
3455 1799 3768 1853 declaratur.»

508 1881 770 1956 Agapitus
826 1898 966 1952 papa
1022 1882 1067 1936 Il
1125 1880 1535 1935 damnationem
1601 1876 1846 1951 Hugonis
1887 1875 2135 1947 episcOpi

510 1970 656 2041 apud
690 1970 1082 2045 Engelenheim
1113 1969 1313 2025 factam
1339 1967 1703 2025 continuavit.

587 2062 808 2117 Caeteris
831 2078 1040 2133 quoque
1090 2062 1282 2117 diebus
1312 2062 1515 2131 synodi
1567 2062 1805 2115 tractata
1839 2063 1963 2113 sunt
1993 2072 2140 2128 quoe-

511 2157 639 2211 dam
659 2160 964 2212 necessaria
992 2158 1057 2211 de
1086 2159 1304 2212 incestis
1336 2156 1625 2226 conjugiis,
1654 2161 1759 2209 etc.
1796 2153 1920 2207 Haec
1945 2151 2136 2207 videre

508 2256 592 2303 est
617 2247 673 2302 in
703 2249 840 2303 actis
871 2256 925 2303 et
954 2248 1261 2304 canonibus
1288 2248 1481 2304 decem
1514 2247 1681 2317 hujus
1706 2244 1952 2312 concilii,
1985 2258 2130 2315 quae,

510 2338 658 2394 edita
686 2339 754 2393 ab
794 2340 1026 2396 Henrico
1077 2339 1314 2407 Canisio,
1365 2338 1580 2408 adjecta
1637 2343 1766 2391 sunt
1835 2336 1903 2390 ad
1964 2332 2131 2388 tinem

511 2432 681 2500 partis
719 2449 755 2487 ιι
796 2439 928 2488 tom.
975 2433 1047 2488 lll
1104 2432 1310 2487 Concil.
1373 2447 1473 2502 per
1512 2429 1841 2484 Severinum
1890 2426 2129 2481 Binium.

514 2519 682 2576 Deest
710 2526 892 2577 tamen
923 2521 1134 2576 ibidem
1162 2535 1341 2575 canon
1370 2519 1439 2573 de
1480 2518 1707 2574 incestis
1729 2515 2025 2590 conjugiis.

1084 2611 1295 2667 CAPUT
1339 2610 1561 2665 XXXVI.

589 2710 718 2763 Fere
742 2700 1170 2773 quadringentos
1237 2701 1472 2754 homines
1537 2699 1929 2765 interfecerint.
1992 2694 2069 2750 Ita
2102 2693 2137 2748 ϐ

515 2804 572 2859 in
600 2801 805 2855 Gallico
836 2807 891 2854 et
919 2797 1133 2864 Latino,
1166 2800 1220 2850 et
1269 2795 1323 2849 J.
1356 2794 1556 2848 Verum
1613 2792 1699 2847 MS
1755 2793 2142 2862 quadraginta

520 2889 803 2963 quomodo
830 2886 966 2962 legit
993 2890 1183 2940 auctor
1240 2882 1296 2937 in
1352 2881 1621 2937 Chronico
1687 2881 1756 2936 ad
1796 2896 2004 2935 annum
2033 2880 2142 2934 948

522 2994 631 3050 quo
659 2978 775 3032 haec
803 2982 958 3048 gesta
985 2979 1133 3028 sunt.

2240 1896 2314 1951 De
2347 1896 2542 1950 eodem
2597 1893 2871 1949 Arnoldus
2942 1893 3105 1950 Wion
3168 1893 3268 1948 lib.
3336 1911 3390 1948 ιιι
3421 1893 3562 1966 Ligni
3613 1892 3717 1946 Viue
3737 1893 3773 1945 in

2239 1985 2627 2058 Martyrologio
2653 2001 2755 2040 suo
2805 1984 3130 2053 monastico,
3188 1985 3257 2038 ad
3314 1984 3554 2039 eumdem
3581 1983 3775 2047 dicm,ct

2237 2075 2482 2130 Joannes
2505 2073 2837 2130 Trithemius
2889 2074 2963 2128 Dc
3003 2074 3137 2128 viris
3198 2072 3499 2128 illustribus
3547 2071 3718 2127 ordinis
3738 2072 3775 2123 S.

2238 2164 2543 2231 Benedicti,
2571 2164 2668 2219 lib.
2713 2181 2794 2232 ιιι,
2827 2180 2876 2219 c.
2914 2165 3036 2219 152.

2857 2253 3080 2310 CAPUT
3106 2254 3237 2309 XLI.

2304 2347 2380 2400 De
2408 2345 2544 2399 villa
2578 2344 2864 2401 Waslicia.
2929 2343 3019 2398 Sic
3076 2344 3139 2403 Β.
3172 2344 3220 2398 Μ
3282 2351 3336 2399 et
3375 2342 3426 2411 J,
3489 2357 3598 2414 quae
3621 2339 3781 2396 videtur

2235 2453 2365 2492 vera
2393 2436 2577 2501 lectio,
2612 2451 2712 2507 pro
2762 2452 2873 2508 quo
2932 2436 2966 2490 S
3004 2437 3258 2491 Vassicia
3299 2455 3314 2502 ;
3356 2434 3604 2502 Cautem,
3632 2434 3785 2490 Wasti-

2235 2527 2340 2580 cia.
2404 2526 2465 2578 ln
2520 2524 2726 2580 Gallico
2780 2531 2964 2580 autem
3032 2524 3135 2580 hoc
3192 2524 3320 2579 loco
3361 2530 3631 2594 utrumque
3664 2518 3784 2590 poni-

2239 2621 2347 2682 tur,
2379 2615 2666 2671 Walstisce
2702 2630 2775 2670 ou
2821 2614 3082 2680 Valliche,
3142 2614 3245 2669 sed
3279 2612 3420 2668 infra
3447 2627 3645 2683 semper
3669 2609 3786 2666 Wal-

2242 2712 2390 2764 εἰὶσε.

2313 2804 2388 2857 De
2416 2801 2539 2855 sede
2601 2801 2806 2856 scilicet
2864 2801 3016 2856 urbis
3083 2800 3436 2855 Virdunensis
3467 2799 3521 2856 S.
3556 2796 3792 2853 Vitonusel

2244 2894 2302 2949 S.
2336 2893 2624 2961 Agericus.
2653 2894 2889 2967 Uterque
2927 2894 3030 2949 fuit
3067 2895 3371 2967 episcopus
3402 2893 3542 2948 illius
3568 2889 3706 2953 sedis,
3728 2885 3792 2940 ille

2246 2995 2491 3055 octavus,
2516 2988 2608 3043 hic
2632 2989 2881 3044 decimus
2921 2989 2976 3043 in
3010 2988 3215 3043 tabulis
3254 2985 3612 3044 Democharis.
3639 2983 3701 3037 De
3718 2978 3798 3034 illis

593 3068 910 3135 Winefredo
941 3065 1256 3122 Morinms'.’
1293 3062 1370 3118 ua
1400 3062 1485 3116 MS
1558 3062 1664 3117 hoc
1702 3060 1844 3128 loco!
1878 3060 1975 3116 sed
2004 3058 2145 3115 infra
2172 3132 2211 3147 η
2248 3080 2395 3135 enim
2426 3081 2507 3135 sic
2539 3081 2738 3135 habet:
2783 3101 2813 3132 «
2838 3080 2871 3137 8
2901 3081 2957 3135 8.
2992 3081 3257 3147 Videnus,
3290 3096 3389 3135 seu
3419 3078 3647 3141 Vitonus,
3681 3070 3798 3143 eligi-

517 3132 869 3231 Huicfredus.
903 3159 939 3214 C
996 3159 1053 3213 in
1084 3157 1287 3212 Gallico
1343 3154 1637 3226 utrobique
1678 3154 2008 3222 Wine/rede,
2042 3152 2139 3207 sed
2166 3132 2214 3201 Ο
2532 3132 2881 3228 ᾖξ’(ξδιςοίιίξ)
2904 3132 3335 3228 Ἰ
3364 3132 3581 3243 ’ρτίωω
3610 3132 3801 3236 ίέηψξη

516 3254 572 3308 in
608 3252 801 3307 Latino
848 3249 1154 3319 Wifredus,
1174 3246 1318 3302 sicut
1340 3254 1397 3301 et
1427 3245 1452 3299 J
1470 3292 1475 3297 .
1507 3245 1568 3299 In
1600 3243 1871 3300 Chronico
1903 3243 2145 3299 auctoris
2248 3263 2501 3319 ριοάονθί
2535 3285 2547 3328 ς
2584 3264 2650 3318 1ο
2669 3265 2722 3319 ε.
2756 3264 3260 3339 Agericuseligimr
3288 3264 3397 3319 554
3447 3283 3475 3312 η
3507 3253 3800 3315 νίάθηάηεάε

516 3345 719 3417 duplex
749 3359 970 3416 quoque
1011 3342 1175 3398 lectio
1202 3350 1305 3410 est,
1344 3339 1673 3396 Vincfredus
1726 3348 1781 3395 et
1808 3340 2138 3396 Wict’redus.

515 3443 576 3496 In
626 3440 895 3497 Chronico
940 3455 1044 3495 ms.
1101 3437 1363 3493 Moriensi
1422 3436 1756 3507 Wycfridus,
1810 3435 2139 3507 appellatur.

512 3534 741 3607 .Integra
767 3531 936 3586 dictio
958 3530 1177 3587 videtur
1206 3545 1329 3584 esse
1387 3528 1756 3594 Wincfredus,
1813 3544 1879 3582 ex
1907 3544 2016 3599 qua
2044 3543 2143 3598 per

517 3628 950 3685 contractionem
983 3624 1184 3681 factum
1246 3632 1329 3680 est
1355 3622 1687 3679 Vincfredus
1717 3629 1772 3677 et
1801 3620 2139 3677 Wicfredus.

517 3720 632 3786 Quo
656 3718 961 3791 posteriore
988 3717 1216 3773 nomine
1244 3716 1463 3773 vivebat
1482 3715 1678 3770 eodem
1704 3725 1952 3785 tempore
1981 3712 2140 3769 Colo-

515 3812 724 3868 niensis
762 3810 1233 3882 archiepiscopus,
1270 3809 1364 3881 qui
1396 3815 1453 3864 et
1488 3807 1789 3863 Wicfridus
1820 3805 2142 3862 nominatur

515 3902 657 3958 infra
685 3918 805 3973 cap.
838 3901 928 3969 42,
958 3901 1050 3955 ubi
1080 3900 1130 3955 M
1161 3899 1298 3976 legit
1344 3899 1721 3968 Hincfridum,
1761 3899 1910 3971 quod
1941 3898 1976 3952 8
2008 3914 2137 3953 mu-

514 3995 650 4051 tavit
672 3995 729 4049 in
758 3994 1136 4061 Huicfridum.

1083 4082 1292 4137 CAPUT
1324 4080 1575 4135 XXXVII.
1632 4094 1651 4113 κ

586 4175 866 4229 Insistente
884 4172 1159 4241 praecipue
1196 4169 1480 4235 Luitdulfo
1508 4168 1785 4238 capellam
1811 4170 1952 4233 regis
1982 4169 2139 4227 Otho-

514 4272 622 4324 nis.
664 4267 787 4321 Haac
815 4281 944 4321 vera
976 4271 1033 4319 et
1063 4264 1279 4336 integra
1334 4261 1500 4317 lectio
1558 4262 1805 4317 omnium
1856 4263 2137 4334 exempla-

517 4353 683 4419 rium,
714 4353 816 4408 sed
882 4351 1025 4406 infra
1091 4350 1323 4406 variant.
1391 4349 1526 4404 Nam
1595 4349 1652 4417 C,
1684 4351 1982 4419 Lindulfus
2015 4369 2029 4418 ;
2062 4351 2132 4419 Μ,

2247 3355 2337 3409 his
2379 3353 2682 3411 Richardus
2707 3356 2775 3411 de
2794 3355 3168 3433 Wassebourg
3206 3355 3626 3412 archidiaconus
3646 3347 3803 3405 Virdu-

2245 3445 2432 3500 nensis
2473 3445 2571 3500 lib.
2605 3462 2642 3500 ιι
2708 3445 3109 3518 Antiquitatum
3178 3446 3372 3501 Galliae
3432 3442 3665 3516 Belgicae,
3697 3433 3804 3509 quod

2244 3549 2383 3604 opus
2437 3534 2639 3589 Gallice
2684 3534 3038 3605 conscripsit,
3093 3550 3202 3606 qua
3262 3535 3459 3611 lingua
3518 3528 3807 3587 nominantur

2243 3625 2435 3681 Saint-
2450 3627 2647 3693 Venae,
2678 3632 2733 3679 et
2750 3625 3114 3693 Saint-Agry.

2312 3718 2383 3770 Et
2408 3719 2627 3770 sanctus
2680 3715 2949 3771 Roduicus
2989 3715 3055 3769 de
3111 3714 3369 3771 Wassoio
3403 3710 3462 3779 C,
3502 3708 3737 3767 Redimus
3768 3699 3812 3754 de

2247 3810 2485 3864 Vassoio.
3054 3854 3069 3860 -

2312 3900 2414 3954 Pro
2440 3897 2576 3952 villa
2588 3896 3005 3963 Gerlanimonte,
3036 3909 3200 3966 super
3228 3895 3516 3952 Mosellam
3541 3888 3805 3959 conjacentt.

2241 3988 2331 4044 Sic
2370 3988 2431 4053 Β,
2462 3987 2498 4042 C
2522 3998 2576 4044 et
2600 3988 2625 4042 J
2652 4005 2667 4054 ;
2699 3988 2797 4043 sed
2849 3986 2938 4042 MS
2990 3988 3199 4044 Gelani.
3245 3985 3535 4059 quomodo
3561 3988 3613 4037 et
3631 3995 3731 4049 cap.
3748 3990 3810 4028 se-

2240 4079 2453 4151 quenti,
2486 4088 2624 4146 tum,
2665 4079 2721 4133 in
2752 4078 2912 4134 titulo
2938 4083 3052 4133 tum
3084 4077 3141 4131 in
3174 4085 3356 4146 textu,
3388 4075 3590 4152 legitur
3615 4063 3813 4127 etiamin

2241 4170 2277 4229 C
2310 4171 2441 4226 :scd
2470 4171 2515 4225 M
2543 4170 2622 4225 ibi
2653 4171 2882 4237 Gelani;
2917 4169 2953 4224 C
2984 4177 3038 4226 et
3067 4170 3102 4225 8
3134 4170 3375 4227 Gellani.

2305 4261 2399 4316 Ad
2426 4277 2591 4331 quam
2619 4262 2807 4315 villam
2837 4260 2965 4314 dum
3002 4261 3287 4314 sanciendi
3346 4259 3460 4315 sibi
3503 4269 3659 4313 causa
3698 4248 3769 4304 Sic
3789 4242 3816 4297 (ἶ

2241 4362 2297 4409 et
2325 4353 2446 4421 J,at
2466 4352 2554 4407 MS
2617 4352 2881 4421 faciendi.
2949 4351 3153 4406 Gallice
3214 4353 3487 4419 vertitur,
3528 4361 3682 4405 causa
3702 4341 3816 4397 acci—

514 4447 807 4513 Ludulfus.
843 4445 903 4499 In
933 4442 1203 4499 Chronico
1260 4443 1557 4511 Luidulfus
1583 4450 1638 4498 et
1682 4444 2013 4512 Landulfus.
2046 4445 2135 4499 Est
2153 4458 2209 4527 ι)
2235 4447 2430 4515 Ρίεηιιὶ
2450 4447 2866 4515 possessionem,
2907 4443 3057 4515 quod
3098 4442 3307 4499 Gallice
3334 4443 3599 4509 dicimus,
3622 4436 3759 4494 saisir
3782 4436 3822 4527 (ξι

516 4546 698 4595 autem
727 4553 910 4593 sermo
937 4537 1006 4591 de
1036 4536 1248 4591 Othone
1280 4537 1299 4590 l
1330 4535 1450 4604 ejus
1506 4536 1751 4592 nominis
1783 4536 2136 4608 imperatore,

518 4631 612 4704 qui
634 4638 689 4687 et
719 4631 841 4687 Otto
863 4631 1093 4704 Magnus
1135 4629 1316 4684 dictus
1343 4635 1448 4696 est,
1480 4635 1709 4701 propter
1736 4629 1986 4685 celebres
2016 4630 2137 4685 bel-

514 4722 698 4777 lorum
726 4722 849 4790 ejus
868 4721 1145 4785 victorias,
1179 4728 1238 4777 ut
1264 4721 1341 4776 ait
1386 4720 1669 4792 Lupoldus
1723 4721 2137 4796 Bebenbergius

513 4814 610 4869 lib.
644 4815 719 4869 De
750 4814 870 4869 zelo
915 4820 1161 4870 veterum
1192 4813 1506 4885 principum
1558 4812 1883 4881 Germaniae,
1915 4830 2040 4884 cap.
2074 4814 2131 4870 2.

518 4902 554 4957 C
593 4902 735 4958 infra
800 4904 999 4960 Odonis
1064 4902 1216 4977 legit.
1288 4901 1421 4956 Nam
1483 4902 1756 4957 interdum
1818 4904 2134 4973 promiscuo

515 5014 617 5071 pro
675 4999 873 5056 eodem
934 5007 1272 5071 usurpentur
1329 4999 1508 5068 Ottho,
1541 4998 1697 5067 Otho,
1729 4999 1863 5066 Odo,
1905 5002 2045 5068 Ado,
2079 5006 2135 5055 et

524 5089 660 5145 Udo.

582 5181 812 5238 Nomine
864 5178 1161 5235 Adelonus.
1208 5176 1287 5232 Ita
1308 5176 1344 5232 C
1373 5182 1428 5231 et
1454 5176 1502 5239 J,
1534 5176 1632 5231 sed
1659 5176 1766 5245 MS,
1822 5176 2133 5232 Adelonius.

516 5269 576 5323 In
616 5267 886 5323 Chronico
952 5267 1262 5330 Adelomus,
1326 5264 1527 5320 Gallice
1593 5264 1823 5321 vertitur
1887 5265 2132 5321 Adeloin.

515 5361 644 5415 Acta
671 5359 868 5432 synodi
900 5358 1420 5433 lnghelheimensis,
1470 5357 1538 5412 de
1569 5372 1676 5429 qua
1693 5373 1859 5428 supra
1889 5374 1937 5414 c.
1962 5357 2051 5426 35,
2082 5364 2136 5412 et

514 5450 874 5517 Trevirensis,
908 5452 976 5505 de
1003 5466 1111 5521 qua
1141 5450 1244 5505 hoc
1273 5465 1393 5519 cap.
1437 5455 1492 5504 et
1545 5449 1901 5520 praecedenti,
1934 5466 2135 5521 appro-

516 5543 667 5599 bavit
697 5542 959 5616 Agapitus
989 5557 1131 5612 papa
1160 5541 1225 5607 ll,
1258 5540 1446 5595 habito
1501 5540 1684 5596 Romae
1712 5541 1947 5597 concilio
1977 5542 2044 5596 ad
2074 5542 2130 5600 S.

515 5634 753 5697 Petrum,
789 5630 1122 5687 conﬁrmans
1169 5629 1583 5686 damnationem
1612 5631 1858 5706 Ilugonis
1885 5631 2133 5703 episc0pi

516 5731 572 5779 et
626 5721 1253 5781 excommunicationem
1317 5721 1564 5797 llugonis
1629 5722 1900 5794 principis
1955 5723 2135 5780 donec

2239 4540 2460 4604 saisine,
2492 4536 2545 4591 id
2588 4543 2672 4592 est
2703 4535 3004 4608 possessio.
3057 4536 3214 4601 Quod
3265 4546 3427 4593 recte
3455 4535 3640 4590 Latine
3665 4522 3819 4584 dixerit

2238 4635 2470 4700 sancire,
2504 4633 2658 4687 idest
2698 4630 3048 4699 conﬁrmare,
3080 4632 3210 4705 quia
3269 4630 3563 4705 possessio
3592 4621 3827 4685 conﬁrmat

2239 4742 2353 4781 rem
2378 4724 2723 4798 acquisitam.

2848 4811 3056 4869 CAPUT
3082 4812 3261 4869 XLIV.

2307 4907 2630 4963 Sanctarum
2669 4904 2825 4959 Βουω
2871 4920 2934 4959 ac
2965 4904 3147 4959 Dodoe.
3204 4903 3338 4978 Agit
3399 4903 3473 4959 de
3505 4903 3591 4958 his
3632 4900 3830 4955 Joannes

2236 4994 2482 5051 Molanus
2509 4996 2565 5049 in
2605 4995 2988 5051 additionibus
3009 4996 3079 5051 ad
3109 4994 3436 5052 Usuardum
3463 4993 3557 5050 die
3578 4993 3646 5049 24
3673 4983 3832 5061 Aprilis

2236 5087 2325 5143 his
2352 5087 2581 5144 verbis:
2625 5109 2655 5140 α
2694 5088 2882 5144 Remis
2933 5089 3178 5160 civitate,
3247 5098 3582 5147 sanctorum
3638 5086 3777 5138 Bonae
3797 5082 3838 5129 et

2235 5179 2421 5235 Dodae.
2448 5200 2477 5231 δ)
2500 5180 2574 5235 Ex
2603 5196 2734 5253 quo,
2768 5188 2828 5237 ut
2884 5189 3135 5253 apparet,
3193 5180 3487 5238 Baronius
3544 5166 3837 5242 transcripSit

2236 5272 2293 5326 in
2332 5271 2639 5328 Romanum
2697 5273 3144 5349 Martyrologium
3175 5273 3246 5329 ad
3307 5275 3579 5331 eumdem
3603 5272 3756 5326 diem.
3782 5262 3836 5314 De

2238 5364 2433 5419 iisdem
2464 5363 2659 5420 Petrus
2716 5365 3047 5433 Galesinius,
3117 5364 3271 5420 Felix
3325 5375 3386 5423 et
3424 5354 3839 5422 ArnoldusWiOﬂ

2237 5458 2292 5512 in
2323 5458 2438 5513 suis
2466 5457 2887 5533 Martyrologiis,
2919 5474 3113 5513 omnes
3142 5458 3197 5513 in
3222 5474 3299 5514 eo
3355 5456 3696 5535 corrigendi,
3725 5444 3842 5522 quod

2235 5545 2421 5619 legant
2439 5548 2591 5602 Bona
2628 5562 2728 5618 pro
2753 5549 2915 5602 Bova.
2951 5547 3081 5601 Nam
3115 5546 3262 5601 hanc
3296 5562 3430 5603 esse
3459 5561 3646 5603 veram
3685 5536 3846 5596 lectio-

2237 5648 2363 5688 nem
2395 5634 2581 5690 omnia
2609 5641 2794 5689 nostra
2846 5634 3084 5706 probant
3148 5637 3534 5707 exemplaria,
3583 5643 3688 5689 tam
3716 5638 3848 5697 supra

2235 5741 2357 5796 cap.
2390 5726 2459 5782 38
2488 5743 2653 5799 quam
2698 5728 2803 5784 hoc
2849 5742 2972 5799 cap.
3039 5727 3129 5783 Sic
3158 5734 3210 5783 et
3242 5729 3529 5800 superius
3554 5744 3607 5785 c.
3650 5723 3716 5780 90
3740 5715 3851 5792 legi’
