3960 6160
223 307 303 366 397
1576 303 1641 359 IN
1681 301 1933 359 LIBRUM
1978 304 2069 358 Ill.

3384 301 3489 357 398

221 460 316 500 mus
356 441 602 496 Bovonem
662 436 1171 495 Catalannicensem
1228 440 1574 512 episcopum,
1627 441 1777 512 quod
1803 439 2081 510 Alocum,
2128 438 2345 506 frcdum
2394 439 2605 512 legunt.
2667 438 2932 492 Similiter
2981 452 3202 508 semper
3256 453 3489 493 numero

219 550 306 590 non
333 538 456 587 recte
477 530 508 584 S
537 530 767 584 mutavit
818 530 874 584 in
913 533 1198 599 Bavonem,
1245 539 1299 586 et
1329 531 1364 585 C
1395 532 1451 585 in
1491 534 1776 587 Bononem.

216 621 336 676 Adde
373 618 503 689 quod
547 617 667 671 haec
695 617 890 672 eadem
931 628 1119 674 sancta
1170 620 1266 674 lib.
1301 638 1359 687 II,
1419 637 1466 675 e.
1513 619 1598 686 10,
1632 621 1781 674 Boba

216 711 479 767 nominatur
530 708 585 762 in
624 709 888 764 omnibus
924 711 1346 781 exemplaribus.
1396 711 1547 766 Solet
1597 718 1778 765 autem

214 800 354 854 binv
387 795 589 860 mutari,
621 808 718 852 aut
752 805 961 875 contra,
1013 808 1074 855 ut
1114 798 1364 867 Bibiana,
1408 800 1655 866 Viviana,
1686 800 1780 855 Jo-

214 892 321 959 bita,
346 890 520 946 Jovita.

619 980 803 1038 CAPP.
839 983 990 1037 XLVI
1022 992 1078 1039 et
1117 984 1313 1039 XLVII.

263 1077 326 1129 De
357 1072 535 1127 domno
577 1072 849 1128 Gunthero
877 1079 927 1128 et
956 1077 1130 1145 ipsius
1181 1090 1351 1129 uxore
1376 1077 1558 1130 Berta.
1624 1075 1780 1131 Varie

206 1162 424 1219 scribitur
468 1163 569 1217 hoc
594 1178 799 1218 nomen
831 1163 887 1218 in
933 1165 1363 1236 exemplaribus,
1396 1166 1494 1221 sed
1528 1167 1643 1221 haec
1672 1166 1782 1221 fre-

209 1253 425 1326 quentior
450 1258 549 1318 est,
580 1253 665 1307 vel
698 1270 798 1324 per
833 1270 863 1310 ο
903 1256 1241 1312 Gontbertus.
1275 1259 1490 1330 Integra
1530 1274 1781 1329 pronun-

207 1350 332 1406 tiatio
358 1355 434 1403 est
461 1348 850 1417 Gondebertus,
881 1351 1160 1422 quomodo
1192 1352 1393 1426 legitur
1423 1369 1589 1424 supra
1618 1353 1716 1407 lib.
1741 1371 1776 1416 ι,

207 1461 306 1514 cap.
326 1444 374 1509 4,
410 1442 461 1496 in
493 1440 625 1509 ﬁne,
657 1442 742 1499 vel
774 1445 1144 1501 Gundebertus
1175 1456 1234 1500 ut
1262 1446 1358 1502 lib.
1392 1464 1449 1512 II,
1482 1463 1529 1502 c.
1568 1447 1652 1502 10.
1687 1446 1781 1501 Hie

203 1550 311 1590 vero
345 1533 448 1588 fere
490 1534 817 1590 Guntbertus
863 1537 948 1591 vel
983 1537 1327 1601 Gontbertus,
1360 1538 1458 1592 sed
1508 1538 1593 1592 MS
1624 1538 1679 1592 in
1720 1537 1787 1591 ti-

204 1627 298 1681 tulo
325 1642 433 1697 cap.
473 1627 565 1689 47,
629 1627 966 1695 Gombertus,
1013 1644 1123 1700 quo
1176 1630 1400 1685 nomine
1441 1637 1616 1684 exstat
1652 1629 1786 1685 Vitae

206 1713 350 1784 ipsius
375 1714 601 1770 historia
650 1716 707 1770 in
735 1717 871 1771 Vitis
899 1717 1221 1774 Sanctorum
1259 1718 1461 1774 Gallice
1493 1719 1656 1774 editis
1694 1735 1791 1790 per

203 1805 501 1863 Parisienses
531 1810 624 1864 die
648 1809 719 1864 29
756 1810 978 1881 Aprilis,
1009 1811 1103 1866 ubi
1137 1817 1390 1866 narratur
1424 1812 1594 1867 fuisse
1625 1812 1792 1866 frater

199 1895 384 1952 Nivardi
417 1899 711 1954 Remensis
739 1900 1008 1972 episcopi,
1042 1902 1191 1972 quod
1230 1902 1343 1973 jam
1377 1902 1522 1958 dicto
1570 1918 1690 1974 cap.
1723 1902 1792 1958 10

204 1993 401 2043 testatur
426 1991 593 2045 etiam
625 1991 985 2047 Flodoardus.
1035 1992 1185 2047 Idem
1218 1999 1398 2048 autem
1427 1994 1644 2049 videtur
1670 2011 1792 2049 esse

197 2077 254 2133 de
278 2096 374 2151 quo
423 2082 675 2137 Molanus
732 2084 787 2137 in
828 2082 1207 2139 additionibus
1262 2084 1331 2139 ad
1373 2085 1681 2140 Usuardum
1723 2085 1792 2139 '23

198 2169 527 2227 Novembris:
579 2193 603 2224 α
648 2173 707 2227 lu
740 2174 1015 2230 territorio
1056 2176 1336 2243 Remensi,
1368 2177 1539 2232 sancti
1572 2176 1791 2232 Goberti

196 2262 514 2319 confessoris.
541 2286 574 2315 ιο
614 2265 721 2321 Sed
753 2266 936 2321 obstat
965 2268 1111 2338 quod
1142 2268 1194 2322 8.
1227 2268 1561 2324 Gontbertus
1593 2276 1794 2341 martyr

194 2352 384 2419 abierit,
434 2356 587 2413 sicut
640 2365 694 2413 et
738 2358 793 2412 S.
842 2359 1020 2414 Berta.
1077 2360 1151 2413 De
1199 2376 1308 2431 qua
1363 2360 1689 2435 Sigebertus’
1736 2361 1791 2415 in

192 2438 361 2496 Chron.
388 2459 532 2500 anno
572 2444 698 2500 661.
731 2465 761 2495 (ι
796 2445 994 2501 Bertha
1025 2454 1230 2517 martyr
1262 2456 1317 2502 et
1347 2448 1627 2503 abbatissa
1654 2465 1790 2504 san-

192 2532 353 2588 ctitate
406 2535 576 2591 claret
607 2537 666 2591 in
716 2536 906 2592 Gallia.
953 2561 978 2585 n
1024 2539 1206 2594 Exstat
1260 2539 1379 2608 ejus
1410 2540 1526 2595 Vita
1574 2541 1628 2594 in
1661 2541 1794 2595 Vitis

192 2624 293 2727 ss."
324 2625 516 2685 Gallice
574 2630 745 2686 editis
791 2647 822 2685 a
871 2631 1207 2699 doctoribus,
1255 2632 1426 2702 Paris,
1460 2635 1529 2689 ad
1570 2635 1716 2691 diem
1759 2636 1784 2689 1

192 2714 316 2771 Μ’
739 2793 950 2848 CAPUT
991 2794 1217 2850 XLVIII.

250 2904 316 2957 De
342 2904 553 2961 duabus
580 2907 820 2961 ecclesiis
860 2911 1039 2962 sancti
1074 2908 1281 2963 Hilarii
1309 2910 1503 2965 Remis.
1552 2910 1676 2965 Haec
1709 2917 1793 2965 est

191 2994 471 3048 communis
529 3003 588 3050 et
636 2994 984 3066 frequentior
1027 2995 1230 3063 lectio;
1282 2998 1376 3051 sed
1425 2997 1472 3051 M
1520 2998 1625 3052 hoc
1672 2997 1795 3053 loco

189 3079 386 3147 Hillari,
418 3089 472 3137 et
517 3083 575 3137 in
612 3082 799 3139 indice
853 3083 1219 3155 capitulorum
1251 3086 1453 3140 Hilari.
1512 3086 1795 3151 Quomodo

194 3165 433 3226 Baronius
498 3174 815 3230 Romanum
875 3174 1193 3246 pontiﬁcem
1255 3176 1309 3231 S.
1361 3177 1561 3232 Leonis
1614 3178 1793 3251 Magni

1882 532 2077 603 plurali
2107 531 2308 603 legitur
2349 532 2512 599 fieda
2539 530 2595 584 in
2624 531 2790 584 variis
2819 530 3212 600 diplomatibus
3242 546 3367 601 quae
3396 546 3492 584 ex-

1881 627 2029 675 stant
2059 621 2113 675 in
2143 620 2411 677 Chronico
2440 619 2823 674 Cameracensi
2864 619 2957 673 lib.
2996 637 3032 685 I,
3065 635 3113 673 c.
3164 619 3253 684 37,
3283 620 3372 685 62,
3425 619 3494 675 76

1883 724 1937 771 et
1966 716 2087 782 107,
2123 722 2176 770 et
2212 714 2265 768 in
2299 714 2495 769 litteris
2528 713 2866 769 fundationis
2896 714 3169 784 prioratus
3191 714 3247 767 S.
3280 712 3494 768 Martini

1881 823 1911 860 a
1955 805 2172 876 Campis
2198 805 2345 875 apud
2390 804 2644 869 Parisios,
2682 803 2826 857 datis
2876 818 3021 857 anno
3063 801 3218 857 1060.
3253 802 3321 856 ab
3353 803 3498 857 Hen-

1882 899 1997 954 rico
2027 899 2046 952 I
2080 899 2407 952 Francorum
2455 913 2605 969 rege,
2648 899 2707 949 in
2736 897 2927 963 frcdis.
2980 895 3201 949 Exstant
3231 896 3285 949 in
3314 895 3498 949 Marti-

1880 991 2080 1045 nianis.
2139 990 2200 1044 In
2251 990 2488 1060 epitome
2555 995 2739 1042 tamen
2809 985 3260 1041 eonstitulionum
3322 985 3495 1040 Caroli

1880 1080 2220 1155 Magni/rcta
2252 1094 2351 1149 pro
2382 1078 2545 1145 [reda
2591 1077 2812 1149 legitur,
2867 1075 2922 1129 in
2955 1090 3021 1129 eo
3068 1075 3308 1145 capitulo
3348 1075 3497 1145 quod

1881 1176 1937 1229 in
1970 1174 2125 1228 libris
2153 1173 2522 1243 Capitulorum
2554 1187 2585 1225 a
2628 1170 2840 1225 Pithceo
2871 1168 3037 1224 editis
3067 1175 3150 1222 est
3188 1166 3500 1225 tricesimus

1881 1264 2008 1319 libri
2037 1283 2115 1331 III,
2156 1264 2251 1319 ubi
2282 1264 2486 1320 dicitur
2520 1284 2541 1313 ι
2577 1272 2803 1334 excepta
2828 1262 2963 1317 freta
2993 1277 3115 1332 qua:
3147 1261 3199 1313 in
3233 1261 3352 1333 lege
3398 1260 3499 1315 Sa-

1880 1353 1987 1408 lica
2030 1353 2343 1424 conscripta
2369 1360 2470 1408 est.
2518 1372 2542 1404 »
2590 1352 2668 1406 Ad
2696 1368 2862 1422 quem
2909 1352 3089 1406 locum
3121 1350 3276 1403 Vitus
3303 1352 3499 1404 Amer-

1885 1446 2144 1517 pachius:
2176 1466 2202 1495 α
2236 1445 2395 1499 Freta
2421 1453 2525 1512 est,
2553 1459 2716 1515 quam
2738 1443 2944 1513 alioqui
2971 1442 3189 1509 fredam
3217 1451 3269 1494 et
3286 1442 3503 1507 frcdum

1886 1546 2084 1594 vocant
2113 1538 2204 1592 illa
2235 1537 2454 1602 saecula,
2492 1558 2512 1587 ι
2551 1545 2653 1590 etc.
2690 1535 2799 1589 Sed
2828 1551 2950 1588 cum
2988 1532 3269 1604 exemplar
3298 1550 3360 1586 ex
3394 1548 3503 1603 quo

1888 1630 2174 1700 impressae
2226 1638 2355 1684 sunt
2381 1629 2494 1683 ista!
2545 1627 2968 1683 constitutiones
3005 1626 3163 1680 valde
3222 1624 3385 1679 fuerit
3412 1625 3502 1678 in-

1890 1730 2218 1787 correctum,
2248 1722 2336 1775 vix
2366 1720 2593 1774 dubium
2634 1719 2768 1791 quin
2810 1720 2881 1774 sit
2916 1734 3068 1773 error
3104 1718 3333 1786 librarii.
3364 1716 3501 1781 Quid

1892 1824 2071 1870 autem
2101 1815 2171 1868 sit
2202 1813 2414 1869 fredum
2450 1814 2537 1868 hic
2566 1812 2859 1879 indicatur,
2892 1821 3083 1883 estque
3100 1811 3269 1865 dictio
3299 1811 3506 1865 Teuto-

1892 1906 2028 1960 nicas
2054 1904 2283 1973 originis
2310 1919 2501 1974 pacem
2555 1901 2896 1976 signiﬁcans,
2930 1917 3093 1972 quam
3149 1899 3401 1953 Germani
3428 1898 3508 1952 di-

1890 2002 2043 2062 cunt,
2073 1994 2199 2061 fred
2227 2000 2281 2047 et
2331 1994 2479 2061 frid,
2510 1999 2565 2047 et
2615 2007 2718 2046 nos
2746 1990 3022 2046 Teutones
3072 1990 3246 2044 crede.
3308 1988 3507 2042 Fredas

1892 2085 2094 2160 legitur
2122 2093 2236 2140 tum
2277 2085 2430 2147 alibi,
2484 2092 2598 2139 tum
2660 2083 2715 2137 in
2763 2082 3055 2157 privilegio
3118 2080 3290 2137 Caroli
3338 2080 3504 2148 Calvi,

1891 2176 2039 2247 quod
2069 2182 2246 2231 exstat
2270 2175 2324 2229 in
2355 2175 2733 2246 Promptuario
2765 2174 3093 2240 Tricassino,
3123 2172 3214 2228 fol.
3248 2172 3337 2227 84.

2532 2266 2739 2322 CAPUT
2778 2267 2861 2322 Ll.

1963 2366 2131 2419 Beata
2174 2364 2361 2417 Maera
2407 2362 2561 2427 uirgo
2616 2361 2717 2414 sub
2746 2361 3055 2414 Rietiovaro
3100 2360 3371 2427 prmfecto.
3418 2355 3509 2411 Sic

1893 2456 2095 2531 legitur
2136 2454 2193 2508 in
2226 2453 2261 2507 C
2301 2452 2405 2507 etJ
2452 2452 2556 2506 hoc
2585 2450 2707 2506 loco
2762 2458 2817 2506 et
2857 2451 2913 2504 in
2962 2450 3071 2516 MS,
3104 2465 3225 2520 cap.
3260 2464 3402 2520 seq.,
3452 2455 3512 2502 ut

1893 2548 1966 2603 sit
2002 2563 2111 2602 una
2137 2545 2325 2599 dictio.
2360 2544 2423 2598 At
2462 2544 2548 2597 MS
2577 2544 2681 2598 hoc
2706 2543 2828 2597 loco
2856 2544 3034 2598 Rictio
3070 2544 3215 2596 Varo
3244 2540 3511 2611 separatis

1894 2635 2251 2701 dictionibus,
2285 2633 2434 2704 quod
2464 2631 2639 2703 magis
2662 2632 2858 2702 probat
2888 2630 3154 2685 Baronius
3183 2630 3238 2684 in
3266 2629 3412 2684 notis
3441 2629 3509 2682 ad

1893 2726 2048 2781 Rom.
2086 2723 2527 2797 Martyrologium
2555 2721 2589 2776 6
2617 2720 2884 2776 Januarii.
2919 2722 3034 2785 Quo
3054 2718 3145 2774 die
3173 2720 3285 2791 agit
3308 2719 3378 2773 de
3408 2719 3512 2771 hac

1890 2815 2106 2889 virgine
2151 2815 2313 2868 etiam
2356 2811 2655 2867 Usuardus.
2700 2810 2866 2864 Porro
2900 2809 3241 2864 Rietiovarus
3270 2807 3512 2862 saevissi-

1892 2922 2015 2960 mus
2043 2905 2147 2960 fuit
2178 2904 2470 2958 Galliarum
2495 2900 2791 2973 praefectus
2816 2916 2915 2955 seu
2948 2910 3154 2970 praeses
3178 2898 3280 2953 sub
3304 2896 3514 2951 Diocle-

1895 2999 2045 3054 tiano
2074 3006 2129 3052 et
2156 2996 2504 3060 Maximiano,
2539 2993 2641 3047 sub
2672 3009 2877 3048 annum
2910 2992 3127 3047 Domini
3156 2990 3280 3046 300.
3315 2989 3514 3059 Marty-

1895 3104 1983 3143 res
2004 3087 2109 3142 sub
2138 3102 2203 3140 eo
2224 3099 2418 3156 passos
2448 3082 2764 3153 complures
2794 3088 3047 3136 recenset
3077 3080 3272 3135 Baron.
3296 3085 3431 3132 tom.
3465 3078 3512 3131 ll

1895 3175 2091 3244 Annal,
2117 3189 2262 3229 anno
2284 3171 2414 3241 303,
2433 3171 2527 3226 ubi
2550 3170 2920 3225 miserandum
2948 3170 3068 3239 ejus
3093 3184 3315 3240 quoque
3346 3165 3514 3222 refert

186 3270 567 3331 successorem,
602 3262 847 3319 Hilarum
894 3273 1073 3332 vocat,
1116 3266 1212 3337 qui
1244 3264 1591 3337 frequentius
1646 3267 1793 3321 Ilila-
1821 3268 2196 3344 Cinteritum.

188 3347 288 3404 rius
313 3354 656 3411 nominatur.

245 3443 385 3509 Quod
408 3452 704 3503 vacaretur
724 3449 1098 3505 Merolilanus.
1134 3449 1189 3505 S.
1223 3449 1576 3505 Merolilanus
1604 3450 1796 3506 Scotus

189 3547 317 3591 nunc
361 3537 592 3595 Rbemis
626 3540 684 3594 in
736 3540 971 3596 ecclesia
1000 3541 1054 3596 S.
1108 3541 1495 3613 Symphoriani
1536 3542 1792 3614 quiescit.

777 3651 986 3707 CAPUT
1017 3651 1195 3708 XLIX.

248 3742 377 3812 Ejus
396 3745 669 3801 labuntur
690 3746 848 3801 humo
869 3749 1141 3803 intranea.
1181 3747 1238 3802 Id
1265 3756 1349 3803 est
1376 3748 1657 3814 intestina,
1689 3763 1797 3819 quo

184 3834 327 3890 modo
381 3837 518 3912 legit
574 3838 667 3893 MS
718 3837 942 3906 Gallice,
1002 3840 1300 3906 omtrailles,
1343 3840 1418 3907 C;
1477 3841 1647 3903 humi,
1699 3840 1797 3893 sed

180 3921 334 3980 altera
359 3927 524 3985 lectio
554 3929 768 3997 verior,
815 3936 876 3984 ut
911 3929 1121 3984 dictum
1150 3930 1225 3985 sit
1253 3929 1432 3997 humo,
1472 3946 1573 4000 pro
1605 3930 1660 3984 in
1693 3930 1799 3983 liu-

182 4033 278 4073 mo.
306 4020 427 4077 Haec
459 4032 655 4080 autem
684 4039 849 4094 pmna
890 4023 1153 4079 adulterae
1188 4024 1483 4080 constituta
1510 4031 1597 4079 est
1625 4041 1656 4078 a
1686 4024 1799 4079 Deo

179 4105 323 4163 Num.
354 4126 412 4165 γ.

839 4182 1047 4239 CAPUT
1066 4184 1133 4237 .L.

241 4269 688 4342 Compositionem
750 4276 878 4344 ﬁsco
936 4273 1193 4339 debitam,
1234 4288 1399 4343 quam
1453 4274 1541 4328 illi
1584 4274 1801 4342 fredum

175 4369 369 4431 vocant,
398 4383 435 4421 a
481 4382 541 4421 se
594 4368 774 4434 fuisse
822 4368 930 4421 reis
970 4367 1258 4421 indultum.
1315 4366 1547 4421 Rcstitui
1584 4368 1803 4435 fredum

177 4467 265 4522 pro
288 4458 517 4525 fretum,
563 4458 677 4514 etsi
708 4459 816 4514 hoc
854 4458 1017 4513 etiam
1049 4458 1216 4514 modo
1260 4459 1474 4534 legatur
1500 4459 1555 4513 in
1594 4472 1794 4513 excuso
1816 4450 1873 4519 D

176 4543 420 4621 Gregorio
451 4549 815 4616 Turonensi,
834 4550 994 4620 cujus
1029 4550 1297 4625 allegatur
1323 4551 1497 4615 locus,
1528 4550 1627 4605 sed
1660 4557 1715 4605 et
1739 4550 1794 4603 in

178 4637 346 4693 multis
372 4640 501 4696 aliis
533 4642 933 4714 eorrigendus,
964 4648 1024 4698 ut
1052 4642 1283 4714 patebit,
1331 4642 1377 4697 si
1408 4642 1533 4714 quis
1563 4658 1628 4697 ea
1674 4658 1796 4713 quae

176 4723 254 4781 hic
287 4729 456 4787 refert
508 4731 887 4799 Flodoardus,
937 4731 1185 4788 conferat
1212 4748 1335 4788 cum
1396 4732 1517 4788 loco
1547 4732 1795 4801 ejusdem

178 4812 430 4893 Gregorii.
481 4822 653 4878 Certe
694 4822 942 4878 Pithmus
979 4822 1037 4876 in
1087 4821 1363 4878 Glossario
1404 4821 1797 4892 Capitulorum,

171 4908 329 4967 verbo
383 4915 598 4982 Freda,
655 4913 970 4970 ctJacobus
1007 4913 1082 4968 du
1136 4912 1296 4992 Breul
1339 4912 1396 4968 in
1445 4912 1688 4967 adnotat.
1731 4911 1799 4965 ad

172 5007 281 5067 cap.
339 5001 404 5055 17
435 5001 543 5057 lib.
580 5019 615 5055 v
663 5000 924 5070 Aimoini,
966 5001 1204 5058 citantes
1250 5007 1507 5057 eumdem
1554 5000 1800 5075 Gregorii

2529 3334 2737 3391 CAPUT
2773 3334 2879 3388 LII.

1965 3435 2039 3486 De
2083 3430 2286 3485 sanctis
2337 3430 2528 3497 Ruﬁno
2558 3432 2608 3482 et
2667 3427 2885 3483 Valerio
2921 3425 3275 3494 martyribus.
3322 3424 3396 3478 De
3428 3422 3516 3477 his

1897 3518 2203 3586 Baronius,
2250 3516 2529 3572 Usuardus
2586 3522 2642 3571 et
2696 3515 2789 3569 alii
2842 3515 2897 3568 in
2948 3511 3371 3585 Martyrologiis,
3426 3511 3517 3566 die

1899 3610 1965 3663 14
1989 3606 2161 3662 Junii.

2506 3675 2713 3730 CAPUT
2767 3675 2881 3729 LIII

1969 3769 2158 3824 Subito
2179 3770 2465 3822 cernuatus
2496 3764 2705 3819 cecidit.
2731 3763 2856 3817 llaec
2882 3771 2964 3817 est
2991 3777 3117 3816 vera
3142 3760 3328 3827 lectio,
3352 3775 3519 3830 quam

1898 3856 2106 3911 habent
2148 3855 2183 3911 C
2216 3864 2271 3911 et
2296 3856 2347 3910 J.
2393 3854 2503 3908 Sed
2543 3852 2671 3925 quia
2723 3866 2833 3905 non
2868 3850 3168 3916 intellecta,
3223 3848 3429 3903 idcirco
3461 3848 3517 3902 in

1898 3951 2019 4006 aliis
2049 3949 2455 4020 exemplaribus
2481 3955 2565 4002 est
2595 3954 2822 4001 mutata.
2855 3946 3032 4001 Unum
3063 3943 3211 3998 enim
3242 3941 3375 4012 legit
3401 3956 3521 3994 cer-

1896 4041 2088 4094 natiis.
2124 4039 2183 4092 In
2213 4037 2257 4091 M
2281 4037 2575 4111 legebatur
2604 4035 3002 4100 consternatiis,
3037 4039 3091 4086 at
3120 4028 3327 4085 recenti
3352 4041 3521 4081 manu

1900 4140 2206 4188 correctum
2236 4133 2635 4193 consternatus,
2663 4126 2943 4199 quomodo
2970 4123 3189 4196 scripsit
3219 4121 3274 4175 S.
3305 4121 3397 4174 Est
3423 4135 3521 4173 au-

1902 4230 2012 4279 tem
2067 4237 2313 4286 cernuus,
2346 4220 2401 4274 id
2443 4228 2545 4287 est,
2578 4218 2634 4272 in
2674 4223 2882 4288 partem
2930 4214 3259 4270 anteriorem
3290 4209 3521 4265 inclina-

1906 4326 2034 4383 tus,
2088 4315 2175 4370 vel
2227 4314 2281 4368 in
2336 4320 2501 4384 caput
2558 4327 2744 4365 ruens.
2800 4309 2937 4362 llinc
2990 4307 3060 4362 ad
3115 4305 3247 4360 illud
3310 4301 3520 4377 Virgilii

1902 4407 2118 4462 lEneid.
2151 4423 2185 4460 x
2214 4424 2226 4459 :

2052 4518 2321 4578 Ercctoque
2337 4512 2585 4563 incumbit
2603 4526 2815 4562 cernuus
2842 4524 2979 4559 arvo.

1898 4624 1984 4679 Ait
2013 4622 2236 4678 Servius
2267 4639 2279 4674 :
2328 4641 2349 4669 ι
2395 4620 2642 4675 Cernuus
2680 4635 2855 4691 equus
2882 4618 3106 4685 dicitur,
3148 4616 3242 4688 qui
3287 4613 3436 4671 cadit
3467 4612 3522 4667 in

1900 4710 2121 4778 faciem,
2154 4709 2309 4782 quasi
2334 4709 2389 4763 in
2414 4724 2534 4763 eam
2568 4716 2776 4780 partem
2812 4722 2975 4779 quam
2998 4705 3292 4762 cernimus.
3326 4724 3357 4755 in
3389 4704 3526 4757 IIinc

1901 4817 1955 4864 et
1982 4806 2119 4862 illud
2146 4805 2203 4859 in
2237 4806 2440 4875 hymno
2466 4802 2723 4859 Ecclesiae
2757 4821 2770 4856 τ

2054 4923 2270 4972 Tantum
2293 4935 2406 4984 ergo
2438 4927 2804 4970 sacramentum

2057 5005 2367 5059 Veneremur
2392 5004 2580 5054 eernui.
