  <div class='ocr_page' id='page_1' title='image "/cluster/home/n/w/nwhite01/storage/ocr_20150623/135/hvd.32044054759956/209.png"; bbox 0 0 3938 6158; ppageno 0'>
   <div class='ocr_carea' id='block_1_1' title="bbox 499 215 601 272">
    <p class='ocr_par' dir='ltr' id='par_1_1' title="bbox 499 215 601 272">
     <span class='ocr_line' id='line_1_1' title="bbox 499 215 601 272; baseline 0 -1"><span class='ocrx_word' id='word_1_1' title='bbox 499 215 601 272; x_wconf 67' lang='grc'><strong>407</strong></span> 
     </span>
    </p>
   </div>
   <div class='ocr_carea' id='block_1_2' title="bbox 1546 215 3725 315">
    <p class='ocr_par' dir='ltr' id='par_1_2' title="bbox 1546 215 3725 315">
     <span class='ocr_line' id='line_1_2' title="bbox 1546 215 3725 315; baseline 0.011 -47"><span class='ocrx_word' id='word_1_2' title='bbox 1546 217 1630 270; x_wconf 80' lang='grc' dir='ltr'><strong>ΑΙ)</strong></span> <span class='ocrx_word' id='word_1_3' title='bbox 1672 215 2034 275; x_wconf 79' lang='lat' dir='ltr'><strong>HISTORIAM</strong></span> <span class='ocrx_word' id='word_1_4' title='bbox 2074 220 2399 278; x_wconf 83' lang='lat' dir='ltr'><strong>REMENSIS</strong></span> <span class='ocrx_word' id='word_1_5' title='bbox 2442 224 2788 282; x_wconf 66' lang='lat' dir='ltr'><strong>ECCLESIA‘I.</strong></span> <span class='ocrx_word' id='word_1_6' title='bbox 3645 260 3725 315; x_wconf 63' lang='grc' dir='ltr'><strong>ωε</strong></span> 
     </span>
    </p>
   </div>
   <div class='ocr_carea' id='block_1_3' title="bbox 573 342 3726 453">
    <p class='ocr_par' dir='ltr' id='par_1_3' title="bbox 573 342 3726 453">
     <span class='ocr_line' id='line_1_3' title="bbox 573 342 3726 453; baseline 0.018 -69"><span class='ocrx_word' id='word_1_7' title='bbox 573 343 693 397; x_wconf 62' lang='grc' dir='ltr'><strong>ΟΜ),</strong></span> <span class='ocrx_word' id='word_1_8' title='bbox 727 343 863 399; x_wconf 84' lang='lat' dir='ltr'><strong>V111.</strong></span> <span class='ocrx_word' id='word_1_9' title='bbox 897 344 1066 397; x_wconf 83' lang='lat' dir='ltr'><strong>Nemo</strong></span> <span class='ocrx_word' id='word_1_10' title='bbox 1100 347 1346 453; x_wconf 71' lang='lat' dir='ltr'><strong>tempore</strong></span> <span class='ocrx_word' id='word_1_11' title='bbox 1374 342 1817 419; x_wconf 77' lang='lat' dir='ltr'><strong>Quadragesimae</strong></span> <span class='ocrx_word' id='word_1_12' title='bbox 1840 349 2119 418; x_wconf 66' lang='lat' dir='ltr'><strong>pceniten~</strong></span> <span class='ocrx_word' id='word_1_13' title='bbox 2145 356 2195 424; x_wconf 83' lang='grc' dir='ltr'>Α</span> <span class='ocrx_word' id='word_1_14' title='bbox 2220 355 2450 424; x_wconf 79' lang='lat' dir='ltr'><strong>petenti,</strong></span> <span class='ocrx_word' id='word_1_15' title='bbox 2472 372 2712 429; x_wconf 84' lang='lat' dir='ltr'><strong>eumque</strong></span> <span class='ocrx_word' id='word_1_16' title='bbox 2744 367 2931 429; x_wconf 83' lang='lat' dir='ltr'><strong>pastor</strong></span> <span class='ocrx_word' id='word_1_17' title='bbox 2952 362 3007 417; x_wconf 91' lang='lat' dir='ltr'><strong>in</strong></span> <span class='ocrx_word' id='word_1_18' title='bbox 3036 366 3254 437; x_wconf 89' lang='lat' dir='ltr'><strong>pr0pria</strong></span> <span class='ocrx_word' id='word_1_19' title='bbox 3281 371 3465 441; x_wconf 70' lang='lat' dir='ltr'><strong>saepius</strong></span> <span class='ocrx_word' id='word_1_20' title='bbox 3490 376 3664 453; x_wconf 85' lang='lat' dir='ltr'><strong>inviset,</strong></span> <span class='ocrx_word' id='word_1_21' title='bbox 3686 397 3726 446; x_wconf 85' lang='lat' dir='ltr'><strong>et</strong></span> 
     </span>
    </p>
   </div>
   <div class='ocr_carea' id='block_1_4' title="bbox 501 435 2116 511">
    <p class='ocr_par' dir='ltr' id='par_1_4' title="bbox 501 435 2116 511">
     <span class='ocr_line' id='line_1_4' title="bbox 501 435 2116 511; baseline 0.006 -21"><span class='ocrx_word' id='word_1_22' title='bbox 501 436 634 491; x_wconf 92' lang='lat' dir='ltr'><strong>tium</strong></span> <span class='ocrx_word' id='word_1_23' title='bbox 685 435 1062 490; x_wconf 83' lang='lat' dir='ltr'><strong>confessiones</strong></span> <span class='ocrx_word' id='word_1_24' title='bbox 1101 435 1291 489; x_wconf 83' lang='lat' dir='ltr'>audiat</span> <span class='ocrx_word' id='word_1_25' title='bbox 1334 442 1531 506; x_wconf 83' lang='lat' dir='ltr'><strong>praeter</strong></span> <span class='ocrx_word' id='word_1_26' title='bbox 1588 446 1881 509; x_wconf 80' lang='lat' dir='ltr'><strong>pastorem.</strong></span> <span class='ocrx_word' id='word_1_27' title='bbox 1947 442 2116 511; x_wconf 83' lang='lat' dir='ltr'><strong>Hujus</strong></span> 
     </span>
    </p>
   </div>
   <div class='ocr_carea' id='block_1_5' title="bbox 500 524 2117 601">
    <p class='ocr_par' dir='ltr' id='par_1_5' title="bbox 500 524 2117 601">
     <span class='ocr_line' id='line_1_5' title="bbox 500 524 2117 601; baseline 0.005 -21"><span class='ocrx_word' id='word_1_28' title='bbox 500 525 646 580; x_wconf 89' lang='lat' dir='ltr'><strong>enim</strong></span> <span class='ocrx_word' id='word_1_29' title='bbox 680 524 906 579; x_wconf 85' lang='lat' dir='ltr'><strong>interest</strong></span> <span class='ocrx_word' id='word_1_30' title='bbox 927 541 1085 580; x_wconf 85' lang='lat' dir='ltr'><strong>ovem</strong></span> <span class='ocrx_word' id='word_1_31' title='bbox 1110 541 1529 600; x_wconf 82' lang='lat' dir='ltr'><strong>recognoscere,</strong></span> <span class='ocrx_word' id='word_1_32' title='bbox 1557 544 1654 599; x_wconf 89' lang='lat' dir='ltr'><strong>pro</strong></span> <span class='ocrx_word' id='word_1_33' title='bbox 1686 545 1793 601; x_wconf 89' lang='lat' dir='ltr'><strong>qua</strong></span> <span class='ocrx_word' id='word_1_34' title='bbox 1819 548 1971 587; x_wconf 91' lang='lat' dir='ltr'><strong>suam</strong></span> <span class='ocrx_word' id='word_1_35' title='bbox 1993 534 2117 588; x_wconf 90' lang='lat' dir='ltr'><strong>ani-</strong></span> 
     </span>
    </p>
   </div>
   <div class='ocr_carea' id='block_1_6' title="bbox 500 614 1180 669">
    <p class='ocr_par' dir='ltr' id='par_1_6' title="bbox 500 614 1180 669">
     <span class='ocr_line' id='line_1_6' title="bbox 500 614 1180 669; baseline -0.003 -1"><span class='ocrx_word' id='word_1_36' title='bbox 500 630 643 668; x_wconf 90' lang='lat' dir='ltr'><strong>mam</strong></span> <span class='ocrx_word' id='word_1_37' title='bbox 669 614 902 669; x_wconf 71' lang='lat' dir='ltr'><strong>Imnerat</strong></span> <span class='ocrx_word' id='word_1_38' title='bbox 931 614 1180 669; x_wconf 92' lang='lat' dir='ltr'><strong>Domino.</strong></span> 
     </span>
    </p>
   </div>
   <div class='ocr_carea' id='block_1_7' title="bbox 572 703 2117 771">
    <p class='ocr_par' dir='ltr' id='par_1_7' title="bbox 572 703 2117 771">
     <span class='ocr_line' id='line_1_7' title="bbox 572 703 2117 771; baseline 0.01 -15"><span class='ocrx_word' id='word_1_39' title='bbox 572 703 695 760; x_wconf 82' lang='lat' dir='ltr'><strong>CAP.</strong></span> <span class='ocrx_word' id='word_1_40' title='bbox 726 704 812 759; x_wconf 89' lang='lat' dir='ltr'><strong>IX.</strong></span> <span class='ocrx_word' id='word_1_41' title='bbox 866 705 1280 761; x_wconf 86' lang='lat' dir='ltr'><strong>Sacrosanctam</strong></span> <span class='ocrx_word' id='word_1_42' title='bbox 1323 708 1713 764; x_wconf 82' lang='lat' dir='ltr'><strong>eucharistiam</strong></span> <span class='ocrx_word' id='word_1_43' title='bbox 1745 714 2001 769; x_wconf 83' lang='lat' dir='ltr'><strong>sacerdos</strong></span> <span class='ocrx_word' id='word_1_44' title='bbox 2031 732 2117 771; x_wconf 90' lang='lat' dir='ltr'><strong>ce-</strong></span> 
     </span>
    </p>
   </div>
   <div class='ocr_carea' id='block_1_8' title="bbox 497 798 2114 871">
    <p class='ocr_par' dir='ltr' id='par_1_8' title="bbox 497 798 2114 871">
     <span class='ocr_line' id='line_1_8' title="bbox 497 798 2114 871; baseline 0.007 -19"><span class='ocrx_word' id='word_1_45' title='bbox 497 798 805 853; x_wconf 87' lang='lat' dir='ltr'><strong>lebraturus</strong></span> <span class='ocrx_word' id='word_1_46' title='bbox 852 814 910 853; x_wconf 92' lang='lat' dir='ltr'><strong>se</strong></span> <span class='ocrx_word' id='word_1_47' title='bbox 960 806 1249 870; x_wconf 72' lang='lat' dir='ltr'><strong>przeparet,</strong></span> <span class='ocrx_word' id='word_1_48' title='bbox 1292 806 1345 854; x_wconf 90' lang='lat' dir='ltr'><strong>et</strong></span> <span class='ocrx_word' id='word_1_49' title='bbox 1383 801 1595 871; x_wconf 89' lang='lat' dir='ltr'><strong>probet,</strong></span> <span class='ocrx_word' id='word_1_50' title='bbox 1638 810 1780 860; x_wconf 88' lang='lat' dir='ltr'><strong>etut</strong></span> <span class='ocrx_word' id='word_1_51' title='bbox 1823 806 2114 864; x_wconf 89' lang='lat' dir='ltr'><strong>minimum</strong></span> 
     </span>
    </p>
   </div>
   <div class='ocr_carea' id='block_1_9' title="bbox 498 893 1192 949">
    <p class='ocr_par' dir='ltr' id='par_1_9' title="bbox 498 893 1192 949">
     <span class='ocr_line' id='line_1_9' title="bbox 498 893 1192 949; baseline -0.001 -1"><span class='ocrx_word' id='word_1_52' title='bbox 498 894 583 948; x_wconf 89' lang='lat' dir='ltr'><strong>bis</strong></span> <span class='ocrx_word' id='word_1_53' title='bbox 614 894 669 947; x_wconf 90' lang='lat' dir='ltr'><strong>in</strong></span> <span class='ocrx_word' id='word_1_54' title='bbox 697 909 889 949; x_wconf 87' lang='lat' dir='ltr'>mense</span> <span class='ocrx_word' id='word_1_55' title='bbox 919 893 973 948; x_wconf 98' lang='lat' dir='ltr'><strong>id</strong></span> <span class='ocrx_word' id='word_1_56' title='bbox 1012 894 1192 949; x_wconf 84' lang='lat' dir='ltr'><strong>faciat.</strong></span> 
     </span>
    </p>
   </div>
   <div class='ocr_carea' id='block_1_10' title="bbox 569 987 2116 1063">
    <p class='ocr_par' dir='ltr' id='par_1_10' title="bbox 569 987 2116 1063">
     <span class='ocr_line' id='line_1_10' title="bbox 569 987 2116 1063; baseline 0.005 -20"><span class='ocrx_word' id='word_1_57' title='bbox 569 987 693 1043; x_wconf 78' lang='lat' dir='ltr'><strong>CAP.</strong></span> <span class='ocrx_word' id='word_1_58' title='bbox 729 988 807 1044; x_wconf 86' lang='lat' dir='ltr'><strong>X.</strong></span> <span class='ocrx_word' id='word_1_59' title='bbox 842 989 1067 1043; x_wconf 88' lang='lat' dir='ltr'><strong>Feratur</strong></span> <span class='ocrx_word' id='word_1_60' title='bbox 1115 989 1336 1063; x_wconf 66' lang='lat' dir='ltr'><strong>segrotis</strong></span> <span class='ocrx_word' id='word_1_61' title='bbox 1369 1005 1496 1044; x_wconf 87' lang='lat' dir='ltr'><strong>vase</strong></span> <span class='ocrx_word' id='word_1_62' title='bbox 1525 990 1780 1059; x_wconf 90' lang='lat' dir='ltr'><strong>honesto,</strong></span> <span class='ocrx_word' id='word_1_63' title='bbox 1823 998 1876 1047; x_wconf 90' lang='lat' dir='ltr'><strong>et</strong></span> <span class='ocrx_word' id='word_1_64' title='bbox 1907 993 2116 1050; x_wconf 87' lang='lat' dir='ltr'><strong>lumine</strong></span> 
     </span>
    </p>
   </div>
   <div class='ocr_carea' id='block_1_11' title="bbox 498 1080 2117 1162">
    <p class='ocr_par' dir='ltr' id='par_1_11' title="bbox 498 1080 2117 1162">
     <span class='ocr_line' id='line_1_11' title="bbox 498 1080 2117 1162; baseline 0.006 -28"><span class='ocrx_word' id='word_1_65' title='bbox 498 1080 884 1149; x_wconf 86' lang='lat' dir='ltr'><strong>antecedente,</strong></span> <span class='ocrx_word' id='word_1_66' title='bbox 917 1087 971 1136; x_wconf 89' lang='lat' dir='ltr'><strong>et</strong></span> <span class='ocrx_word' id='word_1_67' title='bbox 999 1092 1279 1152; x_wconf 76' lang='lat' dir='ltr'><strong>praeeunte</strong></span> <span class='ocrx_word' id='word_1_68' title='bbox 1311 1101 1325 1150; x_wconf 91' lang='lat'><strong>;</strong></span> <span class='ocrx_word' id='word_1_69' title='bbox 1359 1090 1412 1137; x_wconf 90' lang='lat' dir='ltr'><strong>et</strong></span> <span class='ocrx_word' id='word_1_70' title='bbox 1441 1084 1757 1156; x_wconf 88' lang='lat' dir='ltr'><strong>quicunque</strong></span> <span class='ocrx_word' id='word_1_71' title='bbox 1778 1089 2117 1162; x_wconf 80' lang='lat' dir='ltr'><strong>peregrinari</strong></span> 
     </span>
    </p>
   </div>
   <div class='ocr_carea' id='block_1_12' title="bbox 496 1175 1624 1249">
    <p class='ocr_par' dir='ltr' id='par_1_12' title="bbox 496 1175 1624 1249">
     <span class='ocr_line' id='line_1_12' title="bbox 496 1175 1624 1249; baseline 0.003 -18"><span class='ocrx_word' id='word_1_72' title='bbox 496 1175 710 1243; x_wconf 88' lang='lat' dir='ltr'><strong>volunt,</strong></span> <span class='ocrx_word' id='word_1_73' title='bbox 738 1175 878 1230; x_wconf 89' lang='lat' dir='ltr'><strong>illud</strong></span> <span class='ocrx_word' id='word_1_74' title='bbox 905 1176 974 1229; x_wconf 88' lang='lat' dir='ltr'><strong>ad</strong></span> <span class='ocrx_word' id='word_1_75' title='bbox 1005 1176 1262 1231; x_wconf 88' lang='lat' dir='ltr'><strong>viaticum</strong></span> <span class='ocrx_word' id='word_1_76' title='bbox 1304 1178 1624 1249; x_wconf 89' lang='lat' dir='ltr'><strong>suscipiant.</strong></span> 
     </span>
    </p>
   </div>
   <div class='ocr_carea' id='block_1_13' title="bbox 573 1270 2118 1351">
    <p class='ocr_par' dir='ltr' id='par_1_13' title="bbox 573 1270 2118 1351">
     <span class='ocr_line' id='line_1_13' title="bbox 573 1270 2118 1351; baseline 0.005 -27"><span class='ocrx_word' id='word_1_77' title='bbox 573 1270 695 1351; x_wconf 74' lang='lat' dir='ltr'><strong>CAP.</strong></span> <span class='ocrx_word' id='word_1_78' title='bbox 730 1272 816 1325; x_wconf 89' lang='lat' dir='ltr'><strong>XI.</strong></span> <span class='ocrx_word' id='word_1_79' title='bbox 850 1272 915 1326; x_wconf 89' lang='lat' dir='ltr'><strong>Et</strong></span> <span class='ocrx_word' id='word_1_80' title='bbox 943 1288 1040 1326; x_wconf 91' lang='lat' dir='ltr'><strong>cur</strong></span> <span class='ocrx_word' id='word_1_81' title='bbox 1070 1273 1139 1326; x_wconf 88' lang='lat' dir='ltr'><strong>ad</strong></span> <span class='ocrx_word' id='word_1_82' title='bbox 1171 1280 1403 1328; x_wconf 90' lang='lat' dir='ltr'><strong>mortem</strong></span> <span class='ocrx_word' id='word_1_83' title='bbox 1444 1275 1823 1331; x_wconf 90' lang='lat' dir='ltr'><strong>condemnatis</strong></span> <span class='ocrx_word' id='word_1_84' title='bbox 1850 1275 2118 1346; x_wconf 83' lang='lat' dir='ltr'><strong>renuitur,</strong></span> 
     </span>
    </p>
   </div>
   <div class='ocr_carea' id='block_1_14' title="bbox 497 1367 2116 1441">
    <p class='ocr_par' dir='ltr' id='par_1_14' title="bbox 497 1367 2116 1441">
     <span class='ocr_line' id='line_1_14' title="bbox 497 1367 2116 1441; baseline 0.004 -19"><span class='ocrx_word' id='word_1_85' title='bbox 497 1382 627 1422; x_wconf 88' lang='lat' dir='ltr'><strong>cum</strong></span> <span class='ocrx_word' id='word_1_86' title='bbox 677 1367 743 1420; x_wconf 85' lang='lat' dir='ltr'><strong>iis</strong></span> <span class='ocrx_word' id='word_1_87' title='bbox 775 1367 1009 1422; x_wconf 78' lang='lat' dir='ltr'><strong>maxime</strong></span> <span class='ocrx_word' id='word_1_88' title='bbox 1062 1369 1336 1424; x_wconf 88' lang='lat' dir='ltr'><strong>conducat</strong></span> <span class='ocrx_word' id='word_1_89' title='bbox 1385 1371 1452 1424; x_wconf 92' lang='lat' dir='ltr'><strong>ad</strong></span> <span class='ocrx_word' id='word_1_90' title='bbox 1501 1387 1655 1441; x_wconf 85' lang='lat' dir='ltr'><strong>spem</strong></span> <span class='ocrx_word' id='word_1_91' title='bbox 1697 1381 1751 1428; x_wconf 91' lang='lat' dir='ltr'><strong>et</strong></span> <span class='ocrx_word' id='word_1_92' title='bbox 1794 1389 2116 1429; x_wconf 90' lang='lat' dir='ltr'><strong>sccuramcn</strong></span> 
     </span>
    </p>
   </div>
   <div class='ocr_carea' id='block_1_15' title="bbox 498 1461 1588 1537">
    <p class='ocr_par' dir='ltr' id='par_1_15' title="bbox 498 1461 1588 1537">
     <span class='ocr_line' id='line_1_15' title="bbox 498 1461 1588 1537; baseline 0.006 -23"><span class='ocrx_word' id='word_1_93' title='bbox 498 1461 630 1515; x_wconf 89' lang='lat' dir='ltr'><strong>certi</strong></span> <span class='ocrx_word' id='word_1_94' title='bbox 660 1462 941 1529; x_wconf 90' lang='lat' dir='ltr'><strong>decessus,</strong></span> <span class='ocrx_word' id='word_1_95' title='bbox 984 1468 1037 1517; x_wconf 89' lang='lat' dir='ltr'><strong>et</strong></span> <span class='ocrx_word' id='word_1_96' title='bbox 1058 1464 1348 1534; x_wconf 69' lang='lat' dir='ltr'><strong>praesentis</strong></span> <span class='ocrx_word' id='word_1_97' title='bbox 1378 1466 1588 1537; x_wconf 87' lang='lat' dir='ltr'><strong>agonis.</strong></span> 
     </span>
    </p>
   </div>
   <div class='ocr_carea' id='block_1_16' title="bbox 569 1554 2116 1630">
    <p class='ocr_par' dir='ltr' id='par_1_16' title="bbox 569 1554 2116 1630">
     <span class='ocr_line' id='line_1_16' title="bbox 569 1554 2116 1630; baseline 0.006 -22"><span class='ocrx_word' id='word_1_98' title='bbox 569 1554 692 1609; x_wconf 78' lang='lat' dir='ltr'><strong>CAP.</strong></span> <span class='ocrx_word' id='word_1_99' title='bbox 724 1555 838 1610; x_wconf 73' lang='lat' dir='ltr'><strong>Xl-I.</strong></span> <span class='ocrx_word' id='word_1_100' title='bbox 888 1555 987 1621; x_wconf 84' lang='lat' dir='ltr'><strong>Qui</strong></span> <span class='ocrx_word' id='word_1_101' title='bbox 1036 1558 1104 1611; x_wconf 91' lang='lat' dir='ltr'><strong>ad</strong></span> <span class='ocrx_word' id='word_1_102' title='bbox 1137 1559 1363 1613; x_wconf 89' lang='lat' dir='ltr'><strong>ordines</strong></span> <span class='ocrx_word' id='word_1_103' title='bbox 1392 1561 1700 1630; x_wconf 90' lang='lat' dir='ltr'><strong>promoveri</strong></span> <span class='ocrx_word' id='word_1_104' title='bbox 1753 1562 1966 1629; x_wconf 91' lang='lat' dir='ltr'><strong>volunt,</strong></span> <span class='ocrx_word' id='word_1_105' title='bbox 2017 1563 2116 1617; x_wconf 84' lang='lat' dir='ltr'><strong>ha-</strong></span> 
     </span>
    </p>
   </div>
   <div class='ocr_carea' id='block_1_17' title="bbox 414 1645 2113 1724">
    <p class='ocr_par' dir='ltr' id='par_1_17' title="bbox 414 1645 2113 1724">
     <span class='ocr_line' id='line_1_17' title="bbox 414 1645 2113 1724; baseline 0.006 -25"><span class='ocrx_word' id='word_1_106' title='bbox 414 1658 418 1663; x_wconf 79' lang='lat'><em>&#39;</em></span> <span class='ocrx_word' id='word_1_107' title='bbox 496 1646 664 1701; x_wconf 88' lang='lat' dir='ltr'><strong>beant</strong></span> <span class='ocrx_word' id='word_1_108' title='bbox 694 1645 1026 1702; x_wconf 89' lang='lat' dir='ltr'><strong>beneﬁcium</strong></span> <span class='ocrx_word' id='word_1_109' title='bbox 1060 1648 1129 1703; x_wconf 88' lang='lat' dir='ltr'><strong>ad</strong></span> <span class='ocrx_word' id='word_1_110' title='bbox 1159 1647 1476 1703; x_wconf 87' lang='lat' dir='ltr'><strong>alimoniam</strong></span> <span class='ocrx_word' id='word_1_111' title='bbox 1508 1649 1809 1718; x_wconf 87' lang='lat' dir='ltr'><strong>sufﬁciens,</strong></span> <span class='ocrx_word' id='word_1_112' title='bbox 1839 1652 2006 1724; x_wconf 89' lang='lat' dir='ltr'><strong>idque</strong></span> <span class='ocrx_word' id='word_1_113' title='bbox 2046 1657 2113 1710; x_wconf 89' lang='lat' dir='ltr'><strong>ad</strong></span> 
     </span>
    </p>
   </div>
   <div class='ocr_carea' id='block_1_18' title="bbox 495 1738 2003 1812">
    <p class='ocr_par' dir='ltr' id='par_1_18' title="bbox 495 1738 2003 1812">
     <span class='ocr_line' id='line_1_18' title="bbox 495 1738 2003 1812; baseline 0.006 -19"><span class='ocrx_word' id='word_1_114' title='bbox 495 1738 957 1794; x_wconf 87' lang='lat' dir='ltr'><strong>examinationem</strong></span> <span class='ocrx_word' id='word_1_115' title='bbox 989 1741 1230 1797; x_wconf 89' lang='lat' dir='ltr'><strong>virorum</strong></span> <span class='ocrx_word' id='word_1_116' title='bbox 1264 1742 1560 1811; x_wconf 90' lang='lat' dir='ltr'><strong>proborum</strong></span> <span class='ocrx_word' id='word_1_117' title='bbox 1593 1751 1649 1799; x_wconf 91' lang='lat' dir='ltr'><strong>et</strong></span> <span class='ocrx_word' id='word_1_118' title='bbox 1673 1744 2003 1812; x_wconf 89' lang='lat' dir='ltr'><strong>jnratorum.</strong></span> 
     </span>
    </p>
   </div>
   <div class='ocr_carea' id='block_1_19' title="bbox 571 1832 2113 1907">
    <p class='ocr_par' dir='ltr' id='par_1_19' title="bbox 571 1832 2113 1907">
     <span class='ocr_line' id='line_1_19' title="bbox 571 1832 2113 1907; baseline 0.01 -24"><span class='ocrx_word' id='word_1_119' title='bbox 571 1832 692 1888; x_wconf 73' lang='lat' dir='ltr'><strong>CAP.</strong></span> <span class='ocrx_word' id='word_1_120' title='bbox 725 1833 865 1890; x_wconf 88' lang='lat' dir='ltr'><strong>XIII.</strong></span> <span class='ocrx_word' id='word_1_121' title='bbox 906 1834 1048 1889; x_wconf 90' lang='lat' dir='ltr'><strong>Nulli</strong></span> <span class='ocrx_word' id='word_1_122' title='bbox 1083 1842 1306 1889; x_wconf 88' lang='lat' dir='ltr'><strong>tonsura</strong></span> <span class='ocrx_word' id='word_1_123' title='bbox 1335 1836 1517 1904; x_wconf 85' lang='lat' dir='ltr'><strong>detur,</strong></span> <span class='ocrx_word' id='word_1_124' title='bbox 1566 1838 1672 1891; x_wconf 87' lang='lat' dir='ltr'><strong>nisi</strong></span> <span class='ocrx_word' id='word_1_125' title='bbox 1702 1838 1926 1907; x_wconf 91' lang='lat' dir='ltr'><strong>idoneo,</strong></span> <span class='ocrx_word' id='word_1_126' title='bbox 1961 1850 2014 1897; x_wconf 91' lang='lat' dir='ltr'><strong>et</strong></span> <span class='ocrx_word' id='word_1_127' title='bbox 2045 1844 2113 1897; x_wconf 83' lang='lat' dir='ltr'><strong>ad</strong></span> 
     </span>
    </p>
   </div>
   <div class='ocr_carea' id='block_1_20' title="bbox 498 1925 2113 1999">
    <p class='ocr_par' dir='ltr' id='par_1_20' title="bbox 498 1925 2113 1999">
     <span class='ocr_line' id='line_1_20' title="bbox 498 1925 2113 1999; baseline 0.006 -21"><span class='ocrx_word' id='word_1_128' title='bbox 498 1939 681 1979; x_wconf 90' lang='lat' dir='ltr'><strong>sacros</strong></span> <span class='ocrx_word' id='word_1_129' title='bbox 727 1925 949 1979; x_wconf 88' lang='lat' dir='ltr'><strong>ordines</strong></span> <span class='ocrx_word' id='word_1_130' title='bbox 987 1932 1177 1996; x_wconf 88' lang='lat' dir='ltr'><strong>postea</strong></span> <span class='ocrx_word' id='word_1_131' title='bbox 1224 1928 1581 1997; x_wconf 85' lang='lat' dir='ltr'><strong>probabiliter</strong></span> <span class='ocrx_word' id='word_1_132' title='bbox 1623 1946 1939 1989; x_wconf 90' lang='lat' dir='ltr'><strong>ascensuro.</strong></span> <span class='ocrx_word' id='word_1_133' title='bbox 1973 1934 2113 1999; x_wconf 87' lang='lat' dir='ltr'><strong>Quid</strong></span> 
     </span>
    </p>
   </div>
   <div class='ocr_carea' id='block_1_21' title="bbox 478 2019 2111 2098">
    <p class='ocr_par' dir='ltr' id='par_1_21' title="bbox 478 2019 2111 2098">
     <span class='ocr_line' id='line_1_21' title="bbox 478 2019 2111 2098; baseline 0.006 -25"><span class='ocrx_word' id='word_1_134' title='bbox 478 2034 639 2089; x_wconf 53' lang='lat' dir='ltr'><strong>“Opus</strong></span> <span class='ocrx_word' id='word_1_135' title='bbox 667 2019 815 2074; x_wconf 92' lang='lat' dir='ltr'><strong>enim</strong></span> <span class='ocrx_word' id='word_1_136' title='bbox 861 2020 1082 2075; x_wconf 89' lang='lat' dir='ltr'><strong>mittere</strong></span> <span class='ocrx_word' id='word_1_137' title='bbox 1113 2037 1313 2091; x_wconf 90' lang='lat' dir='ltr'><strong>panem</strong></span> <span class='ocrx_word' id='word_1_138' title='bbox 1352 2022 1586 2078; x_wconf 89' lang='lat' dir='ltr'><strong>ﬁliorum</strong></span> <span class='ocrx_word' id='word_1_139' title='bbox 1633 2025 1863 2080; x_wconf 89' lang='lat' dir='ltr'><strong>canibus</strong></span> <span class='ocrx_word' id='word_1_140' title='bbox 1893 2027 2111 2098; x_wconf 77' lang='lat' dir='ltr'><strong>(Matth.</strong></span> 
     </span>
    </p>
   </div>
   <div class='ocr_carea' id='block_1_22' title="bbox 498 2110 1680 2181">
    <p class='ocr_par' dir='ltr' id='par_1_22' title="bbox 498 2110 1680 2181">
     <span class='ocr_line' id='line_1_22' title="bbox 498 2110 1680 2181; baseline 0.004 -18"><span class='ocrx_word' id='word_1_141' title='bbox 498 2110 645 2180; x_wconf 84' lang='lat' dir='ltr'><strong>xxv),</strong></span> <span class='ocrx_word' id='word_1_142' title='bbox 679 2117 731 2164; x_wconf 87' lang='lat' dir='ltr'><strong>et</strong></span> <span class='ocrx_word' id='word_1_143' title='bbox 757 2110 1024 2181; x_wconf 84' lang='lat' dir='ltr'><strong>spiritalia</strong></span> <span class='ocrx_word' id='word_1_144' title='bbox 1052 2113 1244 2167; x_wconf 90' lang='lat' dir='ltr'><strong>mundi</strong></span> <span class='ocrx_word' id='word_1_145' title='bbox 1282 2115 1616 2170; x_wconf 85' lang='lat' dir='ltr'><strong>amatoribus</strong></span> <span class='ocrx_word' id='word_1_146' title='bbox 1652 2115 1680 2168; x_wconf 81' lang='lat'><strong>?</strong></span> 
     </span>
    </p>
   </div>
   <div class='ocr_carea' id='block_1_23' title="bbox 567 2201 2111 2281">
    <p class='ocr_par' dir='ltr' id='par_1_23' title="bbox 567 2201 2111 2281">
     <span class='ocr_line' id='line_1_23' title="bbox 567 2201 2111 2281; baseline 0.007 -26"><span class='ocrx_word' id='word_1_147' title='bbox 567 2201 693 2256; x_wconf 78' lang='lat' dir='ltr'><strong>CAP.</strong></span> <span class='ocrx_word' id='word_1_148' title='bbox 726 2203 854 2257; x_wconf 85' lang='lat' dir='ltr'><strong>XIV.</strong></span> <span class='ocrx_word' id='word_1_149' title='bbox 886 2203 944 2256; x_wconf 89' lang='lat' dir='ltr'><strong>In</strong></span> <span class='ocrx_word' id='word_1_150' title='bbox 979 2204 1326 2260; x_wconf 87' lang='lat' dir='ltr'><strong>matrimonio</strong></span> <span class='ocrx_word' id='word_1_151' title='bbox 1361 2205 1541 2281; x_wconf 84' lang='lat' dir='ltr'><strong>imago</strong></span> <span class='ocrx_word' id='word_1_152' title='bbox 1574 2214 1747 2262; x_wconf 88' lang='lat' dir='ltr'><strong>exstat</strong></span> <span class='ocrx_word' id='word_1_153' title='bbox 1776 2213 2111 2267; x_wconf 89' lang='lat' dir='ltr'><strong>sacrosancti</strong></span> 
     </span>
    </p>
   </div>
   <div class='ocr_carea' id='block_1_24' title="bbox 494 2292 2107 2374">
    <p class='ocr_par' dir='ltr' id='par_1_24' title="bbox 494 2292 2107 2374">
     <span class='ocr_line' id='line_1_24' title="bbox 494 2292 2107 2374; baseline 0.006 -27"><span class='ocrx_word' id='word_1_154' title='bbox 494 2292 737 2366; x_wconf 88' lang='lat' dir='ltr'><strong>conjugii</strong></span> <span class='ocrx_word' id='word_1_155' title='bbox 764 2293 904 2348; x_wconf 90' lang='lat' dir='ltr'><strong>inter</strong></span> <span class='ocrx_word' id='word_1_156' title='bbox 924 2293 1192 2350; x_wconf 88' lang='lat' dir='ltr'><strong>Christum</strong></span> <span class='ocrx_word' id='word_1_157' title='bbox 1215 2301 1269 2349; x_wconf 89' lang='lat' dir='ltr'><strong>et</strong></span> <span class='ocrx_word' id='word_1_158' title='bbox 1288 2295 1587 2351; x_wconf 87' lang='lat' dir='ltr'><strong>Ecclesiam</strong></span> <span class='ocrx_word' id='word_1_159' title='bbox 1613 2298 1759 2353; x_wconf 87' lang='lat' dir='ltr'><strong>enati</strong></span> <span class='ocrx_word' id='word_1_160' title='bbox 1776 2302 1990 2370; x_wconf 84' lang='lat' dir='ltr'><strong>(Ephes.</strong></span> <span class='ocrx_word' id='word_1_161' title='bbox 2028 2304 2107 2374; x_wconf 83' lang='lat' dir='ltr'><strong>v);</strong></span> 
     </span>
    </p>
   </div>
   <div class='ocr_carea' id='block_1_25' title="bbox 492 2387 2111 2466">
    <p class='ocr_par' dir='ltr' id='par_1_25' title="bbox 492 2387 2111 2466">
     <span class='ocr_line' id='line_1_25' title="bbox 492 2387 2111 2466; baseline 0.006 -25"><span class='ocrx_word' id='word_1_162' title='bbox 492 2387 732 2459; x_wconf 88' lang='lat' dir='ltr'><strong>ideoque</strong></span> <span class='ocrx_word' id='word_1_163' title='bbox 750 2388 1029 2444; x_wconf 88' lang='lat' dir='ltr'><strong>vinculnm</strong></span> <span class='ocrx_word' id='word_1_164' title='bbox 1053 2396 1137 2445; x_wconf 93' lang='lat' dir='ltr'><strong>est</strong></span> <span class='ocrx_word' id='word_1_165' title='bbox 1165 2391 1433 2446; x_wconf 90' lang='lat' dir='ltr'><strong>divinitus</strong></span> <span class='ocrx_word' id='word_1_166' title='bbox 1461 2390 1754 2461; x_wconf 75' lang='lat' dir='ltr'><strong>limatum,</strong></span> <span class='ocrx_word' id='word_1_167' title='bbox 1787 2395 1936 2466; x_wconf 90' lang='lat' dir='ltr'><strong>quod</strong></span> <span class='ocrx_word' id='word_1_168' title='bbox 1968 2397 2111 2452; x_wconf 90' lang='lat' dir='ltr'><strong>mul-</strong></span> 
     </span>
    </p>
   </div>
   <div class='ocr_carea' id='block_1_26' title="bbox 492 2482 2111 2562">
    <p class='ocr_par' dir='ltr' id='par_1_26' title="bbox 492 2482 2111 2562">
     <span class='ocr_line' id='line_1_26' title="bbox 492 2482 2111 2562; baseline 0.007 -26"><span class='ocrx_word' id='word_1_169' title='bbox 492 2488 606 2537; x_wconf 92' lang='lat' dir='ltr'><strong>tum</strong></span> <span class='ocrx_word' id='word_1_170' title='bbox 637 2482 846 2537; x_wconf 88' lang='lat' dir='ltr'><strong>confert</strong></span> <span class='ocrx_word' id='word_1_171' title='bbox 874 2484 942 2539; x_wconf 88' lang='lat' dir='ltr'><strong>ad</strong></span> <span class='ocrx_word' id='word_1_172' title='bbox 989 2484 1307 2540; x_wconf 86' lang='lat' dir='ltr'><strong>felicitatem</strong></span> <span class='ocrx_word' id='word_1_173' title='bbox 1353 2486 1430 2540; x_wconf 91' lang='lat' dir='ltr'><strong>rei</strong></span> <span class='ocrx_word' id='word_1_174' title='bbox 1466 2484 1771 2555; x_wconf 89' lang='lat' dir='ltr'><strong>familiaris,</strong></span> <span class='ocrx_word' id='word_1_175' title='bbox 1819 2490 1885 2544; x_wconf 89' lang='lat' dir='ltr'><strong>ad</strong></span> <span class='ocrx_word' id='word_1_176' title='bbox 1918 2508 2111 2562; x_wconf 89' lang='lat' dir='ltr'><strong>pacem</strong></span> 
     </span>
    </p>
   </div>
   <div class='ocr_carea' id='block_1_27' title="bbox 490 2575 1698 2652">
    <p class='ocr_par' dir='ltr' id='par_1_27' title="bbox 490 2575 1698 2652">
     <span class='ocr_line' id='line_1_27' title="bbox 490 2575 1698 2652; baseline 0.007 -22"><span class='ocrx_word' id='word_1_177' title='bbox 490 2575 632 2631; x_wconf 91' lang='lat' dir='ltr'><strong>inter</strong></span> <span class='ocrx_word' id='word_1_178' title='bbox 662 2583 863 2647; x_wconf 89' lang='lat' dir='ltr'><strong>partes,</strong></span> <span class='ocrx_word' id='word_1_179' title='bbox 897 2586 950 2633; x_wconf 90' lang='lat' dir='ltr'><strong>et</strong></span> <span class='ocrx_word' id='word_1_180' title='bbox 980 2579 1048 2633; x_wconf 89' lang='lat' dir='ltr'><strong>ad</strong></span> <span class='ocrx_word' id='word_1_181' title='bbox 1081 2580 1262 2650; x_wconf 89' lang='lat' dir='ltr'><strong>proles</strong></span> <span class='ocrx_word' id='word_1_182' title='bbox 1291 2581 1698 2652; x_wconf 89' lang='lat' dir='ltr'><strong>suscipiendas.</strong></span> 
     </span>
    </p>
   </div>
   <div class='ocr_carea' id='block_1_28' title="bbox 563 2666 2114 2734">
    <p class='ocr_par' dir='ltr' id='par_1_28' title="bbox 563 2666 2114 2734">
     <span class='ocr_line' id='line_1_28' title="bbox 563 2666 2114 2734; baseline 0.008 -13"><span class='ocrx_word' id='word_1_183' title='bbox 563 2666 688 2724; x_wconf 74' lang='lat' dir='ltr'><strong>CAP.</strong></span> <span class='ocrx_word' id='word_1_184' title='bbox 747 2668 852 2724; x_wconf 88' lang='lat' dir='ltr'><strong>XV.</strong></span> <span class='ocrx_word' id='word_1_185' title='bbox 884 2669 1135 2725; x_wconf 87' lang='lat' dir='ltr'><strong>Extrema</strong></span> <span class='ocrx_word' id='word_1_186' title='bbox 1165 2672 1355 2727; x_wconf 89' lang='lat' dir='ltr'><strong>unctio</strong></span> <span class='ocrx_word' id='word_1_187' title='bbox 1412 2670 1695 2729; x_wconf 85' lang='lat' dir='ltr'><strong>deferatur</strong></span> <span class='ocrx_word' id='word_1_188' title='bbox 1736 2675 2003 2732; x_wconf 89' lang='lat' dir='ltr'><strong>laboranti</strong></span> <span class='ocrx_word' id='word_1_189' title='bbox 2061 2686 2114 2734; x_wconf 90' lang='lat' dir='ltr'><strong>et</strong></span> 
     </span>
    </p>
   </div>
   <div class='ocr_carea' id='block_1_29' title="bbox 2216 448 3729 542">
    <p class='ocr_par' dir='ltr' id='par_1_29' title="bbox 2216 448 3729 542">
     <span class='ocr_line' id='line_1_29' title="bbox 2216 448 3729 542; baseline 0.026 -48"><span class='ocrx_word' id='word_1_190' title='bbox 2216 449 2306 521; x_wconf 76' lang='lat' dir='ltr'><strong>pie</strong></span> <span class='ocrx_word' id='word_1_191' title='bbox 2337 448 2537 517; x_wconf 80' lang='lat' dir='ltr'><strong>visitet,</strong></span> <span class='ocrx_word' id='word_1_192' title='bbox 2570 465 2695 504; x_wconf 91' lang='lat' dir='ltr'><strong>eum</strong></span> <span class='ocrx_word' id='word_1_193' title='bbox 2747 453 2817 507; x_wconf 90' lang='lat' dir='ltr'><strong>ad</strong></span> <span class='ocrx_word' id='word_1_194' title='bbox 2847 452 3080 523; x_wconf 81' lang='lat' dir='ltr'><strong>futuram</strong></span> <span class='ocrx_word' id='word_1_195' title='bbox 3112 458 3334 531; x_wconf 86' lang='lat' dir='ltr'><strong>gloriam</strong></span> <span class='ocrx_word' id='word_1_196' title='bbox 3383 448 3660 542; x_wconf 73' lang='lat' dir='ltr'><strong>animando,</strong></span> <span class='ocrx_word' id='word_1_197' title='bbox 3691 487 3729 534; x_wconf 88' lang='lat' dir='ltr'><strong>et</strong></span> 
     </span>
    </p>
   </div>
   <div class='ocr_carea' id='block_1_30' title="bbox 2217 538 2810 610">
    <p class='ocr_par' dir='ltr' id='par_1_30' title="bbox 2217 538 2810 610">
     <span class='ocr_line' id='line_1_30' title="bbox 2217 538 2810 610; baseline 0.003 -16"><span class='ocrx_word' id='word_1_198' title='bbox 2217 538 2400 594; x_wconf 91' lang='lat' dir='ltr'><strong>debite</strong></span> <span class='ocrx_word' id='word_1_199' title='bbox 2432 542 2810 610; x_wconf 71' lang='lat' dir='ltr'><strong>przeparando.</strong></span> 
     </span>
    </p>
   </div>
   <div class='ocr_carea' id='block_1_31' title="bbox 2289 627 3731 721">
    <p class='ocr_par' dir='ltr' id='par_1_31' title="bbox 2289 627 3731 721">
     <span class='ocr_line' id='line_1_31' title="bbox 2289 627 3731 721; baseline 0.017 -38"><span class='ocrx_word' id='word_1_200' title='bbox 2289 627 2414 695; x_wconf 57' lang='grc' dir='ltr'><strong>(ΣΑιζ.</strong></span> <span class='ocrx_word' id='word_1_201' title='bbox 2449 630 2578 684; x_wconf 84' lang='lat' dir='ltr'><strong>XVI.</strong></span> <span class='ocrx_word' id='word_1_202' title='bbox 2611 630 2683 684; x_wconf 88' lang='lat' dir='ltr'><strong>De</strong></span> <span class='ocrx_word' id='word_1_203' title='bbox 2715 630 2951 687; x_wconf 85' lang='lat' dir='ltr'><strong>clericis.</strong></span> <span class='ocrx_word' id='word_1_204' title='bbox 2982 633 3221 691; x_wconf 90' lang='lat' dir='ltr'><strong>Luceant</strong></span> <span class='ocrx_word' id='word_1_205' title='bbox 3245 637 3376 695; x_wconf 89' lang='lat' dir='ltr'><strong>sicut</strong></span> <span class='ocrx_word' id='word_1_206' title='bbox 3401 644 3549 701; x_wconf 79' lang='lat' dir='ltr'><strong>stella:</strong></span> <span class='ocrx_word' id='word_1_207' title='bbox 3571 658 3731 721; x_wconf 84' lang='lat' dir='ltr'><strong>etper-</strong></span> 
     </span>
    </p>
   </div>
   <div class='ocr_carea' id='block_1_32' title="bbox 2219 724 3732 817">
    <p class='ocr_par' dir='ltr' id='par_1_32' title="bbox 2219 724 3732 817">
     <span class='ocr_line' id='line_1_32' title="bbox 2219 724 3732 817; baseline 0.017 -41"><span class='ocrx_word' id='word_1_208' title='bbox 2219 730 2397 793; x_wconf 75' lang='lat' dir='ltr'><strong>petuae</strong></span> <span class='ocrx_word' id='word_1_209' title='bbox 2443 724 2719 779; x_wconf 88' lang='lat' dir='ltr'><strong>claritates</strong></span> <span class='ocrx_word' id='word_1_210' title='bbox 2768 727 2823 780; x_wconf 91' lang='lat' dir='ltr'><strong>in</strong></span> <span class='ocrx_word' id='word_1_211' title='bbox 2871 727 3214 786; x_wconf 85' lang='lat' dir='ltr'><strong>ﬁrmamento</strong></span> <span class='ocrx_word' id='word_1_212' title='bbox 3247 732 3477 793; x_wconf 75' lang='lat' dir='ltr'><strong>Ecclesiae</strong></span> <span class='ocrx_word' id='word_1_213' title='bbox 3517 743 3643 810; x_wconf 78' lang='lat' dir='ltr'><strong>(Dan.</strong></span> <span class='ocrx_word' id='word_1_214' title='bbox 3683 749 3732 817; x_wconf 89' lang='lat' dir='ltr'><strong>l).</strong></span> 
     </span>
    </p>
   </div>
   <div class='ocr_carea' id='block_1_33' title="bbox 2218 812 3642 891">
    <p class='ocr_par' dir='ltr' id='par_1_33' title="bbox 2218 812 3642 891">
     <span class='ocr_line' id='line_1_33' title="bbox 2218 812 3642 891; baseline 0.016 -25"><span class='ocrx_word' id='word_1_215' title='bbox 2218 812 2334 867; x_wconf 78' lang='lat' dir='ltr'><strong>Non</strong></span> <span class='ocrx_word' id='word_1_216' title='bbox 2362 813 2472 868; x_wconf 91' lang='lat' dir='ltr'><strong>sint</strong></span> <span class='ocrx_word' id='word_1_217' title='bbox 2496 814 2658 883; x_wconf 90' lang='lat' dir='ltr'><strong>ebrii,</strong></span> <span class='ocrx_word' id='word_1_218' title='bbox 2691 833 2951 891; x_wconf 89' lang='lat' dir='ltr'><strong>nugaces,</strong></span> <span class='ocrx_word' id='word_1_219' title='bbox 2985 828 3040 875; x_wconf 91' lang='lat' dir='ltr'><strong>et</strong></span> <span class='ocrx_word' id='word_1_220' title='bbox 3063 823 3404 880; x_wconf 64' lang='lat' dir='ltr'><strong>saecularibus</strong></span> <span class='ocrx_word' id='word_1_221' title='bbox 3430 828 3642 889; x_wconf 81' lang='lat' dir='ltr'><strong>immixti.</strong></span> 
     </span>
    </p>
   </div>
   <div class='ocr_carea' id='block_1_34' title="bbox 2290 900 3737 985">
    <p class='ocr_par' dir='ltr' id='par_1_34' title="bbox 2290 900 3737 985">
     <span class='ocr_line' id='line_1_34' title="bbox 2290 900 3737 985; baseline 0.018 -31"><span class='ocrx_word' id='word_1_222' title='bbox 2290 900 2416 957; x_wconf 78' lang='lat' dir='ltr'><strong>CAP.</strong></span> <span class='ocrx_word' id='word_1_223' title='bbox 2471 902 2627 960; x_wconf 83' lang='lat' dir='ltr'><strong>XVII.</strong></span> <span class='ocrx_word' id='word_1_224' title='bbox 2670 906 2780 961; x_wconf 86' lang='lat' dir='ltr'><strong>Nec</strong></span> <span class='ocrx_word' id='word_1_225' title='bbox 2818 908 3077 965; x_wconf 83' lang='lat' dir='ltr'><strong>mulieres</strong></span> <span class='ocrx_word' id='word_1_226' title='bbox 3125 911 3471 985; x_wconf 90' lang='lat' dir='ltr'><strong>alloquantur,</strong></span> <span class='ocrx_word' id='word_1_227' title='bbox 3506 929 3583 975; x_wconf 87' lang='lat' dir='ltr'><strong>aut</strong></span> <span class='ocrx_word' id='word_1_228' title='bbox 3624 925 3737 980; x_wconf 91' lang='lat' dir='ltr'><strong>domi</strong></span> 
     </span>
    </p>
   </div>
   <div class='ocr_carea' id='block_1_35' title="bbox 2221 998 3738 1091">
    <p class='ocr_par' dir='ltr' id='par_1_35' title="bbox 2221 998 3738 1091">
     <span class='ocr_line' id='line_1_35' title="bbox 2221 998 3738 1091; baseline 0.016 -41"><span class='ocrx_word' id='word_1_229' title='bbox 2221 998 2496 1054; x_wconf 88' lang='lat' dir='ltr'><strong>retineant</strong></span> <span class='ocrx_word' id='word_1_230' title='bbox 2529 1018 2543 1063; x_wconf 88' lang='lat'><strong>;</strong></span> <span class='ocrx_word' id='word_1_231' title='bbox 2576 1001 2760 1057; x_wconf 89' lang='lat' dir='ltr'><strong>vivant</strong></span> <span class='ocrx_word' id='word_1_232' title='bbox 2784 1003 2840 1057; x_wconf 94' lang='lat' dir='ltr'><strong>in</strong></span> <span class='ocrx_word' id='word_1_233' title='bbox 2868 1007 3167 1073; x_wconf 90' lang='lat' dir='ltr'><strong>communi,</strong></span> <span class='ocrx_word' id='word_1_234' title='bbox 3201 1017 3258 1064; x_wconf 88' lang='lat' dir='ltr'><strong>et</strong></span> <span class='ocrx_word' id='word_1_235' title='bbox 3283 1012 3422 1067; x_wconf 74' lang='lat' dir='ltr'><strong>aedes</strong></span> <span class='ocrx_word' id='word_1_236' title='bbox 3447 1019 3637 1088; x_wconf 88' lang='lat' dir='ltr'><strong>pauperi</strong></span> <span class='ocrx_word' id='word_1_237' title='bbox 3661 1036 3738 1091; x_wconf 87' lang='lat' dir='ltr'><strong>pa-</strong></span> 
     </span>
    </p>
   </div>
   <div class='ocr_carea' id='block_1_36' title="bbox 2221 1088 2752 1146">
    <p class='ocr_par' dir='ltr' id='par_1_36' title="bbox 2221 1088 2752 1146">
     <span class='ocr_line' id='line_1_36' title="bbox 2221 1088 2752 1146; baseline 0.008 -4"><span class='ocrx_word' id='word_1_238' title='bbox 2221 1094 2400 1143; x_wconf 90' lang='lat' dir='ltr'><strong>tentes</strong></span> <span class='ocrx_word' id='word_1_239' title='bbox 2427 1088 2752 1146; x_wconf 86' lang='lat' dir='ltr'><strong>inhabitent.</strong></span> 
     </span>
    </p>
   </div>
   <div class='ocr_carea' id='block_1_37' title="bbox 2293 1177 3743 1255">
    <p class='ocr_par' dir='ltr' id='par_1_37' title="bbox 2293 1177 3743 1255">
     <span class='ocr_line' id='line_1_37' title="bbox 2293 1177 3743 1255; baseline 0.016 -24"><span class='ocrx_word' id='word_1_240' title='bbox 2293 1177 2410 1233; x_wconf 79' lang='lat' dir='ltr'><strong>CAP.</strong></span> <span class='ocrx_word' id='word_1_241' title='bbox 2448 1178 2629 1235; x_wconf 85' lang='lat' dir='ltr'><strong>XVIII.</strong></span> <span class='ocrx_word' id='word_1_242' title='bbox 2664 1179 2933 1255; x_wconf 81' lang='lat' dir='ltr'><strong>Suffragia</strong></span> <span class='ocrx_word' id='word_1_243' title='bbox 2959 1185 3336 1244; x_wconf 86' lang='lat' dir='ltr'><strong>defunctorum</strong></span> <span class='ocrx_word' id='word_1_244' title='bbox 3365 1192 3564 1251; x_wconf 88' lang='lat' dir='ltr'><strong>omnino</strong></span> <span class='ocrx_word' id='word_1_245' title='bbox 3587 1201 3743 1254; x_wconf 80' lang='lat' dir='ltr'><strong>servari</strong></span> 
     </span>
    </p>
   </div>
   <div class='ocr_carea' id='block_1_38' title="bbox 2220 1269 3746 1356">
    <p class='ocr_par' dir='ltr' id='par_1_38' title="bbox 2220 1269 3746 1356">
     <span class='ocr_line' id='line_1_38' title="bbox 2220 1269 3746 1356; baseline 0.018 -38"><span class='ocrx_word' id='word_1_246' title='bbox 2220 1269 2591 1340; x_wconf 65' lang='lat' dir='ltr'><strong>priecipimus,</strong></span> <span class='ocrx_word' id='word_1_247' title='bbox 2625 1282 2679 1326; x_wconf 87' lang='lat' dir='ltr'><strong>et</strong></span> <span class='ocrx_word' id='word_1_248' title='bbox 2720 1289 2790 1328; x_wconf 93' lang='lat' dir='ltr'>ne</span> <span class='ocrx_word' id='word_1_249' title='bbox 2821 1275 3109 1333; x_wconf 90' lang='lat' dir='ltr'><strong>missarum</strong></span> <span class='ocrx_word' id='word_1_250' title='bbox 3148 1280 3430 1350; x_wconf 88' lang='lat' dir='ltr'><strong>solemnia,</strong></span> <span class='ocrx_word' id='word_1_251' title='bbox 3464 1294 3630 1356; x_wconf 67' lang='lat' dir='ltr'><strong>praeter</strong></span> <span class='ocrx_word' id='word_1_252' title='bbox 3652 1289 3746 1344; x_wconf 84' lang='lat' dir='ltr'><strong>fun-</strong></span> 
     </span>
    </p>
   </div>
   <div class='ocr_carea' id='block_1_39' title="bbox 2221 1361 3523 1430">
    <p class='ocr_par' dir='ltr' id='par_1_39' title="bbox 2221 1361 3523 1430">
     <span class='ocr_line' id='line_1_39' title="bbox 2221 1361 3523 1430; baseline 0.012 -17"><span class='ocrx_word' id='word_1_253' title='bbox 2221 1361 2469 1415; x_wconf 91' lang='lat' dir='ltr'><strong>datorum</strong></span> <span class='ocrx_word' id='word_1_254' title='bbox 2502 1369 2764 1429; x_wconf 89' lang='lat' dir='ltr'><strong>mentem,</strong></span> <span class='ocrx_word' id='word_1_255' title='bbox 2795 1365 2903 1421; x_wconf 90' lang='lat' dir='ltr'><strong>alio</strong></span> <span class='ocrx_word' id='word_1_256' title='bbox 2935 1367 3100 1425; x_wconf 92' lang='lat' dir='ltr'><strong>modo</strong></span> <span class='ocrx_word' id='word_1_257' title='bbox 3141 1381 3523 1430; x_wconf 85' lang='lat' dir='ltr'><strong>convertantur.</strong></span> 
     </span>
    </p>
   </div>
   <div class='ocr_carea' id='block_1_40' title="bbox 2291 1452 3746 1532">
    <p class='ocr_par' dir='ltr' id='par_1_40' title="bbox 2291 1452 3746 1532">
     <span class='ocr_line' id='line_1_40' title="bbox 2291 1452 3746 1532; baseline 0.014 -26"><span class='ocrx_word' id='word_1_258' title='bbox 2291 1452 2416 1507; x_wconf 77' lang='lat' dir='ltr'><strong>CAP.</strong></span> <span class='ocrx_word' id='word_1_259' title='bbox 2451 1455 2582 1511; x_wconf 87' lang='lat' dir='ltr'><strong>XIX.</strong></span> <span class='ocrx_word' id='word_1_260' title='bbox 2630 1456 2750 1512; x_wconf 91' lang='lat' dir='ltr'><strong>Sint</strong></span> <span class='ocrx_word' id='word_1_261' title='bbox 2790 1461 3035 1532; x_wconf 86' lang='lat' dir='ltr'><strong>episcopi</strong></span> <span class='ocrx_word' id='word_1_262' title='bbox 3094 1463 3289 1520; x_wconf 84' lang='lat' dir='ltr'><strong>ﬁdeles</strong></span> <span class='ocrx_word' id='word_1_263' title='bbox 3318 1474 3369 1521; x_wconf 89' lang='lat' dir='ltr'><strong>et</strong></span> <span class='ocrx_word' id='word_1_264' title='bbox 3412 1469 3597 1526; x_wconf 88' lang='lat' dir='ltr'><strong>assidui</strong></span> <span class='ocrx_word' id='word_1_265' title='bbox 3634 1473 3746 1527; x_wconf 90' lang='lat' dir='ltr'><strong>verbi</strong></span> 
     </span>
    </p>
   </div>
   <div class='ocr_carea' id='block_1_41' title="bbox 2218 1548 3749 1621">
    <p class='ocr_par' dir='ltr' id='par_1_41' title="bbox 2218 1548 3749 1621">
     <span class='ocr_line' id='line_1_41' title="bbox 2218 1548 3749 1621; baseline 0.012 -20"><span class='ocrx_word' id='word_1_266' title='bbox 2218 1548 2311 1602; x_wconf 87' lang='lat' dir='ltr'><strong>Dei</strong></span> <span class='ocrx_word' id='word_1_267' title='bbox 2345 1549 2775 1621; x_wconf 89' lang='lat' dir='ltr'><strong>dispensatores.</strong></span> <span class='ocrx_word' id='word_1_268' title='bbox 2820 1555 2880 1609; x_wconf 88' lang='lat' dir='ltr'><strong>In</strong></span> <span class='ocrx_word' id='word_1_269' title='bbox 2912 1557 3015 1613; x_wconf 90' lang='lat' dir='ltr'><strong>hoc</strong></span> <span class='ocrx_word' id='word_1_270' title='bbox 3057 1559 3220 1614; x_wconf 90' lang='lat' dir='ltr'><strong>etiam</strong></span> <span class='ocrx_word' id='word_1_271' title='bbox 3267 1576 3445 1616; x_wconf 89' lang='lat' dir='ltr'><strong>eorum</strong></span> <span class='ocrx_word' id='word_1_272' title='bbox 3469 1564 3667 1619; x_wconf 84' lang='lat' dir='ltr'><strong>charitas</strong></span> <span class='ocrx_word' id='word_1_273' title='bbox 3687 1565 3749 1619; x_wconf 91' lang='lat' dir='ltr'><strong>di-</strong></span> 
     </span>
    </p>
   </div>
   <div class='ocr_carea' id='block_1_42' title="bbox 2215 1644 3637 1728">
    <p class='ocr_par' dir='ltr' id='par_1_42' title="bbox 2215 1644 3637 1728">
     <span class='ocr_line' id='line_1_42' title="bbox 2215 1644 3637 1728; baseline 0.014 -33"><span class='ocrx_word' id='word_1_274' title='bbox 2215 1644 2517 1718; x_wconf 89' lang='lat' dir='ltr'><strong>gnoscitur,</strong></span> <span class='ocrx_word' id='word_1_275' title='bbox 2549 1647 2593 1700; x_wconf 88' lang='lat' dir='ltr'><strong>si</strong></span> <span class='ocrx_word' id='word_1_276' title='bbox 2620 1665 2842 1724; x_wconf 85' lang='lat' dir='ltr'><strong>gregem</strong></span> <span class='ocrx_word' id='word_1_277' title='bbox 2876 1660 3100 1722; x_wconf 89' lang='lat' dir='ltr'><strong>pascant</strong></span> <span class='ocrx_word' id='word_1_278' title='bbox 3128 1657 3375 1728; x_wconf 88' lang='lat' dir='ltr'><strong>exemplo</strong></span> <span class='ocrx_word' id='word_1_279' title='bbox 3402 1664 3452 1711; x_wconf 88' lang='lat' dir='ltr'><strong>et</strong></span> <span class='ocrx_word' id='word_1_280' title='bbox 3476 1659 3637 1714; x_wconf 89' lang='lat' dir='ltr'><strong>verbo.</strong></span> 
     </span>
    </p>
   </div>
   <div class='ocr_carea' id='block_1_43' title="bbox 2289 1737 3751 1823">
    <p class='ocr_par' dir='ltr' id='par_1_43' title="bbox 2289 1737 3751 1823">
     <span class='ocr_line' id='line_1_43' title="bbox 2289 1737 3751 1823; baseline 0.014 -32"><span class='ocrx_word' id='word_1_281' title='bbox 2289 1737 2412 1792; x_wconf 75' lang='lat' dir='ltr'><strong>CAP.</strong></span> <span class='ocrx_word' id='word_1_282' title='bbox 2446 1740 2552 1797; x_wconf 88' lang='lat' dir='ltr'><strong>XX.</strong></span> <span class='ocrx_word' id='word_1_283' title='bbox 2599 1743 2756 1800; x_wconf 88' lang='lat' dir='ltr'><strong>Festa</strong></span> <span class='ocrx_word' id='word_1_284' title='bbox 2793 1742 3001 1821; x_wconf 84' lang='lat' dir='ltr'><strong>absque</strong></span> <span class='ocrx_word' id='word_1_285' title='bbox 3031 1750 3183 1804; x_wconf 90' lang='lat' dir='ltr'><strong>omni</strong></span> <span class='ocrx_word' id='word_1_286' title='bbox 3223 1767 3384 1823; x_wconf 84' lang='lat' dir='ltr'><strong>Opere</strong></span> <span class='ocrx_word' id='word_1_287' title='bbox 3421 1752 3601 1809; x_wconf 88' lang='lat' dir='ltr'><strong>forensi</strong></span> <span class='ocrx_word' id='word_1_288' title='bbox 3633 1772 3751 1811; x_wconf 80' lang='lat' dir='ltr'><strong>exco-</strong></span> 
     </span>
    </p>
   </div>
   <div class='ocr_carea' id='block_1_44' title="bbox 2217 1828 3755 1902">
    <p class='ocr_par' dir='ltr' id='par_1_44' title="bbox 2217 1828 3755 1902">
     <span class='ocr_line' id='line_1_44' title="bbox 2217 1828 3755 1902; baseline 0.014 -20"><span class='ocrx_word' id='word_1_289' title='bbox 2217 1828 2399 1894; x_wconf 89' lang='lat' dir='ltr'><strong>lenda,</strong></span> <span class='ocrx_word' id='word_1_290' title='bbox 2451 1838 2503 1887; x_wconf 92' lang='lat' dir='ltr'><strong>et</strong></span> <span class='ocrx_word' id='word_1_291' title='bbox 2547 1850 2671 1890; x_wconf 92' lang='lat' dir='ltr'><strong>cum</strong></span> <span class='ocrx_word' id='word_1_292' title='bbox 2714 1838 2902 1894; x_wconf 91' lang='lat' dir='ltr'><strong>debita</strong></span> <span class='ocrx_word' id='word_1_293' title='bbox 2946 1844 3304 1899; x_wconf 84' lang='lat' dir='ltr'><strong>veneratione</strong></span> <span class='ocrx_word' id='word_1_294' title='bbox 3345 1846 3636 1901; x_wconf 88' lang='lat' dir='ltr'><strong>celebranda</strong></span> <span class='ocrx_word' id='word_1_295' title='bbox 3672 1848 3755 1902; x_wconf 66' lang='lat' dir='ltr'><strong>haec</strong></span> 
     </span>
    </p>
   </div>
   <div class='ocr_carea' id='block_1_45' title="bbox 2215 1924 3751 2010">
    <p class='ocr_par' dir='ltr' id='par_1_45' title="bbox 2215 1924 3751 2010">
     <span class='ocr_line' id='line_1_45' title="bbox 2215 1924 3751 2010; baseline 0.013 -37"><span class='ocrx_word' id='word_1_296' title='bbox 2215 1928 2380 1976; x_wconf 90' lang='lat' dir='ltr'><strong>sunt:</strong></span> <span class='ocrx_word' id='word_1_297' title='bbox 2440 1924 2700 1983; x_wconf 87' lang='lat' dir='ltr'><strong>Nativitas</strong></span> <span class='ocrx_word' id='word_1_298' title='bbox 2756 1931 2992 2000; x_wconf 90' lang='lat' dir='ltr'><strong>Domini,</strong></span> <span class='ocrx_word' id='word_1_299' title='bbox 3042 1933 3428 2003; x_wconf 88' lang='lat' dir='ltr'><strong>Circumcisio,</strong></span> <span class='ocrx_word' id='word_1_300' title='bbox 3483 1938 3751 2010; x_wconf 82' lang='lat' dir='ltr'><strong>Epiphania,</strong></span> 
     </span>
    </p>
   </div>
   <div class='ocr_carea' id='block_1_46' title="bbox 2214 2011 3753 2090">
    <p class='ocr_par' dir='ltr' id='par_1_46' title="bbox 2214 2011 3753 2090">
     <span class='ocr_line' id='line_1_46' title="bbox 2214 2011 3753 2090; baseline 0.012 -26"><span class='ocrx_word' id='word_1_301' title='bbox 2214 2011 2570 2071; x_wconf 84' lang='lat' dir='ltr'><strong>Annuntiatio</strong></span> <span class='ocrx_word' id='word_1_302' title='bbox 2603 2017 2639 2070; x_wconf 91' lang='lat' dir='ltr'><strong>B</strong></span> <span class='ocrx_word' id='word_1_303' title='bbox 2695 2020 2905 2090; x_wconf 67' lang='lat' dir='ltr'><strong>Mariae,</strong></span> <span class='ocrx_word' id='word_1_304' title='bbox 2942 2024 3290 2083; x_wconf 84' lang='lat' dir='ltr'><strong>Resurrectio</strong></span> <span class='ocrx_word' id='word_1_305' title='bbox 3321 2028 3521 2083; x_wconf 87' lang='lat' dir='ltr'><strong>Domini</strong></span> <span class='ocrx_word' id='word_1_306' title='bbox 3555 2045 3657 2084; x_wconf 88' lang='lat' dir='ltr'><strong>cum</strong></span> <span class='ocrx_word' id='word_1_307' title='bbox 3687 2029 3753 2083; x_wconf 87' lang='lat' dir='ltr'><strong>die</strong></span> 
     </span>
    </p>
   </div>
   <div class='ocr_carea' id='block_1_47' title="bbox 2216 2107 3806 2199">
    <p class='ocr_par' dir='ltr' id='par_1_47' title="bbox 2216 2107 3806 2199">
     <span class='ocr_line' id='line_1_47' title="bbox 2216 2107 3806 2199; baseline 0.011 -42"><span class='ocrx_word' id='word_1_308' title='bbox 2216 2107 2492 2175; x_wconf 89' lang='lat' dir='ltr'><strong>sequenti,</strong></span> <span class='ocrx_word' id='word_1_309' title='bbox 2523 2109 2785 2168; x_wconf 86' lang='lat' dir='ltr'><strong>Ascensio</strong></span> <span class='ocrx_word' id='word_1_310' title='bbox 2812 2114 3049 2183; x_wconf 90' lang='lat' dir='ltr'><strong>Domini,</strong></span> <span class='ocrx_word' id='word_1_311' title='bbox 3080 2119 3201 2173; x_wconf 91' lang='lat' dir='ltr'><strong>dies</strong></span> <span class='ocrx_word' id='word_1_312' title='bbox 3225 2119 3575 2186; x_wconf 86' lang='lat' dir='ltr'><strong>Pentecostes,</strong></span> <span class='ocrx_word' id='word_1_313' title='bbox 3602 2121 3754 2175; x_wconf 76' lang='lat' dir='ltr'><strong>Nativi-</strong></span> <span class='ocrx_word' id='word_1_314' title='bbox 3800 2191 3806 2199; x_wconf 29' lang='grc' dir='ltr'>ι</span> 
     </span>
    </p>
   </div>
   <div class='ocr_carea' id='block_1_48' title="bbox 2212 2198 3755 2283">
    <p class='ocr_par' dir='ltr' id='par_1_48' title="bbox 2212 2198 3755 2283">
     <span class='ocr_line' id='line_1_48' title="bbox 2212 2198 3755 2283; baseline 0.012 -33"><span class='ocrx_word' id='word_1_315' title='bbox 2212 2204 2295 2251; x_wconf 89' lang='lat' dir='ltr'><strong>tas</strong></span> <span class='ocrx_word' id='word_1_316' title='bbox 2344 2198 2488 2254; x_wconf 88' lang='lat' dir='ltr'><strong>beati</strong></span> <span class='ocrx_word' id='word_1_317' title='bbox 2539 2202 2770 2259; x_wconf 87' lang='lat' dir='ltr'><strong>Joannis</strong></span> <span class='ocrx_word' id='word_1_318' title='bbox 2833 2207 3109 2279; x_wconf 65' lang='lat' dir='ltr'><strong>Baptistae,</strong></span> <span class='ocrx_word' id='word_1_319' title='bbox 3170 2213 3533 2283; x_wconf 85' lang='lat' dir='ltr'><strong>apostolorum</strong></span> <span class='ocrx_word' id='word_1_320' title='bbox 3563 2215 3678 2270; x_wconf 88' lang='lat' dir='ltr'><strong>Petri</strong></span> <span class='ocrx_word' id='word_1_321' title='bbox 3716 2223 3755 2268; x_wconf 85' lang='lat' dir='ltr'><strong>et</strong></span> 
     </span>
    </p>
   </div>
   <div class='ocr_carea' id='block_1_49' title="bbox 2213 2291 3755 2375">
    <p class='ocr_par' dir='ltr' id='par_1_49' title="bbox 2213 2291 3755 2375">
     <span class='ocr_line' id='line_1_49' title="bbox 2213 2291 3755 2375; baseline 0.01 -30"><span class='ocrx_word' id='word_1_322' title='bbox 2213 2291 2387 2359; x_wconf 89' lang='lat' dir='ltr'><strong>Pauli,</strong></span> <span class='ocrx_word' id='word_1_323' title='bbox 2431 2295 2747 2367; x_wconf 88' lang='lat' dir='ltr'><strong>Assumptio</strong></span> <span class='ocrx_word' id='word_1_324' title='bbox 2776 2298 2952 2356; x_wconf 69' lang='lat' dir='ltr'><strong>beata:</strong></span> <span class='ocrx_word' id='word_1_325' title='bbox 2998 2303 3198 2368; x_wconf 62' lang='lat' dir='ltr'><strong>Maria),</strong></span> <span class='ocrx_word' id='word_1_326' title='bbox 3248 2307 3488 2375; x_wconf 89' lang='lat' dir='ltr'><strong>ejusdem</strong></span> <span class='ocrx_word' id='word_1_327' title='bbox 3529 2308 3755 2374; x_wconf 85' lang='lat' dir='ltr'><strong>Nativitas,</strong></span> 
     </span>
    </p>
   </div>
   <div class='ocr_carea' id='block_1_50' title="bbox 2212 2381 3593 2458">
    <p class='ocr_par' dir='ltr' id='par_1_50' title="bbox 2212 2381 3593 2458">
     <span class='ocr_line' id='line_1_50' title="bbox 2212 2381 3593 2458; baseline 0.009 -22"><span class='ocrx_word' id='word_1_328' title='bbox 2212 2381 2442 2440; x_wconf 71' lang='lat' dir='ltr'><strong>Andreae</strong></span> <span class='ocrx_word' id='word_1_329' title='bbox 2471 2389 2729 2458; x_wconf 90' lang='lat' dir='ltr'><strong>apostoli,</strong></span> <span class='ocrx_word' id='word_1_330' title='bbox 2763 2398 2817 2447; x_wconf 88' lang='lat' dir='ltr'><strong>et</strong></span> <span class='ocrx_word' id='word_1_331' title='bbox 2847 2392 2967 2448; x_wconf 90' lang='lat' dir='ltr'><strong>dies</strong></span> <span class='ocrx_word' id='word_1_332' title='bbox 2992 2411 3189 2452; x_wconf 92' lang='lat' dir='ltr'><strong>omnes</strong></span> <span class='ocrx_word' id='word_1_333' title='bbox 3229 2398 3593 2454; x_wconf 88' lang='lat' dir='ltr'><strong>Dominicales.</strong></span> 
     </span>
    </p>
   </div>
   <div class='ocr_carea' id='block_1_51' title="bbox 2284 2497 3757 2569">
    <p class='ocr_par' dir='ltr' id='par_1_51' title="bbox 2284 2497 3757 2569">
     <span class='ocr_line' id='line_1_51' title="bbox 2284 2497 3757 2569; baseline 0.01 -18"><span class='ocrx_word' id='word_1_334' title='bbox 2284 2497 2408 2553; x_wconf 77' lang='lat' dir='ltr'><strong>CAP.</strong></span> <span class='ocrx_word' id='word_1_335' title='bbox 2442 2500 2571 2556; x_wconf 87' lang='lat' dir='ltr'><strong>XXI.</strong></span> <span class='ocrx_word' id='word_1_336' title='bbox 2620 2504 2877 2562; x_wconf 63' lang='lat' dir='ltr'><strong>Ecclesiae</strong></span> <span class='ocrx_word' id='word_1_337' title='bbox 2910 2508 3095 2565; x_wconf 88' lang='lat' dir='ltr'><strong>debite</strong></span> <span class='ocrx_word' id='word_1_338' title='bbox 3124 2512 3385 2569; x_wconf 91' lang='lat' dir='ltr'><strong>dotentur</strong></span> <span class='ocrx_word' id='word_1_339' title='bbox 3412 2513 3474 2569; x_wconf 90' lang='lat' dir='ltr'><strong>ad</strong></span> <span class='ocrx_word' id='word_1_340' title='bbox 3504 2513 3757 2569; x_wconf 83' lang='lat' dir='ltr'><strong>alimoniam</strong></span> 
     </span>
    </p>
   </div>
   <div class='ocr_carea' id='block_1_52' title="bbox 2212 2594 3756 2685">
    <p class='ocr_par' dir='ltr' id='par_1_52' title="bbox 2212 2594 3756 2685">
     <span class='ocr_line' id='line_1_52' title="bbox 2212 2594 3756 2685; baseline 0.012 -39"><span class='ocrx_word' id='word_1_341' title='bbox 2212 2594 2446 2664; x_wconf 88' lang='lat' dir='ltr'><strong>pastoris</strong></span> <span class='ocrx_word' id='word_1_342' title='bbox 2472 2602 2526 2651; x_wconf 91' lang='lat' dir='ltr'><strong>et</strong></span> <span class='ocrx_word' id='word_1_343' title='bbox 2546 2596 2703 2665; x_wconf 90' lang='lat' dir='ltr'><strong>cleri,</strong></span> <span class='ocrx_word' id='word_1_344' title='bbox 2728 2607 2787 2655; x_wconf 92' lang='lat' dir='ltr'><strong>ut</strong></span> <span class='ocrx_word' id='word_1_345' title='bbox 2806 2602 3054 2658; x_wconf 90' lang='lat' dir='ltr'><strong>securius</strong></span> <span class='ocrx_word' id='word_1_346' title='bbox 3076 2603 3368 2681; x_wconf 89' lang='lat' dir='ltr'><strong>invigilent</strong></span> <span class='ocrx_word' id='word_1_347' title='bbox 3396 2626 3552 2680; x_wconf 88' lang='lat' dir='ltr'><strong>super</strong></span> <span class='ocrx_word' id='word_1_348' title='bbox 3567 2625 3756 2685; x_wconf 83' lang='lat' dir='ltr'><strong>gregem,</strong></span> 
     </span>
    </p>
   </div>
   <div class='ocr_carea' id='block_1_53' title="bbox 2213 2683 3380 2757">
    <p class='ocr_par' dir='ltr' id='par_1_53' title="bbox 2213 2683 3380 2757">
     <span class='ocr_line' id='line_1_53' title="bbox 2213 2683 3380 2757; baseline 0.014 -20"><span class='ocrx_word' id='word_1_349' title='bbox 2213 2683 2362 2757; x_wconf 79' lang='lat' dir='ltr'><strong>etde</strong></span> <span class='ocrx_word' id='word_1_350' title='bbox 2393 2687 2513 2754; x_wconf 82' lang='lat' dir='ltr'><strong>ejus</strong></span> <span class='ocrx_word' id='word_1_351' title='bbox 2539 2689 2715 2745; x_wconf 88' lang='lat' dir='ltr'><strong>salute</strong></span> <span class='ocrx_word' id='word_1_352' title='bbox 2745 2690 2857 2747; x_wconf 92' lang='lat' dir='ltr'><strong>sint</strong></span> <span class='ocrx_word' id='word_1_353' title='bbox 2887 2693 3034 2748; x_wconf 87' lang='lat' dir='ltr'><strong>anxii</strong></span> <span class='ocrx_word' id='word_1_354' title='bbox 3060 2700 3114 2749; x_wconf 91' lang='lat' dir='ltr'><strong>et</strong></span> <span class='ocrx_word' id='word_1_355' title='bbox 3137 2697 3380 2753; x_wconf 88' lang='lat' dir='ltr'><strong>solliciti.</strong></span> 
     </span>
    </p>
   </div>
   <div class='ocr_carea' id='block_1_54' title="bbox 1032 2947 3273 3062">
    <p class='ocr_par' dir='ltr' id='par_1_54' title="bbox 1032 2947 3273 3062">
     <span class='ocr_line' id='line_1_54' title="bbox 1032 2947 3273 3062; baseline 0.014 -30"><span class='ocrx_word' id='word_1_356' title='bbox 1032 2947 1187 3034; x_wconf 90' lang='lat' dir='ltr'><strong>DE</strong></span> <span class='ocrx_word' id='word_1_357' title='bbox 1250 2950 1853 3041; x_wconf 83' lang='lat' dir='ltr'><strong>MINISTRIS</strong></span> <span class='ocrx_word' id='word_1_358' title='bbox 1921 2957 2615 3052; x_wconf 84' lang='lat' dir='ltr'><strong>REMENSIUM</strong></span> <span class='ocrx_word' id='word_1_359' title='bbox 2680 2967 3273 3062; x_wconf 69' lang='lat' dir='ltr'><strong>ECCLESIAE</strong></span> 
     </span>
    </p>
   </div>
   <div class='ocr_carea' id='block_1_55' title="bbox 601 3128 3674 3284">
    <p class='ocr_par' dir='ltr' id='par_1_55' title="bbox 601 3128 3674 3284">
     <span class='ocr_line' id='line_1_55' title="bbox 601 3128 3674 3284; baseline 0.01 -99"><span class='ocrx_word' id='word_1_360' title='bbox 601 3128 756 3198; x_wconf 83' lang='lat' dir='ltr'><strong>Quos</strong></span> <span class='ocrx_word' id='word_1_361' title='bbox 808 3128 1153 3190; x_wconf 77' lang='lat' dir='ltr'><strong>inordinate</strong></span> <span class='ocrx_word' id='word_1_362' title='bbox 1203 3131 1319 3191; x_wconf 81' lang='lat' dir='ltr'><strong>Ebo</strong></span> <span class='ocrx_word' id='word_1_363' title='bbox 1363 3136 1670 3212; x_wconf 77' lang='lat' dir='ltr'><strong>episcopus</strong></span> <span class='ocrx_word' id='word_1_364' title='bbox 1719 3139 1978 3277; x_wconf 58' lang='lat' dir='ltr'><strong>ingenit,</strong></span> <span class='ocrx_word' id='word_1_365' title='bbox 2030 3146 2765 3284; x_wconf 72' lang='lat' dir='ltr'><strong>ethperddeprecationem</strong></span> <span class='ocrx_word' id='word_1_366' title='bbox 2811 3171 3041 3231; x_wconf 82' lang='lat' dir='ltr'><strong>eorum,</strong></span> <span class='ocrx_word' id='word_1_367' title='bbox 3114 3160 3458 3238; x_wconf 76' lang='lat' dir='ltr'><strong>inspirante</strong></span> <span class='ocrx_word' id='word_1_368' title='bbox 3497 3166 3674 3221; x_wconf 81' lang='lat' dir='ltr'><strong>sancto</strong></span> 
     </span>
     <span class='ocr_line' id='line_1_56' title="bbox 1838 3228 2520 3284; baseline 0 0"><span class='ocrx_word' id='word_1_369' title='bbox 1838 3230 2054 3284; x_wconf 79' lang='lat' dir='ltr'><strong>mrztu.</strong></span> <span class='ocrx_word' id='word_1_370' title='bbox 2126 3242 2209 3284; x_wconf 67' lang='lat' dir='ltr'><strong>aee</strong></span> <span class='ocrx_word' id='word_1_371' title='bbox 2292 3228 2520 3284; x_wconf 77' lang='lat' dir='ltr'><strong>ictavz‘t.</strong></span> 
     </span>
    </p>
   </div>
   <div class='ocr_carea' id='block_1_56' title="bbox 1835 3228 2520 3297">
    <p class='ocr_par' dir='ltr' id='par_1_56' title="bbox 1835 3228 2520 3297">
     <span class='ocr_line' id='line_1_57' title="bbox 1835 3228 2520 3297; baseline 0.01 -19"><span class='ocrx_word' id='word_1_372' title='bbox 1835 3228 2054 3297; x_wconf 78' lang='lat' dir='ltr'><strong>pzrz‘tu,</strong></span> <span class='ocrx_word' id='word_1_373' title='bbox 2090 3228 2209 3284; x_wconf 67' lang='lat' dir='ltr'><strong>haec</strong></span> <span class='ocrx_word' id='word_1_374' title='bbox 2245 3228 2520 3289; x_wconf 77' lang='lat' dir='ltr'><strong>dictavit.</strong></span> 
     </span>
    </p>
   </div>
   <div class='ocr_carea' id='block_1_57' title="bbox 1965 3394 2328 3405">
    <p class='ocr_par' dir='ltr' id='par_1_57' title="bbox 1965 3394 2328 3405">
     <span class='ocr_line' id='line_1_58' title="bbox 1965 3394 2328 3405; baseline 0.008 -3"><span class='ocrx_word' id='word_1_375' title='bbox 1965 3394 2328 3405; x_wconf 67' lang='lat'><strong>~———.—</strong></span> 
     </span>
    </p>
   </div>
   <div class='ocr_carea' id='block_1_58' title="bbox 562 3496 3771 3604">
    <p class='ocr_par' dir='ltr' id='par_1_58' title="bbox 562 3496 3771 3604">
     <span class='ocr_line' id='line_1_59' title="bbox 562 3496 3771 3604; baseline 0.008 -54"><span class='ocrx_word' id='word_1_376' title='bbox 562 3496 917 3567; x_wconf 64' lang='lat' dir='ltr'><strong>Praepositum</strong></span> <span class='ocrx_word' id='word_1_377' title='bbox 950 3498 1110 3555; x_wconf 90' lang='lat' dir='ltr'><strong>decet</strong></span> <span class='ocrx_word' id='word_1_378' title='bbox 1140 3514 1270 3556; x_wconf 92' lang='lat' dir='ltr'><strong>cura</strong></span> <span class='ocrx_word' id='word_1_379' title='bbox 1311 3501 1538 3558; x_wconf 90' lang='lat' dir='ltr'><strong>interior</strong></span> <span class='ocrx_word' id='word_1_380' title='bbox 1565 3519 1628 3560; x_wconf 90' lang='lat' dir='ltr'><strong>ac</strong></span> <span class='ocrx_word' id='word_1_381' title='bbox 1657 3506 1910 3562; x_wconf 84' lang='lat' dir='ltr'><strong>exterior.</strong></span> <span class='ocrx_word' id='word_1_382' title='bbox 1942 3508 2109 3565; x_wconf 84' lang='lat' dir='ltr'><strong>Exte-</strong></span> <span class='ocrx_word' id='word_1_383' title='bbox 2134 3517 2184 3586; x_wconf 70' lang='grc' dir='ltr'>Ο</span> <span class='ocrx_word' id='word_1_384' title='bbox 2213 3514 2457 3586; x_wconf 89' lang='lat' dir='ltr'><strong>loquium</strong></span> <span class='ocrx_word' id='word_1_385' title='bbox 2487 3516 2716 3574; x_wconf 89' lang='lat' dir='ltr'><strong>secretis</strong></span> <span class='ocrx_word' id='word_1_386' title='bbox 2744 3519 2798 3574; x_wconf 93' lang='lat' dir='ltr'><strong>in</strong></span> <span class='ocrx_word' id='word_1_387' title='bbox 2827 3520 2963 3577; x_wconf 90' lang='lat' dir='ltr'><strong>locis</strong></span> <span class='ocrx_word' id='word_1_388' title='bbox 2994 3532 3050 3579; x_wconf 90' lang='lat' dir='ltr'><strong>et</strong></span> <span class='ocrx_word' id='word_1_389' title='bbox 3080 3524 3230 3581; x_wconf 88' lang='lat' dir='ltr'><strong>horis</strong></span> <span class='ocrx_word' id='word_1_390' title='bbox 3256 3543 3362 3584; x_wconf 89' lang='lat' dir='ltr'><strong>suo</strong></span> <span class='ocrx_word' id='word_1_391' title='bbox 3397 3528 3565 3604; x_wconf 88' lang='lat' dir='ltr'><strong>rigore</strong></span> <span class='ocrx_word' id='word_1_392' title='bbox 3593 3523 3771 3581; x_wconf 88' lang='lat' dir='ltr'><strong>omnino</strong></span> 
     </span>
    </p>
   </div>
   <div class='ocr_carea' id='block_1_59' title="bbox 489 3589 2109 3668">
    <p class='ocr_par' dir='ltr' id='par_1_59' title="bbox 489 3589 2109 3668">
     <span class='ocr_line' id='line_1_60' title="bbox 489 3589 2109 3668; baseline 0.009 -25"><span class='ocrx_word' id='word_1_393' title='bbox 489 3589 602 3644; x_wconf 92' lang='lat' dir='ltr'><strong>rior</strong></span> <span class='ocrx_word' id='word_1_394' title='bbox 632 3589 686 3643; x_wconf 91' lang='lat' dir='ltr'><strong>in</strong></span> <span class='ocrx_word' id='word_1_395' title='bbox 720 3591 885 3645; x_wconf 86' lang='lat' dir='ltr'><strong>rebus</strong></span> <span class='ocrx_word' id='word_1_396' title='bbox 922 3598 977 3647; x_wconf 89' lang='lat' dir='ltr'><strong>et</strong></span> <span class='ocrx_word' id='word_1_397' title='bbox 1002 3591 1209 3648; x_wconf 90' lang='lat' dir='ltr'><strong>familia</strong></span> <span class='ocrx_word' id='word_1_398' title='bbox 1257 3594 1558 3663; x_wconf 88' lang='lat' dir='ltr'><strong>salvandis,</strong></span> <span class='ocrx_word' id='word_1_399' title='bbox 1591 3604 1760 3668; x_wconf 91' lang='lat' dir='ltr'><strong>atque</strong></span> <span class='ocrx_word' id='word_1_400' title='bbox 1805 3602 2109 3659; x_wconf 90' lang='lat' dir='ltr'><strong>secundum</strong></span> 
     </span>
    </p>
   </div>
   <div class='ocr_carea' id='block_1_60' title="bbox 491 3685 2113 3767">
    <p class='ocr_par' dir='ltr' id='par_1_60' title="bbox 491 3685 2113 3767">
     <span class='ocr_line' id='line_1_61' title="bbox 491 3685 2113 3767; baseline 0.009 -29"><span class='ocrx_word' id='word_1_401' title='bbox 491 3685 660 3739; x_wconf 91' lang='lat' dir='ltr'><strong>Deum</strong></span> <span class='ocrx_word' id='word_1_402' title='bbox 691 3685 1092 3759; x_wconf 87' lang='lat' dir='ltr'><strong>gubernandis,</strong></span> <span class='ocrx_word' id='word_1_403' title='bbox 1143 3704 1356 3743; x_wconf 90' lang='lat' dir='ltr'><strong>summa</strong></span> <span class='ocrx_word' id='word_1_404' title='bbox 1387 3704 1510 3744; x_wconf 90' lang='lat' dir='ltr'><strong>cum</strong></span> <span class='ocrx_word' id='word_1_405' title='bbox 1544 3690 1873 3762; x_wconf 90' lang='lat' dir='ltr'><strong>intentione,</strong></span> <span class='ocrx_word' id='word_1_406' title='bbox 1906 3704 1960 3750; x_wconf 91' lang='lat' dir='ltr'><strong>et</strong></span> <span class='ocrx_word' id='word_1_407' title='bbox 1991 3697 2113 3767; x_wconf 84' lang='lat' dir='ltr'><strong>pie-</strong></span> 
     </span>
    </p>
   </div>
   <div class='ocr_carea' id='block_1_61' title="bbox 489 3776 2113 3842">
    <p class='ocr_par' dir='ltr' id='par_1_61' title="bbox 489 3776 2113 3842">
     <span class='ocr_line' id='line_1_62' title="bbox 489 3776 2113 3842; baseline 0.008 -13"><span class='ocrx_word' id='word_1_408' title='bbox 489 3780 619 3841; x_wconf 91' lang='lat' dir='ltr'><strong>tate,</strong></span> <span class='ocrx_word' id='word_1_409' title='bbox 649 3782 703 3831; x_wconf 90' lang='lat' dir='ltr'><strong>et</strong></span> <span class='ocrx_word' id='word_1_410' title='bbox 741 3776 1128 3832; x_wconf 75' lang='lat' dir='ltr'><strong>benevolentia</strong></span> <span class='ocrx_word' id='word_1_411' title='bbox 1185 3779 1262 3833; x_wconf 92' lang='lat' dir='ltr'><strong>Ibi</strong></span> <span class='ocrx_word' id='word_1_412' title='bbox 1295 3780 1459 3835; x_wconf 88' lang='lat' dir='ltr'><strong>etiam</strong></span> <span class='ocrx_word' id='word_1_413' title='bbox 1504 3783 1757 3838; x_wconf 81' lang='lat' dir='ltr'><strong>consiStit</strong></span> <span class='ocrx_word' id='word_1_414' title='bbox 1782 3787 1966 3841; x_wconf 90' lang='lat' dir='ltr'><strong>omnis</strong></span> <span class='ocrx_word' id='word_1_415' title='bbox 2008 3805 2113 3842; x_wconf 85' lang='lat' dir='ltr'><strong>nu-</strong></span> 
     </span>
    </p>
   </div>
   <div class='ocr_carea' id='block_1_62' title="bbox 490 3867 2109 3951">
    <p class='ocr_par' dir='ltr' id='par_1_62' title="bbox 490 3867 2109 3951">
     <span class='ocr_line' id='line_1_63' title="bbox 490 3867 2109 3951; baseline 0.01 -31"><span class='ocrx_word' id='word_1_416' title='bbox 490 3867 691 3922; x_wconf 91' lang='lat' dir='ltr'><strong>triendi</strong></span> <span class='ocrx_word' id='word_1_417' title='bbox 724 3868 1015 3936; x_wconf 90' lang='lat' dir='ltr'><strong>industria,</strong></span> <span class='ocrx_word' id='word_1_418' title='bbox 1047 3877 1242 3926; x_wconf 91' lang='lat' dir='ltr'><strong>cuncta</strong></span> <span class='ocrx_word' id='word_1_419' title='bbox 1297 3872 1542 3942; x_wconf 87' lang='lat' dir='ltr'><strong>proﬁeua</strong></span> <span class='ocrx_word' id='word_1_420' title='bbox 1575 3875 1795 3951; x_wconf 90' lang='lat' dir='ltr'><strong>ingenia</strong></span> <span class='ocrx_word' id='word_1_421' title='bbox 1822 3878 2109 3936; x_wconf 88' lang='lat' dir='ltr'><strong>laborandi</strong></span> 
     </span>
    </p>
   </div>
   <div class='ocr_carea' id='block_1_63' title="bbox 489 3957 2111 4032">
    <p class='ocr_par' dir='ltr' id='par_1_63' title="bbox 489 3957 2111 4032">
     <span class='ocr_line' id='line_1_64' title="bbox 489 3957 2111 4032; baseline 0.007 -20"><span class='ocrx_word' id='word_1_422' title='bbox 489 3958 543 4012; x_wconf 90' lang='lat' dir='ltr'><strong>in</strong></span> <span class='ocrx_word' id='word_1_423' title='bbox 571 3957 736 4032; x_wconf 82' lang='lat' dir='ltr'><strong>agris,</strong></span> <span class='ocrx_word' id='word_1_424' title='bbox 771 3957 827 4011; x_wconf 93' lang='lat' dir='ltr'><strong>in</strong></span> <span class='ocrx_word' id='word_1_425' title='bbox 866 3958 1063 4025; x_wconf 89' lang='lat' dir='ltr'><strong>vineis,</strong></span> <span class='ocrx_word' id='word_1_426' title='bbox 1101 3960 1156 4012; x_wconf 92' lang='lat' dir='ltr'><strong>in</strong></span> <span class='ocrx_word' id='word_1_427' title='bbox 1214 3960 1386 4027; x_wconf 83' lang='lat' dir='ltr'><strong>silvis,</strong></span> <span class='ocrx_word' id='word_1_428' title='bbox 1421 3962 1478 4016; x_wconf 92' lang='lat' dir='ltr'><strong>in</strong></span> <span class='ocrx_word' id='word_1_429' title='bbox 1532 3964 1722 4032; x_wconf 84' lang='lat' dir='ltr'><strong>hortis,</strong></span> <span class='ocrx_word' id='word_1_430' title='bbox 1767 3967 1821 4021; x_wconf 90' lang='lat' dir='ltr'><strong>in</strong></span> <span class='ocrx_word' id='word_1_431' title='bbox 1877 3968 2111 4024; x_wconf 86' lang='lat' dir='ltr'><strong>diversis</strong></span> 
     </span>
    </p>
   </div>
   <div class='ocr_carea' id='block_1_64' title="bbox 491 4051 2113 4135">
    <p class='ocr_par' dir='ltr' id='par_1_64' title="bbox 491 4051 2113 4135">
     <span class='ocr_line' id='line_1_65' title="bbox 491 4051 2113 4135; baseline 0.008 -29"><span class='ocrx_word' id='word_1_432' title='bbox 491 4051 833 4121; x_wconf 88' lang='lat' dir='ltr'><strong>emptionum</strong></span> <span class='ocrx_word' id='word_1_433' title='bbox 865 4051 1167 4123; x_wconf 80' lang='lat' dir='ltr'><strong>generibus</strong></span> <span class='ocrx_word' id='word_1_434' title='bbox 1207 4055 1434 4123; x_wconf 87' lang='lat' dir='ltr'><strong>provide</strong></span> <span class='ocrx_word' id='word_1_435' title='bbox 1476 4061 1855 4127; x_wconf 88' lang='lat' dir='ltr'><strong>procurandis.</strong></span> <span class='ocrx_word' id='word_1_436' title='bbox 1883 4065 2113 4135; x_wconf 90' lang='lat' dir='ltr'><strong>Insuper</strong></span> 
     </span>
    </p>
   </div>
   <div class='ocr_carea' id='block_1_65' title="bbox 490 4141 2112 4227">
    <p class='ocr_par' dir='ltr' id='par_1_65' title="bbox 490 4141 2112 4227">
     <span class='ocr_line' id='line_1_66' title="bbox 490 4141 2112 4227; baseline 0.009 -30"><span class='ocrx_word' id='word_1_437' title='bbox 490 4148 544 4197; x_wconf 88' lang='lat' dir='ltr'><strong>et</strong></span> <span class='ocrx_word' id='word_1_438' title='bbox 573 4142 643 4197; x_wconf 90' lang='lat' dir='ltr'><strong>de</strong></span> <span class='ocrx_word' id='word_1_439' title='bbox 674 4141 936 4212; x_wconf 84' lang='lat' dir='ltr'><strong>qualitate</strong></span> <span class='ocrx_word' id='word_1_440' title='bbox 983 4144 1300 4199; x_wconf 69' lang='lat' dir='ltr'><strong>necessaria</strong></span> <span class='ocrx_word' id='word_1_441' title='bbox 1329 4145 1711 4219; x_wconf 84' lang='lat' dir='ltr'><strong>aediﬁciorum,</strong></span> <span class='ocrx_word' id='word_1_442' title='bbox 1743 4152 1855 4207; x_wconf 85' lang='lat' dir='ltr'><strong>sive</strong></span> <span class='ocrx_word' id='word_1_443' title='bbox 1893 4156 2112 4227; x_wconf 90' lang='lat' dir='ltr'><strong>quanti-</strong></span> 
     </span>
    </p>
   </div>
   <div class='ocr_carea' id='block_1_66' title="bbox 491 4231 2110 4304">
    <p class='ocr_par' dir='ltr' id='par_1_66' title="bbox 491 4231 2110 4304">
     <span class='ocr_line' id='line_1_67' title="bbox 491 4231 2110 4304; baseline 0.008 -18"><span class='ocrx_word' id='word_1_444' title='bbox 491 4238 619 4286; x_wconf 89' lang='lat' dir='ltr'><strong>tate.</strong></span> <span class='ocrx_word' id='word_1_445' title='bbox 652 4231 883 4285; x_wconf 91' lang='lat' dir='ltr'><strong>lnterior</strong></span> <span class='ocrx_word' id='word_1_446' title='bbox 906 4246 1035 4286; x_wconf 88' lang='lat' dir='ltr'><strong>vero</strong></span> <span class='ocrx_word' id='word_1_447' title='bbox 1065 4231 1381 4289; x_wconf 90' lang='lat' dir='ltr'><strong>sollicitudo</strong></span> <span class='ocrx_word' id='word_1_448' title='bbox 1410 4236 1529 4304; x_wconf 85' lang='lat' dir='ltr'><strong>ejus</strong></span> <span class='ocrx_word' id='word_1_449' title='bbox 1555 4252 1679 4292; x_wconf 90' lang='lat' dir='ltr'><strong>esse</strong></span> <span class='ocrx_word' id='word_1_450' title='bbox 1712 4239 1916 4297; x_wconf 86' lang='lat' dir='ltr'><strong>debere</strong></span> <span class='ocrx_word' id='word_1_451' title='bbox 1939 4246 2110 4300; x_wconf 85' lang='lat' dir='ltr'><strong>mani-</strong></span> 
     </span>
    </p>
   </div>
   <div class='ocr_carea' id='block_1_67' title="bbox 489 4323 2105 4400">
    <p class='ocr_par' dir='ltr' id='par_1_67' title="bbox 489 4323 2105 4400">
     <span class='ocr_line' id='line_1_68' title="bbox 489 4323 2105 4400; baseline 0.008 -22"><span class='ocrx_word' id='word_1_452' title='bbox 489 4323 688 4379; x_wconf 89' lang='lat' dir='ltr'><strong>festum</strong></span> <span class='ocrx_word' id='word_1_453' title='bbox 722 4331 804 4379; x_wconf 87' lang='lat' dir='ltr'><strong>est</strong></span> <span class='ocrx_word' id='word_1_454' title='bbox 833 4323 1178 4394; x_wconf 88' lang='lat' dir='ltr'><strong>dispensatio</strong></span> <span class='ocrx_word' id='word_1_455' title='bbox 1202 4325 1427 4381; x_wconf 87' lang='lat' dir='ltr'><strong>fratrum</strong></span> <span class='ocrx_word' id='word_1_456' title='bbox 1461 4330 1697 4400; x_wconf 89' lang='lat' dir='ltr'><strong>publica,</strong></span> <span class='ocrx_word' id='word_1_457' title='bbox 1724 4333 1956 4390; x_wconf 90' lang='lat' dir='ltr'><strong>honeste</strong></span> <span class='ocrx_word' id='word_1_458' title='bbox 1983 4338 2105 4391; x_wconf 89' lang='lat' dir='ltr'><strong>dis-</strong></span> 
     </span>
    </p>
   </div>
   <div class='ocr_carea' id='block_1_68' title="bbox 490 4416 2109 4499">
    <p class='ocr_par' dir='ltr' id='par_1_68' title="bbox 490 4416 2109 4499">
     <span class='ocr_line' id='line_1_69' title="bbox 490 4416 2109 4499; baseline 0.009 -28"><span class='ocrx_word' id='word_1_459' title='bbox 490 4417 670 4487; x_wconf 90' lang='lat' dir='ltr'><strong>posita</strong></span> <span class='ocrx_word' id='word_1_460' title='bbox 700 4416 755 4470; x_wconf 91' lang='lat' dir='ltr'><strong>in</strong></span> <span class='ocrx_word' id='word_1_461' title='bbox 777 4416 923 4471; x_wconf 89' lang='lat' dir='ltr'><strong>victu</strong></span> <span class='ocrx_word' id='word_1_462' title='bbox 953 4425 1008 4471; x_wconf 90' lang='lat' dir='ltr'><strong>et</strong></span> <span class='ocrx_word' id='word_1_463' title='bbox 1036 4424 1187 4487; x_wconf 90' lang='lat' dir='ltr'><strong>potu,</strong></span> <span class='ocrx_word' id='word_1_464' title='bbox 1221 4419 1335 4475; x_wconf 85' lang='lat' dir='ltr'><strong>sive</strong></span> <span class='ocrx_word' id='word_1_465' title='bbox 1366 4422 1516 4476; x_wconf 90' lang='lat' dir='ltr'><strong>omni</strong></span> <span class='ocrx_word' id='word_1_466' title='bbox 1558 4424 1809 4482; x_wconf 90' lang='lat' dir='ltr'><strong>subsidio</strong></span> <span class='ocrx_word' id='word_1_467' title='bbox 1835 4430 2109 4499; x_wconf 88' lang='lat' dir='ltr'><strong>corporali</strong></span> 
     </span>
    </p>
   </div>
   <div class='ocr_carea' id='block_1_69' title="bbox 488 4506 2110 4585">
    <p class='ocr_par' dir='ltr' id='par_1_69' title="bbox 488 4506 2110 4585">
     <span class='ocr_line' id='line_1_70' title="bbox 488 4506 2110 4585; baseline 0.008 -24"><span class='ocrx_word' id='word_1_468' title='bbox 488 4507 638 4578; x_wconf 87' lang='lat' dir='ltr'><strong>quod</strong></span> <span class='ocrx_word' id='word_1_469' title='bbox 668 4506 1014 4561; x_wconf 84' lang='lat' dir='ltr'><strong>administrat</strong></span> <span class='ocrx_word' id='word_1_470' title='bbox 1041 4507 1228 4562; x_wconf 86' lang='lat' dir='ltr'><strong>divina</strong></span> <span class='ocrx_word' id='word_1_471' title='bbox 1255 4509 1450 4580; x_wconf 84' lang='lat' dir='ltr'><strong>pietas,</strong></span> <span class='ocrx_word' id='word_1_472' title='bbox 1483 4513 1598 4568; x_wconf 83' lang='lat' dir='ltr'><strong>sive</strong></span> <span class='ocrx_word' id='word_1_473' title='bbox 1625 4531 1723 4585; x_wconf 90' lang='lat' dir='ltr'><strong>per</strong></span> <span class='ocrx_word' id='word_1_474' title='bbox 1754 4517 1997 4573; x_wconf 89' lang='lat' dir='ltr'><strong>studium</strong></span> <span class='ocrx_word' id='word_1_475' title='bbox 2028 4519 2110 4575; x_wconf 88' lang='lat' dir='ltr'><strong>la-</strong></span> 
     </span>
    </p>
   </div>
   <div class='ocr_carea' id='block_1_70' title="bbox 487 4598 2106 4675">
    <p class='ocr_par' dir='ltr' id='par_1_70' title="bbox 487 4598 2106 4675">
     <span class='ocr_line' id='line_1_71' title="bbox 487 4598 2106 4675; baseline 0.01 -22"><span class='ocrx_word' id='word_1_476' title='bbox 487 4599 638 4654; x_wconf 90' lang='lat' dir='ltr'><strong>boris</strong></span> <span class='ocrx_word' id='word_1_477' title='bbox 667 4599 808 4669; x_wconf 88' lang='lat' dir='ltr'><strong>ejus,</strong></span> <span class='ocrx_word' id='word_1_478' title='bbox 841 4598 958 4654; x_wconf 89' lang='lat' dir='ltr'><strong>sive</strong></span> <span class='ocrx_word' id='word_1_479' title='bbox 996 4600 1062 4654; x_wconf 91' lang='lat' dir='ltr'><strong>de</strong></span> <span class='ocrx_word' id='word_1_480' title='bbox 1094 4601 1465 4674; x_wconf 86' lang='lat' dir='ltr'><strong>eleemosynis</strong></span> <span class='ocrx_word' id='word_1_481' title='bbox 1496 4603 1764 4675; x_wconf 85' lang='lat' dir='ltr'><strong>ﬁdelium,</strong></span> <span class='ocrx_word' id='word_1_482' title='bbox 1804 4627 2019 4667; x_wconf 91' lang='lat' dir='ltr'><strong>necnon</strong></span> <span class='ocrx_word' id='word_1_483' title='bbox 2051 4621 2106 4669; x_wconf 89' lang='lat' dir='ltr'><strong>et</strong></span> 
     </span>
    </p>
   </div>
   <div class='ocr_carea' id='block_1_71' title="bbox 488 4688 2103 4766">
    <p class='ocr_par' dir='ltr' id='par_1_71' title="bbox 488 4688 2103 4766">
     <span class='ocr_line' id='line_1_72' title="bbox 488 4688 2103 4766; baseline 0.01 -24"><span class='ocrx_word' id='word_1_484' title='bbox 488 4689 557 4742; x_wconf 91' lang='lat' dir='ltr'><strong>de</strong></span> <span class='ocrx_word' id='word_1_485' title='bbox 587 4688 734 4743; x_wconf 93' lang='lat' dir='ltr'><strong>dono</strong></span> <span class='ocrx_word' id='word_1_486' title='bbox 760 4688 996 4759; x_wconf 68' lang='lat' dir='ltr'><strong>pr0prize</strong></span> <span class='ocrx_word' id='word_1_487' title='bbox 1024 4690 1426 4759; x_wconf 89' lang='lat' dir='ltr'><strong>procurationis</strong></span> <span class='ocrx_word' id='word_1_488' title='bbox 1454 4696 1689 4766; x_wconf 63' lang='lat' dir='ltr'><strong>publica:</strong></span> <span class='ocrx_word' id='word_1_489' title='bbox 1746 4698 1837 4754; x_wconf 91' lang='lat' dir='ltr'><strong>Cni</strong></span> <span class='ocrx_word' id='word_1_490' title='bbox 1868 4716 1977 4756; x_wconf 88' lang='lat' dir='ltr'><strong>non</strong></span> <span class='ocrx_word' id='word_1_491' title='bbox 2001 4703 2103 4759; x_wconf 79' lang='lat' dir='ltr'><strong>mi—</strong></span> 
     </span>
    </p>
   </div>
   <div class='ocr_carea' id='block_1_72' title="bbox 489 4780 2099 4854">
    <p class='ocr_par' dir='ltr' id='par_1_72' title="bbox 489 4780 2099 4854">
     <span class='ocr_line' id='line_1_73' title="bbox 489 4780 2099 4854; baseline 0.009 -19"><span class='ocrx_word' id='word_1_492' title='bbox 489 4796 593 4835; x_wconf 92' lang='lat' dir='ltr'><strong>nor</strong></span> <span class='ocrx_word' id='word_1_493' title='bbox 624 4786 774 4853; x_wconf 90' lang='lat' dir='ltr'><strong>patet</strong></span> <span class='ocrx_word' id='word_1_494' title='bbox 806 4780 969 4835; x_wconf 88' lang='lat' dir='ltr'><strong>etiam</strong></span> <span class='ocrx_word' id='word_1_495' title='bbox 1004 4781 1110 4835; x_wconf 86' lang='lat' dir='ltr'><strong>alia</strong></span> <span class='ocrx_word' id='word_1_496' title='bbox 1140 4781 1482 4854; x_wconf 87' lang='lat' dir='ltr'><strong>dispensatio</strong></span> <span class='ocrx_word' id='word_1_497' title='bbox 1510 4792 1822 4847; x_wconf 87' lang='lat' dir='ltr'><strong>necessaria</strong></span> <span class='ocrx_word' id='word_1_498' title='bbox 1853 4793 1909 4847; x_wconf 93' lang='lat' dir='ltr'><strong>in</strong></span> <span class='ocrx_word' id='word_1_499' title='bbox 1941 4794 2099 4848; x_wconf 89' lang='lat' dir='ltr'><strong>inﬁr-</strong></span> 
     </span>
    </p>
   </div>
   <div class='ocr_carea' id='block_1_73' title="bbox 486 4870 2105 4952">
    <p class='ocr_par' dir='ltr' id='par_1_73' title="bbox 486 4870 2105 4952">
     <span class='ocr_line' id='line_1_74' title="bbox 486 4870 2105 4952; baseline 0.008 -26"><span class='ocrx_word' id='word_1_500' title='bbox 486 4871 593 4926; x_wconf 90' lang='lat' dir='ltr'><strong>mis</strong></span> <span class='ocrx_word' id='word_1_501' title='bbox 620 4878 674 4926; x_wconf 88' lang='lat' dir='ltr'><strong>et</strong></span> <span class='ocrx_word' id='word_1_502' title='bbox 693 4870 942 4937; x_wconf 89' lang='lat' dir='ltr'><strong>senibus,</strong></span> <span class='ocrx_word' id='word_1_503' title='bbox 976 4887 1073 4941; x_wconf 90' lang='lat' dir='ltr'><strong>pro</strong></span> <span class='ocrx_word' id='word_1_504' title='bbox 1100 4872 1417 4930; x_wconf 82' lang='lat' dir='ltr'><strong>diversitate</strong></span> <span class='ocrx_word' id='word_1_505' title='bbox 1440 4878 1877 4952; x_wconf 88' lang='lat' dir='ltr'><strong>uniuscujusque</strong></span> <span class='ocrx_word' id='word_1_506' title='bbox 1906 4899 2105 4938; x_wconf 89' lang='lat' dir='ltr'><strong>neces-</strong></span> 
     </span>
    </p>
   </div>
   <div class='ocr_carea' id='block_1_74' title="bbox 487 4962 2099 5035">
    <p class='ocr_par' dir='ltr' id='par_1_74' title="bbox 487 4962 2099 5035">
     <span class='ocr_line' id='line_1_75' title="bbox 487 4962 2099 5035; baseline 0.009 -18"><span class='ocrx_word' id='word_1_507' title='bbox 487 4963 668 5018; x_wconf 88' lang='lat' dir='ltr'><strong>sitatis</strong></span> <span class='ocrx_word' id='word_1_508' title='bbox 715 4962 975 5035; x_wconf 88' lang='lat' dir='ltr'><strong>Sequitur</strong></span> <span class='ocrx_word' id='word_1_509' title='bbox 990 4971 1172 5020; x_wconf 86' lang='lat' dir='ltr'><strong>autem</strong></span> <span class='ocrx_word' id='word_1_510' title='bbox 1203 4966 1331 5021; x_wconf 89' lang='lat' dir='ltr'><strong>hinc</strong></span> <span class='ocrx_word' id='word_1_511' title='bbox 1349 4968 1590 5024; x_wconf 91' lang='lat' dir='ltr'><strong>studium</strong></span> <span class='ocrx_word' id='word_1_512' title='bbox 1610 4986 1828 5026; x_wconf 87' lang='lat' dir='ltr'><strong>omnem</strong></span> <span class='ocrx_word' id='word_1_513' title='bbox 1846 4984 2099 5031; x_wconf 87' lang='lat' dir='ltr'><strong>ornatum</strong></span> 
     </span>
    </p>
   </div>
   <div class='ocr_carea' id='block_1_75' title="bbox 489 5056 2103 5127">
    <p class='ocr_par' dir='ltr' id='par_1_75' title="bbox 489 5056 2103 5127">
     <span class='ocr_line' id='line_1_76' title="bbox 489 5056 2103 5127; baseline 0.009 -17"><span class='ocrx_word' id='word_1_514' title='bbox 489 5056 829 5127; x_wconf 90' lang='lat' dir='ltr'><strong>corporalem</strong></span> <span class='ocrx_word' id='word_1_515' title='bbox 859 5071 922 5110; x_wconf 91' lang='lat' dir='ltr'><strong>ac</strong></span> <span class='ocrx_word' id='word_1_516' title='bbox 973 5056 1275 5126; x_wconf 89' lang='lat' dir='ltr'><strong>spiritalem</strong></span> <span class='ocrx_word' id='word_1_517' title='bbox 1338 5061 1632 5116; x_wconf 86' lang='lat' dir='ltr'><strong>continens</strong></span> <span class='ocrx_word' id='word_1_518' title='bbox 1686 5063 2103 5124; x_wconf 67' lang='lat' dir='ltr'><strong>fratrum:cor-</strong></span> 
     </span>
    </p>
   </div>
   <div class='ocr_carea' id='block_1_76' title="bbox 488 5143 2102 5223">
    <p class='ocr_par' dir='ltr' id='par_1_76' title="bbox 488 5143 2102 5223">
     <span class='ocr_line' id='line_1_77' title="bbox 488 5143 2102 5223; baseline 0.008 -23"><span class='ocrx_word' id='word_1_519' title='bbox 488 5146 736 5217; x_wconf 91' lang='lat' dir='ltr'><strong>poralem</strong></span> <span class='ocrx_word' id='word_1_520' title='bbox 771 5144 1007 5214; x_wconf 89' lang='lat' dir='ltr'><strong>primum</strong></span> <span class='ocrx_word' id='word_1_521' title='bbox 1042 5143 1099 5197; x_wconf 93' lang='lat' dir='ltr'><strong>in</strong></span> <span class='ocrx_word' id='word_1_522' title='bbox 1127 5144 1399 5213; x_wconf 89' lang='lat' dir='ltr'><strong>clausura,</strong></span> <span class='ocrx_word' id='word_1_523' title='bbox 1431 5147 1559 5204; x_wconf 90' lang='lat' dir='ltr'><strong>inde</strong></span> <span class='ocrx_word' id='word_1_524' title='bbox 1600 5151 1654 5207; x_wconf 91' lang='lat' dir='ltr'><strong>in</strong></span> <span class='ocrx_word' id='word_1_525' title='bbox 1702 5152 2015 5223; x_wconf 89' lang='lat' dir='ltr'><strong>refectorio,</strong></span> <span class='ocrx_word' id='word_1_526' title='bbox 2047 5164 2102 5212; x_wconf 90' lang='lat' dir='ltr'><strong>et</strong></span> 
     </span>
    </p>
   </div>
   <div class='ocr_carea' id='block_1_77' title="bbox 486 5236 2106 5314">
    <p class='ocr_par' dir='ltr' id='par_1_77' title="bbox 486 5236 2106 5314">
     <span class='ocr_line' id='line_1_78' title="bbox 486 5236 2106 5314; baseline 0.008 -21"><span class='ocrx_word' id='word_1_527' title='bbox 486 5239 541 5293; x_wconf 92' lang='lat' dir='ltr'><strong>in</strong></span> <span class='ocrx_word' id='word_1_528' title='bbox 570 5236 914 5303; x_wconf 91' lang='lat' dir='ltr'><strong>dormitorio,</strong></span> <span class='ocrx_word' id='word_1_529' title='bbox 944 5236 999 5290; x_wconf 92' lang='lat' dir='ltr'><strong>in</strong></span> <span class='ocrx_word' id='word_1_530' title='bbox 1019 5236 1267 5304; x_wconf 88' lang='lat' dir='ltr'><strong>cellario,</strong></span> <span class='ocrx_word' id='word_1_531' title='bbox 1294 5238 1347 5293; x_wconf 92' lang='lat' dir='ltr'><strong>in</strong></span> <span class='ocrx_word' id='word_1_532' title='bbox 1375 5243 1634 5314; x_wconf 87' lang='lat' dir='ltr'><strong>coquina,</strong></span> <span class='ocrx_word' id='word_1_533' title='bbox 1668 5246 1783 5302; x_wconf 87' lang='lat' dir='ltr'><strong>sive</strong></span> <span class='ocrx_word' id='word_1_534' title='bbox 1810 5247 1865 5302; x_wconf 92' lang='lat' dir='ltr'><strong>in</strong></span> <span class='ocrx_word' id='word_1_535' title='bbox 1893 5250 2106 5305; x_wconf 85' lang='lat' dir='ltr'><strong>cunctis</strong></span> 
     </span>
    </p>
   </div>
   <div class='ocr_carea' id='block_1_78' title="bbox 483 5331 2101 5400">
    <p class='ocr_par' dir='ltr' id='par_1_78' title="bbox 483 5331 2101 5400">
     <span class='ocr_line' id='line_1_79' title="bbox 483 5331 2101 5400; baseline 0.009 -13"><span class='ocrx_word' id='word_1_536' title='bbox 483 5331 884 5388; x_wconf 85' lang='lat' dir='ltr'><strong>habitatoribus</strong></span> <span class='ocrx_word' id='word_1_537' title='bbox 916 5331 1265 5399; x_wconf 86' lang='lat' dir='ltr'><strong>necessariis,</strong></span> <span class='ocrx_word' id='word_1_538' title='bbox 1302 5351 1518 5393; x_wconf 86' lang='lat' dir='ltr'><strong>necnon</strong></span> <span class='ocrx_word' id='word_1_539' title='bbox 1550 5340 1604 5394; x_wconf 91' lang='lat' dir='ltr'><strong>in</strong></span> <span class='ocrx_word' id='word_1_540' title='bbox 1636 5343 1873 5398; x_wconf 81' lang='lat' dir='ltr'><strong>vasculis</strong></span> <span class='ocrx_word' id='word_1_541' title='bbox 1917 5345 2101 5400; x_wconf 83' lang='lat' dir='ltr'><strong>omni-</strong></span> 
     </span>
    </p>
   </div>
   <div class='ocr_carea' id='block_1_79' title="bbox 482 5418 2102 5490">
    <p class='ocr_par' dir='ltr' id='par_1_79' title="bbox 482 5418 2102 5490">
     <span class='ocr_line' id='line_1_80' title="bbox 482 5418 2102 5490; baseline 0.009 -14"><span class='ocrx_word' id='word_1_542' title='bbox 482 5422 603 5476; x_wconf 90' lang='lat' dir='ltr'><strong>bus.</strong></span> <span class='ocrx_word' id='word_1_543' title='bbox 637 5418 953 5490; x_wconf 84' lang='lat' dir='ltr'><strong>Spiritalem</strong></span> <span class='ocrx_word' id='word_1_544' title='bbox 986 5433 1116 5473; x_wconf 88' lang='lat' dir='ltr'><strong>vero</strong></span> <span class='ocrx_word' id='word_1_545' title='bbox 1148 5420 1325 5475; x_wconf 87' lang='lat' dir='ltr'><strong>zelum</strong></span> <span class='ocrx_word' id='word_1_546' title='bbox 1361 5425 1486 5480; x_wconf 89' lang='lat' dir='ltr'><strong>talis</strong></span> <span class='ocrx_word' id='word_1_547' title='bbox 1520 5428 1773 5485; x_wconf 89' lang='lat' dir='ltr'><strong>minister</strong></span> <span class='ocrx_word' id='word_1_548' title='bbox 1806 5448 1947 5489; x_wconf 74' lang='lat' dir='ltr'><strong>vera:</strong></span> <span class='ocrx_word' id='word_1_549' title='bbox 1974 5433 2102 5489; x_wconf 84' lang='lat' dir='ltr'><strong>reli-</strong></span> 
     </span>
    </p>
   </div>
   <div class='ocr_carea' id='block_1_80' title="bbox 476 5513 2097 5593">
    <p class='ocr_par' dir='ltr' id='par_1_80' title="bbox 476 5513 2097 5593">
     <span class='ocr_line' id='line_1_81' title="bbox 476 5513 2097 5593; baseline 0.007 -22"><span class='ocrx_word' id='word_1_550' title='bbox 476 5515 661 5593; x_wconf 84' lang='lat' dir='ltr'><strong>gionis</strong></span> <span class='ocrx_word' id='word_1_551' title='bbox 688 5514 892 5569; x_wconf 87' lang='lat' dir='ltr'><strong>habere</strong></span> <span class='ocrx_word' id='word_1_552' title='bbox 924 5513 1091 5568; x_wconf 90' lang='lat' dir='ltr'><strong>debet</strong></span> <span class='ocrx_word' id='word_1_553' title='bbox 1135 5524 1338 5572; x_wconf 74' lang='lat' dir='ltr'><strong>sanctae</strong></span> <span class='ocrx_word' id='word_1_554' title='bbox 1379 5523 1819 5580; x_wconf 88' lang='lat' dir='ltr'><strong>conversationis</strong></span> <span class='ocrx_word' id='word_1_555' title='bbox 1848 5532 2008 5583; x_wconf 90' lang='lat' dir='ltr'><strong>nocte</strong></span> <span class='ocrx_word' id='word_1_556' title='bbox 2034 5544 2097 5583; x_wconf 90' lang='lat' dir='ltr'><strong>ac</strong></span> 
     </span>
    </p>
   </div>
   <div class='ocr_carea' id='block_1_81' title="bbox 478 5606 2094 5683">
    <p class='ocr_par' dir='ltr' id='par_1_81' title="bbox 478 5606 2094 5683">
     <span class='ocr_line' id='line_1_82' title="bbox 478 5606 2094 5683; baseline 0.007 -19"><span class='ocrx_word' id='word_1_557' title='bbox 478 5611 569 5665; x_wconf 90' lang='lat' dir='ltr'><strong>die</strong></span> <span class='ocrx_word' id='word_1_558' title='bbox 604 5608 892 5666; x_wconf 89' lang='lat' dir='ltr'><strong>canonicis</strong></span> <span class='ocrx_word' id='word_1_559' title='bbox 916 5606 1132 5680; x_wconf 83' lang='lat' dir='ltr'><strong>partitis</strong></span> <span class='ocrx_word' id='word_1_560' title='bbox 1162 5606 1218 5663; x_wconf 92' lang='lat' dir='ltr'><strong>in</strong></span> <span class='ocrx_word' id='word_1_561' title='bbox 1244 5612 1413 5670; x_wconf 89' lang='lat' dir='ltr'><strong>horis.</strong></span> <span class='ocrx_word' id='word_1_562' title='bbox 1436 5613 1849 5672; x_wconf 90' lang='lat' dir='ltr'><strong>.Correctiouem</strong></span> <span class='ocrx_word' id='word_1_563' title='bbox 1882 5634 2094 5683; x_wconf 86' lang='lat' dir='ltr'><strong>morum</strong></span> 
     </span>
    </p>
   </div>
   <div class='ocr_carea' id='block_1_82' title="bbox 476 5703 2096 5781">
    <p class='ocr_par' dir='ltr' id='par_1_82' title="bbox 476 5703 2096 5781">
     <span class='ocr_line' id='line_1_83' title="bbox 476 5703 2096 5781; baseline 0.009 -27"><span class='ocrx_word' id='word_1_564' title='bbox 476 5717 576 5770; x_wconf 89' lang='lat' dir='ltr'><strong>per</strong></span> <span class='ocrx_word' id='word_1_565' title='bbox 604 5703 925 5776; x_wconf 88' lang='lat' dir='ltr'><strong>gravitatem</strong></span> <span class='ocrx_word' id='word_1_566' title='bbox 949 5704 1189 5763; x_wconf 87' lang='lat' dir='ltr'><strong>levitatis</strong></span> <span class='ocrx_word' id='word_1_567' title='bbox 1208 5712 1417 5765; x_wconf 91' lang='lat' dir='ltr'><strong>motum</strong></span> <span class='ocrx_word' id='word_1_568' title='bbox 1441 5707 1866 5781; x_wconf 88' lang='lat' dir='ltr'><strong>deprehendens</strong></span> <span class='ocrx_word' id='word_1_569' title='bbox 1893 5728 1906 5766; x_wconf 90' lang='lat'>:</span> <span class='ocrx_word' id='word_1_570' title='bbox 1936 5712 2096 5769; x_wconf 85' lang='lat' dir='ltr'><strong>vani—</strong></span> 
     </span>
    </p>
   </div>
   <div class='ocr_carea' id='block_1_83' title="bbox 2213 3608 3769 3692">
    <p class='ocr_par' dir='ltr' id='par_1_83' title="bbox 2213 3608 3769 3692">
     <span class='ocr_line' id='line_1_84' title="bbox 2213 3608 3769 3692; baseline 0.004 -29"><span class='ocrx_word' id='word_1_571' title='bbox 2213 3608 2541 3679; x_wconf 88' lang='lat' dir='ltr'><strong>depellens:</strong></span> <span class='ocrx_word' id='word_1_572' title='bbox 2572 3627 2768 3667; x_wconf 90' lang='lat' dir='ltr'><strong>omnes</strong></span> <span class='ocrx_word' id='word_1_573' title='bbox 2798 3614 3170 3691; x_wconf 83' lang='lat' dir='ltr'><strong>negligentias</strong></span> <span class='ocrx_word' id='word_1_574' title='bbox 3201 3620 3454 3675; x_wconf 90' lang='lat' dir='ltr'><strong>omnium</strong></span> <span class='ocrx_word' id='word_1_575' title='bbox 3485 3619 3677 3692; x_wconf 84' lang='lat' dir='ltr'><strong>publice</strong></span> <span class='ocrx_word' id='word_1_576' title='bbox 3698 3616 3769 3669; x_wconf 84' lang='lat' dir='ltr'><strong>de-</strong></span> 
     </span>
    </p>
   </div>
   <div class='ocr_carea' id='block_1_84' title="bbox 2212 3703 3773 3783">
    <p class='ocr_par' dir='ltr' id='par_1_84' title="bbox 2212 3703 3773 3783">
     <span class='ocr_line' id='line_1_85' title="bbox 2212 3703 3773 3783; baseline 0.004 -27"><span class='ocrx_word' id='word_1_577' title='bbox 2212 3703 2513 3772; x_wconf 90' lang='lat' dir='ltr'><strong>prehensas</strong></span> <span class='ocrx_word' id='word_1_578' title='bbox 2560 3705 2615 3759; x_wconf 91' lang='lat' dir='ltr'><strong>in</strong></span> <span class='ocrx_word' id='word_1_579' title='bbox 2647 3707 2886 3777; x_wconf 87' lang='lat' dir='ltr'><strong>capitulo</strong></span> <span class='ocrx_word' id='word_1_580' title='bbox 2940 3711 3188 3766; x_wconf 91' lang='lat' dir='ltr'><strong>omnium</strong></span> <span class='ocrx_word' id='word_1_581' title='bbox 3220 3712 3448 3769; x_wconf 88' lang='lat' dir='ltr'><strong>fratrum</strong></span> <span class='ocrx_word' id='word_1_582' title='bbox 3484 3712 3674 3783; x_wconf 86' lang='lat' dir='ltr'><strong>judicio</strong></span> <span class='ocrx_word' id='word_1_583' title='bbox 3697 3724 3773 3781; x_wconf 87' lang='lat' dir='ltr'><strong>pu-</strong></span> 
     </span>
    </p>
   </div>
   <div class='ocr_carea' id='block_1_85' title="bbox 2213 3792 3772 3877">
    <p class='ocr_par' dir='ltr' id='par_1_85' title="bbox 2213 3792 3772 3877">
     <span class='ocr_line' id='line_1_86' title="bbox 2213 3792 3772 3877; baseline 0.006 -31"><span class='ocrx_word' id='word_1_584' title='bbox 2213 3792 2374 3847; x_wconf 90' lang='lat' dir='ltr'><strong>niens</strong></span> <span class='ocrx_word' id='word_1_585' title='bbox 2404 3794 2493 3849; x_wconf 90' lang='lat' dir='ltr'><strong>his</strong></span> <span class='ocrx_word' id='word_1_586' title='bbox 2515 3794 2713 3864; x_wconf 91' lang='lat' dir='ltr'><strong>modis,</strong></span> <span class='ocrx_word' id='word_1_587' title='bbox 2746 3797 2800 3852; x_wconf 90' lang='lat' dir='ltr'><strong>id</strong></span> <span class='ocrx_word' id='word_1_588' title='bbox 2831 3807 2933 3867; x_wconf 88' lang='lat' dir='ltr'><strong>est,</strong></span> <span class='ocrx_word' id='word_1_589' title='bbox 2967 3810 3060 3856; x_wconf 89' lang='lat' dir='ltr'><strong>aut</strong></span> <span class='ocrx_word' id='word_1_590' title='bbox 3083 3818 3325 3871; x_wconf 84' lang='lat' dir='ltr'><strong>carcere,</strong></span> <span class='ocrx_word' id='word_1_591' title='bbox 3360 3811 3453 3860; x_wconf 87' lang='lat' dir='ltr'><strong>aut</strong></span> <span class='ocrx_word' id='word_1_592' title='bbox 3479 3803 3772 3877; x_wconf 82' lang='lat' dir='ltr'><strong>separatione</strong></span> 
     </span>
    </p>
   </div>
   <div class='ocr_carea' id='block_1_86' title="bbox 2212 3893 3779 3966">
    <p class='ocr_par' dir='ltr' id='par_1_86' title="bbox 2212 3893 3779 3966">
     <span class='ocr_line' id='line_1_87' title="bbox 2212 3893 3779 3966; baseline 0.007 -22"><span class='ocrx_word' id='word_1_593' title='bbox 2212 3906 2437 3955; x_wconf 62' lang='lat' dir='ltr'><strong>mensae,</strong></span> <span class='ocrx_word' id='word_1_594' title='bbox 2473 3893 2589 3948; x_wconf 87' lang='lat' dir='ltr'><strong>sive</strong></span> <span class='ocrx_word' id='word_1_595' title='bbox 2616 3893 2672 3948; x_wconf 91' lang='lat' dir='ltr'><strong>in</strong></span> <span class='ocrx_word' id='word_1_596' title='bbox 2704 3896 2952 3952; x_wconf 90' lang='lat' dir='ltr'><strong>omnium</strong></span> <span class='ocrx_word' id='word_1_597' title='bbox 2969 3899 3262 3956; x_wconf 88' lang='lat' dir='ltr'><strong>verborum</strong></span> <span class='ocrx_word' id='word_1_598' title='bbox 3295 3903 3626 3958; x_wconf 87' lang='lat' dir='ltr'><strong>diversitate.</strong></span> <span class='ocrx_word' id='word_1_599' title='bbox 3655 3899 3779 3966; x_wconf 85' lang='lat' dir='ltr'><strong>Cujus</strong></span> 
     </span>
    </p>
   </div>
   <div class='ocr_carea' id='block_1_87' title="bbox 2212 3982 3779 4062">
    <p class='ocr_par' dir='ltr' id='par_1_87' title="bbox 2212 3982 3779 4062">
     <span class='ocr_line' id='line_1_88' title="bbox 2212 3982 3779 4062; baseline 0.005 -27"><span class='ocrx_word' id='word_1_600' title='bbox 2212 3982 2376 4049; x_wconf 87' lang='lat' dir='ltr'><strong>etiam</strong></span> <span class='ocrx_word' id='word_1_601' title='bbox 2408 3985 2834 4054; x_wconf 88' lang='lat' dir='ltr'><strong>prudentissima</strong></span> <span class='ocrx_word' id='word_1_602' title='bbox 2857 3987 3283 4062; x_wconf 88' lang='lat' dir='ltr'><strong>circumspectio</strong></span> <span class='ocrx_word' id='word_1_603' title='bbox 3317 3993 3545 4048; x_wconf 90' lang='lat' dir='ltr'><strong>decanis</strong></span> <span class='ocrx_word' id='word_1_604' title='bbox 3566 3990 3660 4045; x_wconf 86' lang='lat' dir='ltr'><strong>sibi</strong></span> <span class='ocrx_word' id='word_1_605' title='bbox 3680 4002 3779 4058; x_wconf 82' lang='lat' dir='ltr'><strong>sup-</strong></span> 
     </span>
    </p>
   </div>
   <div class='ocr_carea' id='block_1_88' title="bbox 2214 4071 3779 4154">
    <p class='ocr_par' dir='ltr' id='par_1_88' title="bbox 2214 4071 3779 4154">
     <span class='ocr_line' id='line_1_89' title="bbox 2214 4071 3779 4154; baseline 0.004 -31"><span class='ocrx_word' id='word_1_606' title='bbox 2214 4071 2407 4141; x_wconf 89' lang='lat' dir='ltr'><strong>positis</strong></span> <span class='ocrx_word' id='word_1_607' title='bbox 2438 4073 2726 4148; x_wconf 88' lang='lat' dir='ltr'><strong>invigilare</strong></span> <span class='ocrx_word' id='word_1_608' title='bbox 2758 4075 2943 4145; x_wconf 91' lang='lat' dir='ltr'><strong>debet,</strong></span> <span class='ocrx_word' id='word_1_609' title='bbox 2977 4096 3048 4134; x_wconf 87' lang='lat' dir='ltr'><strong>ne</strong></span> <span class='ocrx_word' id='word_1_610' title='bbox 3078 4097 3220 4136; x_wconf 90' lang='lat' dir='ltr'><strong>unus</strong></span> <span class='ocrx_word' id='word_1_611' title='bbox 3249 4084 3501 4154; x_wconf 90' lang='lat' dir='ltr'><strong>quidem,</strong></span> <span class='ocrx_word' id='word_1_612' title='bbox 3532 4099 3562 4137; x_wconf 89' lang='lat' dir='ltr'><strong>a</strong></span> <span class='ocrx_word' id='word_1_613' title='bbox 3589 4078 3779 4135; x_wconf 78' lang='lat' dir='ltr'><strong>maximo</strong></span> 
     </span>
    </p>
   </div>
   <div class='ocr_carea' id='block_1_89' title="bbox 2211 4167 3780 4245">
    <p class='ocr_par' dir='ltr' id='par_1_89' title="bbox 2211 4167 3780 4245">
     <span class='ocr_line' id='line_1_90' title="bbox 2211 4167 3780 4245; baseline 0.005 -27"><span class='ocrx_word' id='word_1_614' title='bbox 2211 4181 2382 4236; x_wconf 91' lang='lat' dir='ltr'><strong>usque</strong></span> <span class='ocrx_word' id='word_1_615' title='bbox 2421 4168 2488 4221; x_wconf 85' lang='lat' dir='ltr'><strong>ad</strong></span> <span class='ocrx_word' id='word_1_616' title='bbox 2535 4169 2844 4235; x_wconf 89' lang='lat' dir='ltr'><strong>minimum,</strong></span> <span class='ocrx_word' id='word_1_617' title='bbox 2877 4172 3087 4245; x_wconf 90' lang='lat' dir='ltr'><strong>absque</strong></span> <span class='ocrx_word' id='word_1_618' title='bbox 3139 4175 3260 4245; x_wconf 89' lang='lat' dir='ltr'><strong>ejus</strong></span> <span class='ocrx_word' id='word_1_619' title='bbox 3286 4174 3620 4233; x_wconf 88' lang='lat' dir='ltr'><strong>conscientia</strong></span> <span class='ocrx_word' id='word_1_620' title='bbox 3661 4178 3706 4227; x_wconf 86' lang='lat' dir='ltr'><strong>et</strong></span> <span class='ocrx_word' id='word_1_621' title='bbox 3728 4167 3780 4222; x_wconf 88' lang='lat' dir='ltr'><strong>li-</strong></span> 
     </span>
    </p>
   </div>
   <div class='ocr_carea' id='block_1_90' title="bbox 2211 4255 3780 4335">
    <p class='ocr_par' dir='ltr' id='par_1_90' title="bbox 2211 4255 3780 4335">
     <span class='ocr_line' id='line_1_91' title="bbox 2211 4255 3780 4335; baseline 0.003 -28"><span class='ocrx_word' id='word_1_622' title='bbox 2211 4255 2391 4308; x_wconf 86' lang='lat' dir='ltr'><strong>centia</strong></span> <span class='ocrx_word' id='word_1_623' title='bbox 2410 4256 2573 4311; x_wconf 89' lang='lat' dir='ltr'><strong>unius</strong></span> <span class='ocrx_word' id='word_1_624' title='bbox 2604 4259 2714 4313; x_wconf 89' lang='lat' dir='ltr'><strong>diei</strong></span> <span class='ocrx_word' id='word_1_625' title='bbox 2740 4260 2917 4331; x_wconf 88' lang='lat' dir='ltr'><strong>spatio</strong></span> <span class='ocrx_word' id='word_1_626' title='bbox 2941 4277 3294 4335; x_wconf 88' lang='lat' dir='ltr'><strong>nequaquam</strong></span> <span class='ocrx_word' id='word_1_627' title='bbox 3324 4266 3393 4321; x_wconf 87' lang='lat' dir='ltr'><strong>ab</strong></span> <span class='ocrx_word' id='word_1_628' title='bbox 3413 4264 3575 4321; x_wconf 84' lang='lat' dir='ltr'><strong>ofﬁcii</strong></span> <span class='ocrx_word' id='word_1_629' title='bbox 3598 4262 3673 4317; x_wconf 88' lang='lat' dir='ltr'><strong>sui</strong></span> <span class='ocrx_word' id='word_1_630' title='bbox 3689 4260 3780 4314; x_wconf 76' lang='lat' dir='ltr'><strong>loco</strong></span> 
     </span>
    </p>
   </div>
   <div class='ocr_carea' id='block_1_91' title="bbox 2210 4342 2369 4397">
    <p class='ocr_par' dir='ltr' id='par_1_91' title="bbox 2210 4342 2369 4397">
     <span class='ocr_line' id='line_1_92' title="bbox 2210 4342 2369 4397; baseline 0.006 -2"><span class='ocrx_word' id='word_1_631' title='bbox 2210 4342 2369 4397; x_wconf 89' lang='lat' dir='ltr'><strong>desit.</strong></span> 
     </span>
    </p>
   </div>
   <div class='ocr_carea' id='block_1_92' title="bbox 2278 4433 3784 4518">
    <p class='ocr_par' dir='ltr' id='par_1_92' title="bbox 2278 4433 3784 4518">
     <span class='ocr_line' id='line_1_93' title="bbox 2278 4433 3784 4518; baseline 0.006 -33"><span class='ocrx_word' id='word_1_632' title='bbox 2278 4433 2664 4490; x_wconf 81' lang='lat' dir='ltr'><strong>Archidiaconi</strong></span> <span class='ocrx_word' id='word_1_633' title='bbox 2712 4436 2954 4493; x_wconf 88' lang='lat' dir='ltr'><strong>officium</strong></span> <span class='ocrx_word' id='word_1_634' title='bbox 3003 4448 3106 4508; x_wconf 90' lang='lat' dir='ltr'><strong>est,</strong></span> <span class='ocrx_word' id='word_1_635' title='bbox 3159 4445 3368 4518; x_wconf 89' lang='lat' dir='ltr'><strong>gradus</strong></span> <span class='ocrx_word' id='word_1_636' title='bbox 3426 4441 3784 4501; x_wconf 85' lang='lat' dir='ltr'><strong>ecclesiasticos</strong></span> 
     </span>
    </p>
   </div>
   <div class='ocr_carea' id='block_1_93' title="bbox 2206 4526 3781 4595">
    <p class='ocr_par' dir='ltr' id='par_1_93' title="bbox 2206 4526 3781 4595">
     <span class='ocr_line' id='line_1_94' title="bbox 2206 4526 3781 4595; baseline 0.006 -20"><span class='ocrx_word' id='word_1_637' title='bbox 2206 4538 2419 4576; x_wconf 88' lang='lat' dir='ltr'><strong>summa</strong></span> <span class='ocrx_word' id='word_1_638' title='bbox 2450 4540 2571 4577; x_wconf 88' lang='lat' dir='ltr'><strong>cum</strong></span> <span class='ocrx_word' id='word_1_639' title='bbox 2598 4526 2947 4595; x_wconf 88' lang='lat' dir='ltr'><strong>providentia</strong></span> <span class='ocrx_word' id='word_1_640' title='bbox 2976 4537 3196 4586; x_wconf 53' lang='lat' dir='ltr'><strong>aetatum</strong></span> <span class='ocrx_word' id='word_1_641' title='bbox 3229 4543 3286 4589; x_wconf 92' lang='lat' dir='ltr'><strong>et</strong></span> <span class='ocrx_word' id='word_1_642' title='bbox 3319 4535 3632 4590; x_wconf 88' lang='lat' dir='ltr'><strong>meritorum</strong></span> <span class='ocrx_word' id='word_1_643' title='bbox 3658 4528 3781 4586; x_wconf 85' lang='lat' dir='ltr'><strong>ordi-</strong></span> 
     </span>
    </p>
   </div>
   <div class='ocr_carea' id='block_1_94' title="bbox 2207 4618 3879 4701">
    <p class='ocr_par' dir='ltr' id='par_1_94' title="bbox 2207 4618 3879 4701">
     <span class='ocr_line' id='line_1_95' title="bbox 2207 4618 3879 4701; baseline 0.005 -33"><span class='ocrx_word' id='word_1_644' title='bbox 2207 4631 2375 4669; x_wconf 87' lang='lat' dir='ltr'><strong>nare:</strong></span> <span class='ocrx_word' id='word_1_645' title='bbox 2427 4618 2496 4672; x_wconf 88' lang='lat' dir='ltr'><strong>de</strong></span> <span class='ocrx_word' id='word_1_646' title='bbox 2549 4626 2797 4691; x_wconf 89' lang='lat' dir='ltr'><strong>tempore</strong></span> <span class='ocrx_word' id='word_1_647' title='bbox 2860 4622 2915 4676; x_wconf 90' lang='lat' dir='ltr'><strong>in</strong></span> <span class='ocrx_word' id='word_1_648' title='bbox 2981 4633 3226 4697; x_wconf 90' lang='lat' dir='ltr'><strong>tempore</strong></span> <span class='ocrx_word' id='word_1_649' title='bbox 3294 4630 3613 4684; x_wconf 86' lang='lat' dir='ltr'><strong>nominibus</strong></span> <span class='ocrx_word' id='word_1_650' title='bbox 3656 4622 3787 4680; x_wconf 78' lang='lat' dir='ltr'><strong>certis</strong></span> <span class='ocrx_word' id='word_1_651' title='bbox 3878 4696 3879 4701; x_wconf 9' lang='grc' dir='ltr'>γ</span> 
     </span>
    </p>
   </div>
   <div class='ocr_carea' id='block_1_95' title="bbox 2205 4705 3784 4792">
    <p class='ocr_par' dir='ltr' id='par_1_95' title="bbox 2205 4705 3784 4792">
     <span class='ocr_line' id='line_1_96' title="bbox 2205 4705 3784 4792; baseline 0.009 -34"><span class='ocrx_word' id='word_1_652' title='bbox 2205 4705 2641 4779; x_wconf 90' lang='lat' dir='ltr'><strong>uniuscujusque</strong></span> <span class='ocrx_word' id='word_1_653' title='bbox 2671 4709 2916 4767; x_wconf 86' lang='lat' dir='ltr'><strong>ofﬁcium</strong></span> <span class='ocrx_word' id='word_1_654' title='bbox 2946 4714 3014 4769; x_wconf 90' lang='lat' dir='ltr'><strong>de</strong></span> <span class='ocrx_word' id='word_1_655' title='bbox 3052 4717 3202 4771; x_wconf 92' lang='lat' dir='ltr'><strong>omni</strong></span> <span class='ocrx_word' id='word_1_656' title='bbox 3247 4719 3481 4792; x_wconf 86' lang='lat' dir='ltr'><strong>regione</strong></span> <span class='ocrx_word' id='word_1_657' title='bbox 3522 4714 3784 4789; x_wconf 47' lang='lat' dir='ltr'><strong>praefigere,</strong></span> 
     </span>
    </p>
   </div>
   <div class='ocr_carea' id='block_1_96' title="bbox 2209 4794 3788 4880">
    <p class='ocr_par' dir='ltr' id='par_1_96' title="bbox 2209 4794 3788 4880">
     <span class='ocr_line' id='line_1_97' title="bbox 2209 4794 3788 4880; baseline 0.006 -33"><span class='ocrx_word' id='word_1_658' title='bbox 2209 4794 2780 4866; x_wconf 56' lang='lat' dir='ltr'><strong>subtilitervqmerito</strong></span> <span class='ocrx_word' id='word_1_659' title='bbox 2809 4802 3066 4873; x_wconf 90' lang='lat' dir='ltr'><strong>probare,</strong></span> <span class='ocrx_word' id='word_1_660' title='bbox 3100 4812 3155 4861; x_wconf 90' lang='lat' dir='ltr'><strong>et</strong></span> <span class='ocrx_word' id='word_1_661' title='bbox 3181 4809 3419 4880; x_wconf 85' lang='lat' dir='ltr'><strong>gratiam</strong></span> <span class='ocrx_word' id='word_1_662' title='bbox 3452 4807 3620 4864; x_wconf 85' lang='lat' dir='ltr'><strong>sancti</strong></span> <span class='ocrx_word' id='word_1_663' title='bbox 3648 4802 3788 4875; x_wconf 83' lang='lat' dir='ltr'><strong>Spiri-</strong></span> 
     </span>
    </p>
   </div>
   <div class='ocr_carea' id='block_1_97' title="bbox 2209 4890 3787 4970">
    <p class='ocr_par' dir='ltr' id='par_1_97' title="bbox 2209 4890 3787 4970">
     <span class='ocr_line' id='line_1_98' title="bbox 2209 4890 3787 4970; baseline 0.004 -28"><span class='ocrx_word' id='word_1_664' title='bbox 2209 4895 2293 4943; x_wconf 91' lang='lat' dir='ltr'><strong>tus</strong></span> <span class='ocrx_word' id='word_1_665' title='bbox 2323 4890 2623 4963; x_wconf 89' lang='lat' dir='ltr'><strong>unicuique</strong></span> <span class='ocrx_word' id='word_1_666' title='bbox 2654 4893 3035 4970; x_wconf 89' lang='lat' dir='ltr'><strong>investigando</strong></span> <span class='ocrx_word' id='word_1_667' title='bbox 3069 4899 3390 4956; x_wconf 89' lang='lat' dir='ltr'><strong>ministrare</strong></span> <span class='ocrx_word' id='word_1_668' title='bbox 3422 4918 3436 4955; x_wconf 93' lang='lat'>:</span> <span class='ocrx_word' id='word_1_669' title='bbox 3486 4902 3540 4956; x_wconf 90' lang='lat' dir='ltr'><strong>in</strong></span> <span class='ocrx_word' id='word_1_670' title='bbox 3568 4897 3787 4955; x_wconf 87' lang='lat' dir='ltr'><strong>omnibus</strong></span> 
     </span>
    </p>
   </div>
   <div class='ocr_carea' id='block_1_98' title="bbox 2204 4980 3791 5049">
    <p class='ocr_par' dir='ltr' id='par_1_98' title="bbox 2204 4980 3791 5049">
     <span class='ocr_line' id='line_1_99' title="bbox 2204 4980 3791 5049; baseline 0.005 -16"><span class='ocrx_word' id='word_1_671' title='bbox 2204 4980 2407 5037; x_wconf 86' lang='lat' dir='ltr'><strong>divinis</strong></span> <span class='ocrx_word' id='word_1_672' title='bbox 2438 4982 2639 5040; x_wconf 87' lang='lat' dir='ltr'><strong>ofﬁciis</strong></span> <span class='ocrx_word' id='word_1_673' title='bbox 2670 4994 2871 5043; x_wconf 74' lang='lat' dir='ltr'><strong>sanctae</strong></span> <span class='ocrx_word' id='word_1_674' title='bbox 2900 4990 2997 5045; x_wconf 91' lang='lat' dir='ltr'><strong>Dei</strong></span> <span class='ocrx_word' id='word_1_675' title='bbox 3030 4991 3289 5048; x_wconf 61' lang='lat' dir='ltr'><strong>Ecclesiae</strong></span> <span class='ocrx_word' id='word_1_676' title='bbox 3322 4993 3524 5049; x_wconf 80' lang='lat' dir='ltr'><strong>fideles</strong></span> <span class='ocrx_word' id='word_1_677' title='bbox 3548 4992 3791 5047; x_wconf 87' lang='lat' dir='ltr'><strong>ministros</strong></span> 
     </span>
    </p>
   </div>
   <div class='ocr_carea' id='block_1_99' title="bbox 2201 5071 3785 5138">
    <p class='ocr_par' dir='ltr' id='par_1_99' title="bbox 2201 5071 3785 5138">
     <span class='ocr_line' id='line_1_100' title="bbox 2201 5071 3785 5138; baseline 0.004 -14"><span class='ocrx_word' id='word_1_678' title='bbox 2201 5071 2507 5128; x_wconf 90' lang='lat' dir='ltr'><strong>erudiendo</strong></span> <span class='ocrx_word' id='word_1_679' title='bbox 2525 5082 2581 5128; x_wconf 90' lang='lat' dir='ltr'><strong>et</strong></span> <span class='ocrx_word' id='word_1_680' title='bbox 2602 5077 2905 5133; x_wconf 90' lang='lat' dir='ltr'><strong>excolendo</strong></span> <span class='ocrx_word' id='word_1_681' title='bbox 2921 5078 3173 5135; x_wconf 87' lang='lat' dir='ltr'><strong>efﬁcere:</strong></span> <span class='ocrx_word' id='word_1_682' title='bbox 3200 5081 3561 5138; x_wconf 84' lang='lat' dir='ltr'><strong>festivitatum</strong></span> <span class='ocrx_word' id='word_1_683' title='bbox 3577 5079 3785 5138; x_wconf 90' lang='lat' dir='ltr'><strong>omnium</strong></span> 
     </span>
    </p>
   </div>
   <div class='ocr_carea' id='block_1_100' title="bbox 2200 5162 3791 5230">
    <p class='ocr_par' dir='ltr' id='par_1_100' title="bbox 2200 5162 3791 5230">
     <span class='ocr_line' id='line_1_101' title="bbox 2200 5162 3791 5230; baseline 0.005 -16"><span class='ocrx_word' id='word_1_684' title='bbox 2200 5177 2266 5216; x_wconf 87' lang='lat' dir='ltr'><strong>ac</strong></span> <span class='ocrx_word' id='word_1_685' title='bbox 2295 5162 2575 5230; x_wconf 85' lang='lat' dir='ltr'><strong>feriarum,</strong></span> <span class='ocrx_word' id='word_1_686' title='bbox 2609 5181 2827 5222; x_wconf 91' lang='lat' dir='ltr'><strong>necnon</strong></span> <span class='ocrx_word' id='word_1_687' title='bbox 2855 5169 3024 5224; x_wconf 90' lang='lat' dir='ltr'><strong>totius</strong></span> <span class='ocrx_word' id='word_1_688' title='bbox 3053 5171 3184 5225; x_wconf 89' lang='lat' dir='ltr'><strong>anni</strong></span> <span class='ocrx_word' id='word_1_689' title='bbox 3215 5173 3405 5230; x_wconf 83' lang='lat' dir='ltr'><strong>ofﬁcia</strong></span> <span class='ocrx_word' id='word_1_690' title='bbox 3432 5173 3490 5227; x_wconf 91' lang='lat' dir='ltr'><strong>in</strong></span> <span class='ocrx_word' id='word_1_691' title='bbox 3518 5171 3729 5229; x_wconf 88' lang='lat' dir='ltr'><strong>canticis</strong></span> <span class='ocrx_word' id='word_1_692' title='bbox 3748 5178 3791 5223; x_wconf 84' lang='lat' dir='ltr'><strong>et</strong></span> 
     </span>
    </p>
   </div>
   <div class='ocr_carea' id='block_1_101' title="bbox 2207 5252 3786 5343">
    <p class='ocr_par' dir='ltr' id='par_1_101' title="bbox 2207 5252 3786 5343">
     <span class='ocr_line' id='line_1_102' title="bbox 2207 5252 3786 5343; baseline 0.009 -36"><span class='ocrx_word' id='word_1_693' title='bbox 2207 5252 2558 5324; x_wconf 90' lang='lat' dir='ltr'><strong>lectionibus,</strong></span> <span class='ocrx_word' id='word_1_694' title='bbox 2610 5273 2722 5313; x_wconf 92' lang='lat' dir='ltr'><strong>non</strong></span> <span class='ocrx_word' id='word_1_695' title='bbox 2754 5259 2930 5315; x_wconf 92' lang='lat' dir='ltr'><strong>solum</strong></span> <span class='ocrx_word' id='word_1_696' title='bbox 2975 5262 3338 5321; x_wconf 87' lang='lat' dir='ltr'><strong>litteraturam</strong></span> <span class='ocrx_word' id='word_1_697' title='bbox 3372 5268 3667 5343; x_wconf 88' lang='lat' dir='ltr'><strong>corrigere,</strong></span> <span class='ocrx_word' id='word_1_698' title='bbox 3709 5259 3786 5315; x_wconf 75' lang='lat' dir='ltr'><strong>sed</strong></span> 
     </span>
    </p>
   </div>
   <div class='ocr_carea' id='block_1_102' title="bbox 2205 5343 3790 5430">
    <p class='ocr_par' dir='ltr' id='par_1_102' title="bbox 2205 5343 3790 5430">
     <span class='ocr_line' id='line_1_103' title="bbox 2205 5343 3790 5430; baseline 0.006 -33"><span class='ocrx_word' id='word_1_699' title='bbox 2205 5343 2505 5414; x_wconf 90' lang='lat' dir='ltr'><strong>spiritalem</strong></span> <span class='ocrx_word' id='word_1_700' title='bbox 2539 5346 2967 5423; x_wconf 85' lang='lat' dir='ltr'><strong>intelligentiam</strong></span> <span class='ocrx_word' id='word_1_701' title='bbox 2997 5354 3148 5408; x_wconf 92' lang='lat' dir='ltr'><strong>omni</strong></span> <span class='ocrx_word' id='word_1_702' title='bbox 3178 5355 3328 5413; x_wconf 87' lang='lat' dir='ltr'><strong>clero</strong></span> <span class='ocrx_word' id='word_1_703' title='bbox 3361 5358 3420 5412; x_wconf 90' lang='lat' dir='ltr'><strong>in</strong></span> <span class='ocrx_word' id='word_1_704' title='bbox 3448 5355 3679 5430; x_wconf 86' lang='lat' dir='ltr'><strong>capitqu</strong></span> <span class='ocrx_word' id='word_1_705' title='bbox 3703 5360 3790 5408; x_wconf 82' lang='lat' dir='ltr'><strong>tra-</strong></span> 
     </span>
    </p>
   </div>
   <div class='ocr_carea' id='block_1_103' title="bbox 2203 5440 3791 5524">
    <p class='ocr_par' dir='ltr' id='par_1_103' title="bbox 2203 5440 3791 5524">
     <span class='ocr_line' id='line_1_104' title="bbox 2203 5440 3791 5524; baseline 0.004 -30"><span class='ocrx_word' id='word_1_706' title='bbox 2203 5440 2357 5508; x_wconf 90' lang='lat' dir='ltr'><strong>dere,</strong></span> <span class='ocrx_word' id='word_1_707' title='bbox 2383 5441 2664 5498; x_wconf 89' lang='lat' dir='ltr'><strong>Iibertates</strong></span> <span class='ocrx_word' id='word_1_708' title='bbox 2686 5442 2984 5503; x_wconf 90' lang='lat' dir='ltr'><strong>liberorum</strong></span> <span class='ocrx_word' id='word_1_709' title='bbox 3011 5463 3132 5504; x_wconf 90' lang='lat' dir='ltr'><strong>cum</strong></span> <span class='ocrx_word' id='word_1_710' title='bbox 3152 5452 3390 5507; x_wconf 84' lang='lat' dir='ltr'><strong>testibus</strong></span> <span class='ocrx_word' id='word_1_711' title='bbox 3412 5447 3791 5524; x_wconf 74' lang='lat' dir='ltr'><strong>probare,alie-</strong></span> 
     </span>
    </p>
   </div>
   <div class='ocr_carea' id='block_1_104' title="bbox 2200 5538 3790 5614">
    <p class='ocr_par' dir='ltr' id='par_1_104' title="bbox 2200 5538 3790 5614">
     <span class='ocr_line' id='line_1_105' title="bbox 2200 5538 3790 5614; baseline 0.007 -27"><span class='ocrx_word' id='word_1_712' title='bbox 2200 5549 2393 5588; x_wconf 91' lang='lat' dir='ltr'><strong>norum</strong></span> <span class='ocrx_word' id='word_1_713' title='bbox 2431 5538 2813 5592; x_wconf 86' lang='lat' dir='ltr'><strong>servorum-ad</strong></span> <span class='ocrx_word' id='word_1_714' title='bbox 2861 5541 3063 5614; x_wconf 87' lang='lat' dir='ltr'><strong>gradus</strong></span> <span class='ocrx_word' id='word_1_715' title='bbox 3110 5545 3297 5599; x_wconf 88' lang='lat' dir='ltr'><strong>venire</strong></span> <span class='ocrx_word' id='word_1_716' title='bbox 3348 5546 3647 5602; x_wconf 90' lang='lat' dir='ltr'><strong>volentium</strong></span> <span class='ocrx_word' id='word_1_717' title='bbox 3695 5538 3790 5597; x_wconf 74' lang='lat' dir='ltr'><strong>exi-</strong></span> 
     </span>
    </p>
   </div>
   <div class='ocr_carea' id='block_1_105' title="bbox 2196 5628 3788 5709">
    <p class='ocr_par' dir='ltr' id='par_1_105' title="bbox 2196 5628 3788 5709">
     <span class='ocr_line' id='line_1_106' title="bbox 2196 5628 3788 5709; baseline 0.004 -34"><span class='ocrx_word' id='word_1_718' title='bbox 2196 5638 2350 5694; x_wconf 86' lang='lat' dir='ltr'><strong>gere,</strong></span> <span class='ocrx_word' id='word_1_719' title='bbox 2384 5632 2717 5694; x_wconf 87' lang='lat' dir='ltr'><strong>potestatem</strong></span> <span class='ocrx_word' id='word_1_720' title='bbox 2751 5628 2915 5683; x_wconf 86' lang='lat' dir='ltr'><strong>etiam</strong></span> <span class='ocrx_word' id='word_1_721' title='bbox 2970 5630 3181 5687; x_wconf 86' lang='lat' dir='ltr'><strong>habens</strong></span> <span class='ocrx_word' id='word_1_722' title='bbox 3209 5633 3521 5709; x_wconf 77' lang='lat' dir='ltr'><strong>libertatem</strong></span> <span class='ocrx_word' id='word_1_723' title='bbox 3551 5629 3788 5688; x_wconf 86' lang='lat' dir='ltr'><strong>ecclesia-</strong></span> 
     </span>
    </p>
   </div>
   <div class='ocr_carea' id='block_1_106' title="bbox 2196 5714 3788 5798">
    <p class='ocr_par' dir='ltr' id='par_1_106' title="bbox 2196 5714 3788 5798">
     <span class='ocr_line' id='line_1_107' title="bbox 2196 5714 3788 5798; baseline 0.003 -28"><span class='ocrx_word' id='word_1_724' title='bbox 2196 5714 2333 5771; x_wconf 85' lang='lat' dir='ltr'><strong>stica</strong></span> <span class='ocrx_word' id='word_1_725' title='bbox 2359 5718 2608 5789; x_wconf 84' lang='lat' dir='ltr'><strong>‘prOpria</strong></span> <span class='ocrx_word' id='word_1_726' title='bbox 2639 5720 2706 5776; x_wconf 90' lang='lat' dir='ltr'><strong>de</strong></span> <span class='ocrx_word' id='word_1_727' title='bbox 2755 5720 2959 5779; x_wconf 86' lang='lat' dir='ltr'><strong>familia</strong></span> <span class='ocrx_word' id='word_1_728' title='bbox 2992 5723 3192 5793; x_wconf 85' lang='lat' dir='ltr'><strong>facere,</strong></span> <span class='ocrx_word' id='word_1_729' title='bbox 3225 5732 3277 5782; x_wconf 89' lang='lat' dir='ltr'><strong>et</strong></span> <span class='ocrx_word' id='word_1_730' title='bbox 3320 5724 3525 5782; x_wconf 87' lang='lat' dir='ltr'><strong>alienis</strong></span> <span class='ocrx_word' id='word_1_731' title='bbox 3573 5725 3788 5798; x_wconf 82' lang='lat' dir='ltr'><strong>exigere.</strong></span> 
     </span>
    </p>
   </div>
  </div>
