3938 6158
253 328 351 386 ιιο9

1706 325 2053 381 APPENDIX.

3428 328 3536 388 MO

252 463 338 517 Pro
361 454 585 530 neglecta
604 452 842 507 lectione
872 458 966 506 aut
984 450 1171 508 ofﬁcio
1198 453 1404 527 gradus
1430 452 1516 507 sui
1545 453 1820 510 adiacono
1844 458 1896 526 Α
1924 462 2024 511 etas
2061 453 2341 510 unctionis
2396 454 2616 509 inferre.
2688 454 3072 512 Communioni
3101 462 3307 513 sanctae
3332 457 3537 533 dignos

251 543 470 620 usquead
497 540 745 596 inﬁmum
779 541 1262 597 excommunieare
1299 559 1314 607 ;
1346 542 1509 597 etiam
1542 549 1598 598 et
1620 543 1823 612 juven-

253 641 383 697 culos
408 636 595 691 talibus
624 650 723 705 pro
741 635 1066 689 excessibus
1094 634 1421 690 verberibus
1446 651 1635 691 arcere
1661 653 1675 690 :
1704 652 1825 692 ver-

253 734 358 787 bum
384 729 531 784 etiam
562 726 801 782 faciendi
830 726 901 781 ad
940 727 1204 798 populum
1235 727 1291 781 in
1310 727 1510 783 diebus
1541 728 1696 783 festis
1724 744 1821 800 pro

249 827 407 882 videre
430 821 685 878 etfacere
717 839 730 875 :
773 829 827 876 et
865 822 945 877 sic
995 822 1183 877 omnia
1224 838 1326 893 per
1372 822 1626 878 ordinem
1653 823 1820 899 digne

247 929 397 986 usque
421 912 483 966 ad
510 909 1001 984 [consecrationem
1070 910 1373 981 presbyteri
1419 911 1823 968 studiosissima

246 1002 514 1059 intentione
573 1015 718 1054 vene
774 998 1061 1075 religionis
1136 999 1462 1070 perducere.
1504 1000 1819 1056 Vinctorum

246 1095 383 1151 etiam
409 1090 632 1162 publicae
661 1089 895 1145 civitatis
934 1106 998 1145 ex
1051 1105 1271 1145 carcere
1299 1106 1488 1146 curam
1517 1092 1571 1146 in
1603 1091 1819 1147 festivi-

245 1182 421 1239 tatibus
438 1178 779 1235 solemnibus
804 1178 1021 1233 Domini
1052 1196 1270 1253 gerere,
1295 1180 1350 1236 id
1381 1190 1488 1248 est,
1520 1181 1578 1237 in
1633 1182 1823 1238 Natale

244 1272 453 1339 Domini,
481 1271 534 1325 in
566 1271 891 1342 Epiphania,
923 1271 981 1325 in
1013 1271 1169 1328 initio
1209 1273 1675 1349 Quadragesimaa,
1705 1291 1823 1331 me-

242 1366 319 1420 dia
352 1362 790 1435 Quadragesima,
830 1363 882 1416 in
912 1362 1133 1433 Palmis,
1164 1364 1219 1418 in
1260 1364 1498 1420 Sabbato
1530 1375 1744 1434 sancto,
1769 1375 1825 1423 et

244 1458 288 1511 in
305 1456 385 1511 die
407 1460 592 1509 sancto
632 1453 878 1520 Paschae,
928 1454 1184 1509 similiter
1240 1455 1294 1509 in
1350 1456 1684 1512 Ascensione
1716 1457 1824 1513 Do-

241 1546 376 1613 mini,
400 1552 451 1600 et
502 1546 559 1599 in
611 1545 936 1600 Pentecoste
990 1562 1204 1600 summa
1251 1562 1376 1601 cum
1420 1547 1707 1622 diligentia
1729 1564 1826 1605 eos

241 1635 486 1707 excipere,
526 1643 585 1689 et
603 1634 684 1689 eis
721 1634 991 1706 obsequia
1020 1634 1379 1710 benignitatis
1395 1637 1824 1709 corporalisspi-

1926 542 2044 599 ﬁeri
2078 545 2313 616 pepulos
2351 544 2572 598 assidua
2600 544 3029 600 commonitione
3070 561 3351 613 exercere,
3379 564 3534 603 mor-

1924 642 2048 690 tuos
2076 652 2197 691 cum
2232 635 2809 691 commendationibus
2828 637 3046 704 animae,
3079 644 3134 692 et
3186 638 3537 696 orationibus

1923 729 2106 804 dignis
2124 729 2411 801 obsequiis
2439 730 2737 801 sepulturas
2764 730 3158 786 venerabiliter
3172 733 3412 800 tradere,
3436 748 3536 805 pro

1922 819 2062 875 vivis
2088 820 2252 874 etiam
2281 835 2345 875 ac
2372 818 2650 875 defunctis
2674 819 2844 874 totius
2899 821 3153 876 Ecclesiae
3208 822 3338 878 ﬁliis
3368 824 3534 880 ratio-

1923 912 2091 967 nabili
2121 912 2443 968 assiduitate
2474 927 2722 968 exorare.
2758 914 2994 983 Insuper
3017 929 3149 968 vero
3179 915 3365 971 omnia
3390 931 3539 989 quae-

1921 1017 2141 1074 cunque
2172 1002 2315 1058 intra
2341 1002 2634 1057 ecclesiam
2693 1008 2750 1056 et
2801 1009 2955 1057 extra
2985 1003 3277 1058 ecclesiam
3306 1004 3361 1059 in
3385 1005 3536 1060 clau-

1920 1098 2056 1157 stro,
2105 1098 2160 1146 et
2206 1092 2262 1145 in
2326 1091 2582 1146 omnibus
2629 1090 3063 1146 habitationibus
3091 1108 3123 1146 a
3152 1092 3389 1149 maximo
3439 1110 3538 1150 us—

1922 1196 2031 1252 que
2063 1181 2132 1235 ad
2197 1180 2485 1235 minimum
2549 1195 2939 1253 quemcunque
3000 1181 3203 1236 viderit
3233 1182 3537 1257 negligere,

1922 1272 2233 1329 secundum
2267 1273 2701 1329 ecclesiasticum
2731 1273 3101 1344 correptionis
3122 1272 3348 1329 modum
3386 1289 3536 1328 sem-

1925 1378 2026 1433 per
2054 1361 2337 1433 corripiat,
2388 1368 2445 1417 et
2495 1378 2717 1418 omnem
2764 1378 2948 1417 veram
2999 1362 3347 1435 religionem,
3390 1362 3542 1433 prior

1926 1459 2044 1529 ipse
2068 1457 2345 1525 faciendo,
2377 1473 2571 1514 omnes
2601 1457 2784 1513 facere
2828 1458 3043 1513 doceat.
3103 1458 3166 1513 Et
3220 1458 3368 1512 hunc
3409 1472 3539 1512 mo-

1927 1547 2059 1601 dum
2091 1563 2461 1619 nequaquam,
2503 1546 2608 1603 nisi
2638 1547 2993 1618 przecipiente
3007 1546 3294 1618 episcopo,
3319 1547 3388 1602 de
3405 1562 3542 1603 cau-

1925 1635 2003 1691 sis
2024 1636 2496 1708 subsequentibus
2525 1636 2754 1692 excedat
2807 1637 2878 1692 de
2905 1637 3056 1693 omni
3090 1637 3216 1706 jure
3246 1651 3542 1693 consecra-

238 1727 517 1798 ritaliaque,
552 1741 620 1780 ex
651 1725 853 1781 divinis
871 1733 928 1782 et
957 1726 1213 1782 humanis
1251 1725 1540 1783 beneﬁciis
1570 1727 1828 1784 refectio-
1854 1779 1899 1798 η
1926 1729 2111 1785 tionis.

239 1832 347 1871 nem
370 1813 773 1871 benedictionis
824 1830 1038 1886 parare.

296 1907 681 1978 ChorepiscOpi
712 1921 840 1963 vero
860 1905 1228 1962 ministerium
1256 1913 1359 1973 est,
1392 1921 1613 1961 omnem
1639 1923 1824 1963 sacer-

231 1997 443 2053 dotalem
474 1996 651 2052 totius
682 1996 926 2069 regionis
954 1996 1065 2052 sibi
1096 1996 1409 2052 commissaa
1447 1997 1823 2054 conversatio-

230 2108 335 2146 nem
361 2092 638 2167 corrigere
667 2098 834 2163 atque
872 2091 1136 2166 dirigere,
1169 2092 1223 2145 id
1255 2098 1362 2159 est,
1384 2091 1439 2145 in
1459 2091 1824 2148 conficiendis

227 2180 405 2236 divinis
424 2180 786 2237 sacramentis
841 2187 895 2236 et
946 2180 1269 2252 baptisterio
1308 2182 1556 2238 omnium
1599 2183 1819 2237 intelle-

223 2277 347 2325 ctum
373 2270 632 2341 aperiens
645 2271 905 2336 excitare,
928 2270 1194 2343 populum
1224 2272 1465 2345 regionis
1495 2274 1814 2344 pradicare,

221 2366 572 2422 confessiones
607 2366 851 2442 exigere,
918 2366 1298 2437 paenitentiam
1328 2384 1451 2423 cum
1481 2367 1819 2425 discretione

220 2469 357 2517 caute
384 2463 696 2534 imponere,
717 2461 1142 2533 hospitalitatem
1166 2462 1385 2530 sectari,
1418 2462 1666 2521 inﬁrmos
1697 2464 1822 2520 visi-

220 2551 365 2606 tando
386 2551 665 2624 obsequia
688 2550 1053 2626 benignitatis
1080 2560 1137 2607 et
1153 2552 1584 2621 benedictionis,
1613 2560 1669 2609 et
1691 2569 1820 2608 san-

278 2707 840 2782 (thuedrpraaeessit
893 2710 1221 2782 opusculum
1279 2712 1501 2776 Ebonis,
1535 2728 1599 2767 ex
1638 2712 1810 2767 sancti

216 2778 427 2854 Remigii
459 2778 805 2854 bibliotheca
828 2778 1014 2854 Remis
1042 2782 1453 2854 exscripsimus,
1486 2799 1608 2839 cum
1647 2785 1817 2838 Joan-

216 2850 290 2904 nis
315 2851 681 2922 Vlllepistola
738 2861 794 2908 et
824 2853 1048 2909 decreto
1091 2850 1384 2910 electionis
1410 2856 1813 2919 Laudunensis,

220 2937 327 2991 quae
360 2922 499 2978 infra
560 2932 892 2996 sequentur.
946 2925 1257 2981 Proximam
1300 2942 1433 2983 vero
1465 2927 1723 2983 Notitiam
1744 2927 1815 2982 de

1849 1779 1903 1847 Β
2000 1822 2329 1893 Episcopum
2352 1836 2485 1876 vero
2516 1821 2750 1877 civitatis
2790 1821 3029 1894 propriae
3050 1821 3351 1893 disponere
3375 1837 3544 1894 opor-

1923 1918 1998 1968 tet
2024 1912 2094 1967 de
2123 1912 2567 1977 consecratione,
2598 1911 2669 1965 de
2708 1911 3156 1981 conﬁrmatione,
3176 1912 3246 1967 de
3287 1912 3543 1969 reconci-

1921 2001 2170 2069 liatione,
2201 2006 2256 2055 et
2297 2001 2368 2055 de
2399 2001 2625 2072 publico
2672 2001 2973 2057 indicendo
2996 2002 3237 2071 jejunio,
3277 2001 3540 2057 autaliud

1922 2088 2132 2165 aliquid
2157 2092 2363 2164 publici
2381 2093 2522 2161 juris
2550 2107 2650 2164 pro
2683 2099 2932 2164 tempore
2986 2093 3156 2169 digno
3186 2095 3299 2149 Deo
3330 2093 3539 2149 debito.

1918 2188 2084 2256 Cujus
2113 2186 2283 2243 ofﬁcii
2312 2204 2526 2243 summa
2548 2188 3078 2260 speculationishiec
3107 2196 3213 2256 est,
3244 2198 3305 2244 ut
3335 2196 3389 2244 et
3409 2187 3541 2244 sub-

1916 2282 2173 2337 tilissime
2206 2281 2553 2352 providendo
2581 2282 2796 2337 insistat
2819 2282 3059 2355 qualiter
3086 2282 3334 2337 omnium
3361 2281 3545 2337 officia

1919 2371 2324 2426 studiosissime
2361 2371 2724 2445 gubernando
2773 2372 2841 2425 ad
2910 2378 3127 2441 portum
3188 2369 3545 2442 perfectionis

1923 2466 2122 2538 dirigat
2154 2465 2396 2536 :quibus
2426 2465 2482 2520 in
2513 2464 2714 2532 causis,
2745 2464 2850 2519 nisi
2886 2466 3093 2535 jussus,
3113 2465 3545 2536 cborepiscopus

1922 2558 2238 2613 nullatenus
2263 2557 2493 2613 excedat
2525 2558 2618 2629 (1).

1918 2714 2045 2769 villa
2085 2712 2406 2778 Novilliaco,
2450 2712 2608 2785 cujus
2660 2720 2854 2785 auctor
2893 2712 3218 2785 Hincmarus
3246 2714 3368 2785 ipse
3394 2713 3546 2769 vide-

1920 2793 2028 2849 tur,
2080 2785 2242 2840 nobis
2288 2784 2716 2840 communicavit
2784 2784 3217 2839 humanissimus
3272 2784 3537 2841 'Nicolaus

1920 2856 2096 2911 Faber
2133 2872 2200 2910 ex
2222 2855 2579 2918 bibliotheca,
2642 2861 2701 2909 ut
2753 2856 2936 2910 aiebat
2990 2854 3051 2908 V.
3102 2854 3161 2923 C,
3195 2854 3409 2911 Claudii
3439 2855 3546 2911 Pu-

1917 2928 2062 2983 teani
2095 2927 2369 2983 senatoris
2397 2926 2738 2982 Parisiensis.

1298 3221 2019 3336 SEQUUNTUR
2093 3223 2470 3315 GESTA

216 3430 496 3499 Quomodo
547 3436 619 3496 D.
682 3435 1053 3498 Hincmarus
1102 3438 1317 3499 villam
1367 3438 1789 3499 Novitliacum
1853 3438 2018 3516 apud
2067 3439 2133 3499 ι).
2202 3438 2485 3501 Carolum
2544 3440 2963 3518 imperatorem
3013 3443 3219 3519 ﬁlium
3265 3443 3550 3505 Ludovici

1470 3520 1849 3596 imperatoris
1901 3521 2269 3597 impetravit.

1704 3709 2069 3723 *—

264 3818 527 3880 Defuncto
561 3824 806 3897 Pippino
836 3841 967 3900 rege
1006 3841 1100 3881 vni
1150 3824 1380 3881 Kalend.
1414 3825 1664 3882 Octobris
1688 3827 1825 3896 (765)
1859 3826 1980 3901 Cin
2021 3826 2296 3884 beneﬁcio
2328 3829 2607 3885 Ausehero
2643 3831 2863 3895 Saxoni,
2893 3832 2986 3903 qui
3021 3847 3196 3887 nonas
3217 3838 3271 3888 et
3301 3833 3550 3891 declmas

202 3910 248 3965 in
286 3915 629 3970 monasterio
671 3915 847 3970 sancti
881 3915 1146 3987 Dionysii,
1187 3913 1284 3969 filii
1315 3915 1435 3984 ejus
1466 3914 1823 3970 Caroloman-

199 4019 289 4059 nus
315 4014 367 4060 et
389 4005 626 4062 Carolus
651 4006 957 4061 secundum
989 4006 1411 4077 dispositionem
1463 4005 1635 4076 patris
1663 4005 1747 4059 sui
1771 4012 1825 4060 et

199 4097 471 4153 consilium
506 4097 676 4171 regni
699 4098 1002 4169 primorum
1016 4096 1327 4153 diviserunt
1358 4097 1503 4151 inter
1518 4112 1577 4151 se
1593 4112 1820 4169 regnum

201 4196 499 4257 paternum,
524 4190 806 4245 etelevati
845 4196 975 4244 sunt
1026 4188 1082 4243 in
1134 4204 1292 4261 reges
1334 4204 1407 4242 vn
1435 4188 1514 4243 ld.
1549 4187 1820 4254 Octobris,

202 4279 588 4339 Carlomannus
617 4284 677 4337 in
706 4281 1043 4349 Suessionis,
1105 4288 1159 4336 et
1190 4280 1414 4336 Carolus
1444 4280 1501 4334 in
1533 4279 1817 4342 Noviomo,

199 4375 329 4431 sicut
356 4378 412 4432 in
435 4377 649 4432 Annali
685 4393 878 4452 regum
912 4376 1181 4447 scriptum
1215 4374 1506 4429 habemus.

257 4467 409 4525 Anno
438 4487 494 4524 IV
516 4468 685 4543 regni
717 4468 801 4522 sui
837 4465 1143 4522 inﬁrmatus
1173 4474 1259 4521 est
1288 4465 1682 4520 Carlomannus
1726 4464 1818 4518 in-

196 4560 439 4620 ﬁrmitate
484 4580 604 4636 qua
637 4570 694 4618 et
720 4569 967 4617 mortuus
1005 4571 1090 4617 est
1115 4561 1169 4616 in
1182 4561 1574 4626 Salmuntiaco,
1608 4569 1663 4616 et
1694 4567 1822 4615 ante

194 4653 387 4711 obitum
419 4673 592 4712 suum
624 4670 729 4727 per
755 4659 1088 4724 praeceptum
1120 4652 1285 4725 regiae
1311 4668 1425 4707 sua:
1455 4651 1819 4717 auctoritatis,

193 4749 325 4817 quod
360 4750 667 4813 habemus,
701 4755 951 4816 tempore
1016 4744 1216 4816 Tilpini
1247 4744 1669 4816 archiepiscopi,
1712 4751 1825 4799 tra-

193 4835 318 4892 didit
348 4839 537 4893 villam
572 4835 940 4892 Novilliacum
982 4849 1105 4889 cum
1147 4833 1408 4889 omnibus
1450 4832 1518 4886 ad
1548 4848 1610 4887 se
1643 4833 1819 4903 perti-

193 4934 460 5000 nentibus,
497 4948 607 5005 pro
661 4930 860 4985 animae
926 4946 1042 4985 suae
1079 4928 1349 4995 remedio,
1382 4934 1437 4983 et
1476 4928 1597 4983 loco
1626 4927 1822 4999 sepul-

196 5027 340 5089 turze,
396 5022 466 5077 ad
511 5020 820 5077 ecclesiam
886 5019 1214 5074 Remensem
1268 5017 1320 5071 S.
1356 5016 1558 5084 Maria),
1585 5024 1640 5072 et
1670 5017 1821 5071 basi-

194 5111 345 5166 licam
386 5111 575 5166 sancti
642 5107 898 5181 Remigii,
962 5108 1017 5162 iu
1051 5124 1159 5179 qua
1186 5117 1241 5162 et
1282 5109 1537 5179 sepultus
1565 5115 1665 5163 est.
1699 5107 1824 5163 Post

1926 3915 1994 3969 ad
2035 3922 2243 3986 partem
2268 3916 2559 3972 Remensis
2584 3917 2844 3973 Ecclesiae
2867 3919 2937 3972 de
2965 3919 3084 3989 ipsa
3113 3918 3243 3972 villa
3273 3936 3449 3991 usque
3478 3923 3546 3977 ad

1924 4012 2153 4061 mortem
2185 4021 2338 4061 suam
2369 4007 2637 4077 persolvit
2669 4024 2682 4060 :
2716 4016 2771 4061 et
2785 4007 3046 4063 defuncto
3075 4007 3301 4063 domino
3330 4008 3546 4077 Carolo,

1925 4095 2022 4149 sed
2054 4101 2111 4149 et
2141 4094 2264 4166 ipso
2294 4095 2597 4160 Anschero,
2633 4101 2922 4167 postquam
2977 4094 3375 4152 Carlomannus
3406 4114 3548 4170 pra:—

1925 4186 2089 4242 fatam
2124 4187 2308 4242 villam
2341 4203 2466 4243 cum
2497 4187 2647 4242 omni
2676 4187 3267 4260 integritateﬂemensi
3290 4189 3548 4245 Ecelesize

1925 4282 2415 4355 tradidit,semper
2444 4283 2563 4355 ipsa
2594 4283 2839 4339 Ecclesia
2865 4283 2995 4339 inde
3028 4284 3377 4353 vestituram,
3408 4285 3551 4342 sicut

1923 4373 2246 4444 praedictum
2288 4380 2393 4441 est,
2419 4389 2518 4444 per
2537 4389 2714 4428 annos
2734 4389 2925 4428 xxxvii
2944 4372 3158 4428 habuit.
3175 4374 3303 4429 Post
3333 4374 3547 4431 obitum

1923 4465 2110 4521 domui
2144 4465 2343 4532 Caroli,
2396 4474 2452 4521 et
2489 4465 2753 4521 defuncto
2799 4466 2921 4536 ipso
2975 4466 3277 4533 Anschero,
3311 4464 3550 4520 domnus

1925 4559 2231 4616 Ludovicus
2264 4560 2567 4632 imperator
2592 4561 2817 4617 donavit
2849 4561 3025 4631 ipsam
3073 4545 3256 4616 villam
3288 4560 3548 4617 Novillia-

1922 4668 2047 4708 cum
2079 4653 2289 4708 Donato
2312 4653 2366 4706 in
2386 4650 2685 4709 beneﬁcio.
2707 4653 2808 4719 Qui
2841 4653 3105 4717 Donatus,
3139 4653 3548 4709 interveniente

1922 4741 2153 4813 Bigone,
2178 4757 2275 4812 per
2299 4742 2740 4812 subreptionem,
2768 4742 2925 4813 quasi
2953 4742 3023 4796 de
3058 4741 3191 4797 ﬁsco
3223 4743 3370 4817 regis
3383 4758 3550 4814 quas-

1921 4831 2047 4886 dam
2074 4829 2323 4886 colonias
2362 4829 2431 4885 de
2463 4830 2587 4900 ipsa
2624 4829 2755 4884 villa
2783 4830 3027 4885 obtinuit
3048 4830 3105 4884 in
3150 4831 3546 4902 proprietatem

1924 4939 2021 4995 per
2084 4930 2422 4995 praeceptum
2483 4923 2673 4979 domni
2735 4921 2993 4979 Ludovici
3064 4924 3433 4995 imperatoris.
3489 4925 3550 4980 Et

1925 5013 2148 5085 quando
2171 5012 2457 5068 Lotharius
2487 5012 2632 5067 lilius
2656 5012 2845 5068 domui
2877 5012 3141 5069 Ludovici
3197 5014 3547 5085 imperatoris

1927 5102 2259 5158 Cavillonem
2286 5102 2539 5169 veniens,
2582 5118 2703 5173 eam
2724 5103 3339 5178 expugnavit,Donatus
3368 5102 3547 5158 avilla

194 5205 338 5272 cujus
385 5205 613 5262 obitum
677 5202 896 5258 Carolus
960 5201 1126 5258 frater
1154 5202 1275 5272 ejus
1331 5210 1630 5273 praecepto,
1666 5202 1813 5273 quod
1835 5212 1897 5281 D
1925 5210 2090 5265 supra
2116 5193 2437 5262 Matronam,
2471 5209 2593 5265 quae
2655 5192 2941 5249 Pomarius
2979 5201 3223 5259 vocatur,
3265 5194 3334 5248 ab
3366 5193 3546 5265 impe-

193 5295 470 5364 habemus,
503 5310 633 5350 suae
669 5292 1008 5348 auctoritatis
1027 5291 1200 5364 ipsam
1233 5291 1589 5348 traditionem
1619 5289 1822 5347 conﬁr-

191 5386 364 5442 mavit.

249 5475 520 5531 Defuncto
560 5470 791 5543 Tilpino
845 5469 1264 5542 archiepiscopo
1303 5478 1450 5525 anno
1509 5486 1640 5524 χχιιι
1669 5475 1821 5540 post-

188 5583 339 5639 quam
372 5567 792 5643 Carlomannus
830 5563 1091 5619 Remensi
1136 5562 1385 5618 ecclesiae
1415 5561 1601 5617 villam
1636 5561 1824 5618 Novil-

186 5654 378 5712 liacum
409 5655 682 5719 tradidit,
711 5654 887 5709 tenuit
907 5653 968 5706 D.
1022 5668 1115 5707 rex
1145 5651 1368 5706 Carolus
1395 5651 1669 5706 Remense
1700 5649 1825 5722 epi-

189 5749 427 5823 scopium
452 5749 512 5805 in
537 5761 649 5804 suo
683 5744 992 5812 dominatu,
1023 5742 1439 5801 etdeditvillam
1463 5742 1823 5800 Novilliacum

1927 5291 2105 5340 ratore
2134 5282 2426 5350 defecit,et
2456 5282 2534 5337 illi
2563 5283 2826 5338 mentitus
2846 5282 2914 5336 ad
2929 5282 3241 5338 Lotharium
3272 5282 3541 5357 confugit,

1923 5382 1977 5430 et
2005 5374 2265 5431 veniente
2292 5374 2569 5430 hostiliter
2596 5374 2927 5446 imperatore
2953 5374 3230 5430 Ludovico
3258 5374 3325 5429 ad
3358 5374 3539 5430 villam

1923 5480 2045 5537 qua
2077 5462 2356 5519 Calciacus
2393 5463 2612 5531 dicitur,
2664 5461 2954 5518 Lotharius
2992 5462 3061 5517 ad
3101 5478 3226 5517 eum
3272 5478 3395 5517 cum
3423 5461 3539 5516 suis

1923 5559 2256 5617 constrictus
2283 5559 2452 5622 venit,
2511 5564 2567 5613 et
2614 5566 3017 5615 sacramentum
3075 5557 3218 5628 ipse,
3264 5564 3319 5611 ct
3356 5555 3441 5610 sui
3468 5553 3536 5607 ab

1925 5649 2257 5719 imperatore
2307 5645 2599 5719 quaesitum
2654 5646 2733 5701 illi
2760 5647 3103 5716 juraverunt.
3139 5646 3285 5699 lnter
3313 5656 3453 5714 quos
3482 5649 3537 5697 et

1924 5740 2172 5797 Donatus
2201 5739 2271 5796 de
2310 5737 2630 5795 infidelitate
2658 5737 2779 5807 ejus
2799 5735 3210 5808 comprobatus,
3236 5734 3344 5806 ipsi
3365 5734 3537 5808 impe—
