3938 6158
440 238 539 339 Ιιμ

1481 236 1564 290 ΑΙ)
1606 235 1963 291 HISTORIAM
2004 234 2330 291 REMENSIS
2372 234 2730 292 ECCLESl/E.
3610 248 3689 304 412

439 377 605 432 ratori
645 375 932 448 quaesitum
949 380 1353 429 sacramentum
1380 372 1606 441 juravit,
1656 380 1711 427 et
1733 371 2055 427 comitatum
2084 379 2128 447 Α
2160 371 2359 436 fuerat,
2388 371 2629 438 inventa,
2673 371 2933 445 quoniam
2986 370 3231 443 praedicti
3263 371 3327 426 ad
3354 373 3584 453 rationem
3610 396 3696 437 non

439 468 891 534 Miridunensem,
925 473 980 521 et
1034 466 1214 521 villam
1248 464 1611 521 Novilliacum
1641 481 1765 520 cum
1806 466 1920 521 suis
1958 484 2057 538 ap-

439 559 711 631 pendiciis
749 560 1048 631 imperator
1097 560 1165 613 ab
1212 574 1277 614 eo
1331 558 1578 624 abstulit,
1613 565 1667 613 et
1707 558 1929 623 Athoni,
1960 561 2052 633 qui

441 648 619 704 fuerat
663 648 924 704 ostiarius
970 647 1142 702 Caroli
1199 646 1547 717 imperatoris
1600 646 1656 701 in
1716 647 2052 705 beneﬁcium

440 740 611 796 dedit.
654 741 897 797 Donatus
953 746 1134 795 autem
1167 740 1221 793 in
1253 740 1362 793 vita
1394 739 1741 809 imperatoris
1786 740 2052 798 Ludovici

441 850 544 889 nec
574 834 892 890 comitatum
917 833 1145 903 recepit,
1175 848 1279 886 nec
1299 831 1367 886 de
1398 831 1731 902 proprietate
1758 848 1858 887 sua
1886 834 2051 888 ullam

438 924 752 981 ﬁrmitatem
780 924 1085 997 promeruit
1132 924 1260 979 Post
1319 922 1529 978 obitum
1569 923 1759 979 domui
1794 924 2051 980 Ludovici

441 1019 806 1090 imperatoris,
849 1017 1027 1073 diviso
1055 1032 1226 1091 regno
1257 1016 1403 1072 inter
1431 1015 1646 1083 fratres,
1673 1022 1728 1072 et
1755 1033 1889 1088 pace
1914 1017 2056 1073 facta

441 1111 588 1167 inter
617 1126 734 1177 eos,
769 1117 823 1164 et
848 1119 1066 1165 mortuo
1104 1110 1337 1174 Athone,
1371 1108 1523 1163 dedit
1546 1108 1768 1165 Carolus
1824 1109 2053 1178 (Calvus)

388 1224 396 1235 -
444 1205 652 1259 Donato
668 1203 723 1257 in
753 1201 1089 1258 beneﬁcium
1116 1201 1494 1258 Novilliacum.
1532 1200 1797 1256 Processu
1817 1201 2057 1274 denique

440 1298 706 1368 temporis
737 1296 1165 1353 commendavit.
1224 1297 1468 1350 Donatus
1500 1294 1670 1349 ﬁlium
1698 1311 1857 1349 suum
1878 1295 2057 1350 Goze-

442 1388 552 1441 Ium
581 1386 770 1441 Carolo
803 1386 940 1459 regi,
986 1385 1074 1439 cui
1124 1385 1179 1438 in
1232 1382 1561 1438 beneﬁcium
1621 1383 1775 1439 dedit
1836 1383 2061 1439 Carolus

441 1479 623 1533 villam
675 1478 1030 1533 Novilliacum
1086 1493 1211 1531 cum
1262 1476 1610 1547 appendiciis
1655 1476 1786 1530 suis.
1850 1475 2060 1530 Deinde

442 1568 723 1623 Landrada
754 1584 889 1623 uxor
920 1567 1135 1631 Donati,
1169 1567 1265 1622 sed
1324 1573 1380 1622 et
1411 1565 1509 1621 ﬁlii
1542 1582 1755 1631 eorum,
1789 1574 2060 1639 pergente

443 1657 632 1711 Carolo
663 1672 793 1729 rege
816 1656 882 1710 ad
911 1655 1253 1711 obsidendos
1284 1656 1647 1723 Normannos,
1670 1656 1764 1727 qui
1797 1656 1850 1710 in
1879 1657 2060 1711 insula

441 1762 564 1818 quae
590 1714 845 1800 Oscelsus
877 1745 1100 1811 dicitur,
1162 1744 1500 1809 residebant,
1541 1714 1665 1800 cum
1689 1714 1812 1799 aliis
1834 1745 2060 1801 defeee-
2087 1714 2133 1779 Β

443 1843 585 1889 runt.
610 1835 850 1898 Quorum
887 1833 1130 1888 honores
1161 1840 1215 1887 et
1247 1832 1612 1903 proprietates
1642 1849 1672 1888 a
1705 1834 1931 1889 Francis
1961 1851 2063 1889 au-

443 1921 593 1987 ferri,
627 1929 680 1976 et
706 1919 901 1977 ﬁscum
934 1921 1109 1994 redigi
1130 1920 1390 1988 judicatze
1409 1928 1558 1975 sunt.
1582 1920 1736 1975 Unde
1757 1921 2063 1989 Landrada,

444 2019 500 2068 et
528 2010 627 2066 ﬁlii
666 2011 786 2079 ejus
812 2018 1040 2066 eatenus
1097 2009 1479 2065 auctoritatem
1529 2007 1707 2064 Caroli
1767 2009 1915 2084 regis
1956 2025 2067 2066 non

443 2101 824 2157 obtinuerunt.
859 2101 932 2155 De
963 2100 1163 2172 quibus
1196 2099 1363 2155 rebus
1387 2114 1534 2155 anno
1561 2115 1629 2154 xx
1661 2100 1817 2173 regni
1848 2100 1933 2155 sui
1964 2100 2065 2156 Ca-

446 2193 597 2249 rolus
620 2191 802 2247 villam
835 2191 1076 2247 ﬁscalem
1138 2198 1411 2263 przecepto
1461 2206 1585 2259 suo,
1616 2192 1765 2263 quod
1798 2192 2065 2248 habemus

446 2283 741 2339 Orbacensi
773 2283 1107 2338 monasterio
1135 2282 1308 2337 dedit.

516 2374 672 2429 Anno
701 2389 845 2428 χχχιι
876 2372 1029 2445 regni
1088 2371 1172 2426 sui
1204 2371 1353 2427 venit
1400 2372 1457 2426 D.
1486 2371 1711 2428 Carolus
1737 2388 1829 2427 rex
1850 2373 2063 2447 glorio-

447 2481 540 2520 sus
579 2465 634 2519 in
665 2464 948 2519 basilicam
979 2463 1151 2518 sancti
1195 2462 1452 2536 Remigii,
1475 2463 1573 2518 ubi
1623 2464 1867 2520 ostendit
1894 2464 1945 2519 ei
1978 2464 2061 2520 lo-

446 2570 571 2609 cum
601 2554 840 2625 sepulcri
892 2552 1240 2608 Carlomanni
1289 2552 1437 2625 regis
1478 2559 1534 2607 et
1564 2559 1865 2625 praecepta
1889 2552 2065 2624 ipsius

448 2622 870 2699 Carlomanniet
899 2644 1074 2699 Caroli
1098 2644 1181 2699 avi
1214 2644 1284 2698 de
1313 2622 1442 2697 vina
1491 2622 1812 2711 Navium,
1861 2622 2059 2700 etau-

446 2741 625 2789 ctorcs
654 2749 934 2789 sacrorum
956 2749 1253 2800 canonum,
1286 2733 1526 2804 qualiter
1569 2732 1832 2788 damnent
1887 2734 2064 2805 Spiri-

449 2832 534 2880 tus
562 2825 736 2879 sancti
771 2824 982 2893 judicio
1008 2840 1105 2880 eos
1143 2826 1239 2896 qui
1265 2823 1649 2897 elecmosynas
1678 2825 2061 2883 defunctorum

450 2916 712 2981 retinent,
746 2925 800 2970 et
827 2915 1077 2970 ecclesiis
1098 2916 1710 2984 traderedemorantur,
1736 2917 1830 2988 qui
1859 2923 1917 2971 ut
1948 2916 2067 2971 inﬁ-

448 3004 603 3060 deles
631 3004 701 3059 ab
730 3005 969 3059 Ecclesia
993 3004 1317 3073 abjieiendi,
1340 3014 1395 3060 et
1420 3005 1577 3076 quasi
1610 3012 1869 3080 egentum
1902 3022 2068 3061 neca-

452 3104 618 3163 tores,
660 3112 764 3155 nec
790 3095 1083 3151 credentes
1108 3094 1379 3165 judicium
1396 3095 1514 3159 Dei,
1540 3093 1783 3149 habendi
1805 3093 2063 3163 judican-

450 3196 554 3244 tur.
617 3189 677 3243 Et
728 3188 931 3243 redidit
979 3197 1256 3260 praecepto
1320 3202 1433 3243 suae
1480 3185 1843 3252 auctoritatis,
1913 3185 2062 3257 quod

449 3283 737 3350 habemus,
768 3283 1025 3338 Remensi
1057 3282 1314 3338 Ecclesiae
1362 3282 1537 3353 ipsam
1567 3280 1749 3336 villam
1782 3298 1908 3337 cum
1939 3296 2062 3337 om-

446 3372 630 3440 nibus,
659 3374 728 3428 ad
758 3390 818 3429 se
844 3373 1270 3444 pertinentibus,
1303 3389 1467 3444 quam
1498 3379 1629 3427 tunc
1654 3373 1897 3427 Deruaus
1939 3379 2063 3444 post

446 3464 663 3521 fratrem
686 3483 844 3521 suum
875 3466 1180 3521 Rothanum
1210 3466 1265 3519 in
1289 3464 1561 3519 beneﬁcio
1580 3463 1843 3519 habebat.

515 3557 710 3613 Postea
741 3558 991 3629 pervenit
1028 3557 1096 3612 ad
1144 3559 1264 3624 ejus
1332 3558 1579 3613 notitiam
1639 3557 1788 3629 quod
1840 3556 2062 3628 quidam

448 3648 703 3703 homines
723 3648 793 3703 de
822 3647 940 3719 ipsa
978 3648 1105 3702 villa
1134 3648 1431 3703 Novilliaco
1483 3664 1581 3719 per
1620 3647 2063 3719 subreptionem,

451 3744 558 3792 tam
589 3737 736 3808 apud
770 3744 975 3808 patrem
1019 3754 1201 3805 suum,
1260 3754 1423 3810 quam
1455 3745 1510 3793 et
1556 3739 1704 3810 apud
1734 3754 1859 3793 eum
1898 3753 1984 3793 res
2013 3746 2069 3794 et

451 3829 728 3900 mancipia
788 3830 844 3885 in
879 3830 1266 3903 proprietatem
1325 3831 1549 3888 obtenta
1606 3840 1882 3900 tenerent,
1917 3833 2065 3888 Lan-

450 3918 620 3974 drada
648 3919 857 3976 scilicet
912 3937 1049 3975 uxor
1102 3921 1380 3991 quondam
1439 3921 1633 3977 Donati
1690 3922 2064 3989 Cuntharinis,

452 4010 606 4086 Hugo
631 4021 687 4068 et
711 4013 1027 4079 Waltrudis,
1058 4020 1114 4068 et
1144 4013 1477 4084 Elampodus
1505 4010 1652 4068 ﬁlius
1669 4014 1810 4082 ejus,
1832 4014 2066 4069 Rotber-

451 4110 557 4170 tus,
588 4111 643 4159 et
665 4105 823 4171 Doso,
864 4105 1015 4159 misit
1044 4122 1177 4160 suos
1205 4106 1401 4160 missos
1430 4106 1496 4159 ad
1527 4106 1629 4160 hoc
1647 4105 2062 4176 inquirendum,

452 4201 507 4249 et
535 4194 590 4247 in
621 4193 926 4264 qumstione
982 4192 1144 4259 facta,
1203 4201 1259 4248 et
1297 4192 1549 4258 veritate,
1580 4193 1721 4248 sicut
1772 4193 1823 4248 ei
1856 4193 2061 4248 dictum

2158 473 2448 529 venerunt,
2479 464 2561 519 sic
2591 471 2652 519 ut
2675 463 2888 518 banniti
2920 463 3163 525 fuerunt.
3192 464 3353 532 jussit
3380 475 3434 520 ut
3480 481 3701 543 pmcepta

2158 553 2502 609 Carlomanni
2533 562 2589 608 et
2620 553 2818 618 Caroli,
2841 554 2939 609 sed
2966 560 3022 608 et
3041 570 3200 607 suum
3236 563 3538 624 praeceptum
3556 574 3699 616 coram

2154 650 2272 706 suis
2303 648 2558 705 ﬁdelibus
2583 651 2638 704 in
2668 650 2911 722 generali
2942 650 3143 720 placito
3171 665 3272 705 suo
3297 651 3434 720 apud
3465 652 3700 710 Duziacum

2154 741 2211 795 in
2237 740 2416 795 causis
2446 740 2707 810 palatinis
2726 734 3053 814 legerentur
3103 739 3257 793 Unde
3289 737 3466 795 ﬁdeles
3490 742 3698 810 ejus,tam

2154 836 2387 892 comites
2416 854 2578 909 quam
2599 836 2742 891 vassi
2765 835 3031 892 dominici
3059 851 3292 907 quorum
3317 835 3520 891 nomina
3538 839 3705 911 scripta

2156 930 2442 998 habemus,
2492 930 2590 985 sed
2617 940 2670 985 et
2701 928 2883 983 caeteri
2912 943 3127 991 omnes,
3169 926 3260 998 qui
3294 926 3578 993 adfuerunt,
3605 931 3707 985 reli-

2156 1022 2259 1077 ctis
2298 1020 2505 1076 eisdem
2530 1019 2819 1091 praeceptis
2840 1017 3248 1087 judicaverunt,
3273 1022 3331 1070 ut
3351 1016 3630 1088 quicunque
3652 1019 3709 1072 de

2158 1109 2322 1164 rebus
2351 1117 2405 1164 et
2433 1107 2727 1178 mancipiis
2760 1106 2934 1178 ipsius
2966 1106 3107 1160 villa!
3134 1104 3431 1170 Novilliaci,
3460 1121 3546 1175 per
3566 1105 3713 1173 cujus-

2159 1219 2377 1276 cunque
2416 1210 2776 1273 prazceptum,
2810 1201 2891 1255 vel
2925 1215 3263 1272 quocunque
3296 1199 3473 1264 modo,
3502 1207 3607 1270 post
3625 1200 3710 1255 do-

2161 1296 2445 1350 nationem
2477 1291 2850 1357 Carlomanni,
2881 1306 3127 1362 quacum
3155 1289 3717 1360 omnibusappendiciis

2160 1383 2303 1451 suis,
2334 1383 2419 1437 vel
2452 1398 2575 1436 cum
2601 1381 2753 1436 omni
2780 1379 3116 1452 integritate,
3157 1378 3332 1449 ipsam
3364 1379 3529 1433 villam
3557 1380 3714 1435 Novil-

2162 1476 2381 1540 liacum,
2414 1475 2555 1529 sicut
2587 1484 2719 1529 tunc
2745 1473 2801 1527 in
2828 1471 2965 1527 ﬁsco
2986 1471 3209 1537 erat,ad
3222 1471 3503 1526 Ecclesiam
3534 1472 3718 1527 Remen-

2161 1581 2276 1621 sem
2300 1565 2546 1632 tradidit,
2610 1571 2665 1618 et
2699 1570 2824 1635 post
2877 1560 3358 1617 conﬁrmationem
3417 1561 3578 1616 fratris
3624 1563 3718 1633 ejus

2162 1660 2335 1717 Caroli
2366 1660 2421 1714 in
2466 1659 2856 1732 praprietatem
2880 1656 3168 1723 ‘obtinuit,
3210 1656 3256 1710 si
3287 1657 3715 1711 commutationem

2163 1753 2456 1808 ostendere
2486 1767 2595 1807 non
2647 1757 2854 1821 posset,
2910 1748 3150 1820 qualiter
3194 1764 3303 1815 res,
3334 1754 3386 1802 et
3412 1746 3719 1818 mancipiade

2165 1842 2283 1913 ipsa
2310 1857 2436 1895 casa
2466 1840 2559 1894 Dei
2582 1840 2731 1908 juste
2763 1845 2818 1893 et
2846 1836 3252 1893 rationabiliter
3282 1844 3592 1892 commutata
3616 1835 3722 1891 fuis«

2165 1942 2309 2003 sent,
2343 1935 2475 2007 quia
2505 1949 2616 1989 non
2675 1934 2746 1989 de
2774 1932 2907 1987 ﬁsco
2968 1932 3134 2006 regis,
3166 1931 3263 1987 sed
3292 1931 3364 1987 de
3392 1932 3724 1987 ecclesiasticis

2168 2031 2353 2098 rebus,
2387 2039 2441 2086 et
2470 2029 2764 2101 mancipiis
2785 2045 2885 2101 per
2907 2027 3266 2084 donationem
3298 2026 3543 2094 obtinuit,
3566 2026 3725 2097 utipsa

2166 2140 2253 2179 res
2307 2130 2361 2179 et
2416 2123 2714 2195 mancipia,
2747 2138 2871 2196 quae
2917 2122 2989 2177 de
3045 2121 3173 2177 villa
3216 2119 3509 2176 Novilliaco
3542 2119 3721 2175 obtenta

2165 2216 2406 2283 fuerunt,
2448 2216 2516 2271 ad
2548 2217 2722 2286 ipsam
2746 2231 2928 2270 casam
2949 2214 3043 2270 Dei
3076 2212 3510 2279 restituerentur,
3545 2211 3665 2266 sicut
3688 2212 3728 2266 in

2164 2316 2440 2381 prmeepto
2472 2307 2835 2364 restitutionis
2861 2288 3037 2378 ipsius
3089 2305 3152 2360 D.
3209 2305 3405 2373 Caron,
3432 2302 3567 2377 quod
3591 2302 3727 2358 hahe-

2165 2416 2307 2467 mus,
2341 2400 2561 2472 plenius
2590 2399 2925 2454 continetur.

2234 2495 2340 2551 Sed
2373 2494 2596 2567 quando
2627 2493 2685 2547 D.
2758 2491 2976 2547 Carolus
3032 2490 3259 2546 Romam
3325 2489 3569 2561 porrexit,
3592 2495 3637 2544 et
3679 2488 3723 2541 1).

2163 2586 2474 2642 Ludovicus
2534 2585 2701 2641 frater
2740 2585 2879 2654 .ejus
2937 2583 3006 2638 ad
3073 2583 3408 2639 Attiniacum
3470 2581 3621 2647 venit,
3655 2595 3729 2651 per

2164 2677 2431 2751 quosdam
2464 2694 2526 2733 cx
2556 2676 2761 2733 nostris
2820 2675 2968 2747 apud
3015 2675 3277 2731 domnam
3308 2672 3594 2730 Richildem
3621 2670 3734 2744 regi-

2166 2786 2313 2836 nam,
2349 2777 2404 2825 et
2428 2769 2576 2841 apud
2630 2769 2691 2823 D.
2751 2767 3090 2823 Ludovicum
3146 2765 3324 2822 ﬁlium
3358 2767 3416 2821 D.
3446 2764 3606 2845 Caroli
3623 2763 3737 2836 regis

2165 2865 2526 2922 obtinuerunt
2554 2864 2746 2919 Donati
2793 2873 2848 2919 et
2901 2862 3202 2918 Landradaa
3259 2861 3382 2927 ﬁlii,
3418 2868 3474 2917 ut
3508 2860 3620 2916 villa
3645 2858 3733 2913 No-

2166 2956 2441 3012 villiacum
2471 2970 2595 3012 cum
2617 2955 2733 3010 suis
2752 2953 3101 3027 appendiciis
3123 2954 3205 3009 eis
3226 2955 3732 3029 consignaretur,non

2096 3036 2516 3105 Cattendentes
2572 3046 2702 3117 quia
2767 3046 2913 3100 sicut
2978 3045 3033 3099 in
3096 3044 3357 3116 capitulis
3422 3045 3733 3118 Augustorum

2163 3141 2427 3211 scriptum
2463 3139 2715 3206 habetur,
2747 3140 2887 3194 tales
2913 3139 2981 3194 de
3007 3138 3155 3214 regis
3184 3139 3540 3210 preprietate,
3564 3144 3616 3191 ut
3640 3131 3739 3188 inﬁ-

2166 3231 2319 3286 deles
2347 3230 2635 3300 judicandi
2682 3237 2828 3297 sunt,
2858 3238 2913 3285 et
2941 3230 3246 3285 secundum
3282 3229 3435 3305 leges
3451 3223 3737 3284 ecclesiasti-

2167 3339 2259 3377 cas
2288 3322 2357 3376 de
2374 3322 2539 3375 rebus
2559 3320 2956 3378 ecclesiasticis
2976 3320 3254 3396 sacrilegii
3280 3321 3590 3392 judicantur

2234 3413 2509 3467 Reversus
2538 3421 2720 3467 autem
2754 3410 2815 3464 D.
2868 3411 3093 3466 Carolus
3132 3410 3432 3480 imperator
3464 3409 3642 3463 Remos
3665 3422 3739 3457 vc-

2165 3504 2351 3569 niens,
2385 3519 2511 3558 cum
2546 3503 2654 3558 tale
2688 3502 2890 3558 factum
2946 3500 3181 3567 audivit,
3213 3502 3350 3557 satis
3376 3499 3604 3577 graviter
3628 3495 3742 3555 tulit,

2166 3607 2220 3653 et
2250 3597 2399 3652 misit
2424 3613 2555 3652 suos
2576 3597 2776 3652 missos
2805 3595 2934 3667 :qui
2987 3595 3200 3651 scilicet
3232 3596 3438 3651 dictam
3468 3593 3634 3648 villam
3663 3589 3743 3642 Rc-

2171 3690 2344 3745 mensi
2374 3690 2629 3746 Ecclesia:
2654 3697 2707 3744 et
2744 3690 3009 3744 advocato
3042 3695 3230 3744 nostro
3253 3682 3745 3750 restituerunl,sicut

2170 3779 2387 3851 plenius
2410 3779 2676 3851 scriptum
2705 3778 3001 3834 habemus.

2236 3911 2339 3964 Hic
2369 3909 2693 3979 sequebatur
2746 3909 2977 3977 epistola
3019 3907 3115 3979 hoc
3153 3907 3316 3979 titulo
3347 3898 3735 3979 :_Joa_nnis_\"lll

2169 3996 2324 4050 papae
2349 3971 2527 4049 jus-sio
2550 3979 2619 4033 de
2650 3971 2959 4035 ordinando
2992 3978 3255 4050 episcopo
3284 3977 3341 4031 in
3385 3974 3611 4050 Ecclesia
3636 3971 3743 4050 lau-

2169 4044 2403 4105 du'nen'si
2432 4056 2679 4105 vacante.
2710 4051 2881 4117 Quam
2909 4044 3041 4121 quid
3099 4044 3320 4103 solio/iis
3350 4049 3548 4102 nostris
3584 4044 3647 4097 ad
3669 4057 3741 4121 cu-

2165 4128 2263 4190 put
2290 4125 2599 4176 vicesimum
2624 4115 2936 4190 secundum;
2969 4122 3104 4176 libro
3124 4122 3304 4186 tertio,
3339 4115 3744 4181 inscruimus,hoc

2166 4195 2276 4249 loco
2302 4196 2788 4263 praetermittimus.

1124 4485 1769 4576 DECRETUM
1860 4486 2210 4576 CLEBI
2304 4488 3124 4578 LAUDUNENSIS

1618 4669 1697 4728 De
1738 4668 2071 4747 Hedenul/b
2115 4668 2291 4729 electo
2335 4671 2623 4748 ερίδοορο.

523 4976 754 5033 Domino
781 4975 1239 5032 reverendissimo
1280 4982 1335 5031 et
1385 4972 1732 5029 sanctissimo
1782 4971 2136 5047 HmcuaaoD
2168 4980 2384 5045 pastore
2415 4974 2709 5033 vacaverit.
2745 4990 2867 5030 cum
2924 4975 3148 5031 decreto
3189 4973 3507 5041 electionis,
3538 4965 3756 5043 singulo-

451 5069 890 5141 archiepiscopo,
921 5066 1248 5138 cauterisque
1298 5073 1494 5121 nostra:
1524 5065 1830 5121 dimceseos
1858 5065 2066 5119 sanctis

457 5166 708 5221 Patzibus
736 5172 789 5221 ct
818 5163 1122 5237 episcopis,
1153 5163 1332 5217 clerus
1348 5161 1726 5216 Laudunensis
1757 5176 1881 5215 eum
1900 5160 2067 5214 totius

458 5262 713 5336 parmcize
781 5261 1035 5334 plebibus
1098 5266 1152 5313 et
1203 5258 1309 5313 sibi
1368 5256 1681 5326 conjunctis
1735 5254 2067 5327 praesulibus

454 5359 715 5407 tctcrnam
749 5350 802 5404 in
836 5348 1065 5404 Domino
1092 5348 1220 5402 Jcsu
1254 5345 1467 5403 Cbristo
1488 5346 1746 5409 salutem,
1768 5350 1820 5399 et
1850 5359 2063 5414 pacem.

525 5443 818 5500 Canonicis
848 5440 1054 5517 regulis
1074 5449 1129 5496 et
1153 5438 1471 5511 apostolicis
1490 5436 1930 5492 institutionibus
1960 5444 2071 5491 sta-

456 5543 633 5592 tutum
664 5550 787 5591 esse
840 5532 1160 5598 rccolimus,
1202 5538 1261 5586 ut
1299 5530 1519 5603 quoties
1556 5529 1817 5601 quaelibet
1879 5526 2073 5582 civitas

456 5624 762 5682 ministerio
784 5621 1114 5696 pontiﬁcalis
1139 5619 1422 5694 dignitatis
1444 5618 1702 5684 caruerit,
1734 5616 2071 5690 pr0prioque

2168 5081 2286 5119 rum
2320 5064 2622 5135 petentium
2681 5064 2939 5121 manibus
2989 5065 3272 5132 roborato,
3299 5058 3753 5134 metmpolhannm

2167 5156 2319 5213 adire
2350 5156 2672 5227 pontiﬁcem
2705 5156 2967 5222 debeant,
2997 5171 3062 5209 ac
3080 5155 3149 5210 de
3170 5153 3558 5209 substituendo
3585 5150 3634 5203 in
3656 5147 3755 5200 loco

2167 5246 2288 5314 ejus
2322 5246 2414 5317 qui
2448 5244 2686 5299 decessit
2708 5252 2928 5315 pastore
2964 5244 3233 5316 petitione
3262 5241 3504 5313 supplici
3534 5247 3754 5295 commo'

2172 5351 2304 5391 nere
2339 5353 2353 5393 :
2384 5342 2659 5407 quatenus
2684 5340 2737 5389 et
2766 5332 2957 5388 civitas
3003 5331 3380 5387 sollicitudine
3414 5324 3662 5401 pastorali
3682 5320 3757 5375 de-

2169 5428 2357 5483 stituta
2395 5427 2618 5499 proprio
2650 5433 3008 5497 recuperetur
3038 5422 3318 5496 pontiﬁce,
3383 5430 3438 5477 et
3495 5419 3584 5493 qui
3629 5411 3758 5471 ordi-

2172 5520 2389 5575 nandus
2418 5527 2502 5575 est
2526 5518 2821 5594 gratiosius
2844 5518 3023 5589 possit
3048 5513 3491 5579 accederc.Quia
3504 5510 3588 5568 cui
3619 5505 3761 5562 debet

2171 5610 2516 5669 abomnibus
2545 5609 2784 5681 obediri,
2826 5608 3018 5683 utique
3071 5606 3239 5663 debet
3289 5611 3345 5660 et
3409 5604 3480 5658 ab
3532 5596 3759 5657 omnibus
