3960 6160
204 249 304 303 417

921 248 1283 304 FLODOARDI
1327 247 1627 303 CANONICI
1671 248 1839 304 REME

1946 250 2000 304 lS
2039 249 2357 305 ANNAIES.
2390 281 2458 290 —
2499 247 2822 305 MONITUM.

3430 248 3536 304 418

201 375 554 446 eleemosyna
617 375 944 431 Mandatum
1007 376 1369 432 Adalberom's
1430 385 1782 448 nuncupatur
1804 417 1816 432 .
1845 387 1896 454 Α
1923 396 2075 435 mera
2105 378 2362 434 frumenti
2394 397 2464 446 ιν,
2497 380 2566 434 de
2619 379 2820 434 horreo
2871 375 3268 432 indominicato
3297 392 3535 433 annonae

203 469 499 523 Sciendum
531 483 752 539 quoque
804 475 886 522 est
917 468 1196 540 quomodo
1257 468 1416 524 istius
1446 469 1815 539 eleemosynae

203 570 456 634 sumptus
487 570 830 634 praeparetur
863 580 876 617 :
909 563 1168 620 videlicet
1214 564 1283 619 de
1305 564 1469 620 domo
1501 581 1624 636 quae
1649 581 1819 620 voca-

203 663 288 710 tur
320 655 603 727 Hospitale
634 671 941 726 pauperum
985 672 1222 712 annonae
1263 656 1481 712 sextarii
1526 674 1597 724 ιν,
1631 656 1702 712 de
1731 672 1826 712 ca-

1924 470 2143 525 modius
2173 485 2338 536 unus,
2371 476 2424 522 et
2447 469 2634 522 vinum
2666 468 2816 539 quod
2845 466 3104 522 suiticiat.

2000 565 2164 620 Plura
2229 578 2337 618 non
2388 567 2542 616 erant
2596 563 2658 614 in
2685 562 2862 614 codice
2900 562 3224 628 Igniacensi,
3257 561 3398 614 unde
3432 561 3541 615 hac

2517 654 2777 719 ‘emcerpta
2797 654 2941 705 sunt.

874 983 1858 1126 FLODOARDI
1995 929 2867 1123 ANNALES.

1369 1249 1599 1326 (Pertz,
1646 1235 1915 1308 Monum‘.
1966 1247 2159 1307 Germ.
2211 1244 2397 1323 Hist.)

1789 1399 2048 1410 —_

535 1494 661 1576 DE
719 1495 1018 1579 LlBRO
1081 1498 1762 1596 SUBSEQUENTI
1823 1498 2389 1583 ADMONITIO
2452 1499 2582 1579 AD
2645 1496 3212 1580 LECTOREM.

280 1848 576 1903 Remensis
605 1847 847 1902 Ecclesia
910 1849 1380 1919 quemadmodum
1435 1849 1637 1905 saeculo
1679 1846 2225 1922 nonoBRatherius
2270 1843 2603 1900 Veronensis
2657 1842 2954 1914 episcOpns
3010 1841 3210 1895 librum
3261 1855 3425 1910 quem
3479 1839 3554 1898 De

209 1937 566 1991 Hincmarum
603 1936 1108 2008 archiepiscopum,
1165 1938 1238 1992 ita
1289 1938 1504 1994 decimo
1564 1939 1828 1995 Flodoar-

208 2029 340 2084 dum
377 2027 456 2099 (1)
497 2030 877 2100 presbyterum
919 2036 973 2085 et
1001 2030 1295 2086 Richerum
1339 2033 1671 2087 monachum
1700 2032 1836 2087 insi-

209 2134 352 2192 gnes
403 2118 758 2173 historiarum
815 2118 1114 2188 scriptores
1175 2120 1371 2175 edidit.
1439 2121 1676 2185 Quorum
1743 2121 1834 2175 ille

209 2225 361 2264 anno
389 2209 496 2264 793
526 2210 609 2264 vel
646 2209 752 2264 894
799 2209 875 2279 (2)
907 2209 1186 2279 Sparnaco
1243 2213 1309 2280 (3)
1368 2212 1498 2266 villa
1527 2213 1837 2267 diceceseos

209 2302 510 2357 Remensis
563 2309 744 2368 natus,
778 2308 833 2356 et
898 2301 954 2355 in
1013 2303 1206 2358 schola
1244 2303 1501 2358 Remensi
1531 2319 1562 2358 a
1594 2304 1836 2358 Fulcone

207 2394 471 2450 restituta
495 2394 691 2449 litteris
721 2395 988 2460 imbutus,
1022 2394 1090 2448 ab
1139 2395 1381 2451 Herivmo
1411 2396 1831 2466 archiepiscOpo

206 2487 364 2542 clero
398 2487 656 2542 Ecclesiae
686 2487 972 2542 Remensis
1001 2486 1289 2557 ascriptus,
1323 2487 1601 2559 bonisque
1631 2487 1835 2542 ditatus

208 2586 292 2634 est
329 2580 420 2646 (4).
465 2578 616 2635 Circa
660 2579 914 2650 quintum
975 2589 1030 2636 et
1071 2580 1392 2635 vicesimum
1425 2579 1600 2634 aetatis
1628 2595 1832 2634 annum

207 2665 384 2721 rebus
416 2667 656 2737 publicis
685 2669 934 2723 animum
962 2669 1249 2724 advertere
1291 2668 1457 2738 erepit
1510 2668 1602 2736 (5),
1654 2675 1714 2722 ut
1771 2683 1837 2722 ex

207 2759 514 2813 Annalium
545 2760 724 2825 initio,
766 2775 906 2832 quos
969 2761 1096 2815 inde
1155 2759 1224 2814 ab
1255 2775 1401 2815 anno
1430 2760 1536 2816 919
1575 2775 1752 2831 usque
1769 2759 1838 2814 ad

209 2867 305 2905 an.
343 2851 452 2906 966
479 2852 752 2922 produxit,
806 2852 1085 2921 conjicere
1115 2851 1261 2907 licet.
1321 2851 1475 2906 Certe
1506 2851 1574 2905 ab
1609 2866 1675 2906 eo
1709 2851 1840 2906 inde

211 2947 474 3010 tempore
494 2940 931 3011 archiepiscOpis
949 2940 1311 2995 Remensibus
1352 2939 1618 3007 Herivaeo,
1654 2939 1840 2994 Scull'o

210 3041 267 3086 et
297 3032 535 3088 Artoldo
563 3033 724 3088 valde
777 3041 1037 3104 acceptus
1077 3032 1181 3087 fuit
1237 3038 1290 3086 et
1341 3032 1510 3086 rebus
1528 3048 1719 3087 eorum
1747 3046 1844 3104 ge-

211 3126 415 3182 rendis
445 3127 724 3182 adhibitus
753 3133 856 3182 est.
891 3127 1046 3182 Anno
1072 3126 1178 3180 924
1243 3124 1487 3180 Seulfum
1528 3124 1842 3193 comitatus,

210 3217 509 3288 colloquio
541 3215 754 3271 Rodulfi
786 3215 934 3290 regis
951 3223 1006 3270 et
1034 3215 1273 3287 Hugonis
1303 3214 1600 3269 Provinciae
1629 3214 1845 3269 comitis

1936 1937 2130 1991 exsilio
2160 1950 2260 1990 suo
2290 1935 2608 2004 scripserat,
2633 1932 2683 1987 ei
2735 1946 2956 2002 quoque
2981 1929 3343 1998 judicandum
3376 1935 3553 1983 trans-

1935 2023 2179 2078 mitteret
2209 2024 2305 2094 (9).
2341 2025 2494 2077 Anno
2515 2021 2620 2076 936
2650 2021 2736 2076 vel
2768 2020 3015 2091 proxime
3039 2018 3403 2090 sequentibus
3424 2016 3554 2086 (10),

1936 2111 2166 2166 dubium
2198 2127 2267 2165 an
2299 2126 2398 2182 pro
2439 2109 2679 2182 negotiis
2723 2109 2838 2164 suis
2880 2107 3204 2163 Ecclesiaeve
3245 2104 3554 2171 Remensis,

1937 2203 2164 2259 Romam
2195 2203 2350 2268 adiit,
2403 2202 2496 2256 ubi
2519 2218 2550 2256 a
2578 2201 2762 2257 Leone
2809 2200 2899 2254 Vll
2933 2215 3074 2270 papa
3121 2198 3363 2272 benigne
3394 2212 3557 2251 exce-

1939 2305 2064 2367 ptus
2089 2296 2312 2366 votique
2371 2295 2458 2348 sui
2489 2309 2718 2364 compos
2767 2292 2940 2347 factus
2980 2299 3148 2363 atque
3179 2291 3233 2344 in
3267 2289 3558 2358 presbyte-

1934 2406 2054 2444 rum
2078 2394 2362 2459 promotus
2387 2396 2472 2442 est
2500 2387 2631 2458 (11).
2667 2388 2726 2441 In
2756 2385 2985 2457 patriam
3033 2383 3207 2438 redux
3239 2381 3400 2452 operi
3449 2381 3557 2435 he-

1935 2481 2083 2536 roico
2114 2478 2716 2550 tinemimposuit(12).
2749 2479 2905 2531 Anno
2945 2476 3052 2532 910
3105 2490 3296 2528 mense
3341 2472 3559 2528 Octobri

1937 2569 2204 2625 orationis
2261 2567 2438 2642 gratia
2494 2566 2806 2637 sepulcrum
2866 2563 3039 2618 sancti
3102 2561 3317 2616 Martini
3379 2561 3558 2616 visere

1939 2664 2350 2736 disposuit,sed
2381 2662 2527 2734 apud
2560 2661 2905 2716 Heribertum
2931 2659 3190 2713 comitem
3227 2657 3366 2712 clam
3395 2672 3562 2711 accu-

1939 2765 2112 2824 satus,
2141 2757 2290 2829 quod
2318 2764 2508 2811 contra
2552 2769 2678 2808 eum
2708 2752 2793 2807 vel
2825 2750 3000 2806 ﬁlium
3032 2750 3152 2818 ejus
3192 2755 3340 2803 esset
3367 2747 3559 2818 profe-

1943 2855 2150 2915 cturus,
2183 2863 2307 2902 cum
2333 2843 2645 2920 Hugonisin
2675 2848 2856 2912 partes
2882 2840 3119 2894 transire
3149 2845 3406 2893 renueret
3429 2835 3559 2906 (13),

1942 2938 2143 2994 ablatis
2164 2938 2329 2992 rebus
2359 2952 2498 3008 quas
2529 2935 2598 2990 de
2628 2934 2950 3005 episcopatu
2985 2929 3240 2985 Remensi
3269 2928 3565 2983 tenebatet

1945 3031 2179 3086 ecclesia
2208 3047 2306 3086 sua
2357 3029 2416 3083 in
2467 3027 2845 3092 Culmisciaco,
2895 3023 3161 3080 custodia
3198 3021 3430 3077 traditus
3460 3028 3564 3076 est.

1946 3124 2056 3179 Nec
2078 3123 2184 3178 nisi
2218 3130 2340 3194 post
2358 3121 2605 3194 quinque
2637 3134 2880 3183 menses,
2923 3117 3014 3171 die
3042 3117 3112 3170 25
3139 3114 3568 3180 Martiian.941,

1944 3219 2254 3274 libertatem
2287 3215 2652 3288 recuperavit.
2683 3215 2814 3268 Tum
2852 3213 2906 3266 in
2930 3211 3142 3282 synodo
3173 3207 3564 3264 Suessionensi

212 3323 349 3362 cum
401 3307 698 3362 Wilhelmo
740 3306 1135 3378 Aquitanorum
1194 3303 1444 3376 principe
1483 3305 1539 3358 in
1567 3305 1844 3360 territorio
1866 3326 1915 3395 ρ
1944 3311 2012 3366 ab
2044 3311 2270 3384 Hugone
2311 3309 2561 3380 principe
2597 3306 2811 3380 Hugoni
2853 3303 3273 3376 archiepiscopo
3305 3301 3567 3357 commis-

208 3395 712 3468 Augustodunensi
743 3395 932 3449 habito
965 3393 1211 3449 interfuit
1257 3394 1351 3462 (6).
1409 3394 1564 3448 Anno
1585 3394 1839 3464 sequenti

1946 3419 2056 3469 sus,
2086 3402 2378 3457 ecclesiam
2408 3399 2572 3454 aliam
2611 3398 2821 3453 scilicet
2871 3404 3078 3451 sanctae
3130 3395 3309 3448 Maria:
3347 3394 3399 3448 in
3433 3393 3564 3448 Col-

212 3483 418 3540 Seulfo
467 3484 576 3539 vita
624 3482 908 3550 defuncto,
968 3483 1290 3538 Heribertus
1337 3482 1842 3537 Veromanduorum

209 3590 418 3630 comes
452 3573 735 3648 Hugonem
763 3571 994 3627 ﬁliolum
1022 3587 1397 3627 successorem
1453 3571 1504 3626 ei
1561 3571 1844 3642 imposuit,

212 3683 540 3739 omnesque
565 3666 660 3738 qui
717 3665 1010 3722 conatibus
1047 3665 1162 3719 suis
1200 3671 1410 3719 tantum
1442 3681 1551 3720 non
1582 3664 1848 3738 suifraga-

215 3769 424 3817 rentur
457 3802 470 3827 ,
536 3757 822 3815 beneficiis
874 3757 1286 3829 possessionum
1350 3757 1846 3812 ecclesiasticarum

216 3849 466 3922 privavit
492 3850 593 3920 (7).
618 3849 762 3913 Quos
793 3849 940 3903 inter
992 3855 1046 3903 et
1102 3848 1441 3904 Flodoardus
1483 3848 1685 3917 injuria
1718 3847 1851 3902 aﬂ'e-

216 3948 368 4004 ctus,
444 3939 706 3992 adversas
761 3937 966 3992 deinde
1020 3944 1205 4008 partes
1267 3945 1490 3994 secutus
1510 3945 1612 4002 est,
1682 3944 1848 4008 atque

216 4030 457 4086 Artoldo
521 4029 937 4100 archiepiscopo
1001 4045 1031 4083 a
1099 4029 1334 4086 Rodulfo
1390 4046 1517 4105 rege
1571 4030 1625 4083 in
1670 4029 1848 4085 locum

219 4117 402 4172 Seulfi
460 4118 757 4192 subrogato
806 4117 1058 4172 adhaesit.
1114 4117 1384 4172 Proximis
1412 4118 1574 4172 annis
1605 4116 1850 4173 carmine

218 4211 462 4266 heroico
499 4209 629 4264 Jesu
661 4210 858 4265 Christi
915 4217 1342 4281 sanctorumque
1361 4217 1416 4265 et
1446 4210 1613 4266 Italiae
1644 4217 1851 4281 marty-

219 4320 351 4358 rum
377 4303 694 4373 triumphos
758 4301 1057 4356 celebravit
1115 4303 1206 4372 (8),
1262 4302 1467 4356 additis
1522 4300 1850 4373 pontificum

1943 3492 2088 3558 rido,
2120 3497 2284 3562 atque
2315 3497 2517 3545 terram
2549 3489 2752 3557 injuste
2771 3493 3016 3557 ereptam
3049 3485 3262 3556 recepit
3293 3485 3429 3554 (14).
3455 3482 3562 3538 Sed

1947 3589 2139 3654 postea
2170 3581 2335 3636 etiam
2367 3579 2590 3635 Artoldo
2621 3579 2677 3632 in
2707 3577 2899 3632 sedem
2921 3592 3077 3630 suam
3109 3575 3364 3630 restituto
3407 3572 3571 3638 ﬁdus,

1951 3690 2076 3729 eum
2107 3672 2163 3726 in
2194 3672 2434 3747 negotiis
2462 3658 2714 3727 ecclesiae
2737 3669 2967 3743 agendis
2996 3674 3106 3721 tam
3133 3667 3281 3722 domi
3323 3681 3492 3736 qnam
3516 3665 3574 3718 in

1952 3765 2317 3821 conventibus
2357 3763 2666 3834 principum
2724 3768 2777 3816 et
2815 3759 3043 3831 synodis
3099 3759 3311 3826 adjuvit
3341 3757 3466 3826 ;cui
3495 3756 3577 3812 rei

1952 3869 2020 3908 eo
2050 3851 2227 3925 magis
2250 3851 2485 3906 idoneus
2522 3849 2834 3914 videbatur,
2891 3847 3041 3918 quod
3072 3845 3300 3901 archivo
3329 3844 3578 3900 ecclesiae

1954 3943 2283 4014 praepositus
2322 3949 2439 3996 erat
2493 3941 2624 4009 (15%.
2685 3941 2840 3994 Anno
2901 3938 3006 3993 948
3055 3936 3268 4008 synodo
3301 3935 3582 4009 lngelhei-

1951 4034 2132 4089 mensi
2166 4031 2433 4098 interfuit,
2469 4030 2562 4086 ubi
2598 4028 2903 4085 illustribus
2933 4027 3066 4082 viris
3097 4025 3580 4097 compluribusin-

1956 4126 2156 4193 notuit,
2184 4141 2360 4198 eaque
2383 4133 2625 4197 peracta,
2651 4124 2956 4180 exdecreto
2991 4138 3183 4195 regum
3205 4138 3331 4178 cum
3356 4121 3579 4176 Artoldo

1951 4219 2098 4290 apud
2148 4219 2470 4274 Rotbertum
2522 4217 2905 4272 'l‘revirensem
2969 4214 3449 4284 archiepiscOpum
3481 4227 3580 4282 per

1953 4317 2190 4382 quatuor
2214 4309 2594 4365 hebdomadas
2651 4306 2876 4371 mansit,
2941 4321 3066 4360 cum
3123 4319 3268 4360 anno
3321 4303 3584 4374 proxime

220 4395 612 4449 Romanorum
651 4406 828 4463 usque
876 4391 945 4445 ad
998 4407 1094 4446 sua
1151 4398 1400 4462 tcmpom
1448 4392 1639 4465 36855,
1673 4407 1854 4463 eoque
1955 4402 2228 4474 praeterito
2259 4401 2327 4456 ab
2370 4401 2592 4456 Artoldo
2626 4401 2826 4455 missus
2885 4397 3018 4470 (16),
3054 4414 3176 4453 cum
3224 4396 3423 4452 Otlone
3453 4410 3585 4470 rege

221 4482 438 4537 famam
472 4481 579 4535 Sibi
610 4480 756 4550 a[md
796 4487 1015 4536 exteros
1069 4480 1231 4535 etiam
1291 4481 1652 4552 Compara“):
1683 4481 1758 4536 ita
1797 4488 1858 4536 ιιι
1957 4506 2013 4553 et
2043 4497 2288 4553 Conrado
2320 4498 2460 4553 duce
2497 4497 2669 4568 Aquis
2699 4511 2798 4567 pro
2823 4494 2991 4550 rebus
3018 4492 3584 4550 EcclesiaeRemensis

298 4609 380 4680 (1)
425 4606 784 4680 Flodoardus,
826 4606 972 4662 haud
1025 4606 1391 4680 Frodoardus,
1423 4607 1748 4680 scribendus
1779 4614 1937 4680 estn
2032 4607 2268 4680 (7)A_nn.
2305 4606 2547 4661 an.923.

226 4675 647 4750 ex‘e'pitaphio,
705 4687 817 4733 tum
849 4695 915 4733 ex
971 4678 1257 4732 codicibus
1295 4678 1580 4733 nonnullis
1610 4678 1857 4732 Historiae
1883 4675 1938 4718 U
2031 4678 2111 4748 (8)
2141 4677 2399 4733 Codicem
2429 4676 2618 4748 operis
2649 4691 2819 4733 unum
2854 4680 3095 4735 Roberto
3142 4675 3453 4730 Trevirensi
3479 4689 3580 4730 ar-

226 4753 557 4802 Remensis.
595 4749 688 4802 aui
713 4750 1002 4802 Floardum
1050 4749 1390 4802 abbreviant.
1422 4749 1612 4802 codice
1644 4749 1856 4802 outimo
1959 4749 2317 4802 chieniscono
2350 4748 2595 4802 tradidit.
2630 4747 2860 4802 alterum
2895 4752 3014 4802 inse
3043 4750 3270 4802 fortasse
3326 4746 3579 4801 ecclesiae

226 4746 557 4816 Bernensis,
595 4749 688 4820 qui
713 4750 1002 4804 Floardum
1050 4749 1390 4815 abbreviant,
1422 4749 1612 4804 codice
1644 4749 1839 4819 optimt

225 4823 558 4902 énnalium“
574 4823 642 4875 ad
673 4820 912 4901 an..963,
936 4821 1195 4889 Richero,
1229 4819 1640 4902 et‘iialendario
1671 4829 1839 4894 veteri

1959 4746 2317 4820 chiepisc0po
2350 4746 2595 4812 tradidit,
2630 4747 2860 4805 alterum
2895 4752 3014 4822 ipse
3043 4750 3270 4804 fortasse
3326 4746 3579 4801 ecclesiae

1960 4819 2250 4902 S'._.Julianhi
2301 4819 2636 4902 Turonensis
2689 4819 2970 4885 intulerat,
3028 4819 3282 4902 inuectis
3333 4817 3426 4875 SS.
3483 4817 3584 4872 Mai

225 4895 286 4947 S.
313 4894 502 4973 Mariae
527 4892 870 4973 Remenﬁsisi
895 4892 1041 4973 ipse.
1076 4891 1353 4973 avunculi.
1388 4891 1577 4973 matris
1620 4891 1862 4973 suaenno-
1960 4891 2272 4973 Vllg‘p;‘6_9,
2303 4892 2455 4973 apud
2485 4891 2779 4973 Arvernos,
2812 4891 3276 4973 exstare'dicitur.

223 4981 369 5019 men
403 4964 503 5018 lib.
549 4981 608 5030 ιι,
640 4980 688 5026 c,
716 4964 769 5027 3,
818 4961 1138 5017 Flavardum
1191 4962 1398 5017 scribit.
1439 4961 1701 5016 Ceterum
1730 4963 1860 5017 Fro-
2035 4963 2102 5031 (9)
2132 4962 2378 5017 Folcuini
2407 4963 2565 5016 Gesta
2596 4962 2720 5016 abb.
2757 4964 3171 5029 Laubiensium,
3206 4979 3255 5016 c.
3289 4961 3379 5015 20.

225 5037 486 5091 doardus
518 5037 678 5106 plane
713 5035 884 5101 idem,
915 5043 969 5088 et
999 5043 1295 5105 utrumque
1326 5050 1390 5088 ex
1419 5032 1859 5089 Chlodouvaldus
1971 5103 1987 5106 _
2034 5034 2139 5106 (10)
2171 5033 2277 5088 Leo
2308 5033 2437 5106 inde
2467 5049 2499 5087 a
2529 5049 2718 5106 mense
2765 5035 3012 5091 Januarii
3041 5051 3130 5090 an.
3166 5033 3270 5089 936
3301 5048 3477 5103 usque
3513 5031 3580 5084 ad

226 5103 566 5176 corruptum
607 5113 712 5160 est.
1206 5103 1222 5105 “
1964 5103 2168 5157 Julium
2202 5104 2331 5158 anni
2359 5105 2463 5176 939
2491 5104 2656 5160 sedit.

313 5179 393 5242 (2)
418 5175 500 5231 Ex
531 5177 724 5232 Annal.
761 5193 849 5231 an.
892 5177 1017 5233 962.

2034 5176 2147 5245 (11)
2179 5176 2314 5229 Vide
2349 5175 2508 5229 infra.

424 5249 681 5330 Epitaph,
715 5249 1062 5330 Gallicum.m
2038 5243 2150 5316 (12)
2207 5247 2364 5330 ,ἔριά
2422 5246 2726 5314 Mabillon.,
2776 5248 2909 5304 Acta
2957 5247 3051 5302 SS.
3085 5247 3144 5303 Ο.
3201 5247 3256 5301 S.
3310 5246 3365 5300 Β.
3402 5243 3576 5310 8.111,

313 5318 396 5389 (4)
433 5321 568 5374 Hist.
603 5320 859 5374 Remens.
899 5336 969 5382 IV,
996 5318 1082 5373 13.
1323 5388 1328 5389 γ
1649 5386 1678 5389 ,Α
1799 5387 1834 5389 __

1969 5333 2022 5386 p.
2049 5333 2114 5389 il.
2133 5334 2186 5387 p.
2209 5318 2334 5372 596.

315 5386 396 5458 (ὅ)
451 5392 532 5444 lta
582 5389 751 5445 fuisse
813 5390 1069 5458 conjicio,
1122 5405 1246 5443 cum
1287 5388 1332 5443 si
1387 5402 1498 5443 non
1555 5386 1870 5443 scribendis
2039 5386 2710 5458 (13)Hist.Bem.iv,28.
2741 5389 3086 5445 CLAnnales
3107 5404 3195 5443 an.
3229 5386 3354 5443 940.

229 5461 577 5526 Annalibus,
615 5469 671 5515 at
727 5472 874 5516 certe
933 5461 1228 5515 enotandis
1276 5459 1442 5514 rebus
1494 5460 1668 5532 gestis
1721 5459 1871 5514 circa
2041 5459 2147 5532 (14)
2174 5460 2256 5532 111.
2291 5477 2364 5532 iv,
2390 5460 2481 5513 28.

235 5548 454 5586 annum
487 5533 594 5588 919
624 5548 848 5586 manum
880 5533 1192 5589 admovisse
1218 5531 1484 5586 videatur.
1514 5531 1521 5532 “
2050 5531 2156 5600 (15)
2186 5531 2318 5586 Hist.
2351 5531 2408 5586 R.
2446 5547 2503 5598 ιι,
2537 5531 2625 5585 19.

319 5604 403 5673 (6)
424 5605 564 5658 Ann.
602 5619 692 5657 an.
726 5604 850 5658 924.
2045 5596 2158 5672 (16)
2231 5602 2364 5657 Hist.
2431 5596 2584 5657 Rem.
2619 5619 2655 5670 1,
2686 5601 2802 5657 2οε
2843 5622 2863 5650 α
2902 5601 3130 5656 Easdem
3194 5615 3282 5654 res
3347 5596 3588 5654 domnus
