3960 6160
477 250 585 308 419

1585 242 1949 304 FLODOARDI
1991 230 2294 302 CANONlCl
2335 237 2688 301 BEMENSIS.

3632 261 3713 316 420

475 375 530 430 in
552 374 786 447 Vosego,
819 387 848 425 a
880 370 1250 445 chembaldo
1296 371 1535 443 quodam
1570 371 1834 442 pervasis,
1878 370 2094 426 locatus
2121 377 2170 444 Α
2196 380 2251 427 et
2278 370 2452 442 stylus
2516 386 2708 442 purus,
2761 370 3016 442 simplex,
3073 372 3254 447 gravis
3305 384 3510 433 ornatus
3549 379 3717 441 fastidio
3759 383 3779 401 ‘

476 466 687 521 fuisset.
718 463 891 518 Media
922 464 1066 518 inter
1093 464 1319 538 negotia
1376 463 1665 518 historiam
1694 462 1950 518 Ecclesia:
1984 463 2089 517 Re-

474 553 684 609 mensis
708 552 1276 626 scribercaggressus,
1317 551 1579 607 subsidiis
1610 551 1859 621 undique
1884 566 2091 625 conge-

473 642 593 709 stis,
614 641 893 712 praecipue
958 654 1088 694 vero
1144 639 1352 694 chartis
1395 640 1451 694 in
1508 638 2006 709 archivolibrisque
2034 638 2091 692 in

475 732 815 787 bibliotheca
845 728 1095 784 ecclesiae
1127 729 1440 795 asservatis,
1502 743 1642 799 Opus
1681 736 1916 800 quatuor
1940 727 2094 782 libris

475 824 604 879 inde
627 823 694 878 ab
728 822 943 895 origine
973 822 1265 876 Remorum
1295 837 1470 892 usque
1497 821 1563 875 ad
1605 821 1807 877 exitum
1839 822 1969 877 anni
1989 822 2092 875 948

476 915 752 988 perduxit,
789 922 953 984 atquc
978 912 1262 988 flagitante
1330 913 1565 968 Roberto
1628 913 1949 969 Treverensi
2005 930 2094 968 ar-

474 1005 830 1077 chiepiscOpo
854 1005 1193 1079 recognitum
1226 1003 1327 1058 hac
1361 1003 1465 1075 ipsi
1495 1004 1695 1059 dicavit
1723 1004 1955 1075 epistola
1987 1021 1999 1058 :

550 1121 575 1151 α
612 1099 842 1154 Domino
872 1097 1197 1164 venerabili,
1235 1121 1258 1143 η
1291 1105 1399 1163 etc,
1419 1099 1593 1165 (Hanc
1625 1100 1904 1167 epistolam
1934 1098 2095 1153 habes

475 1207 646 1262 supra
683 1193 938 1245 Historiae
973 1190 1223 1244 Ecclesia
1252 1191 1311 1244 Rt.
1326 1192 1523 1244 mensis
1550 1190 1884 1261 praeﬁxum.)

548 1284 709 1338 Libro
742 1282 917 1353 primo
946 1280 1227 1336 historiam
1288 1280 1547 1335 Ecclesiae
1590 1297 1763 1353 usque
1786 1282 1854 1335 ad
1886 1280 2098 1336 obitum

477 1383 532 1431 et
557 1375 970 1431 translationem
1016 1373 1189 1428 sancti
1246 1372 1501 1446 Remigii,
1534 1374 1780 1428 secundo
1807 1387 2093 1429 successo-

478 1483 568 1522 res
597 1465 770 1521 sancti
803 1464 1036 1539 Remigii
1091 1479 1265 1536 usque
1299 1464 1366 1518 ad
1401 1464 1772 1532 Hincmarum,
1804 1465 1965 1520 tertio
2006 1479 2094 1518 res

474 1563 659 1629 gestas
689 1563 743 1608 et
785 1554 989 1624 scripta
1048 1554 1320 1609 llincmari
1361 1555 1763 1627 archiepisc0pi
1818 1564 2089 1621 recenset,

476 1653 674 1715 quarto
702 1643 1020 1709 Fulconem,
1073 1644 1401 1711 Herivazum,
1442 1644 1683 1699 Sculfum
1726 1652 1781 1699 et
1808 1644 2087 1700 Artoldum

475 1750 654 1806 usque
681 1735 749 1789 ad
777 1734 1049 1804 synodum
1083 1734 1585 1809 lngelhcimensem
1646 1741 1924 1805 peractam
1951 1734 2086 1789 scri-

473 1824 572 1880 bit.
607 1824 755 1896 Opus
784 1840 983 1899 magno
1006 1824 1247 1880 historiae
1305 1824 1513 1893 Galliae,
1566 1840 1677 1881 non
1702 1825 1880 1881 solum
1912 1827 2087 1881 eccle-

475 1914 711 1968 siasticze
741 1914 842 1968 sed
877 1918 932 1968 et
970 1913 1147 1968 civilis
1194 1923 1249 1968 et
1296 1913 1595 1984 litterariae,
1650 1914 1943 1970 commodo
1972 1914 2088 1970 edi-

477 2015 614 2072 tum,
646 2021 793 2072 cum,
827 2005 1068 2061 fontibus
1096 2006 1298 2077 quibus
1352 2015 1543 2061 auctor
1593 2023 1728 2062 usus
1766 2013 1850 2061 est
1887 2006 2086 2078 deper-

477 2094 629 2162 ditis,
661 2094 929 2166 plurimas
984 2093 1169 2169 magni
1204 2095 1469 2149 momenti
1524 2095 1748 2150 notitias
1769 2094 1844 2148 ibi
1879 2102 2087 2150 tantum

477 2186 719 2257 reperias
748 2204 763 2253 ;
796 2186 1129 2257 praecipuam
1174 2192 1355 2241 tamen
1394 2202 1459 2241 ea
1490 2186 1703 2241 ratione
1733 2185 1952 2241 laudem
1982 2184 2090 2239 sibi

477 2277 533 2331 in
560 2277 786 2332 historia
817 2277 1089 2331 Hincmari
1131 2284 1184 2332 et
1210 2277 1468 2333 Fulconis
1522 2278 1631 2349 (17)
1663 2278 1928 2345 vindicat,
1953 2293 2093 2351 quo-

476 2382 598 2421 rum
621 2367 786 2421 rebus
813 2373 866 2423 et
922 2367 1145 2436 scriptis
1200 2368 1563 2423 recensendis
1587 2367 1926 2439 prtecipuam
1957 2383 2091 2439 ope-

478 2475 593 2516 ram
625 2459 923 2532 impendit;
957 2460 1172 2532 reliqua
1228 2477 1485 2536 magnam
1541 2469 1749 2533 partem
1769 2468 1824 2517 et
1862 2461 2094 2516 Annali-

474 2551 579 2607 bus
600 2552 717 2607 suis
746 2552 981 2623 repetita
1009 2551 1264 2624 legimus.
1320 2553 1531 2618 Quibus
1576 2553 1804 2625 quidem
1858 2553 1990 2608 inde
2022 2552 2092 2607 ab

475 2658 543 2699 eo
565 2650 815 2714 tempore
870 2643 1014 2697 haud
1082 2643 1452 2700 intermissam
1507 2660 1731 2716 Operam
1792 2661 2094 2717 curamque

480 2734 732 2789 adhibuit
768 2735 923 2806 (18);
983 2734 1309 2806 mediasque
1374 2736 1517 2791 inter
1567 2752 1654 2791 res
1710 2737 1847 2792 etin
1895 2753 2095 2811 magna

480 2841 662 2880 rerum
726 2841 824 2896 per
888 2824 1086 2881 Gallias
1150 2827 1520 2882 commotione
1586 2828 1835 2883 oculatus
1895 2829 2090 2895 testis,

481 2931 735 2991 regnum,
778 2916 1089 2988 principum
1136 2918 1491 2991 virorumque
1535 2928 1629 2976 aut
1686 2920 1938 2976 doctrina
2004 2928 2095 2976 aut

480 3017 752 3082 potestate
783 3026 883 3081 per
920 3010 1146 3066 Galliam
1178 3018 1233 3067 et
1281 3011 1624 3067 Germaniam
1660 3013 1768 3084 (19)
1800 3013 2092 3069 illustrium

481 3101 812 3157 commercio
869 3101 1014 3155 haud
1069 3103 1304 3169 alienus,
1355 3118 1478 3175 quae
1506 3120 1688 3159 veram
1717 3104 1800 3159 sui
1832 3104 1931 3159 aevi
1967 3103 2097 3158 ima-

481 3193 665 3264 ginem
700 3193 934 3263 posteris
963 3195 1698 3271 redderentdiligcntissime
1730 3196 1997 3264 enotavit,
2031 3212 2097 3252 ea

482 3279 698 3336 scilicet
729 3280 859 3348 fide,
893 3298 1002 3353 qua
1029 3282 1206 3338 virum
1261 3285 1435 3355 pium,
1483 3285 1779 3340 candidum
1837 3292 1893 3341 et
1922 3302 1953 3340 a
1978 3286 2098 3342 vio-
2142 3296 2156 3306 ’

486 3368 634 3424 lento
662 3375 875 3440 partum
904 3368 1086 3426 stu'dio
1142 3371 1379 3428 alienum
1412 3373 1594 3439 decet,
1660 3373 1883 3445 qualem
1928 3373 2097 3430 fuisse

480 3482 735 3537 Artaldus
778 3482 1074 3554 episc0pus
1103 3484 1310 3538 dudum
1353 3484 1603 3540 Conrado
1633 3485 1760 3540 duci
1801 3486 2098 3542 commisc—

480 3501 735 3537 artaluus
778 3501 966 3554 episco
1010 3501 1074 3537 us
1103 3501 1310 3538 uuuum
1353 3501 1603 3540 Lonraao
1633 3501 1760 3540 (11101
1801 3501 2098 3542 commisc—

480 3559 602 3607 rat:
635 3570 774 3632 quas
801 3555 893 3632 ille
960 3501 1314 3632 gagenbaldo
1355 3556 1573 3632 cuidam
1622 3572 1845 3612 suorum
1873 3558 2098 3632 delega-

479 3632 652 3699 verat.
677 3625 777 3699 Qui
837 3625 1228 3699 Ragenlialdns
1279 3627 1603 3699 earumdem
1659 3644 1841 3682 rerum
1870 3625 2097 3685 colonos

481 3695 643 3779 valde
664 3695 1001 3779 affligebat.
1022 3698 1133 3779 Ipsi
1192 3714 1322 3779 vero
1354 3715 1452 3779 pro
1493 3697 1798 3779 afflictione
1825 3715 1923 3779 sua
1948 3716 2097 3772 saepe

479 3766 549 3821 ad
567 3766 818 3842 sanctum
849 3766 1157 3842 Remigium
1199 3766 1529 3837 clamabant,
1565 3770 1747 3842 Remis
1786 3766 2094 3836 venientes,

480 3843 535 3891 et
564 3837 739 3909 ipsius
776 3837 1133 3910 patroni'sui
1195 3841 1499 3912 patrocinia
1558 3841 1933 3913 requirentes.
1993 3843 2096 3899 Pro

480 3924 680 3995 qua’re
711 3925 1066 3995 nuper'anno
1120 3913 1416 3982 praeterito,
1468 3928 1593 3995 cum
1622 3929 1749 3995 rege
1790 3913 2004 3995 pthone
2042 3922 2099 3970 et

481 3979 709 4050 praefato
739 3979 879 4054 duce
895 3982 1061 4054 locuti
1078 3979 1289 4054 sumus,
1305 3984 1529 4054 quando
1556 3979 1726 4054 Aquis
1741 3985 1809 4038 ad
1838 3985 2095 4041 eumdem

481 4066 671 4129 regem
695 4052 848 4107 missi
886 4052 1113 4129 fuimus.
1156 4053 1262 4129 Sed
1320 4052 1380 4108 ut
1418 4053 1566 4129 idem
1608 4052 1997 4129 Ragenbaldus
2026 4056 2096 4114 ab

480 4119 723 4196 ipsarum
790 4139 1010 4196 rerum_
1044 4123 1356 4196 direptione
1422 4119 1736 4196 desisteret,
1802 4126 2095 4196 impetrare

484 4193 855 4266 nequivimus.
895 4193 1051 4249 Unde
1090 4194 1513 4266 contigithorno
1556 4195 1786 4266 [cod.ap.
1816 4193 1958 4253 Coto.
1991 4200 2097 4254 hoc

481 4264 676 4336 anno],
717 4272 777 4319 ut
806 4266 938 4336 dum
970 4264 1210 4336 quodam
1237 4264 1470 4320 sabbato
1518 4264 1747 4321 eosdem
1777 4266 2003 4322 colonos
2025 4270 2093 4325 ad

480 4335 947 4411 opusquoddam
993 4335 1392 4411 peragendum
1432 4347 1797 4411 congregatos
1845 4337 2089 4411 haberet,

482 4407 920 4477 praeciperetque
978 4406 1323 4480 presbytero,
1374 4423 1443 4462 ne
1489 4406 1671 4477 signa"
1699 4406 2090 4480 vespertinalia

480 4490 661 4560 usque
682 4492 856 4560 prope
905 4484 1122 4560 noctem
1154 4477 1427 4549 pulsaret,
1480 4481 1751 4560 aperique
1800 4477 2093 4560 implendo

480 4545 1198 4619 insisteret;pereuteretu’r
1225 4545 1548 4619 percussore
1596 4545 1792 4606 inviso.
1828 4545 1927 4616 Qui
1962 4552 2091 4609 dum

480 4620 791 4695 requireret
828 4620 953 4691 quis
1001 4621 1541 4695 c_um__percuss_isset,
1592 4638 1893 4695 omnesque
1923 4639 1982 4678 sc
2005 4626 2093 4680 vi-

485 4687 633 4766 disse
664 4687 952 4763 negarent.
1019 4687 1180 4746 furiis
1237 4693 1562 4766 exagitatus,
1600 4687 1845 4766 sensum
1887 4695 2093 4766 amisit,

478 4762 825 4835 graviterque
854 4769 1099 4835 vexatus,
1169 4762 1423 4835 spiritum
1456 4763 1746 4820 exhalavit.
1788 4766 1902 4830 Quo
1941 4762 2095 4822 com-'-

519 4841 658 4902 erto,
709 4833 819 4888 dux
869 4833 1151 4890 Conradus
1196 4833 1426 4889 nimium
1474 4836 1695 4891 territus
1732 4836 1800 4891 ad
1842 4843 2091 4894 sanctum

525 4906 785 4980 emigium
817 4904 988 4980 venit,
1022 4906 1186 4980 eique
1208 4921 1295 4980 res
1315 4905 1468 4977 ipsas
1493 4906 1753 4980 reddidit,
1786 4925 1923 4980 quas
1956 4926 2092 4980 prm-

478 4978 685 5035 missus
715 4977 915 5047 praesul
947 4976 1198 5032 Artaldus
1227 4976 1517 5033 ﬂincmaro
1560 4978 1743 5033 abbati
1771 4976 1834 5035 ac
1876 4976 2092 5037 caeteris

477 5048 767 5106 monachis
794 5048 863 5103 ad
894 5048 1348 5119 supplementum
1384 5049 1563 5104 victus
1590 5050 1856 5104 attribuit.
1894 5075 1919 5097 κ

550 5118 1273 5193 (l7)ln_litterisFulconis
1328 5119 1409 5193 ad
1456 5120 1743 5193 Arnutfum
1800 5119 1934 5193 imp.
1992 5136 2092 5193 pro

480 5190 967 5265 Carolosimplice
1012 5208 1142 5265 rege
1183 5192 1299 5247 hmc
1341 5192 1508 5265 etiam
1566 5190 1768 5265 scripta
1822 5190 2093 5261 refert'xv,

478 5279 531 5339 (ξε
553 5263 589 5319 5
617 5280 631 5318 :
670 5281 696 5314 α
720 5261 1180 5339 Adnectitetiam,
1232 5262 1378 5334 quod
1411 5262 1470 5339 in
1502 5261 1761 5317 omnibus
1793 5278 1936 5333 pene
1956 5280 2095 5339 gen-

476 5335 623 5391 tibus
677 5340 872 5409 notum
921 5331 1105 5409 fuerit,
1155 5331 1378 5409 gentem
1427 5332 1760 5409 Francorum
1795 5331 2094 5409 'reges'gcx

476 5405 833 5463 successione
853 5402 1063 5476 habere
1073 5402 1471 5476 _consuevisse,
1496 5402 1783 5476 proferens
1799 5402 1966 5476 super
1990 5406 2097 5462 hoc

473 5475 854 5534 testimonium
875 5473 1309 5547 beatiGregorii
1352 5489 1530 5547 papae.
1559 5474 1796 5547 Subjicit
1835 5473 1998 5547 etiam
2029 5493 2095 5533 ex

474 5548 636 5604 libris
655 5544 973 5618 Teutonicis
1018 5545 1088 5600 de
1143 5544 1287 5618 rege
1321 5544 1582 5616 quodam,
1618 5546 1971 5603 Hermenrico
1994 5563 2096 5604 no-

477 5619 652 5696 mine,
680 5616 774 5696 qui
802 5629 1028 5696 omnem
1060 5615 1383 5696 prpgéniem
1433 5631 1585 5673 suam
1632 5618 1811 5696 morti
1850 5618 2097 5696 destina-

480 5687 624 5740 verit
683 5685 868 5756 iinpiis
926 5685 1192 5739 consiliis"
1237 5686 1559 5757 cujusquam
1618 5689 1918 5744 consiliarii
1984 5691 2094 5762 sui,

2194 466 2466 531 comptus,
2491 460 2689 533 arguit.

2262 552 2495 608 Perfecit
2551 562 2733 608 tamen
2792 553 3030 609 Annales
3085 555 3139 609 in
3198 559 3522 620 monasterio.
3573 578 3723 633 quose

2193 640 2465 698 beneficio
2489 643 2743 715 deposito
2784 646 3090 701 monachus
3120 646 3224 717 (20)
3243 663 3460 720 moxque
3483 651 3724 721 abbast2l)

2195 732 2406 789 futurus
2437 735 2728 791 detulerat.
2762 736 2861 791 Ubi
2900 738 3175 806 ejusmodi
3220 741 3626 812 occupationibus
3642 761 3727 799 ειυ-

2195 823 2412 896 diisquc
2441 825 2690 880 deditum
2741 842 2866 882 cum
2921 843 3068 883 anno
3106 828 3211 883 952
3239 829 3444 886 aut953
3469 832 3561 900 (2'2)
3586 832 3727 887 clerus

2194 922 2249 970 et
2292 916 2529 988 populus
2577 918 2959 975 Noviomensis
2988 926 3044 975 et
3089 920 3437 976 Tornacensis
3465 923 3727 995 episcOpum

2194 1008 2300 1062 sibi
2330 1009 2648 1085 elegissent,
2680 1011 2866 1084 regius
2893 1019 3075 1068 tamen
3126 1012 3274 1069 favor
3303 1013 3511 1070 minime
3537 1025 3728 1082 secutus,

2197 1096 2400 1153 frustra
2429 1099 2704 1154 renitente
2744 1100 3053 1157 Flodoardo
3115 1101 3244 1172 (23),
3297 1102 3455 1156 alium
3513 1104 3733 1160 cathedra;

2199 1187 2434 1257 pecunia
2465 1190 2645 1244 venali
2712 1190 2971 1261 imposuit
3004 1209 3017 1246 :
3051 1208 3158 1264 qua
3197 1193 3265 1247 de
3309 1209 3365 1248 re
3401 1193 3465 1248 ab
3512 1195 3733 1265 Adaldago

2201 1275 2618 1348 archiepiscopo
2653 1278 3145 1355 Hammaburgensi
3199 1281 3393 1336 litteris
3420 1282 3483 1337 ad
3509 1283 3736 1338 eumdatis

2193 1363 2447 1419 visitatus
2477 1375 2574 1420 est.
2611 1367 2844 1422 ditatem
2875 1368 3045 1441 igitur
3075 1369 3330 1425 Ecclesiae
3362 1371 3617 1426 Remensis
3642 1387 3736 1441 pre-

2194 1453 2384 1525 sbyter
2410 1465 2465 1512 et
2488 1459 2745 1528 praelatus
2795 1476 2970 1531 penes
3024 1459 3304 1515 Artoldum
3339 1460 3524 1533 exegit,
3545 1476 3636 1532 quo
3660 1461 3735 1516 de-

2194 1542 2403 1613 functo,
2428 1552 2484 1600 et
2550 1547 2776 1621 llugone
2807 1551 2900 1623 qui
2955 1558 3240 1622 superstes
3277 1559 3391 1607 erat
3419 1551 3737 1606 excommuni-

2192 1644 2333 1707 cato,
2365 1657 2512 1698 anno
2541 1642 2646 1700 962
2678 1645 2796 1716 ipse
2827 1662 2950 1701 cum
2973 1646 3191 1702 caeteris
3227 1647 3468 1703 ecclesiae
3491 1645 3737 1709 canonicis,
3797 1650 3813 1675 κ

2192 1745 2320 1804 rege
2354 1734 2609 1791 Lothario
2639 1752 2764 1791 cum
2804 1738 2997 1812 regina
3026 1746 3201 1794 matre
3231 1746 3288 1794 et
3327 1737 3566 1793 Brunonc
3589 1736 3738 1790 archi-

2188 1824 2449 1895 episcopo
2478 1825 2791 1881 Coloniensi
2847 1826 3184 1896 faventibus,
3246 1827 3564 1893 Odelricum,
3593 1826 3740 1900 llugo-

2188 1914 2273 1969 nis
2305 1914 2590 1983 cujusdam
2631 1915 2848 1971 comitis
2878 1914 3075 1983 filium,
3137 1917 3596 1988 archiepiscopum
3651 1917 3741 1969 ele-

2186 2009 2267 2083 git
2304 2009 2430 2079 (24).
2464 2011 2619 2066 Anno
2663 2011 2920 2083 sequenti
2974 2012 3130 2067 senio
3186 2018 3507 2081 occupatum
3556 2024 3740 2064 sescn-

2191 2098 2336 2155 tiens
2361 2099 2493 2168 (25),
2526 2102 2988 2177 septuagenarius
3035 2116 3219 2158 coram
3277 2101 3466 2155 eodem
3496 2100 3743 2172 praelatum

2190 2190 2562 2246 ministerium
2643 2191 2936 2257 abdicavit,
2994 2198 3049 2246 et
3099 2188 3464 2246 Flodoardum
3530 2194 3738 2260 nepotem

2190 2299 2566 2339 successorem
2596 2283 2651 2338 in
2709 2299 2775 2339 ea
2804 2283 3035 2355 accepit.
3070 2281 3441 2348 Quadriennio
3471 2295 3569 2353 quo
3595 2294 3743 2350 super-

2192 2375 2347 2443 vixit,
2397 2383 2557 2431 aztate
2607 2376 2810 2431 fractus
2851 2383 2907 2431 et
2961 2373 3285 2431 inﬁmitate
3341 2374 3546 2430 attritus
3567 2378 3743 2435 uterat,

2192 2468 2279 2523 vel
2306 2467 2599 2522 annalibus
2629 2467 2744 2522 suis
2796 2483 3000 2539 paucas
3048 2475 3263 2523 tantum
3297 2467 3468 2521 lineas
3493 2462 3683 2532 adjecit,
3707 2467 3746 2514 et

2195 2573 2341 2612 anno
2372 2558 2597 2613 demum
2624 2559 2730 2613 966
2759 2579 2786 2608 (ι
2826 2558 2910 2612 vir
2934 2559 3058 2614 vitm
3112 2556 3473 2623 venerabilis,
3502 2550 3747 2609 sanctitatis

2195 2648 2408 2703 honore
2430 2647 2800 2713 venerandus,
2849 2646 3115 2702 castitatis
3161 2642 3461 2716 splendore
3497 2641 3747 2717 angelicas,

2195 2736 2409 2812 fulgore
2438 2736 2727 2808 sapientiae
2756 2736 2998 2803 creticus,
3049 2744 3484 2805 caeterarumque
3535 2730 3748 2786 virtutum

2195 2827 2506 2900 insignibus
2543 2826 2891 2882 abundanter
2936 2824 3213 2897 Oppletus,
3255 2824 3488 2879 dictator
3520 2817 3751 2892 egregius,

2194 2918 2524 2974 vKalendas
2574 2920 2773 2990 Aprilis
2826 2925 3059 2974 terrenae
3116 2912 3572 2992 peregrinationis
3621 2910 3751 2963 relin-

2195 3027 2374 3083 quens
2394 3011 2608 3079 exsilia,
2636 3010 2810 3067 civica
2842 3018 2902 3066 ut
2933 3008 3211 3065 credimus
3232 3009 3470 3079 adeptus
3499 3003 3705 3072 estjura.
3730 3020 3748 3048 ο

2198 3102 2547 3174 Epitaphium
2595 3102 2665 3156 ad
2721 3101 2890 3157 ﬁnem
2930 3100 3141 3157 codicis
3195 3099 3520 3161 carminum,
3573 3094 3632 3148 ab
3663 3092 3752 3162 ipso

2123 3171 2173 3240 δ
2197 3171 2428 3255 fortasse
2446 3196 2836 3269 compositum,
2867 3196 2946 3252 ita
2971 3196 3172 3251 habet:

2260 3290 2349 3340 Hic
2364 3291 2494 3356 jacet
2507 3290 2744 3355 indignus
2768 3289 3077 3340 Flodoardus
3106 3289 3299 3339 honore
3329 3285 3563 3344 sacerdos,

2320 3378 2519 3428 Arbiter
2535 3384 2826 3442 exspectans
2846 3376 3046 3427 ccelicus
3073 3383 3134 3426 ut
3155 3374 3352 3433 redeat,

2198 3490 2584 3563 supplicatque
2615 3506 2684 3545 ne
2714 3489 2998 3546 sceleratis
3032 3489 3137 3563 hic
3179 3503 3283 3563 rex
3336 3486 3637 3563 adquiescat
3660 3494 3758 3558 con;

2198 3558 2355 3636 siliis,
2391 3558 2850 3636 sed'misereatur
2895 3561 3075 3636 gentis
3097 3561 3291 3629 hujus,
3322 3567 3380 3636 et
3428 3558 3574 3636 regip
3607 3566 3756 3636 geneljt

2198 3627 2488 3707 subveniat
2526 3633 2829 3707 decidenti,
2893 3627 3186 3707 satagens,
3230 3641 3296 3687 ut
3343 3631 3402 3685 in
3449 3627 3632 3707 diebus
3677 3627 3761 3677 suis

2197 3704 2437 3789 dignitas
2474 3704 2846 3760 successionis
2889 3700 3366 3789 sure"roboret1rr,
3407 3708 3488 3789 et.
3514 3700 3568 3754 hi
3611 3707 3761 3789 quiis

2196 3771 2379 3851 ali'eno
2411 3792 2619 3851 genere
2669 3791 2827 3851 reges
2883 3775 3191 3841 exstabant,
3233 3774 3323 3828 vel
3357 3771 3583 3851 existere
3614 3771 3762 3851 cupie-

2197 3848 2354 3913 bant,
2388 3843 2497 3903 an
2526 3843 2892 3919 praevalerent
2919 3853 3113 3902 contra
3142 3860 3260 3911 eos,
3279 3843 3485 3916 quibus
3513 3857 3575 3896 ex
3600 3848 3760 3914 genere

2198 3921 2377 3976 honor
2408 3918 2590 3989 regius
2616 3918 2941 3973 debebatur.
2973 3940 2998 3964 η

2269 3991 2311 4063 (t
2329 3990 2383 4063 8)
2402 3987 2686 4063 ξτὼοὶρᾳε
2711 3989 2971 4063 usquead
2992 4004 3199 4063 annum
3227 3987 3357 4043 954.

2269 3992 2362 4063 (t8
2402 3992 2686 4060 Praecipue
2711 4005 2888 4060 usque
2905 3992 2971 4043 ad
2996 4004 3199 4043 annum
3227 3992 3357 4043 954.

2269 3992 2384 4132 (l9;
2418 4060 2869 4135 Exempligratia
2889 4059 3125 4135 Rodulfo
3151 4049 3763 4135 Treverensi_,_Adal(_l_ag_o

2199 4120 3427 4207 liammaburgénsivarehiepiscopo,_Annone
3445 4126 3631 4207 abbate
3658 4120 3765 4207 Mag-

2197 4195 2567 4274 deburgense‘,
2609 4210 2798 4274 postea
2833 4195 3097 4274 episcopo
3137 4195 3566 4274 'Wormaciensi.
3596 4195 3764 4274 θεειυο

2198 4275 2317 4331 Hist
2366 4264 2517 4330 Rem.
2549 4264 2672 4341 1,},
2720 4275 2837 4329 haec
2864 4264 3075 4345 refert;
3099 4295 3123 4320 σι
3161 4273 3311 4345 Beati
3367 4264 3769 4345 deniqueIimQ-

2197 4347 2311 4402 thei
2340 4362 2485 4414 ossa,
2526 4337 2623 4401 rex
2659 4337 2826 4409 'Otto,
2871 4344 3211 4399 concedente
3275 4337 3767 4415 Artaldo‘archiepi-

2196 4416 2702 4489 scopo,7transferri
2733 4415 2861 4471 fecit
2890 4416 2949 4489 in
2988 4415 3304 4489 Saxoniam,
3342 4421 3400 4468 et
3419 4415 3769 4489 monasterium

2198 4485 2589 4544 monachorum
2618 4486 2673 4541 in
2722 4489 2842 4556 ejus
2888 4486 3126 4542 instituit
3144 4486 3380 4541 honore.
3404 4485 3477 4556 in
3507 4496 3607 4553 qua
3630 4487 3772 4556 trans—

2195 4558 2403 4616 latione
2428 4560 2597 4615 multa
2628 4550 2769 4613 mira
2808 4558 3059 4613 feruntur
3096 4565 3341 4612 ostensa.
3399 4550 3541 4609 Nam
3561 4557 3617 4606 ut
3648 4550 3771 4600 Anno

2196 4639 2327 4687 tunc
2381 4629 2571 4698 abbas,
2637 4646 2786 4685 nunc
2824 4630 3141 4701 episc0pns,
3192 4627 3331 4689 mihi
3402 4623 3654 4688 retulit,a
3684 4628 3770 4701 ί]ῃο

2196 4702 2389 4775 eadem
2421 4688 2587 4775 sacra
2630 4688 2873 4775 pignora.
2928 4688 3189 4775 translata
3243 4705 3414 4775 sunt,_
3456 4703 3644 4775 praeter
3688 4688 3771 4775 alia

2236 4773 2353 4828 lura
2381 4768 2647 4838 remedia,
2693 4768 3000 4828 'Zluodecim
3059 4770 3203 4825 inter
3251 4768 3486 4825 claudos
3533 4771 3585 4838 et
3631 4770 3771 4837 caecas

2217 4847 2347 4899 uere
2375 4844 2546 4899 curati
2606 4835 2806 4899 Beatus
2821 4858 3042 4914 quoque
3071 4839 3411 4914 Apollinaris
3440 4835 3647 4895 ossibus
3684 4835 3772 4914 sgf?

2194 4914 2251 4970 in
2318 4914 2628 4971 Orbacensc
2688 4899 3081 4969 monasterium
3116 4899 3466 4975 ‘translatis,
3532 4899 3773 4962 nonnullis

2194 4985 2335 5058 inibi
2360 4985 2566 5058 florere
2579 4993 2860 5058 spectatur
2881 4981 3545 5058 gratiarum_insignibus.
3572 4998 3596 5058 ξ
3664 5041 3714 5058 π,

2264 5056 2375 5128 (20)
2406 5043 2670 5132 Adaldagi
2727 5043 2921 5111 litterae
2975 5055 3123 5127 apud
3172 5043 3557 5110 Colve‘herium
3584 5048 3634 5102 in
3664 5043 3769 5099 Hist.

2194 5128 2471 5184 Remensi.

2265 5199 2375 5271 (2t)
2432 5199 2617 5254 Abbas
2663 5198 2832 5255 fuisse
2877 5197 3118 5267 videtur,
3151 5213 3242 5253 an.
3283 5195 3395 5252 962
3425 5193 3495 5250 de
3524 5186 3771 5265 praelatum

2195 5270 2739 5341 depositascribens.
2840 5338 2857 5341 ᾼ
2942 5340 2948 5341 ί
3142 5339 3174 5341 μ
3289 5338 3305 5341 Α
3456 5337 3468 5341 ,
3606 5325 3716 5341 ,,.

2446 5342 2581 5398 Vide
2631 5340 2767 5396 Gall.
2829 5338 3029 5397 Christ.
3088 5339 3223 5397 edit.
3279 5338 3316 5394 2
3378 5337 3550 5410 episc.
3606 5331 3770 5387 Novio-

2197 5428 2422 5468 mensrs.

2269 5483 2381 5559 (23)
2415 5482 2486 5559 Ex
2515 5483 3024 5559 Adeldagi‘litteris.

2289 5556 2380 5625 24.)
2412 5555 2549 5609 Ann.
2582 5571 2673 5611 an.
2705 5555 2831 5623 962,

2269 5557 2384 5696 ta;
2412 5557 2771 5683 secuta
