3960 6160
188 323 292 379 425

1692 317 2012 374 ANNALES.

3405 314 3513 371 426

189 473 333 528 idem
349 486 582 544 quoque
606 469 1003 526 monasterium
1028 469 1278 540 qumdam
1313 467 1496 538 puella
1513 467 1810 522 advenerat
1835 455 1886 522 A
1908 452 2266 544 ralupl‘OPle"
2309 444 2658 544 φρῖεωρὶιιπι
2708 443 3046 544 Τυηὲξξθηδθν
3114 458 3369 544 Γεξγξξιξειξε
3409 454 3514 544 est}

189 565 418 619 nomine
463 564 699 627 Osanna,
749 562 819 616 de
873 577 1016 636 pago
1045 562 1090 595 ²⁰
1133 560 1402 616 Vonzinse
1430 561 1470 594 ²¹
1513 559 1643 630 (37),
1686 573 1809 612 car-

190 672 317 710 nem
370 671 482 709 non
525 654 847 720 comedens,
899 669 1081 724 neque
1123 668 1318 722 panem
1377 651 1446 705 ab
1501 650 1660 705 annis
1694 649 1807 717 jam

190 751 408 805 duobus
449 749 616 803 edere
661 749 871 812 valens,
927 747 1015 802 cui
1051 747 1236 801 multae
1271 747 1514 800 visiones
1549 743 1810 798 ostende-

190 843 394 892 bantur
421 855 433 890 :
461 837 585 891 llth
615 835 673 888 in
693 835 828 905 ipsis
858 835 1055 890 diebus
1093 833 1402 888 ebdomada
1444 832 1610 903 plena
1633 831 1810 900 jacuit

192 927 442 991 immota,
465 914 534 978 et.
550 923 877 993 sanguinem
908 939 1030 977 cum
1069 922 1316 978 omnium
1359 920 1726 975 admiratione
1765 919 1811 953 ²²

190 1015 434 1077 sudavit,
470 1015 541 1067 ita
581 1020 639 1067 ut
681 1013 831 1067 frons
883 1013 1006 1080 ejus
1054 1020 1164 1066 tota
1200 1020 1256 1065 et
1297 1010 1464 1065 facies
1515 1026 1691 1079 usque
1739 1008 1808 1062 ad

189 1105 394 1160 collum
426 1103 738 1174 aperiretur
768 1100 1039 1173 sanguine
1072 1117 1086 1164 ;
1120 1099 1176 1152 in
1207 1114 1316 1170 qua
1344 1098 1456 1152 vita
1486 1099 1569 1152 vel
1599 1103 1807 1151 tantum

189 1202 344 1256 calor
377 1204 741 1262 remanserat,
774 1195 946 1249 halitu
992 1195 1155 1248 etiam
1189 1194 1512 1248 tenuissimo
1543 1193 1806 1262 spirante.

187 1293 339 1346 Tunc
364 1306 590 1362 quoque
619 1288 792 1343 multa
820 1303 878 1342 se
927 1287 1131 1341 vidisse
1164 1285 1465 1356 perhibuit,
1500 1301 1564 1340 ex
1610 1283 1813 1354 quibus

191 1382 378 1452 aliqua
418 1379 577 1446 dixit,
611 1379 847 1450 plurima
875 1394 1006 1433 vero
1039 1379 1082 1412 ²³
1119 1393 1242 1448 qua:
1272 1376 1505 1443 viderat,
1538 1391 1597 1431 se
1629 1375 1812 1430 dicere

192 1487 304 1526 non
347 1470 554 1524 audere
595 1467 845 1540 professa
875 1473 977 1522 est.
1019 1465 1170 1519 Tunc
1202 1464 1367 1520 etiam
1401 1465 1547 1520 circa
1575 1465 1812 1517 Remen-

192 1580 311 1618 sem
350 1561 548 1617 urbem
569 1560 679 1614 mel
709 1560 764 1612 in
795 1558 966 1629 spicis
1001 1558 1280 1611 inventum
1314 1557 1379 1623 ²⁴,
1412 1562 1467 1610 et
1496 1555 1660 1610 ﬂores
1688 1555 1813 1625 qui-

191 1652 430 1706 busdam
467 1651 523 1704 in
557 1648 864 1714 arboribus,
896 1647 1122 1700 maturis
1157 1645 1522 1718 veljcollectis
1555 1645 1666 1713 jam
1699 1644 1814 1698 fru-

190 1744 396 1800 ctibus.
427 1744 584 1797 Anno

836 1808 1171 1864 DCCCCXXI.

190 1926 466 1983 incarnati
506 1924 668 1980 Verbi
699 1922 970 1980 Rodulfus
1001 1920 1530 1993 episcopusfmontis
1561 1919 1809 1976 lauduni

193 2015 468 2080 moritur;
501 2014 590 2068 cui
620 2011 868 2068 succedit
907 2011 1242 2078 Adclelmus,
1273 2009 1522 2079 ejusdem
1556 2009 1660 2064 loci
1693 2009 1811 2064 the-

190 2103 477 2160 saurarius
505 2103 570 2168 ³⁵,
601 2101 786 2156 Remis
813 2116 845 2155 a
876 2101 1082 2155 domno
1120 2099 1346 2155 Heriveo
1385 2099 1682 2170 episcOpus
1720 2113 1811 2153 οπο

187 2200 438 2254 dinatus.
486 2198 784 2270 Anglorum
819 2195 1043 2250 Romam
1081 2192 1550 2264 proﬁciscentium
1591 2192 1812 2264 plurimi

191 2290 338 2344 inter
373 2289 656 2361 angustias
696 2287 912 2357 Alpium
953 2285 1235 2356 lapidibus
1265 2301 1297 2340 a
1343 2285 1658 2340 Sarracenis
1685 2289 1814 2338 sunt

187 2379 376 2434 obruti
402 2378 464 2432 ³⁵.
501 2377 756 2449 Synodus
783 2376 822 2409 ’τ
856 2375 1001 2445 apud
1031 2374 1334 2431 Trosleium
1359 2375 1466 2443 (38)
1491 2374 1695 2439 habita,
1725 2373 1813 2428 cui

191 2472 454 2543 praesedit
487 2471 748 2526 Heriveus
783 2468 1254 2539 archiepiscOpus,
1295 2476 1563 2539 praesente
1591 2483 1815 2540 quoque

190 2568 390 2622 Karolo
423 2582 592 2640 rege;
637 2565 794 2634 cujus
824 2564 1052 2619 obtentu
1084 2563 1402 2617 Erlebaldus
1429 2563 1470 2597 ’7
1504 2562 1580 2616 ibi
1613 2562 1818 2617 Castri-

190 2663 380 2717 censis
413 2661 740 2715 absolvitur.
783 2658 1087 2713 Richardus
1116 2658 1160 2692 ²⁹
1187 2658 1434 2713 marchio
1466 2657 1536 2713 de
1568 2657 1818 2730 Burgun-

190 2756 282 2809 dia
313 2755 481 2810 obiit.
519 2752 749 2806 Karolus
804 2767 897 2805 rex
929 2751 984 2804 in
1019 2766 1251 2823 regnum
1285 2749 1526 2804 Lotharii
1577 2748 1715 2803 abiit
1749 2749 1819 2816 9°,

196 2845 550 2916 receptisque
585 2859 683 2913 per
711 2842 818 2896 vim
851 2842 1182 2912 quibusdam
1214 2841 1431 2896 Ricuini
1465 2839 1705 2895 infidelis
1734 2840 1820 2895 sui

193 2937 492 3007 praesidiis,
527 2944 581 2989 et
617 2933 758 2989 facta
787 2933 1044 3004 pactione
1073 2949 1248 3004 usque
1289 2933 1358 2987 ad
1397 2932 1618 2986 missam
1647 2932 1823 2988 sancti

197 3027 420 3083 llartini
449 3042 573 3081 cum
608 3025 860 3080 lleinrico
903 3025 1156 3096 principe
1185 3024 1621 3079 Transrhenensi
1655 3025 1698 3059 δι
1731 3040 1823 3079 re-

192 3138 393 3177 versus
421 3128 506 3175 est
532 3121 578 3154 ³²
612 3120 666 3174 in
707 3129 955 3175 montem
997 3119 1267 3176 Lauduni.
1297 3120 1672 3190 Tempestates
1719 3119 1823 3174 hoc

191 3233 341 3272 anno
373 3215 612 3269 diversis
640 3215 697 3268 in
728 3215 865 3270 locis
895 3214 1168 3285 plurimae,
1199 3213 1455 3269 homines
1475 3229 1698 3285 quoque
1728 3212 1827 3267 ful-

193 3309 346 3363 mine
375 3307 700 3372 exanimati,
733 3314 787 3362 et
815 3308 1013 3362 domus
1043 3305 1304 3360 incensas.
1337 3305 1518 3360 Estus
1548 3306 1604 3360 in
1635 3312 1824 3360 aestate

193 3413 455 3472 magnus,
505 3403 559 3451 et
614 3395 746 3451 freni
778 3395 1099 3466 plurimum.
1147 3395 1374 3450 Siccitas
1402 3394 1598 3466 ingens
1649 3395 1826 3449 tribus

195 3491 317 3546 fere
369 3491 640 3546 continua
668 3490 976 3557 mensibus,
1025 3489 1194 3557 Julio,
1243 3490 1488 3564 Augusto
1538 3497 1702 3561 atque
1729 3490 1822 3545 Se-

193 3581 466 3654 ptembri.
523 3581 816 3635 Rotbertus
859 3597 1048 3636 comes
1096 3581 1486 3648 Nortmannos,
1531 3581 1624 3653 qui
1657 3581 1822 3654 Lige-

192 3675 300 3728 rim
360 3673 595 3728 ﬂuvium
654 3679 1080 3744 occupaverant,
1142 3689 1242 3744 per
1305 3674 1552 3745 quinque
1605 3689 1826 3728 menses

193 3766 448 3832 obsedit,
477 3767 830 3838 acceptisque
854 3767 901 3801 ³³
930 3766 998 3820 ab
1017 3766 1100 3821 eis
1127 3767 1442 3832 obsidibus,
1470 3767 1824 3822 Brittanniam

194 3855 357 3924 ipsis,
404 3870 576 3924 quam
626 3861 993 3921 vastaverant,
1049 3870 1169 3909 cum
1221 3855 1540 3910 Namnetico
1588 3857 1633 3890 ³⁴
1685 3871 1827 3931 pago

193 3947 515 4011 concessit;
549 3945 754 4017 quique
783 3944 948 4001 fidem
980 3945 1176 4001 Christi
1209 3954 1497 4018 cmperunt
1520 3947 1822 4019 suscipere.

198 4038 485 4102 Erluinus,
518 4038 862 4092 Belvaeensis
906 4038 1225 4110 episcopus,
1268 4040 1425 4095 obiit.
1461 4040 1691 4096 Karolus
1723 4041 1830 4096 ite-

196 4147 322 4184 rum
347 4147 544 4202 pacem
576 4147 699 4186 cum
730 4130 983 4187 Heinrico
1016 4130 1212 4189 ﬁrmat.
1254 4133 1410 4189 Anno

838 4283 1202 4342 DCCCCXXII.

197 4409 439 4463 Karolus
491 4423 722 4484 regnum
762 4409 1116 4466 Lothariense
1171 4412 1215 4446 ³⁵
1244 4410 1316 4466 ob
1372 4414 1818 4484 persecutionem

1907 540 2195 596 ordinatus
2234 555 2264 592 a
2300 537 2552 592 Iohanne
2602 553 2742 608 papa
2796 537 3114 608 episcopus,
3161 536 3417 593 Hilduino
3447 537 3515 594 ab

1909 631 2030 702 ipso
2071 646 2212 702 papa
2259 628 2757 692 exeommunicato,
2789 627 2881 698 qui
2939 629 3105 683 etiam
3161 629 3254 685 illo
3302 629 3519 684 abierat

1907 721 2220 791 episc0pus.
2255 720 2434 792 Drogo
2463 719 2509 752 δεῖ
2539 717 2836 787 episc0pus
2863 717 2930 772 de
2956 717 3109 772 Tullo
3139 719 3398 785 moritur;
3429 720 3516 774 cui

1906 815 2154 870 succedit
2182 814 2223 847 3"
2257 812 2551 868 Gauzlinus
2575 812 2642 866 ³⁸.
2682 811 3011 885 Berengario
3039 812 3519 887 Langobardorum

1907 905 1952 940 3°
1995 921 2122 978 rege
2154 906 2198 938 ‘0
2226 920 2398 978 regno
2429 904 2497 958 ab
2525 902 2883 974 Optimatibus
2911 902 3028 957 suis
3056 903 3128 958 ob
3170 903 3518 960 insolentiam

1910 1001 2030 1069 ejus
2062 1003 2100 1035 ’δι
2136 1000 2448 1062 deturbato,
2485 997 2754 1053 Rodulfus
2793 997 3080 1069 Cisalpinae
3112 999 3298 1054 Galliae
3329 1017 3420 1056 rex
3453 1002 3522 1056 ab

1909 1088 2046 1160 ipsis
2100 1090 2154 1143 in
2199 1105 2426 1162 regnum
2477 1088 2824 1152 admittitur;
2878 1094 2934 1142 et
2985 1087 3246 1162 llungari,
3307 1089 3524 1144 actione

1914 1178 2161 1250 praedicti
2212 1177 2549 1250 Berengarii,
2599 1176 2784 1231 multis
2821 1173 2997 1247 captis
3044 1177 3285 1248 Oppidis,
3315 1178 3524 1233 Italiam

1914 1271 2340 1342 depopulantur.
2384 1269 2580 1325 Karolo
2626 1269 2868 1340 denique
2898 1269 3220 1325 Laudunum
3251 1286 3526 1345 regresso,

1915 1364 2067 1438 llugo
2098 1362 2245 1417 filius
2267 1361 2510 1417 Rotberti
2542 1368 2668 1432 post
2701 1361 2904 1432 pascha
2930 1377 3098 1433 supra
3125 1362 3171 1396 ⁴²
3198 1362 3447 1418 Vidulam
3483 1363 3530 1397 ⁸³

1913 1453 2021 1523 (39)
2051 1453 2222 1519 venit,
2253 1451 2346 1507 ubi
2385 1453 2531 1522 apud
2560 1451 2744 1507 villam
2793 1452 3035 1507 Finimas
3071 1454 3116 1487 δ”
3167 1453 3280 1524 (40)
3312 1452 3528 1508 Herivei

1912 1548 2310 1619 archiepiscOpi
2342 1547 2534 1602 ﬁdeles
2566 1562 2688 1601 cum
2727 1547 3059 1618 quibusdam
3099 1547 3338 1604 Francize
3364 1548 3532 1604 comi-

1912 1641 2060 1696 tibus
2086 1641 2279 1696 obvios
2311 1639 2518 1694 habuit.
2552 1640 2666 1705 Quo
2709 1656 2834 1695 cum
2866 1641 3045 1695 eidem
3086 1657 3255 1725 super
3287 1642 3528 1696 Axonam

1913 1733 1970 1788 in
1994 1750 2194 1808 pagum
2220 1733 2640 1789 Laudunensem
2665 1734 2930 1805 profecto,
2960 1741 3184 1806 propter
3210 1735 3528 1806 praedictum

1832 1823 1885 1893 B
1915 1829 2289 1904 Haganonem,
2349 1831 2437 1886 cui
2477 1846 2570 1885 rex
2609 1830 2884 1886 abbatiam
2934 1832 3227 1900 Rothildis,
3263 1833 3442 1888 amita:
3486 1835 3530 1867 ⁸⁵

1910 1943 2044 1990 sum,
2076 1941 2266 1981 socrus
2295 1935 2477 1981 autem
2527 1926 2795 1999 llugonis,
2834 1927 3081 1996 dederat,
3137 1929 3364 1984 nomine
3423 1930 3529 1986 Go-

1911 2017 2018 2072 lam
2057 2018 2103 2052 ⁴⁶
2123 2018 2256 2088 (41),
2289 2017 2516 2074 Karolus
2537 2034 2662 2073 cum
2685 2017 2966 2074 Heriberto
2995 2028 3050 2074 et
3067 2020 3362 2095 Haganone
3389 2022 3529 2075 clam

1911 2108 2236 2164 Laudunum
2281 2125 2563 2184 egressus,
2595 2109 2667 2164 ob
2726 2109 3041 2184 Haganonis
3078 2125 3323 2166 amorem
3365 2110 3531 2178 hujus

1909 2214 2077 2255 causa
2102 2199 2317 2254 timoris
2355 2206 2506 2254 trans
2535 2198 2742 2253 Mosam
2771 2197 3052 2269 profectus
3099 2204 3203 2253 est.
3239 2199 3410 2263 Quem
3441 2199 3532 2254 in~

1912 2304 2138 2350 secutus
2167 2296 2320 2370 Hugo
2347 2311 2471 2351 cum
2505 2295 2701 2350 ceteris
2739 2301 3103 2368 pugnatorum
3141 2294 3358 2350 duobus
3385 2295 3535 2350 mili-

1914 2386 2020 2441 bus
2059 2402 2234 2458 usque
2279 2386 2503 2452 Mosam,
2563 2384 2927 2440 Gislebertum
2977 2383 3389 2440 Lothariensem
3425 2385 3529 2441 ob-

1912 2479 2061 2534 vium
2111 2478 2154 2513 ⁴⁷
2186 2477 2377 2532 habuit
2406 2493 2567 2543 ;cum
2622 2492 2733 2548 quo
2772 2493 2802 2532 a
2833 2483 3008 2548 patre,
3039 2477 3132 2548 qui
3183 2493 3308 2532 eum
3342 2492 3534 2547 prose-

1915 2575 2121 2640 quutus
2164 2569 2340 2623 luerat
2369 2575 2422 2623 et
2446 2583 2618 2640 super
2645 2569 2887 2624 Axonam
2920 2567 2976 2622 in
3008 2583 3150 2642 pago
3180 2567 3531 2623 Laudunensi

1918 2658 2168 2725 sedebat,
2221 2659 2288 2713 ad
2338 2657 2676 2730 colloquium
2727 2664 3037 2725 revocatus,
3085 2659 3389 2713 revertitur.
3415 2658 3532 2722 Quo

1919 2759 2223 2822 comperto,
2253 2750 2449 2805 Karolo
2475 2749 2624 2806 Mosa
2651 2749 3060 2818 retransmissa,
3105 2764 3226 2803 cum
3250 2748 3536 2804 nonnullis

1921 2845 2015 2916 qui
2055 2844 2122 2898 ad
2155 2859 2216 2898 se
2246 2849 2511 2897 venerant
2541 2842 3014 2910 Lothariensibus,
3053 2841 3212 2898 villas
3243 2840 3536 2896 Remensis

1923 2939 2172 2994 ecclesize
2216 2937 2524 3009 depraedari
2566 2953 2785 2993 necnon
2816 2938 3118 2992 incendere
3173 2936 3359 3008 cmpit.
3413 2935 3534 2990 Alt-

1922 3038 2167 3085 montem
2197 3043 2418 3099 quoque
2449 3033 2684 3082 castrum
2714 3026 2996 3094 bellando,
3016 3042 3126 3082 non
3158 3027 3283 3082 sine
3311 3041 3538 3081 suorum

1924 3120 2080 3174 clade
2105 3120 2172 3186 ‘3,
2202 3119 2348 3190 cepit
2377 3128 2541 3191 atque
2572 3117 2818 3189 diripuit.
2854 3118 3148 3182 Rotbertus
3175 3118 3221 3151 ‘9
3248 3116 3414 3191 igitur
3441 3132 3540 3170 su-

1845 3192 1895 3262 C
1917 3225 2017 3280 per
2043 3207 2340 3264 Maternam
2363 3207 2588 3263 ﬂuvium
2620 3206 2856 3262 Rodulfo
2891 3206 3007 3262 lilio
3038 3205 3312 3274 Richardi,
3331 3219 3540 3281 genero

1924 3316 2048 3369 suo,
2078 3301 2326 3371 procedit
2347 3300 2600 3365 obviam;
2625 3315 2789 3371 quem
2811 3314 3055 3370 sequens
3080 3299 3126 3332 ⁵ο
3156 3297 3388 3354 Karolus
3416 3313 3539 3352 cum

1926 3391 2405 3457 Rothariensibus,
2432 3391 2730 3445 Maternam
2773 3389 3007 3453 transiit,
3032 3395 3086 3444 et
3111 3398 3350 3444 castrum
3379 3389 3546 3460 Sparo

1926 3482 2048 3538 naci
2079 3483 2119 3517 ⁵¹
2155 3483 2262 3555 (42)
2294 3483 2571 3555 direptum
2603 3489 2688 3538 est
2717 3482 2786 3537 ab
2817 3481 3129 3556 Haganonis
3153 3480 3541 3553 complicibus.

1925 3579 2220 3635 Rotbertus
2272 3580 2462 3647 etiam,
2492 3579 2716 3652 praefato
2755 3580 2992 3636 Rodulfo
3031 3595 3155 3635 cum
3197 3577 3544 3653 Burgundio-

1926 3671 2385 3738 nibusveniente,
2408 3670 2639 3725 ﬂuvium
2673 3672 2946 3727 transiens
2975 3671 3167 3726 subter
3183 3671 3543 3740 Sparnacum,

1928 3778 2036 3818 non
2070 3763 2290 3837 longius
2321 3763 2495 3818 tribus
2535 3763 2710 3818 leucis
2756 3764 2825 3819 ab
2866 3764 3111 3819 exercitu
3151 3761 3332 3818 Karoli
3371 3769 3546 3817 castra

1929 3860 2166 3906 metatus
2196 3859 2318 3917 est;
2360 3851 2455 3906 ubi
2495 3868 2606 3906 una
2637 3851 2814 3924 magis
2834 3851 3145 3907 ebdomada
3175 3850 3548 3906 consederunt

1928 3941 2150 4011 utrique
2188 3942 2254 4006 ⁵³,
2285 3941 2353 3994 ad
2391 3941 2729 4012 colloquium
2776 3941 2944 3997 ceteri
2977 3943 3022 3976 ⁵³
3061 3948 3260 4012 praeter
3291 3941 3548 4015 Hagano-

1930 4047 2056 4085 nem
2091 4032 2136 4064 ⁵⁸
2158 4039 2212 4086 et
2242 4031 2497 4087 Karolum
2514 4032 2818 4088 venientes.

2001 4127 2155 4200 llugo
2179 4129 2392 4182 interea
2410 4128 2556 4182 filius
2587 4127 2846 4184 Richardi
2861 4128 2928 4183 ad
2952 4127 3274 4184 Rotbertum
3294 4125 3549 4194 veniens,

1931 4222 2201 4278 ducentos
2229 4222 2450 4278 circiter
2487 4239 2552 4277 ex
2587 4221 2672 4277 his
2701 4222 2796 4293 qui
2827 4238 2950 4277 cum
2985 4221 3281 4296 Haganone
3311 4221 3356 4254 ⁵⁵
3396 4226 3552 4274 erant

1933 4317 2132 4374 obvios
2159 4319 2370 4385 habuit,
2401 4319 2458 4373 in
2479 4319 2638 4374 villas
2665 4319 2936 4391 episc0pii
2970 4318 3261 4373 Remensis
3287 4317 3554 4372 abeuntes

1936 4411 2196 4481 praedari;
2230 4411 2432 4484 quibus
2453 4413 2649 4483 captis,
2678 4412 2852 4466 tribus
2881 4418 3094 4466 tantum
3127 4410 3348 4477 occisis,
3381 4423 3555 4481 equos

196 4504 496 4558 Gisleberti
527 4513 582 4558 et
611 4504 824 4560 Ottonis
853 4506 1084 4576 rapinis,
1109 4507 1417 4582 sacrilegiis
1437 4517 1603 4580 atque
1638 4510 1830 4564 incen-
1854 4518 1913 4588 D
1937 4504 1983 4538 ⁸⁸
2009 4521 2132 4559 cum
2164 4505 2331 4559 armis
2358 4505 2581 4559 abstulit
2611 4511 2666 4558 et
2695 4505 2762 4559 ad
2800 4520 2931 4559 suos
2969 4503 3273 4579 ignominia
3298 4511 3556 4558 oneratos

196 4593 340 4659 diis,
372 4593 536 4648 etiam
585 4594 641 4646 in
674 4601 923 4664 tempore
953 4596 1408 4670 quadragesimze,
1467 4599 1610 4653 sicut
1640 4606 1694 4653 et
1721 4607 1831 4655 tota

195 4683 393 4737 hieme
431 4689 622 4738 vastat.
657 4683 963 4754 Richarius,
1012 4687 1106 4758 qui
1137 4686 1363 4742 Romam
1396 4687 1677 4760 profectus
1709 4689 1830 4746 fue-

1931 4595 1975 4634 δτ
2009 4593 2222 4648 remisit
2269 4601 2503 4648 ceteros.
2554 4593 2691 4647 Hinc
2738 4593 3034 4648 Rotbertus
3075 4592 3222 4664 apud
3271 4589 3558 4645 Calmicia-

1931 4705 2055 4746 cum
2105 4687 2210 4756 (43)
2253 4693 2308 4741 et
2362 4686 2592 4742 Karolus
2637 4687 2782 4742 circa
2825 4685 3012 4742 Remis
3055 4686 3102 4721 ⁵⁸
3149 4693 3325 4743 castra
3369 4688 3556 4745 mctati

1568 4815 1791 4870 VARle
1815 4814 2193 4870 LECTIONES.

285 4879 332 4912 ’θ
360 4895 499 4954 pago
529 4896 705 4954 cori,
735 4897 871 4952 paco
903 4883 958 4940 1.
1016 4884 1057 4918 ’ί
1089 4884 1318 4939 voxinse
1345 4885 1398 4939 2.
1456 4886 1500 4919 ²²
1523 4887 1674 4940 omni
1706 4888 1854 4941 adm.
1885 4887 1939 4942 2.
1994 4886 2044 4941 3.
2095 4887 2140 4919 ³³
2169 4885 2312 4941 deest
2358 4886 2412 4941 2.
2456 4887 2508 4941 3.
2569 4886 2615 4919 ’⁸
2653 4885 2689 4941 i.
2724 4892 2810 4940 est
2851 4884 2905 4940 2.
2951 4884 3006 4942 3.
3058 4885 3104 4919 ’⁵
3135 4887 3472 4942 tesaurarius
3501 4886 3558 4944 2.

198 4952 254 4985 εδ
295 4966 344 5004 ο.
377 4952 504 5006 sunt
556 4952 608 5009 3.
668 4953 965 5008 i"’sinodus
999 4956 1054 5009 2.
1104 4955 1156 5012 3.

1227 4957 1270 5028 ²Ῠ⁴
1300 4956 1652 5012 herlebaldus
1704 4959 1756 5014 2.
1793 4959 1826 5013 3
1903 4959 1947 4992 ²⁹
1978 4957 2228 5012 ricardus
2253 4957 2305 5014 3.
2364 4958 2408 4991 ³ο
2441 4957 2614 5011 habiit
2640 4959 2694 5011 2.
2754 4958 2795 4991 ³¹
2829 4958 3211 5012 transrenensi
3252 4958 3301 5013 3.
3336 4962 3559 5028 saepius.

294 5023 438 5103 deest
482 5024 534 5077 2.
571 5023 651 5103 n33
681 5031 1087 5103 acceptumque
1117 5027 1172 5080 2.
1242 5027 1287 5061 3‘
1315 5029 1629 5103 nannetico‘
1670 5028 1722 5085 3.
1793 5030 1838 5064 ³⁵
1865 5028 2234 5103 _lodhariense
2263 5029 2728 5103 _3.__saepz'us._g_35
2760 5028 2911 5103 ROgo
2943 5029 3030 5103 3a,.
3103 5023 3455 5103 ?7_succe_ssit
3480 5031 3554 5103 _3.

199 5095 255 5126 3”
291 5093 541 5166 goslinus
680 5094 730 5148 3.
765 5093 1056 5166 gauclinus
1089 5099 1375 5165 successit,
1429 5100 1521 5170 qui
1560 5099 1724 5153 etiam
1779 5100 2068 5154 ordinatus
2099 5108 2184 5154 est
2217 5100 2301 5154 16.
2351 5093 2473 5154 Kal:
2499 5100 2722 5170 Aprilis.
2771 5093 2930 5168 IIiTgo
2975 5102 3046 5155 V.
3099 5101 3144 5134 3°
3174 5099 3562 5206 lamgobardo-

203 5180 336 5206 r‘llm
369 5165 403 5206 9
504 5165 550 5198 ‘0
582 5175 911 5206 Imnnrnlnra
939 5168 972 5206 θ)
1035 5169 1068 5206 2
1155 5171 1196 5203 61
1223 5170 1296 5206 nh
1350 5170 1364 5206 ἰ
1423 5187 1451 5206 n
1508 5171 1703 5206 Αοοηηι
1727 5171 1759 5206 ο)
1833 5173 1865 5206 Q
1948 5173 1992 5204 ιῖ
2024 5186 2192 5206 cnnnr
2215 5171 2250 5206 0
2303 5170 2335 5206 ρ
2386 5172 2431 5205 L3
2461 5172 2702 5206 nirlnlnm
2759 5171 2793 5204 σο
2862 5173 2906 5206 ιι
2939 5169 3150 5206 Gmmgc
3183 5171 3213 5206 ‘1
3320 5173 3340 5206 I
3371 5172 3560 5206 omina:

203 5165 351 5242 {uni
369 5165 422 5218 2.
482 5165 550 5242 _f°
581 5165 912 5242 imperatore
939 5168 1005 5242 2._
1035 5169 1087 5242 3.
1152 5171 1196 5242 f‘
1223 5170 1296 5224 ob
1350 5170 1389 5223 i.
1423 5165 1475 5224 ό.
1508 5171 1703 5225 desunt
1727 5171 1782 5225 2.
1833 5173 1887 5226 3.
1948 5173 1992 5204 ⁴²
2024 5186 2192 5242 super
2215 5171 2266 5224 2.
2302 5170 2353 5226 3.
2386 5172 2431 5205 ‘3
2461 5165 2724 5225 uidolam.
2759 5171 2814 5235 2,
2862 5165 2906 5206 ίδ
2937 5169 3152 5225 ﬂmmas
3182 5171 3232 5226 3.

3320 5173 3340 5206 '
3370 5172 3560 5226 amicae

197 5236 276 5287 2.
322 5235 409 5296 3a,
435 5308 447 5312 _
477 5237 523 5269 “5
552 5238 727 5312 colam
758 5238 810 5292 2.
849 5240 903 5291 Β.
934 5240 1006 5312 f7
1039 5240 1256 5294 obviam
1307 5256 1444 5296 corr.
1489 5242 1709 5296 obvium
1740 5242 1794 5296 2.
1869 5243 1914 5276 ‘8
1945 5258 1993 5296 c.
2047 5235 2107 5296 sf
2137 5242 2188 5298 3.
2247 5243 2292 5276 ‘9
2322 5243 2576 5297 robertus
2607 5243 2658 5299 3.
2707 5245 2924 5312 saepius.
2984 5244 3030 5276 ⁵ο
3057 5243 3216 5312 sequi
3271 5244 3385 5296 alia
3415 5245 3560 5297 linea

198 5321 394 5388 ﬂuens
424 5308 476 5373 1,
545 5308 896 5388 subsequens
926 5309 977 5365 3.
1037 5312 1347 5388 “_sparnan
1384 5314 1430 5367 1.
1477 5314 1522 5347 ⁵³
1552 5316 1632 5388 ita
1673 5316 1751 5388 in
1781 5314 2064 5388 locaraso
2120 5316 2169 5369 1.
2224 5314 2502 5385 utrimque
2543 5313 2596 5368 2.
2632 5315 2686 5369 3.
2743 5308 2794 5348 δεῖ
2819 5315 2965 5370 deest
2998 5316 3046 5369 1.
3099 5308 3475 5388 5"aganonem
3510 5319 3559 5368 1.

195 5377 257 5411 ⁵⁵
296 5377 640 5452 haganonem
675 5377 747 5434 2f
788 5382 834 5415 5”
854 5397 1045 5452 aequos
1073 5377 1152 5436 2f
1188 5383 1230 5417 ⁵⁷
1263 5384 1557 5440 honeratos
1594 5383 1649 5440 2.
1711 5384 1754 5418 ⁵⁸
1787 5385 1980 5440 remim
2011 5383 2064 5439 2.

1778 5487 1985 5545 NOTAE.

298 5571 390 5647 I37)
437 5573 595 5628 Circa
628 5575 810 5647 Vouzy
834 5575 887 5628 in
921 5575 1236 5647 Campania.

297 5645 400 5722 (ἓξ)
443 5645 688 5722 I_‘ro_l_i_ad
721 5646 997 5722 Axonam,
1021 5645 1078 5722 in,
1104 5665 1246 5722 pago
1279 5649 1636 5709 Suessonico.
1667 5650 1846 5714 Bouo.

301 5715 407 5785 (39)
447 5717 682 5783 LaVéte,
717 5717 956 5773 Axonam
985 5715 1185 5774 inﬂuit:

300 5786 404 5856 (ω)
443 5789 640 5843 Fimes.

511 5886 523 5897 ’
562 5885 842 5948 PATROL.
893 5890 1218 5953 CXXXV.

2017 5581 2127 5659 (fit)
2167 5581 2397 5659 \lidetur
2422 5599 2546 5639 esse
2583 5583 2809 5654 Chelles,
2836 5586 2982 5641 haud
3023 5586 3215 5659 procul
3248 5582 3490 5640 Parisiis.

2019 5653 2128 5724 (42)
2170 5657 2444 5725 Epernay.

2019 5726 2124 5795 (43)
2167 5726 2450 5795 Chermizy
2469 5735 2563 5784 aut
2590 5729 2922 5797 Chaumuzy,
2955 5744 3130 5799 prope
3163 5728 3384 5783 Remos.

3171 5900 3235 5958 14
