3960 6160
235 330 340 384 429

1751 327 2074 385 ANNALES.

3467 326 3572 386 430

237 454 486 520 abduxit,
518 453 820 525 relictoque
841 453 984 509 infra
1021 455 1066 490 ⁹³
1115 471 1344 527 regnum
1368 455 1611 511 Franciaa
1634 456 1849 522 Karolo,
1877 461 1924 528 Α
1955 453 2205 508 fortibus.
2239 453 2340 506 ltta
2390 453 2456 486 ¹¹⁰
2485 453 2615 520 (49),
2649 452 2815 508 ﬂuvio
2869 453 3122 520 transito,
3177 453 3462 527 ingressus
3491 462 3572 509 est
3651 504 3654 508 .

240 554 590 600 revertuntur
615 546 682 599 ad
742 562 860 600 sua.
908 547 1134 602 Karolus
1193 548 1397 602 dehinc
1425 549 1469 582 9⁵
1511 548 1854 602 Heribertum

239 635 499 690 comitem
520 635 587 700 ⁸⁵,
609 634 853 688 Seulfum
883 636 1384 707 archiepiscOpum,
1413 645 1738 707 ceterosque
1772 653 1860 691 re-

237 727 330 798 gni
365 727 648 797 primates,
679 727 867 781 multis
889 727 1263 800 legationibus
1289 737 1347 782 ut
1377 728 1444 782 ad
1477 743 1536 782 se
1568 737 1856 782 revertun-

241 828 330 874 tur
359 828 547 874 exorat
594 838 608 886 ;
642 820 790 892 quod
846 820 926 874 illi
970 828 1288 888 renuentes,
1328 836 1427 892 pro
1459 820 1693 875 Rodulfo
1724 821 1770 855 9⁸
1802 823 1857 875 in

238 913 612 987 Burgundiam
636 912 1080 979 transmiserunt,
1100 913 1208 984 qui
1269 913 1414 967 otius
1443 913 1486 946 9"
1528 929 1652 967 eum
1688 913 1855 967 multa

236 1019 468 1059 suorum
500 1020 664 1058 manu
698 1003 809 1057 illis
829 1005 1086 1058 occurrit.
1124 1003 1432 1074 Auditoque
1454 1004 1672 1066 Franci,
1706 1003 1853 1075 quod

241 1097 473 1152 Karolus
496 1096 862 1152 Nortmannos
911 1097 955 1131 9°
1003 1097 1070 1150 ad
1119 1112 1178 1150 se
1197 1097 1385 1152 venire
1411 1097 1746 1162 mandasset,
1787 1112 1857 1149 ne

239 1188 318 1242 illi
351 1188 847 1260 eonjungerentur,
891 1188 1034 1242 inter
1080 1189 1334 1242 Karolum
1367 1197 1532 1259 atque
1565 1188 1856 1242 Nortman-

239 1295 343 1334 nos
396 1296 566 1350 super
610 1282 808 1335 lsaram
867 1279 1093 1334 ﬂuvium
1148 1296 1273 1334 cum
1329 1279 1563 1335 Rodulfo
1616 1279 1782 1333 medii
1812 1280 1856 1313 99

241 1375 588 1430 resederunt.
620 1376 869 1446 Tumque
920 1375 987 1409 ¹⁰⁴
1036 1375 1224 1430 Carolo
1282 1381 1430 1428 trans
1481 1374 1683 1429 Mosam
1705 1374 1856 1428 refu-

239 1464 452 1538 giente,
490 1464 782 1519 Rodulfum
815 1464 998 1520 cuncti
1026 1480 1212 1537 regem
1236 1464 1299 1498 ¹⁰¹
1325 1463 1554 1537 eligunt.
1591 1462 1857 1518 Rodulfus

241 1553 392 1607 ﬁlius
422 1553 677 1608 Richardi
697 1569 790 1607 rex
812 1553 957 1622 apud
994 1552 1190 1606 urbem
1211 1552 1593 1606 Suessonieam
1620 1552 1686 1586 ¹⁰²
1716 1567 1857 1606 con-

241 1642 489 1696 stituitur
540 1643 672 1712 (46).
741 1643 801 1696 Et
846 1641 1162 1696 Heribertus
1239 1657 1427 1695 comes
1499 1641 1858 1705 Bernardum,

247 1732 644 1786 consobrinum
699 1747 880 1796 suum,
938 1746 1062 1784 cum
1111 1729 1234 1783 aliis
1297 1729 1510 1803 legatis,
1571 1728 1859 1783 consilium

243 1823 398 1892 quod
428 1836 528 1890 per
557 1821 682 1875 illos
707 1820 989 1892 agebatur,
1021 1825 1080 1872 ut
1119 1817 1314 1884 fertur,
1349 1817 1751 1889 ignorantibus,
1795 1817 1861 1870 ad

244 1910 502 1964 Karolum
535 1910 739 1981 dirigit.
765 1909 864 1974 Qui
895 1909 962 1962 ab
992 1908 1201 1962 eisdem
1251 1906 1607 1961 sacramentis
1639 1921 1863 1975 persua-

241 2019 359 2067 sus,
394 2002 462 2055 ad
495 2002 836 2056 Heribertum
879 2016 1002 2055 cum
1021 2000 1212 2070 paucis
1235 1997 1622 2068 proﬁciscitur,
1655 1997 1861 2068 quique

244 2107 374 2144 eum
415 2090 472 2143 in
501 2089 724 2144 castello
778 2105 878 2145 suo
911 2104 1077 2158 super
1126 2087 1385 2141 Comnam
1426 2087 1573 2157 apud
1603 2087 1858 2140 Sanctum

244 2179 565 2244 Quintinum
599 2181 701 2249 (57)
761 2179 1023 2248 suscepit,
1057 2178 1300 2249 indeque
1363 2178 1448 2231 his
1487 2178 1580 2248 qui
1639 2193 1762 2230 cum
1793 2192 1859 2230 eo

246 2276 517 2323 venerant
544 2267 811 2333 remissis,
831 2267 1082 2321 Karolum
1107 2267 1160 2320 in
1195 2267 1473 2337 quandam
1495 2265 1859 2319 munitionem

245 2377 566 2432 suam,quaa
598 2367 824 2416 vocatur
852 2359 1145 2414 Castellum
1169 2358 1493 2414 Theoderici
1525 2358 1657 2427 (48),
1696 2373 1864 2426 super

243 2454 544 2509 Maternam
576 2453 799 2508 ﬂuvium
829 2453 1028 2507 deduci
1083 2451 1229 2514 fecit,
1292 2451 1482 2521 ibique
1533 2451 1707 2516 illum,
1741 2450 1868 2504 sub-

243 2546 569 2600 ministratis
597 2545 761 2599 victui
793 2544 1138 2606 necessariis,
1173 2543 1276 2597 sub
1307 2542 1557 2597 custodia
1587 2541 1824 2596 detinuit
1851 2559 1864 2607 ;

246 2641 302 2687 et
323 2634 406 2687 sic
437 2635 556 2704 ipse
579 2632 876 2689 Rodulfum
925 2649 1111 2707 regem
1161 2632 1217 2686 in
1276 2631 1648 2704 Burgundiam
1678 2646 1868 2701 prose-

250 2729 416 2775 cutus
452 2727 554 2776 est.

323 2811 541 2864 Interea
578 2810 941 2883 Ragenoldus,
998 2810 1259 2881 princeps
1285 2810 1744 2864 Nortmannorum
1775 2809 1869 2878 qui

247 2901 302 2955 in
333 2900 507 2955 ﬂuvio
570 2900 750 2974 Ligeri
803 2900 1182 2966 versabantur,
1253 2899 1430 2954 Karoli
1485 2897 1870 2969 frequentibus

257 2990 449 3044 missis
493 2989 825 3060 jampridem
856 2989 1088 3055 excitus,
1146 2988 1428 3042 Franciam
1469 2995 1620 3042 trans
1648 2989 1868 3052 lsaram,

247 3080 567 3150 conjunctis
597 3080 700 3134 sibi
732 3080 987 3151 plurimis
1009 3097 1074 3135 ex
1103 3080 1372 3142 Rodomo,
1403 3078 1755 3149 deprzedatur
1782 3077 1867 3130 ¹⁰³.

1960 552 2179 605 terram,
2229 559 2353 614 quae
2405 544 2613 598 dudum
2666 545 3016 598 Nortmannis
3071 544 3344 599 ad‘ﬁdem
3373 546 3570 600 Christi

1958 632 2333 697 venientibus,
2368 638 2426 685 ut
2455 632 2598 684 hanc
2625 630 2786 685 fidem
2818 633 3062 687 colerent
3089 639 3143 686 et
3187 648 3376 703 pacem
3400 633 3574 687 habe-

1960 731 2100 787 rent,
2132 720 2306 774 fuerat
2348 721 2474 774 data
2551 721 2762 775 Partem
2822 737 3041 791 quoque
3091 721 3263 791 ipsius
3293 731 3450 777 terrae
3480 738 3573 777 rex

1958 829 2083 866 cum
2115 813 2356 878 Francis,
2410 813 2542 883 quia
2571 812 2674 882 ipsi
2733 813 2795 846 ¹¹¹
2837 813 3158 867 Nortmanni
3191 829 3379 882 pacem
3407 831 3571 886 quam

1959 901 2304 973 pepigerant,
2341 907 2566 971 prOpter
2591 901 2987 970 promissiones
3041 901 3238 966 Karoli,
3272 903 3364 972 qui
3395 903 3478 957 eis
3496 904 3573 956 la-

1961 989 2251 1044 titudinem
2283 998 2441 1043 teme
2473 989 2758 1059 pollicitus
2812 990 3009 1057 fuerat,
3040 991 3319 1065 infregere
3352 995 3437 1060 ‘2’,
3468 1011 3576 1048 cae-

1958 1077 2124 1132 dibus
2153 1086 2207 1132 et
2239 1079 2365 1152 igne
2395 1078 2659 1132 devastat.
2723 1078 2814 1132 His
2871 1095 3000 1134 vero
3034 1081 3198 1135 rebus
3225 1083 3292 1116 “3
3327 1099 3453 1138 cum
3487 1083 3576 1136 ln-

1961 1179 2170 1228 tentum
2205 1173 2370 1246 legati
2401 1173 2608 1226 adeunt
2643 1173 3108 1242 Lothariensium,
3147 1192 3207 1230 se
3235 1193 3444 1248 suaque
3474 1177 3577 1246 ipsi

1956 1266 2195 1320 subdere
2225 1266 2642 1336 spondentium.
2677 1265 2923 1328 Quorum
2967 1266 3246 1339 legatione
3291 1275 3578 1323 revocatus

1957 1359 2025 1412 ab
2083 1358 2186 1412 hac
2243 1358 2638 1424 devastationc,
2699 1375 2824 1413 cum
2875 1359 3168 1430 primatum
3229 1361 3325 1431 qui
3391 1376 3578 1416 secum

1959 1454 2189 1508 aderant
2215 1454 2448 1509 consilio
2507 1454 2957 1510 Lothariensibus
2995 1455 3211 1510 obviam
3235 1457 3436 1528 pergit,
3472 1457 3580 1510 Hu-

1961 1561 2104 1620 gone
2136 1553 2189 1600 et
2216 1546 2502 1600 Heriberto
2558 1546 2852 1600 comitibus
2908 1547 2976 1600 ad
3031 1547 3349 1616 praesidium
3391 1547 3580 1618 patriae

1965 1642 2115 1688 trans
2148 1635 2348 1688 lsaram
2383 1634 2606 1688 relictis.
2659 1633 3046 1689 Lotharienses
3075 1635 3154 1688 illi
3185 1635 3400 1690 obviam
3427 1637 3581 1703 juxta

1965 1725 2267 1780 Mosomum
2320 1726 2575 1790 veniunt,
2609 1731 2663 1780 et
2714 1741 2850 1780 uxor
2904 1727 3078 1796 ipsius
3111 1727 3337 1781 nomine
3373 1726 3582 1790 Emma,

1895 1784 1940 1849 Β
1967 1817 2113 1889 regis
2137 1816 2382 1872 Rotberti
2431 1784 2573 1883 tilia,
2619 1817 2807 1872 Remis
2837 1784 3058 1872 interim
3090 1817 3158 1872 ab
3187 1817 3373 1872 Seulfo
3404 1784 3582 1871 archi;

1967 1908 2199 1979 praesule
2230 1917 2587 1963 consecratur
2610 1908 2825 1982 regina.
2845 1907 3112 1963 Rodulfus
3141 1924 3172 1962 a
3195 1907 3448 1978 plurimis
3477 1906 3583 1960 Lo-

1964 2000 2326 2062 thariensium
2359 2007 2648 2070 susceptus
2679 2000 2737 2053 in
2769 2015 2959 2072 regno,
2982 2000 3186 2070 petitur
3217 2016 3248 2054 a
3279 1997 3581 2071 Wigerico.

1964 2088 2288 2143 Metensium
2319 2090 2384 2122 m
2412 2089 2698 2159 episcopo,
2754 2097 3037 2160 receptum
3079 2089 3157 2143 ire
3189 2088 3466 2160 quoddam
3492 2103 3586 2142 ca-

1962 2184 2133 2231 strum
2161 2177 2216 2230 in
2277 2193 2476 2248 pagum
2531 2176 2810 2231 Elisatium
2853 2177 3076 2232 nomine
3126 2177 3423 2231 Zabrenam
3453 2176 3582 2246 (50).

1966 2265 2066 2319 ilbi
2089 2273 2200 2320 toto
2223 2282 2363 2336 pene
2393 2266 2711 2321 demoratus
2729 2272 2997 2320 autumno
3043 2267 3132 2334 “5,
3156 2265 3470 2320 castellanis
3494 2265 3581 2331 ηδ,

1966 2358 2095 2428 quia
2132 2358 2608 2412 Transrhenenses
2663 2364 2840 2423 erant,
2894 2357 3158 2411 auxilium
3205 2357 3272 2410 ab
3331 2355 3585 2410 Heinrico

1968 2449 2171 2503 frustra
2197 2449 2639 2518 expectantibus,
2696 2449 2915 2503 tandem
2963 2449 3258 2504 obsidibus
3287 2449 3355 2502 ab
3385 2448 3466 2502 eis
3495 2463 3588 2501 ac-

1971 2543 2162 2612 ceptis,
2220 2542 2542 2597 Laudunum
2599 2544 2666 2597 ad
2721 2558 2947 2597 uxorem
3001 2559 3100 2597 sua
3148 2541 3460 2596 revertitur.
3497 2541 3584 2593 ln-

1945 2640 2119 2688 ‘terea
2149 2635 2499 2689 Nortmannis
2543 2634 2810 2705 quosdam
2839 2650 3012 2708 pagos
3042 2641 3258 2688 nostros
3287 2639 3436 2686 trans
3474 2633 3589 2685 Isa-

1971 2743 2109 2792 ram,
2143 2733 2196 2780 et
2251 2726 2586 2781 nostratibus
2641 2741 2829 2780 eorum
2885 2733 3084 2779 terram
3113 2723 3585 2795 depraedantibus,

1971 2817 2180 2871 crebris
2210 2816 2521 2870 alternatim
2555 2816 2780 2872 directis
2820 2815 3213 2890 legationibus,
3263 2831 3453 2885 pacem
3485 2815 3590 2867 He-

1974 2906 2177 2960 riberto
2209 2905 2397 2960 comiti
2429 2913 2484 2959 et
2537 2905 2722 2960 Seulfo
2753 2905 3201 2976 farchiepiSCOpo
3233 2903 3586 2974 pollicentur,

1973 2995 2280 3066 ceterisque
2312 2995 2534 3049 Francis
2563 2995 2658 3065 qui
2689 3011 2810 3049 cum
2841 2995 2973 3065 ipsis
3004 3002 3194 3049 contra
3226 2994 3593 3048 Nortmannos

1973 3086 2260 3152 sedebant,
2281 3086 2327 3139 si
2357 3092 2540 3140 tamen
2569 3086 2651 3140 eis
2707 3093 2848 3140 terra
2911 3086 3154 3149 daretur,
3187 3101 3348 3156 quam
3375 3083 3594 3154 spacio-

249 3176 421 3243 Cujus
445 3175 640 3228 castris
659 3174 1120 3245 supervenientes
1147 3172 1343 3227 fideles
1368 3172 1634 3227 lieriberti
1658 3172 1752 3242 qui
1771 3187 1864 3240 per
1898 3155 1945 3222 C
1968 3194 2081 3232 sam
2105 3177 2366 3248 petebant
2397 3177 2537 3231 ultra
2569 3177 2901 3250 Sequanam,
2939 3175 3172 3231 Rodulfo
3204 3155 3416 3230 interea
3440 3191 3591 3248 rege,

250 3266 483 3322 castella
513 3272 908 3332 remanserant,
926 3266 1201 3335 adjunctis
1216 3266 1320 3320 sibi
1352 3264 1586 3319 Rodulfo
1616 3263 1869 3336 privigno
1971 3276 2031 3323 ut
2055 3270 2258 3323 dictum
2289 3276 2390 3333 est,
2421 3268 2750 3324 Laudunum
2807 3283 3050 3336 reverso,
3099 3268 3325 3324 obsides
3369 3266 3444 3321 illi
3468 3267 3597 3320 mit-

253 3361 482 3436 Rotgeri
514 3367 566 3415 et
595 3360 944 3434 lngobranno
974 3361 1039 3394 ¹⁰⁵
1061 3361 1373 3428 comitibus,
1408 3361 1646 3430 praedam
1677 3359 1873 3432 ingen-
1975 3366 2116 3426 tunt,
2158 3366 2212 3413 et
2267 3358 2521 3413 inducias
2570 3359 2640 3413 ab
2706 3374 2772 3413 eo
2834 3373 3008 3429 usque
3031 3358 3098 3412 ad
3128 3358 3369 3413 medium
3396 3355 3595 3410 Maium

247 3458 360 3505 tem
394 3451 722 3520 eripuerunt
751 3450 838 3518 ¹⁰⁵,
872 3457 928 3505 et
955 3451 1152 3522 captivi
1210 3450 1360 3504 mille
1419 3449 1624 3503 ibidem
1656 3449 1875 3503 liberati
1978 3450 2275 3520 accipiunt.

247 3549 400 3593 sunt.
435 3539 556 3603 Quo
588 3540 826 3613 cognito,
862 3539 1210 3612 Ragenoldus
1266 3539 1572 3611 exagitatus
1599 3539 1876 3605 furore,in
2049 3540 2187 3593 Dum
2242 3540 2361 3594 haec
2416 3545 2703 3612 geruntur,
2758 3540 3069 3606 Heinricus,
3136 3538 3502 3594 invitantibus
3541 3554 3600 3592 se

249 3649 460 3706 pagum
515 3633 928 3688 Atrabatensem
976 3635 1279 3704 praedatum
1349 3635 1701 3709 progreditur
1735 3653 1749 3701 ;
1787 3633 1874 3688 cui
1978 3634 2286 3689 Gisleberto
2318 3635 2519 3689 comite
2552 3644 2607 3690 et
2635 3635 2894 3708 Rotgario
2935 3635 3283 3690 Trevirorum
3340 3631 3598 3704 praesule,

251 3726 456 3780 obvius
505 3723 682 3779 factus
734 3741 922 3780 comes
973 3726 1310 3793 Adelelmus,
1365 3733 1653 3781 sexcentos
1680 3743 1745 3780 ex
1797 3724 1877 3778 eis
1977 3729 2071 3799 qui
2102 3729 2338 3782 necdum
2388 3744 2447 3782 se
2502 3728 2736 3783 Rodulfo
2785 3727 3168 3792 subdiderant,
3232 3729 3482 3782 Rhenum
3534 3727 3598 3760 “7

253 3815 476 3880 stravit,
513 3815 711 3870 ceteris
738 3814 866 3888 fuga
896 3815 1188 3886 prolapsis.
1225 3815 1350 3870 Cum
1371 3817 1572 3887 quibus
1607 3814 1878 3888 Ragenol-
1981 3815 2351 3869 transmisisse
2390 3831 2740 3888 regnumque
2775 3815 3012 3870 Lotharii
3042 3815 3350 3885 depraedari
3383 3815 3600 3868 nuntia-

255 3907 362 3961 dus
402 3907 473 3960 ad
491 3907 862 3962 munitionum
895 3922 1120 3962 suorum
1154 3914 1412 3977 properat
1452 3905 1682 3978 refugia,
1718 3906 1881 3959 inde-
1982 3915 2070 3960 tur
2100 3906 2186 3961 “3.
2220 3906 2594 3976 DepOpulatus
2646 3914 2730 3961 est
2785 3914 2968 3960 autem
2999 3907 3147 3976 quod
3181 3907 3326 3960 inter
3351 3906 3601 3959 Rhenum

257 4012 370 4068 que
399 4002 636 4067 quantas
673 4003 852 4066 potest
884 4012 1142 4052 exercere
1169 4011 1280 4051 non
1321 3995 1523 4050 desinit
1590 3996 1801 4065 prmdas
1829 4002 1882 4049 et
1983 4009 2038 4056 et
2065 4001 2344 4055 Mosellam
2375 4001 2680 4069 interjacet,
2715 4017 2944 4074 gregum
2994 4008 3480 4071 armentorumque
3512 4000 3605 4054 ab-

260 4084 573 4139 latrocinia.
609 4084 818 4149 Quibus
869 4085 1199 4156 urgentibus
1228 4085 1429 4147 causis,
1474 4100 1567 4138 rex
1595 4083 1884 4138 1°5Rodul-
1987 4089 2248 4144 ductione
2279 4089 2345 4122 “9
2376 4105 2439 4143 ac
2469 4096 2778 4144 ceterarum
2807 4105 2973 4159 opum
3007 4089 3295 4155 exhaustu,
3327 4104 3452 4142 cum
3484 4087 3605 4158 plu-

264 4175 352 4229 fus
386 4175 456 4228 ab
487 4174 551 4207 ¹⁰⁷
585 4173 809 4249 Hugone
855 4173 968 4230 filio
998 4175 1242 4230 Rotberti
1287 4174 1514 4240 accitus,
1537 4174 1606 4228 de
1636 4175 1888 4246 Burgun-
1989 4179 2255 4234 rimorum
2289 4193 2510 4250 quoque
2534 4177 2844 4246 iuventutis
2875 4179 3209 4250 captivitate.
3248 4177 3483 4248 Quique,
3517 4192 3609 4230 au-

262 4268 358 4322 dia
388 4267 542 4322 venit
563 4267 630 4321 ad
680 4267 1076 4338 Compendium
1119 4268 1184 4301 ¹⁰⁸
1217 4284 1386 4338 super
1426 4268 1624 4322 lsaram
1660 4285 1674 4333 ;
1707 4276 1761 4321 et
1785 4283 1888 4320 au-
1989 4271 2106 4326 dito
2135 4271 2282 4343 quod
2308 4271 3097 4344 Rodulfusiexercitummnon
3112 4270 3279 4324 modo
3306 4286 3335 4323 c
3358 4269 3602 4330 Francia,

264 4357 386 4411 dito
417 4357 567 4428 quod
601 4356 920 4411 Nortmanni
948 4357 1014 4391 ¹⁰⁹
1046 4373 1244 4432 pagum
1261 4357 1647 4412 Belvacensem
1682 4358 1890 4428 deprze-
1990 4364 2124 4434 quin
2143 4380 2212 4418 ex
2239 4364 2388 4419 omni
2422 4371 2682 4437 congerat
2732 4365 2794 4397 ¹²¹
2831 4363 3172 4436 Burgundia,
3210 4362 3264 4415 in
3295 4377 3395 4416 suo
3428 4377 3486 4415 se
3517 4377 3610 4414 re-

266 4451 568 4517 dabantur,
603 4451 697 4506 illo
747 4452 964 4506 transiit
991 4468 1116 4507 cum
1171 4452 1357 4507 Seulfo
1390 4452 1807 4523 archiepiscopo
1838 4460 1892 4506 et
1923 4523 1959 4528 _
1993 4470 2104 4528 gno
2137 4456 2366 4525 recepit,
2395 4455 2539 4510 datis
2571 4455 2810 4509 induciis
2840 4454 3290 4510 Lothariensibus
3306 4469 3483 4524 usque
3517 4453 3615 4506 Ka-

267 4541 568 4598 Heriberto
591 4542 792 4599 comite
823 4543 1058 4615 aliisque
1084 4543 1417 4615 quibusdam
1460 4553 1514 4598 ct
1544 4544 1736 4599 electis
1767 4544 1898 4598 viris
1921 4523 1975 4590 D
1996 4523 2188 4602 lendas
2219 4523 2469 4602 octobris
2485 4547 2615 4602 anni
2637 4546 2926 4618 sequentis
2958 4547 3043 4600 1”.
3065 4545 3186 4602 Otto
3211 4546 3278 4580 ²²³
3310 4523 3516 4600 tantum
3546 4561 3614 4600 ex

1636 4669 1854 4724 VARI/li
1877 4670 2252 4738 LECTIONES,

347 4768 397 4804 '3
431 4769 573 4845 in_2.
601 4770 647 4803 θλ
675 4770 914 4845 dehin1.
935 4770 996 4845 _°5
1029 4771 1287 4845 comitem
1355 4775 1407 4845 1.
1435 4772 1482 4806 96
1527 4771 1587 4826 R.
1643 4771 1924 4826 Richardii
1953 4772 2238 4829 Justitiarii
2291 4771 2428 4828 filio.
2461 4776 2612 4841 Hugo
2646 4774 2712 4836 V,
2743 4773 3003 4827 Richardi
3044 4773 3112 4845 R7.
3139 4772 3325 4845 magni
3349 4770 3618 4845 principis

270 4841 413 4914 ﬁlio;
447 4842 606 4908 Hugo
630 4844 712 4914 Et.
748 4843 831 4914 7°77
862 4843 1017 4898 ocius
1054 4843 1107 4897 εὶ.
1141 4844 1194 4909 3,
1225 4844 1270 4876 9⁸
1302 4843 1371 4896 ad
1403 4859 1462 4896 se
1508 4860 1558 4909 v,
1589 4859 1930 4898 normannos
1978 4845 2012 4896 2
2043 4845 2111 4898 ad
2148 4861 2194 4900 s.
2227 4861 2276 4900 v.
2310 4863 2365 4898 n.
2401 4845 2453 4898 3.
2487 4847 2531 4879 99
2575 4845 2743 4899 medii
2766 4845 2937 4898 medii
2967 4845 3018 4898 1.
3063 4844 3129 4877 ¹⁰⁰
3176 4841 3439 4914 Tuncque
3474 4841 3616 4908 2,73,

274 4914 340 4946 ¹⁰¹
370 4913 539 4976 deest,
573 4915 604 4968 ‘2
631 4913 682 4968 3.
721 4913 785 4946 ¹⁰²
815 4913 866 4968 S.
901 4914 957 4967 in
1013 4914 1354 4968 monasterio
1414 4915 1587 4967 sancti
1626 4915 1862 4968 )ledardi
1915 4931 1962 4969 c.
1993 4917 2227 4969 Pithazus
2284 4920 2557 4970 asteriscis
2589 4921 2795 4970 notata.
2824 4918 2931 4972 Nec
2961 4916 3110 4982 apud
3140 4913 3424 4972 Riche-rum
3452 4929 3622 4984 neque

275 4984 432 5059 apud
460 4985 737 5059 Hugonem
773 4987 824 5059 Υ
848 4986 1135 5059 [tacentur
1193 4983 1258 5018 ¹⁰³
1293 4986 1585 5059 praedatur
1614 4986 1666 5059 2.
1701 4984 1751 5040 3.
1787 4986 2250 5059 f°"_ingrobanno
2305 4988 2356 5042 2.
2415 4988 2481 5021 ¹⁰⁵
2509 4987 2818 5059 eripierunt
2875 4990 2925 5049 i,
2985 4986 3052 5020 ¹⁰⁶
3105 4990 3167 5059 Β.
3230 5003 3275 5050 r,
3308 4987 3360 5059 2.
3394 4985 3461 5059 Ψ
3489 4983 3533 5038 α
3565 4985 3614 5039 1.

280 5056 348 5086 ¹⁰⁸
381 5055 730 5131 compendia
778 5057 833 5109 1.
902 5057 967 5090 ¹⁰⁹
1036 5055 1370 5111 normand’ni
1397 5057 1450 5109 2.
1516 5057 1579 5090 “0
1615 5058 1717 5131 ‘lta
1773 5058 1825 5110 2.
1861 5055 2080 5131 3a.?“
2110 5058 2318 5131 ipsius
2349 5061 2420 5131 _1.
2469 5059 2541 5131 ν¹¹²
2598 5055 2914 5131 infringere
2962 5059 3012 5111 1.
3081 5058 3146 5091 “3
3176 5073 3224 5131 c.
3257 5057 3360 5110 r.2.
3389 5057 3453 5089 ¹¹⁴
3484 5061 3623 5131 met:

281 5125 521 5200 tensium
577 5126 629 5181 2.
666 5128 733 5200 Δ¹¹⁵
793 5135 1077 5200 auttumno
1117 5144 1254 5200 corr.
1301 5135 1563 5200 autumno
1607 5128 1655 5180 1.
1691 5137 1938 5182 autunno
1993 5129 2046 5181 2.
2105 5125 2177 5162 “5—
2226 5128 2509 5184 catellanis
2567 5131 2660 5200 qui
2691 5132 2723 5182 3
2755 5125 2805 5182 a'.
2852 5129 2915 5200 ¹¹ξ¹
2969 5144 3161 5182 renum
3199 5129 3253 5181 3.
3301 5127 3624 5200 sempertm

283 5197 618 5324 [ἐξιῐέῐὶεὲῐιιξιὲ
650 5197 837 5324 δίῗὲΞῦ
872 5199 1160 5253 nuntiatur
1203 5199 1276 5268 1.)
1326 5199 1379 5253 2.
1444 5199 1766 5253 nuntiantur
1803 5201 1854 5252 3.
1890 5201 1954 5233 1“
1990 5200 2325 5255 adductione
2377 5202 2432 5255 2.
2468 5200 2535 5234 ¹²⁰
2581 5197 2856 5256 exercitus
2885 5199 2937 5256 3.
2974 5200 3035 5233 ¹²¹
3073 5205 3296 5272 cogeret
3323 5199 3378 5252 2.
3411 5198 3463 5252 3.
3491 5197 3622 5250 ms.

331 5309 344 5320 .
372 5305 428 5321 m
461 5305 518 5324 ω
650 5305 786 5324 ww
807 5305 859 5332 υ,
1863 5341 2072 5396 NOTAE.

360 5437 466 5515 (δεῖ
515 5437 666 5515 tinge
720 5438 867 5515 Flav.
911 5440 999 5515 ita
1055 5440 1236 5515 pergit
1270 5456 1282 5492 :
1313 5441 1544 5515 Et_Boso
1588 5443 1766 5515 frater
1792 5439 1908 5508 ejus
2079 5441 2736 5515 (18)Ch¢ueau-Thierry.

289 5523 391 5561 rex
424 5508 966 5584 Galliceisuperioris,
991 5508 1112 5582 quia
1132 5508 1340 5566 comata
1357 5512 1581 5581 dicitur,
1595 5513 1912 5584 constitutus
2025 5582 2037 5584 A
2086 5508 2195 5580 (49⁷)
2222 5515 2378 5581 Epte,
2408 5514 2594 5567 medio
2622 5508 2800 5584 spatio
2820 5511 2964 5566 inter
2980 5509 3216 5566 Parisios
3243 5515 3296 5563 et
3323 5508 3629 5563 Rodomum

287 5584 387 5654 est,
421 5581 485 5633 id
510 5586 588 5654 est
609 5583 940 5648 Burgundios
968 5581 1286 5654 superioris,
1313 5588 1362 5638 et
1391 5585 1550 5650 Hugo
1583 5584 1778 5651 Capeto
1803 5583 1916 5637 dux
2015 5582 2326 5654 Sequanam
2358 5584 2616 5638 illabens.

290 5651 634 5719 Burgundios
659 5655 963 5720 inferioris.
1029 5651 1050 5654 ”
2043 5673 2052 5678 ·
2089 5651 2193 5721 (50)
2228 5656 2456 5709 Zabern.

368 5722 474 5791 (ιτ)
508 5723 942 5790 Saint-Quentin.
