3960 6160
1795 218 1848 272 Ai

1956 217 2109 273 tLES.
3509 237 3615 292 ιθι

275 213 383 271 433

274 349 633 419 opprimitur,
662 359 718 406 et
756 365 899 421 pene
935 350 1260 422 desperatus
1312 367 1344 405 a
1391 351 1675 442 pluribus,
1711 352 1902 442 Remis
1924 363 1976 431 Α
2081 427 2116 442 μ
2166 435 2177 442 _
2363 438 2371 442 _
2485 431 2516 442 κ
2601 432 2610 442 _

272 437 342 491 ad
370 445 621 492 sanctum
647 439 957 512 Remigium
979 455 1038 494 se
1069 438 1284 494 deferre
1313 440 1473 510 petiit
1498 441 1583 494 mo
1621 440 1721 497 Ubi
1757 439 1900 498 noﬁ-
1924 427 1976 431 ”“
2000 427 2434 503 redintegrante,
2483 431 2818 506 Raginoldus
2849 437 2916 470 ¹⁹²
2947 453 3071 493 cum
3102 439 3217 494 suis
3260 441 3614 502 Nortmannis

274 529 427 583 nulla
451 530 518 562 ¹⁷²
549 530 695 585 dona
723 530 974 603 largitus,
1016 537 1287 596 ceterum,
1323 537 1523 601 praeter
1552 532 1737 586 uxoris
1766 550 1848 604 pai

2001 521 2370 595 Burgundiam
2398 523 2839 596 depopulabatur
2869 529 2956 586 ηδ.
2988 529 3118 586 Cum
3151 549 3262 604 quo
3292 534 3612 600 Warnerius

268 630 408 690 tem,
451 624 699 695 quicquit
750 624 818 658 na
845 624 955 679 sibi
1012 625 1395 680 thesaurorum
1426 633 1748 696 supererat,
1799 645 1899 698 per
1998 621 2052 668 et
2102 613 2379 670 Manasses
2423 617 2674 681 comites,
2734 619 3034 695 Ansegisus
3086 629 3143 678 et
3193 625 3505 686 Gotselinus
3545 631 3612 667 ¹⁹⁸

266 717 603 770 monasteria
637 716 877 770 Francia:
906 716 1346 790 Burgundiaéque
1386 716 1621 784 direxit;
1655 725 1708 772 et
1737 735 1842 790 qua

1997 705 2285 775 praesules,
2315 708 2597 782 congressi
2629 709 2776 780 apud
2807 720 3051 767 montem
3085 713 3299 772 Calaum
3328 718 3416 786 ηδ,
3448 721 3611 778 Nort-

2629 361 2984 420 DCCCCXXV.

262 811 392 861 tuor
420 807 825 863 ebdomadibus
847 808 997 877 apud
1027 813 1277 862 sanctum
1302 807 1610 882 Remigium
1639 809 1892 866 dcmora-
1993 812 2322 853 mannomm
2352 800 2642 871 Nusquam
2671 802 3022 876 οοίίηὲθυίοε
3049 814 3320 866 smmum-
3369 811 3608 869 wame"

263 903 372 964 tus,
407 899 635 954 tandem
669 900 1044 973 redintegrata
1075 899 1331 965 sanitate,
1376 900 1760 956 Suessonicam
1795 919 1894 974 pe-

261 985 345 1039 tiit
371 986 572 1042 urbem
598 989 682 1054 ‘7‘,
717 988 958 1058 indeque
990 988 1295 1062 regreditur
1323 988 1377 1042 in
1400 989 1466 1022 ηδ
1493 990 1886 1060 Burgundiam.

261 1077 556 1134 Heinricus
587 1096 742 1152 teque
775 1081 827 1134 in
852 1081 984 1152 ipsis
1013 1080 1380 1135 Sarmatarum
1415 1082 1482 1116 ¹⁷⁸
1511 1081 1715 1138 ﬁnibus
1742 1086 1887 1139 vale-

257 1171 457 1226 tudine
498 1173 748 1242 corporis
792 1181 904 1228 tota
952 1174 1232 1229 detinetur
1260 1181 1468 1229 testate.
1502 1176 1722 1231 Interim
1754 1193 1888 1232 con-

255 1259 434 1314 tentio
481 1261 547 1294 ‘77
590 1262 734 1315 inter
773 1261 1136 1316 Gislebertum
1167 1270 1221 1318 et
1261 1263 1605 1336 Ragenerum
1638 1266 1724 1334 "3,
1767 1267 1881 1321 fra-

253 1357 398 1404 trem
431 1351 574 1418 ejus,
605 1365 707 1404 nec
735 1350 916 1404 minor
943 1350 1087 1405 inter
1114 1352 1380 1406 Bosonem
1410 1361 1463 1406 et
1493 1353 1762 1409 Othonem
1794 1357 1878 1423 179,

252 1440 525 1506 caedibus,
550 1440 821 1494 incendiis
843 1457 906 1495 ac
928 1441 1437 1512 deprzedationibus
1465 1444 1756 1516 utrobique
1781 1463 1882 1517 pa-

249 1540 446 1587 tratur.
501 1532 820 1588 Nortmanni
871 1549 994 1588 cum
1053 1534 1272 1589 Francis
1317 1551 1505 1605 pacem
1549 1535 1744 1592 ineunt
1787 1555 1878 1593 sa-

247 1622 550 1676 cramentis
591 1638 688 1692 per
718 1623 999 1697 liugonem
1039 1622 1105 1656 ί³⁰
1144 1629 1198 1676 et
1237 1623 1580 1678 Heribertum
1622 1627 1872 1693 comites,

248 1713 502 1767 Seulfum
553 1729 775 1785 quoque
830 1713 1344 1784 archiepiscOpum;
1379 1716 1604 1770 absente
1638 1717 1698 1752 ¹⁸¹
1744 1734 1872 1808 rege
1898 1742 1948 1808 Β

244 1801 512 1867 Rodulfo,
542 1803 662 1870 ejus
703 1808 886 1858 tamen
927 1817 1220 1866 consensu,
1256 1811 1398 1858 terra
1431 1804 1536 1858 illis
1568 1816 1745 1871 aucta,
1789 1807 1874 1861 Ci-

244 1895 546 1948 nomannis
577 1901 628 1948 et
660 1893 868 1961 Bajocaa
904 1902 1064 1964 pacto
1105 1895 1256 1964 pacis
1285 1896 1365 1949 eis
1395 1912 1692 1952 concessze.
1723 1900 1872 1955 Isaac

239 2003 469 2058 quoque
493 2003 682 2043 comes
705 1989 982 2060 quoddam
1011 1989 1297 2044 castellum
1328 1991 1590 2062 Stephani
1615 1992 1870 2050 Camara-

235 2083 425 2135 censis
452 2081 699 2153 episc0pi
731 2082 921 2144 dolosa
968 2083 1324 2139 infestatione
1364 2087 1864 2155 comprehendens,

228 2172 504 2225 incendit.
539 2171 783 2225 Praesidii
830 2171 990 2226 etiam
1040 2171 1308 2226 Heriberti
1356 2175 1520 2228 turris
1560 2192 1727 2246 super
1758 2177 1867 2232 Ma-

225 2266 445 2312 ternam
473 2258 698 2312 ﬂuvium
724 2259 819 2313 ubi
853 2259 1078 2314 Karolus
1099 2260 1536 2328 custodiebatur,
1569 2263 1862 2321 subitaneo

223 2350 592 2421 conﬂagravit
619 2350 898 2406 incendio.
933 2351 1363 2426 Raginoldus182
1395 2370 1519 2408 cum
1552 2357 1666 2410 suis
1699 2359 1861 2414 Nort-

220 2443 470 2508 mannis,
505 2444 634 2514 quia
687 2443 940 2498 nondum
1000 2445 1408 2514 possessionem
1463 2447 1605 2502 intra
1656 2449 1855 2504 Gallias

218 2542 539 2606 acceperat,
590 2544 788 2589 terram
821 2536 1061 2610 Hugonis
1115 2537 1256 2591 inter
1288 2537 1525 2612 Ligerim
1560 2547 1614 2594 et
1645 2541 1858 2613 Sequa-

223 2644 354 2681 nam
398 2627 793 2697 depopulatur.
838 2628 1093 2698 Synodus
1132 2629 1518 2701 episcoporum
1568 2631 1856 2690 Remensis

221 2719 523 2774 dioceseos
562 2720 707 2790 apud
760 2720 1064 2776 Trosleium
1121 2721 1341 2776 Octobri
1394 2740 1583 2780 mense
1643 2726 1850 2795 habita,

1993 887 2107 941 rius
2121 902 2308 942 comes
2327 887 2426 954 ibi,
2450 904 2594 960 equo
2626 890 2694 925 ¹⁰⁶
2723 891 2810 946 cui
2829 893 3065 949 sedebat
3083 896 3291 965 occiso,
3311 908 3505 970 captus
3553 911 3611 962 et

1993 977 2356 1050 interemptus
2401 988 2505 1048 est,
2537 989 2593 1036 et
2638 983 2939 1058 Ansegisus
2974 985 3277 1054 Trecasina:
3337 992 3402 1026 “'7
3457 994 3609 1051 urbis

1990 1067 2287 1137 epiSCOpus
2308 1069 2626 1125 vulneratus
2648 1072 2734 1125 ¹⁹⁸.
2756 1072 2870 1137 Quo
2893 1074 3162 1131 Rodulfus
3183 1093 3276 1132 rex
3297 1089 3606 1152 comperto,

1989 1152 2045 1206 in
2067 1154 2439 1230 Burgundiam
2471 1175 2591 1214 cum
2618 1160 2949 1232 quibusdam
2980 1179 3047 1218 ex
3075 1165 3304 1222 Francia
3332 1168 3606 1228 militibus

1985 1242 2196 1300 scilicet
2241 1247 2534 1302 Remensis
2584 1249 2848 1306 zecclesim
2878 1260 2935 1307 et
2960 1254 3188 1312 Abbone
3217 1257 3283 1292 “9
3338 1257 3604 1317 Suessio-

1983 1335 2144 1390 nensi
2176 1335 2462 1408 episcopo,
2494 1339 2687 1408 paucis
2727 1340 2891 1396 etiam
2922 1343 3046 1402 aliis
3071 1360 3258 1402 secum
3289 1350 3605 1408 comitanti-

1980 1427 2108 1494 bus,
2139 1427 2522 1498 proficiscitur,
2557 1431 2845 1488 Heriberto
2875 1451 3098 1508 quoque
3146 1440 3347 1497 comite
3377 1457 3436 1500 se
3469 1461 3601 1515 pro-

1980 1525 2269 1587 sequente.
2305 1518 2658 1590 Collectaque
2703 1536 2769 1576 ex
2808 1523 3126 1597 Burgundia
3164 1528 3400 1586 militum
3432 1549 3600 1596 manu

1976 1627 2089 1666 non
2144 1628 2338 1682 pauca,
2369 1613 2522 1668 venit
2567 1629 2746 1686 usque
2786 1615 2854 1669 ad
2911 1626 3088 1673 castra
3134 1619 3600 1683 Nortmannorum

1976 1718 2144 1772 super
2175 1704 2484 1774 Sequanam
2518 1721 2533 1770 ;
2587 1705 2780 1778 ibique
2814 1707 2882 1763 ab
2915 1708 3002 1765 his
3044 1710 3114 1744 ²⁰⁰
3151 1713 3245 1784 qui
3273 1729 3339 1768 ex
3369 1715 3599 1776 Francia

1975 1802 2331 1862 perrexerant
2376 1796 2615 1866 pedestri
2650 1815 2835 1874 pugna
2875 1809 3138 1858 certatum
3171 1803 3242 1860 ad
3271 1812 3466 1863 castra.
3501 1808 3597 1864 Vi-

1973 1881 2169 1936 dentes
2191 1899 2342 1951 vero,
2371 1884 2521 1956 quod
2553 1885 2630 1940 illi
2649 1887 2744 1958 qui
2778 1898 2936 1944 erant
2966 1907 3089 1946 cum
3118 1908 3272 1968 rege,
3300 1912 3427 1966 pars
3448 1898 3595 1955 scili-

1971 1978 2059 2025 cet
2089 1972 2364 2027 exercitus
2412 1974 2672 2043 maxima,
2714 1992 2896 2049 neque
2955 1987 3132 2036 castra
3180 1982 3439 2040 invadere
3488 2003 3591 2043 nc-

1969 2076 2076 2132 que
2104 2056 2174 2096 ²⁰ῖ
2198 2064 2357 2134 equis
2377 2063 2602 2120 desilire
2632 2073 2988 2139 temptarent,
3011 2072 3385 2144 compulsisin
3411 2085 3594 2145 castra

1967 2157 2319 2212 Nortmannis
2369 2159 2464 2230 qui
2522 2159 2738 2216 fuerant
2794 2164 2864 2197 ²⁰²
2917 2165 2986 2220 ad
3043 2171 3463 2242 repugnandum
3520 2173 3589 2209 ²⁰³

1965 2248 2195 2320 egressi,
2229 2248 2562 2319 quibusdam
2608 2252 2676 2286 ²⁰⁴
2707 2268 2932 2325 quoque
2970 2259 3276 2327 prostratis,
3309 2277 3340 2316 a
3369 2272 3584 2319 castro-

1964 2357 2083 2394 rum
2141 2341 2469 2412 pervasione
2518 2342 2833 2411 discedunt,
2881 2354 3166 2420 castraque
3225 2351 3444 2410 duobus
3494 2357 3584 2421 vel;

1964 2431 2137 2486 tribus
2166 2431 2394 2486 milibus
2427 2449 2458 2487 a
2486 2433 2948 2492 Nortmannorum
2986 2441 3181 2496 castris
3219 2450 3496 2509 metantur
3526 2447 3588 2512 in,

1959 2524 2161 2598 girum,
2196 2525 2420 2600 Hugone
2470 2527 2716 2584 Rotberti
2749 2529 2863 2586 ﬁlio
2918 2540 3141 2599 econtra
3172 2552 3338 2608 supra
3383 2541 3452 2576 ²⁰⁸
3481 2542 3582 2598 Se—

1957 2636 2196 2691 quanam
2228 2621 2330 2677 hac
2349 2638 2414 2676 ex
2442 2629 2597 2694 parte
2628 2629 2803 2680 castra
2833 2633 3055 2692 metato.
3086 2630 3188 2686 Ubi
3211 2633 3576 2708 propinquio-

1955 2727 2067 2766 rem
2093 2719 2391 2768 castrorum
2417 2715 2770 2771 obsidionem
2795 2720 3328 2788 procrastinantibus
3352 2726 3578 2786 Francis

222 2812 419 2867 Seulfo
446 2813 865 2883 archiepisc0po
888 2814 1241 2884 pnesidente,
1266 2815 1319 2868 in
1352 2832 1461 2886 qua
1494 2818 1645 2872 Isaac
1665 2834 1851 2874 comes
1951 2803 2004 2852 et
2031 2799 2100 2854 de
2151 2799 2242 2855 die
2273 2818 2330 2855 ³η
2363 2800 2940 2906 diem‘d'ﬂ‘erenjfbus
2971 2808 3060 2906 ²ξ³⁶ν
3097 2826 3265 2906 ηεξνθε
3294 2829 3326 2867 ὃ
3364 2814 3576 2884 Ρεΐὶξὶο

217 2901 284 2954 ad
344 2902 800 2957 emendationem
832 2910 886 2957 et
938 2904 1364 2959 satisfactionem
1399 2906 1570 2973 venit,
1613 2923 1712 2977 pro
1767 2909 1848 2964 his

1956 2899 2209 2948 venturas
2235 2895 2600 2964 expectando,
2639 2897 2930 2968 eruptione
2959 2900 3100 2956 clam
3131 2903 3292 2972 facta,
3320 2923 3573 2978 quorun-

212 3007 342 3062 (μηδ
385 3007 557 3062 prave
587 2992 851 3047 adversus
890 2994 1181 3048 ecclesiam
1225 2995 1676 3052 Cameracensem
1710 3015 1842 3070 per-
1875 3013 1924 3084 C
1949 2983 2072 3040 dam
2108 2993 2419 3041 nostrorum
2450 2988 2619 3043 velnti
2651 2990 2823 3046 fertur
2861 3004 3109 3064 assensu,
3150 2996 3474 3057 Nortmanni
3505 3003 3573 3036 ²⁰⁷

211 3086 558 3149 petraverat,
601 3086 655 3134 et
681 3080 910 3135 vadatus
935 3083 1149 3157 argenti
1180 3083 1336 3138 libris
1368 3084 1435 3118 ¹⁸³
1460 3096 1702 3155 centum,
1736 3105 1842 3159 pa-

210 3179 374 3226 catur
428 3189 557 3227 cum
602 3173 881 3244 Stephano
921 3175 1160 3245 praefata
1189 3175 1342 3230 urbis
1381 3177 1665 3250 episcopo,
1698 3198 1843 3251 prie-

208 3272 374 3319 sente
424 3265 751 3339 [satagente,
780 3268 924 3322 Hist.
965 3267 1134 3338 Rem]
1184 3268 1468 3324 Heriberto
1507 3278 1560 3325 et
1590 3273 1843 3343 pluribus

202 3351 459 3407 Francia;
492 3353 806 3409 comitibus.

280 3440 562 3496 Rodulfus
587 3459 681 3496 rex
707 3442 989 3497 castellum
1024 3444 1228 3498 montis
1256 3448 1430 3501 sancti
1461 3447 1748 3517 Johannis,
1785 3452 1837 3506 id

170 3510 543 3601 'Ragenardo
591 3529 765 3586 invito
815 3531 945 3586 licet
1007 3532 1321 3601 deserente,
1377 3538 1605 3608 recepit,
1647 3540 1838 3611 sicque

201 3623 489 3677 Frantiam
525 3625 725 3695 repetit
760 3626 845 3679 13".
889 3626 1198 3682 Willelmus
1229 3637 1283 3684 et
1311 3630 1464 3704 Hugo
1494 3632 1738 3689 Rotberti
1773 3637 1837 3672 ¹⁸⁵

201 3713 357 3766 titius
405 3728 534 3767 cum
579 3714 898 3790 Ragenoldo
946 3718 1015 3771 de
1051 3734 1149 3772 sua
1191 3725 1335 3774 terra
1363 3723 1709 3780 securitatem
1771 3729 1837 3763 ¹⁸⁶

196 3809 587 3877 paciscuntur,
620 3817 676 3864 et
707 3811 1060 3885 Ragenoldus
1092 3829 1214 3867 cum
1248 3815 1363 3870 suis
1393 3815 1743 3876 Nortmannis
1779 3823 1833 3876 in

195 3898 580 3972 Burgundiam
633 3898 1026 3968 proficiscitur.
1081 3901 1516 3960 llluminationes
1578 3910 1836 3965 candela-

197 4009 325 4045 rum
365 3992 473 4046 hoc
502 4005 648 4045 anno
681 3993 870 4047 multa:
899 4009 998 4064 per
1029 3993 1247 4050 diversa
1277 3997 1509 4052 Frantize
1540 3999 1678 4068 loca,
1713 4011 1832 4058 orto

198 4087 442 4151 repente
467 4079 694 4146 lumine,
728 4080 904 4148 factae,
937 4090 992 4137 et
1011 4083 1256 4139 visiones
1272 4093 1586 4143 sanctorum
1609 4091 1826 4147 cuidam

196 4174 535 4244 presbytero
579 4173 806 4228 nomine
853 4175 1074 4231 Ebrulfo
1103 4175 1158 4230 in
1204 4177 1380 4233 villari
1431 4180 1672 4238 Mosomo
1705 4200 1826 4255 pro-

195 4266 357 4319 ximo
382 4267 756 4320 commanenti
788 4267 852 4301 “'7
883 4275 1120 4323 ostensa:
1150 4269 1236 4325 ¹⁸⁸.
1279 4270 1462 4327 Remis
1490 4273 1547 4328 in
1575 4276 1825 4332 acclesia

191 4364 413 4410 sanctae
443 4354 623 4409 Mariae
653 4356 1059 4428 sollempuitate
1081 4360 1327 4415 omnium
1356 4371 1671 4420 sanctorum
1691 4368 1820 4438 qui—

1946 3093 2046 3132 sua
2077 3087 2254 3134 castra
2282 3080 2620 3152 linquentes,
2653 3090 2709 3138 et
2737 3085 2935 3140 saltum
2966 3089 3245 3160 quendam
3276 3092 3380 3149 iter
3407 3111 3565 3166 suum

1943 3171 2156 3226 tutandi
2187 3172 2363 3247 gratia
2419 3181 2694 3245 petentes,
2753 3179 3033 3248 evadunt;
3084 3192 3398 3254 nostrorum
3436 3205 3566 3246 vero

1943 3264 2150 3336 quique
2182 3267 2573 3339 regrediuntur
2615 3270 2684 3324 ad
2715 3287 2834 3329 sua.
2884 3273 3120 3343 Jejuniis
3151 3277 3336 3351 itaque
3372 3283 3568 3355 coeptis

1942 3359 2532 3434 quadragesimalibus.
2565 3363 2905 3434 Heribertus,
2922 3384 3044 3424 cum
3075 3370 3383 3431 Gisleberto
3405 3375 3566 3435 inde-

1941 3468 2049 3522 que
2089 3468 2211 3506 cum
2269 3454 2497 3529 Hugonc
2554 3456 2788 3525 locutus,
2847 3476 3032 3536 regem
3078 3467 3334 3523 accersiit
3371 3469 3439 3504 ²⁰⁸
3493 3477 3562 3527 ex

1939 3542 2253 3616 Burgundia
2286 3562 2300 3610 ;
2347 3547 2441 3616 qui
2474 3545 2802 3605 festinanter
2840 3551 3165 3622 adveniens,
3210 3557 3562 3623 Camaracum

1940 3636 2388 3694 Lothariensibus
2442 3647 2608 3712 atque
2663 3644 2985 3702 Gislleberto
3039 3649 3408 3718 proﬁciscitur
3453 3656 3558 3711 ob-

1936 3727 2097 3782 viam.
2136 3729 2345 3799 Quique
2395 3730 2499 3785 hoc
2538 3732 2794 3803 placitum
2850 3737 3187 3807 omittentes,
3231 3759 3400 3814 super
3425 3745 3552 3804 Mo-

1934 3837 2050 3876 sam
2082 3822 2150 3876 ad
2180 3839 2306 3877 eum
2337 3825 2587 3894 veniunt,
2637 3827 2835 3899 suique
2867 3828 3204 3888 Gislebertus
3245 3841 3300 3890 et
3329 3836 3450 3893 Otto
3483 3839 3550 3874 ’9’

1934 3913 2266 3968 efficiuntur.

2006 4005 2327 4061 Nortmanni
2344 4007 2413 4062 de
2429 4007 2678 4065 Rodomo
2709 4009 2888 4067 foedus
2909 4011 3058 4083 quod
3076 4013 3205 4070 olim
3224 4016 3552 4094 pepigerant

1930 4092 2320 4175 irrumpentes,
2353 4113 2554 4170 pagum
2595 4099 2981 4156 Belvacensem
3012 4109 3175 4175 atque
3204 4092 3546 4164 Ambiauen-

1926 4171 2040 4237 sem
2089 4184 2515 4255 depOpulantur.
2568 4187 2851 4244 Ambianis
2899 4171 3101 4247 civitas
3129 4193 3271 4250 male
3318 4198 3542 4267 proviso

1926 4274 2362 4350 confugientium
2408 4277 2536 4352 igne
2575 4296 2842 4336 succensa
2871 4290 2991 4348 est;
3043 4284 3125 4340 sic
3155 4292 3210 4341 et
3263 4287 3541 4347 Atrabatis

1924 4365 2106 4421 subito
2128 4376 2316 4423 exorto
2343 4370 2697 4443 conﬂagravit
2719 4374 2998 4430 incendio.
3025 4376 3344 4435 Nortmanni
3363 4398 3538 4455 usque

188 4445 324 4498 dam
377 4444 474 4498 diu
503 4452 836 4512 contractus,
878 4448 1038 4517 cujus
1089 4464 1238 4504 coxa:
1281 4452 1534 4508 cruribus
1577 4454 1814 4510 inhaese-
1842 4454 1986 4522 Dad
2044 4461 2435 4534 Noviomagum
2485 4467 2784 4535 praedatum
2834 4470 3084 4538 veniunt,
3118 4480 3172 4528 et
3221 4476 3539 4534 suburbana

185 4542 319 4588 rant
354 4534 420 4567 ¹⁸⁹
447 4534 650 4601 junctae
681 4535 952 4605 poplitum
996 4536 1063 4570 ¹⁹⁰
1097 4539 1280 4593 nervis
1308 4540 1382 4596 ita
1410 4544 1680 4606 retractis,
1707 4545 1819 4598 vir-

186 4630 309 4677 tute
350 4623 538 4676 divina
566 4625 778 4679 solutus
826 4631 880 4680 et
916 4634 1132 4682 erectus
1184 4629 1246 4663 ¹⁹¹
1279 4637 1380 4686 est.
1433 4632 1674 4708 Hungari
1722 4635 1816 4705 qui

183 4717 451 4773 Gothiam
481 4717 790 4787 vastabant,
815 4728 1023 4791 pestem
1045 4724 1336 4792 quamdam
1360 4729 1632 4798 perpessi,
1668 4730 1816 4801 capi-

1918 4554 2277 4608 succendunt.
2304 4554 2617 4614 Castelliani
2644 4559 2712 4593 ²¹⁰
2741 4576 2863 4615 cum
2888 4563 3224 4621 suburbanis
3250 4571 3540 4643 egredien-

1919 4649 2026 4709 tes,
2072 4644 2436 4702 Nortmannos
2466 4650 2762 4719 repellunt,
2801 4659 3056 4708 sternunt
3091 4671 3230 4727 quos
3260 4669 3534 4732 poterant,

1917 4742 2127 4806 partem
2162 4737 2413 4794 suburbii
2445 4740 2701 4798 liberant.
2728 4743 3056 4813 Bajocenses
3084 4747 3303 4807 interim
3335 4761 3533 4811 terram

180 4816 305 4861 tum
366 4807 654 4863 inﬂatione
712 4825 776 4865 ac
819 4811 1138 4867 dissinteria
1175 4831 1320 4886 pene
1369 4819 1572 4887 cuncti,
1626 4821 1816 4892 paucis
1915 4822 2376 4881 Nortmannorum
2426 4827 2569 4884 ultra
2607 4829 2919 4903 Sequanam
2959 4835 3364 4907 depraedantur.
3416 4843 3533 4912 Quo

183 4893 585 4963 evadentibus,
620 4898 942 4954 nuntiantur
969 4917 1091 4958 esse
1121 4907 1450 4977 consumpti.
1493 4910 1669 4965 Anno.

1915 4924 2198 4987 comperto
2235 4917 2620 4991 Parisiaci.’“,
2662 4930 2716 4979 et
2753 4923 2860 4996 ipsi
2899 4943 3124 5000 quoque
3153 4931 3222 4966 ²¹²
3251 4949 3375 4989 cum
3406 4939 3532 5008 qui-

1553 5009 1770 5064 VARl/E
1798 5011 2176 5070 LECTIONES.

257 5063 331 5097 ¹⁷¹
373 5062 500 5118 fecit
523 5064 576 5117 2.
610 5066 661 5122 3.

181 5141 492 5212 matarum_
521 5135 572 5190 2.
627 5138 722 5212 _"7
753 5145 1090 5212 contemptio
1145 5147 1198 5202 2.

274 5205 567 5288 rainoldus
712 5205 1030 5292 ralienpldus
1067 5217 1121 5271 2.
1162 5205 1495 5292 ragenoldu’s
1538 5222 1590 5274 3.

179 5277 249 5311 πεῖ
280 5278 569 5331 conmanti
624 5281 678 5335 1.
763 5284 829 5317 “8
862 5285 1136 5342 hostensaa
1161 5291 1215 5344 2.

177 5419 249 5500 2f
281 5433 448 5500 aequo
477 5420 531 5482 2,
590 5419 679 5500 Am
701 5427 1023 5500 trecassinae
1050 5429 1104 5500 73.
1188 5419 1254 5467 ιδε
1280 5419 1332 5486 ἦ.
1369 5445 1451 5488 est
1481 5435 1536 5500 2,

173 5576 514 5653 magnorum
552 5565 603 5619 1.
677 5564 746 5600 ²⁰⁸
772 5564 1063 5628 accersivit
1114 5573 1168 5640 2,
1209 5564 1262 5630 3.
1336 5575 1405 5610 ²⁰⁹
1435 5564 1586 5634 οιὴὸ.
1645 5564 2019 5653 suprascripto
2061 5585 2111 5640 1.
2139 5564 2223 5640 '2:

169 5632 243 5664 ²¹²
275 5631 426 5688 deest
462 5634 513 5689 1.

754 5069 820 5103 ‘7’
851 5085 962 5150 non
993 5073 1171 5150 multa
1189 5076 1412 5150 3am,“3
1441 5077 1704 5150 quicquid
1731 5083 1782 5135 2.
1813 5083 1864 5137 3.

1377 5154 1723 5222 ragenarium
1895 5156 1947 5209 3.
2042 5157 2490 5243 179ottouemn3.

1377 5220 1495 5301 ldus
1538 5222 1590 5274 3.
1677 5224 1742 5301 ηεξ
1771 5224 1940 5301 libras
1978 5227 2065 5282 3a.
2136 5231 2446 5301 18‘trepetut
2474 5233 2526 5290 3.

1306 5292 1772 5392 ‘89lineseorantm1.
1806 5297 2137 5392 inlu‘I-grerant
2174 5301 2224 5355 3.
2289 5292 2366 5336 ’ίθθ
2394 5305 2634 5375 popliter
2688 5292 2838 5362 corr.
2863 5292 3134 5392 peplitum
3165 5316 3216 5368 1.

1389 5373 1508 5392 MM
1758 5375 1905 5392 κώ,
1937 5386 2056 5392 _____
2566 5378 2599 5392 η
2845 5382 2858 5392 -
3020 5381 3050 5392 ι-

176 5356 312 5418 ptus
335 5348 390 5402 3.
469 5350 536 5382 ‘9’
557 5353 888 5456 ragenoldus
917 5357 968 5411 3.
1045 5360 1111 5392 ‘93
1140 5361 1508 5432 depopulatur
1535 5362 1588 5417 2.
1669 5366 1734 5399 ¹⁹⁴
1753 5348 2524 5446 get—selinus?.“gotsel'niu’s

177 5419 249 5452 196
283 5433 448 5456 mann
477 5420 513 5456 θ
637 5423 679 5456 9'!
705 5427 1023 5456 ινιοηηοοςηηη
1055 5429 1086 5456 0
1189 5433 1254 5456 mn
1280 5449 1312 5456 -.
1374 5445 1446 5456 Α-.
1481 5435 1514 5456 ω
1619 5436 1684 5456 mo
1717 5438 1758 5456 ,ι
1786 5439 1797 5456 ι
1834 5455 1840 5456 ,
2169 5442 2180 5456 ι
2211 5443 2221 5456 ι
2390 5447 2403 5456 .

1619 5436 1684 5469 ¹⁹⁹
1709 5436 1927 5494 ριῐὶωηθ
1958 5458 2100 5506 corr,
2133 5436 2353 5500 abﬁone
2382 5447 2432 5502 1.

173 5489 249 5522 ²⁰²
284 5488 639 5576 fugerant_3.
677 5496 768 5576 33³
795 5499 1155 5576 pugnandum
1197 5503 1252 5576 2_,
1297 5505 1350 5559 3.
1421 5506 1488 5539 ὀδ
1517 5488 1609 5576 qui

1945 5086 2011 5119 ‘7‘
2042 5087 2312 5176 eifitatem
2335 5089 2388 5143 2.
2439 5092 2526 5176 ἐπ’
2555 5094 2712 5176 linea;
2729 5101 3161 5176 ,ςηιικινεωῖίριιιξζιΔ
3192 5103 3242 5176 1_.
3314 5103 3382 5139 ¹⁷⁶
3407 5121 3526 5176 par-

2042 5157 2108 5191 “9
2138 5163 2503 5239 out-touemHB.‘
2580 5157 2914 5239 ‘E‘ldhugonei
2964 5157 3016 5223 1:
3102 5157 3520 5232 "'absenter—L

2612 5236 2678 5271 iss
2709 5236 2859 5294 ffR,
2893 5238 2943 5293 2,
2981 5239 3032 5296 3.
3115 5242 3183 5277 ¹⁸⁶
3208 5245 3354 5301 deest
3381 5247 3434 5301 2.
3465 5248 3518 5305 3.

3300 5318 3364 5351 ¹⁶¹
3396 5334 3523 5374 ere-

2565 5378 2990 5452 2.__goacelinus
3019 5381 3072 5438 3.
3140 5385 3207 5420 "5
3229 5388 3424 5442 calaun
3464 5390 3517 5446 3.

2529 5448 2599 5482 ²⁰⁰
2630 5448 2701 5503 iis
2734 5451 2789 5505 2.
2822 5452 2877 5518 3,
2916 5453 3040 5506 aliis
3063 5452 3150 5509 3a.
3217 5457 3281 5492 ²⁰¹
3306 5473 3429 5514 nec.
3461 5462 3512 5515 1.

2043 5513 2110 5601 ’35
2137 5517 2404 5601 super},
2446 5517 2511 5601 3.Δ
2557 5520 2648 5601 ,ξοδ
2673 5513 3082 5601 prpterentibus
3103 5525 3187 5601 _2.
3223 5528 3324 5601 __'°7
3353 5513 3514 5585 norté

2309 5587 2378 5623 ²¹⁰
2404 5587 2686 5659 castellani
2725 5589 2782 5647 2.
2863 5592 2930 5630 ²¹¹
2960 5594 3041 5650 ita
3093 5595 3148 5662 1,
3200 5597 3513 5686 distinguit,
