3938 6158
437 246 543 304 433

1562 245 1930 303 FLODOARDI
1971 247 2281 304 CANONICI
2324 247 2652 302 REMENSIS

3602 268 3681 324 ιειιι

437 381 665 439 busdam
708 377 961 433 fidelibus
993 377 1235 452 [lagonis
1264 376 1362 433 ﬁlii
1415 379 1683 448 Rotberti,
1719 390 1774 437 et
1799 397 2047 453 quorun-
2071 385 2127 455 Α
2221 383 2360 462 lum,
2385 382 2478 453 qui
2505 380 2820 462 necadhpc
2837 382 3198 455 quinquennii
3223 390 3423 462 tempus
3441 391 3688 462 explesset.

437 473 561 527 dam
582 468 928 524 castellorum
950 467 1263 537 oppidanis,
1288 476 1498 538 partem
1522 470 1800 540 quandam
1826 471 1896 505 ’³³
1922 471 2048 546 pagi

437 559 855 635 Rotomagensis
884 560 973 626 ω,
997 560 1091 631 qui
1119 560 1503 631 possidebatur
1531 579 1563 616 a
1596 563 1947 619 Nortmannis
1975 564 2053 619 cis

437 653 766 723 Sequanam,
796 650 1136 722 depopulatii
1163 659 1312 719 sunt,
1339 652 1482 707 villis
1508 655 1812 722 succensis,
1840 656 2055 727 pecori-

436 745 537 799 bus
564 742 840 809 abductis,
872 742 1156 797 nonnullis
1183 743 1348 798 etiam
1381 744 1847 801 Nortmannorum
1888 749 2053 804 inter-

436 833 612 891 fectis.
672 833 989 889 Heribertus
1016 848 1204 889 comes
1235 834 1443 890 interea
1492 852 1615 892 cum
1650 838 1838 908 paucis
1885 840 2054 894 Fran-

435 938 648 989 corum,
703 924 833 994 quia
905 939 1094 994 parum
1164 924 1345 978 adhuc
1403 926 1590 982 herbae
1670 928 2055 983 inveniebatur

436 1011 597 1083 equis
638 1012 729 1078 m,
763 1011 1048 1068 transitum
1089 1012 1441 1067 Nortmannis
1484 1015 1815 1085 prohibendi
1857 1018 2051 1091 gratia,

436 1117 603 1171 super
632 1102 834 1155 lsaram
886 1100 1185 1167 residebat,
1227 1102 1549 1157 Nortmanni
1593 1111 1751 1159 terrae
1804 1121 1916 1159 suae
1961 1121 2057 1161 co-

436 1190 589 1262 gnita
623 1189 945 1255 vastatione,
994 1190 1047 1244 in
1080 1207 1179 1245 sua
1210 1190 1472 1247 festinant
1499 1194 1569 1228 ²¹⁶
1598 1194 1800 1249 redire.
1838 1195 2055 1250 Heinri-

437 1298 534 1337 cus
572 1281 812 1353 denique
860 1282 1112 1337 Rhenum
1143 1284 1438 1350 transiens,
1469 1285 1736 1356 oppidum
1776 1287 2056 1357 quoddam

437 1372 664 1428 nomine
684 1373 1003 1444 Tulpiacum
1035 1374 1163 1445 (53),
1196 1376 1344 1447 quod
1377 1375 1669 1432 Gisleberti
1701 1376 1894 1432 ﬁdeles
1916 1384 2057 1433 tuta-

438 1464 661 1532 bantur,
692 1464 745 1521 vi
794 1466 983 1538 cmpit,
1029 1481 1131 1522 nec
1168 1468 1262 1521 diu
1310 1468 1629 1523 demoratus
1659 1469 1799 1524 infra
1827 1486 2057 1542 regnum

439 1559 704 1626 Lotharii,
750 1560 816 1614 ad
850 1576 950 1614 sua
1001 1566 1152 1615 trans
1184 1560 1435 1616 Rhenum
1478 1562 1807 1636 regreditur,
1841 1564 2060 1619 obsidi-

436 1648 539 1703 bus
565 1664 596 1703 a
626 1648 937 1703 Gisleberto
967 1648 1226 1718 acceptis.
1264 1650 1560 1725 Hilgaudus
1592 1666 1779 1706 comes
1805 1661 1859 1706 et
1887 1654 2057 1708 ceteri

437 1739 696 1795 maritimi
726 1739 920 1795 Franci
965 1740 1084 1795 loca
1112 1741 1216 1795 sibi
1256 1741 1435 1796 vicina
1494 1759 1672 1812 nuper
1697 1759 1728 1796 a
1758 1743 2053 1799 Nortman-

438 1833 526 1889 nis
554 1850 810 1905 possessa
838 1836 1225 1905 pervadentes,
1259 1836 1563 1892 devastant.

513 1926 780 1981 Rodulfus
811 1927 1021 1982 interea
1052 1928 1121 1982 de
1152 1928 1471 2003 Burgundia
1500 1930 1794 1986 revertitur
1821 1931 1875 1986 in
1897 1932 2060 1986 Fran-

439 2017 604 2085 ciarn,
633 2024 686 2072 et
714 2025 773 2073 ut
800 2034 860 2072 se
900 2017 969 2071 ad
1000 2018 1204 2074 bellum
1234 2028 1425 2075 contra
1451 2019 1815 2076 Nortmannos
1848 2037 2055 2093 praepa-

441 2116 562 2165 rent
606 2109 672 2142 ²¹⁷
704 2108 927 2163 Francis
954 2108 1139 2164 banno
1182 2109 1491 2166 denuntiat.
1541 2109 1857 2167 Heribertus
1897 2112 2060 2185 igitur

441 2202 796 2275 expeditione
826 2213 1006 2275 coepta
1036 2211 1225 2261 contra
1248 2205 1615 2261 Nortmannos
1642 2222 1766 2262 cum
1789 2207 2059 2263 militibus

440 2292 728 2347 Remensis
759 2291 1027 2353 ecclesiae.
1089 2292 1345 2347 Arnulfus
1395 2308 1617 2366 quoque
1657 2310 1844 2350 comes
1895 2297 1964 2331 ²¹⁸
2006 2306 2062 2353 et

442 2383 613 2438 ceteri
643 2383 902 2437 maritimi
924 2383 1113 2438 Franci
1137 2383 1454 2454 praesidium
1482 2385 1760 2457 quoddam
1777 2386 2061 2442 Nortman-

442 2491 635 2531 norum
653 2474 1069 2549 aggrediuntur,
1093 2490 1203 2546 quo
1231 2475 1396 2530 etiam
1417 2476 1576 2532 Rollo
1594 2477 1853 2548 princeps
1871 2494 2060 2533 eorum

441 2569 593 2624 mille
624 2569 989 2624 Nortmannos
1009 2576 1209 2639 praeter
1239 2570 1409 2640 ipsius
1438 2570 1841 2628 inhabitatores
1868 2573 2059 2644 oppidi

445 2680 512 2718 ex
548 2663 797 2718 Rodomo
827 2664 1220 2719 transmiserat.
1264 2665 1414 2720 Idem
1467 2681 1600 2721 vero
1630 2674 1867 2721 castrum
1898 2684 2060 2724 secus

444 2770 595 2809 mare
616 2753 779 2809 situm
809 2754 1110 2810 vocabatur
1140 2754 1290 2831 Auga
1313 2756 1448 2825 (54);
1482 2757 1628 2828 quod
1662 2758 2064 2814 eircumdantes

440 2848 656 2915 Franci,
685 2848 908 2914 vallum,
940 2864 1050 2920 quo
1103 2865 1204 2920 pro
1234 2850 1560 2904 antemurali
1616 2851 1961 2926 cingebatur,
1994 2852 2065 2907 ir-

445 2946 728 3011 rumpunt,
759 2954 1092 3011 murumque
1125 2940 1495 3015 infringentes
1534 2944 1958 3010 conscendunt;
2009 2950 2063 2999 et

445 3033 654 3106 oppido
685 3034 983 3108 pugnando
1015 3035 1192 3105 potiti,
1226 3050 1408 3090 mares
1446 3045 1674 3092 cunctos
1716 3037 2059 3104 interimunt,

444 3128 810 3185 munitionem
842 3128 1209 3184 succendunt.
1238 3129 1500 3185 Nonnulli
1528 3138 1712 3187 tamen
1734 3131 2053 3199 evadentes,
2087 3132 2137 3201 C

445 3219 734 3275 ﬁnitimam
766 3219 1043 3290 quandam
1071 3226 1343 3290 occupant
1376 3219 1637 3287 insulam,
1669 3237 1831 3292 quam
1873 3222 2066 3296 adgre-

446 3310 663 3365 dientes
691 3310 759 3344 ²¹⁰
790 3309 1002 3375 Franci,
1032 3309 1242 3379 majore
1261 3310 1392 3365 licet
1422 3327 1576 3366 mora
1604 3327 1769 3383 quam
1798 3313 2063 3383 Oppidum

446 3405 750 3469 ceperant,
809 3396 1055 3468 capiunt.
1095 3398 1248 3463 Quod
1291 3399 1545 3454 videntes
1574 3399 1916 3469 Nortmanni,
1971 3403 2066 3474 qui

447 3490 615 3547 armis
640 3490 808 3546 vitam
852 3506 952 3563 pro
1000 3505 1164 3562 posse
1198 3490 1535 3557 tutabantur,
1589 3500 1878 3564 postquam
1909 3509 2062 3564 spem

447 3585 570 3641 vitae
600 3585 931 3652 amisissent,
962 3585 1208 3657 quidam,
1232 3593 1291 3641 ut
1311 3592 1621 3654 enatarunt,
1656 3587 1886 3662 iugulati
1916 3596 2061 3644 sunt.

446 3677 511 3731 Et
562 3675 653 3731 alii
685 3676 909 3748 quidem
946 3676 1273 3731 Francorum
1322 3677 1665 3732 necabantur
1718 3677 1939 3752 gladiis,
1971 3678 2063 3732 alii

446 3767 688 3840 pr0priis
701 3784 765 3824 se
792 3768 1135 3839 oppetebant
1161 3768 1230 3801 ²²⁰
1252 3767 1394 3824 telis.
1430 3768 1631 3841 Sicque
1648 3769 1905 3824 omnibus
1938 3784 2066 3841 pro-

444 3859 648 3926 stratis,
702 3869 758 3914 ot
794 3860 980 3930 praeda
1032 3875 1142 3915 non
1183 3860 1401 3916 modica
1453 3860 1692 3932 direpta,
1726 3861 1916 3917 Franci
1973 3876 2064 3916 re-

444 3960 730 4011 vertuntur
759 3954 826 4008 ad
867 3970 987 4011 sua.
1026 3954 1297 4011 Rodulfus
1338 3964 1520 4010 autem
1552 3972 1644 4011 rex
1675 3973 1796 4011 cum
1831 3957 2058 4030 Hugone

446 4050 503 4099 ct
530 4043 1019 4118 Burgundionibus
1046 4044 1103 4097 in
1142 4059 1285 4117 pago
1318 4043 1634 4098 Belvacensi
1664 4044 1911 4099 sedebat.

517 4133 621 4187 Per
662 4132 808 4187 idem
841 4138 1058 4202 tempus
1107 4131 1326 4186 Seulfus
1352 4132 1646 4187 Remorum
1688 4133 2065 4203 archiepisco-

448 4239 553 4295 pus
583 4227 613 4256 '
636 4224 798 4292 obiit,
829 4222 1063 4294 expletis
1086 4222 1144 4276 in
1177 4222 1499 4293 episcopatu
1529 4222 1689 4276 annis
1715 4223 1889 4278 tribus
1916 4231 1971 4278 et
1996 4225 2063 4259 ²²¹

522 4312 684 4382 [Hist
720 4314 864 4367 Rem.
888 4329 961 4377 iv,
993 4312 1083 4376 19,
1112 4311 1202 4382 20.
1237 4310 1435 4382 Fertur
1457 4317 1637 4365 autem
1666 4327 1881 4366 veneno
1910 4318 2063 4381 pota-

524 4380 611 4438 tus
637 4399 669 4437 a
697 4382 1019 4438 domesticis
1045 4381 1132 4437 vel
1155 4380 1519 4437 familiaribus
1551 4381 1818 4437 Heriberti
1850 4380 2066 4438 comitis

518 4454 686 4507 vitam
718 4453 922 4509 finisse.
955 4453 1066 4509 Nec
1094 4469 1268 4524 mora,
1302 4460 1427 4524 post
1454 4453 1658 4508 obitum
1690 4453 1865 4524 ipsius
1900 4454 2059 4509 Heri-

519 4526 708 4580 bertus
729 4540 914 4580 comes
936 4525 1120 4579 Remis
1143 4523 1316 4588 venit,
1343 4524 1617 4580 advocans
1638 4523 1921 4596 Abbonem
1945 4525 2062 4596 epi-

521 4611 751 4662 scopum
785 4596 1199 4662 Suessonicum,
1233 4604 1287 4651 et
1314 4596 1588 4651 Bovonem
1631 4595 2061 4652 Catalaunicu’m.

520 4667 727 4733 Quibus
751 4667 856 4723 sibi
875 4667 1103 4735 junctis,
1130 4674 1372 4722 tractans
1400 4684 1568 4739 super
1585 4668 1858 4724 electione
1887 4677 2070 4724 recto-

522 4740 597 4811 ris
644 4739 805 4809 hujus
858 4739 1145 4793 Reniensis
1183 4739 1453 4805 ecclesiae,
1485 4747 1595 4794 tam
1644 4740 1877 4811 clericos
1903 4756 2066 4811 quam

520 4810 693 4864 laicos
740 4811 808 4865 ad
857 4812 1193 4866 voluntatem
1252 4826 1405 4864 suam
1452 4811 1736 4867 intendere
1786 4810 1935 4865 fecit.
1965 4810 2070 4864 Sc-

520 4888 759 4952 quentes
798 4881 965 4957 igitur
991 4882 1111 4957 ejus
1140 4880 1558 4957 consilium,_ne
1586 4880 1727 4936 forte
1768 4898 1868 4957 per
1893 4888 2070 4957 extra-

520 4967 654 5034 neas
682 4952 951 5034 personas
978 4953 1336 5034 episcoRatus
1367 4952 1739 5034 divideretur,
1758 4952 1971 5024 eligunt
2006 4952 2073 5006 ﬁ-

521 5024 654 5079 lium
688 5023 887 5095 ipsius,
922 5023 1149 5080 nomine
1193 5023 1499 5099 Hugonem,
1541 5023 2073 5094 admodnm'parvu-

2084 1703 2133 1770 Β

2228 453 2343 518 Qua
2371 468 2429 508 re
2461 458 2672 525 patrata
2701 453 2770 508 ad
2802 453 3007 527 regem
3017 453 3344 579 properant;
3362 460 3471 528 ejus
3499 453 3689 522 auctori-

2228 524 2352 579 tatis
2399 524 2759 579 impetranda:
2789 524 2982 579 gratia.
3062 540 3094 579 o
3137 525 3274 579 ulfus
3323 528 3469 579 igitur
3497 549 3588 579 rex.
3616 538 3689 579 tm

2226 524 2762 609 tatisﬂim'petrandaa‘
2789 524 2988 609 gratia;
3017 524 3274 609 Rodulfus
3293 599 3303 609 .
3323 524 3469 605 igitur
3497 549 3590 601 rex,
3616 538 3694 594 hac

2226 594 2497 670 electipne
2519 594 2834 670 comperta",
2849 594 3196 666 praefatorum
3222 594 3565 670 episcoporum
3582 594 3694 662 'con-

2226 666 2366 747 silio_
2386 666 2715 747 Remensem
2747 667 3130 747 episcopatum
3167 666 3420 725 commitit
3444 673 3693 747 Heriberto,

2225 737 2504 817 aequitatis
2519 753 2774 817 “censura
2822 737 3226 817 disponendum
3266 748 3417 817 atque
3446 737 3695 817 regendum

2221 807 2290 862 ab
2337 808 2611 880 ipso.Qui
2642 808 2804 863 etiam
2840 807 3049 880 legatos
3096 807 3471 867 ecclesise'cum
3500 807 3697 874 'itbbone

2223 878 2456 954 praesule
2489 879 2712 934 Romam
2755 878 2974 954 mittere
3018 880 3228 954 satagit.
3280 882 3433 950 hujus
3465 886 3699 944 electionis

2225 949 2506 1029 decretum
2529 965 2715 1029 secum
2747 949 3010 1029 ferentes,
3029 958 3084 1005 et
3109 949 3383 1029 assensum
3405 970 3542 1024 papae
3565 973 3700 1029 super

2226 1037 2290 1075 ea
2314 1028 2591 1093 petentes.
2619 1021 2900 1093 Johannes
2930 1022 3115 1092 itaque
3144 1038 3282 1093 papa
3305 1065 3318 1090 ,
3359 1021 3702 1084 interveniente

2229 1092 2499 1147 Abbonne
2522 1092 2781 1163 praesule,
2807 1092 3060 1163 petitioni
3084 1092 3270 1148 eorum
3291 1108 3585 1152 consensum
3601 1116 3705 1163 pra:-

2229 1110 2499 1147 Aooonne
2522 1110 2781 1163 praesule,
2846 1110 3060 1149 emioni
3084 1110 3270 1148 eorum
3291 1110 3585 1152 consensum
3631 1116 3705 1154 ra:-

2228 1163 2395 1230 bens,’
2418 1163 2762 1239 episcopium
2798 1110 3071 1239 gemense
3098 1164 3564 1239 Abboniepiswpo
3586 1116 3706 1224 (rele-

2267 1242 2341 1301 at,
2376 1250 2498 1315 qua;
2522 1243 2655 1316 sunt
2676 1234 3011 1318 episcopalis
3039 1234 3550 1318 ministerii‘ab‘ipso
3569 1239 3617 1318 iu
3635 1255 3708 1318 eo-

2228 1251 2341 1361 gat,
2376 1251 2498 1315 qua;
2522 1251 2655 1316 sunt
2676 1251 3011 1305 episcopalis
3039 1251 3325 1289 mimSteru
3353 1251 3415 1290 ao
3444 1254 3550 1318 ipso
3569 1256 3617 1294 ιιι
3635 1255 3708 1296 eo-

2268 1322 2354 1360 em
2412 1320 2695 1376 episcopio
2754 1306 3037 1360 tractanda
3071 1321 3136 1360 ac
3185 1309 3258 1375 (et
3303 1308 3345 1376 ο)
3400 1306 3613 1365 finienda
3632 1312 3708 1365 de-

2228 1392 2485 1451 cernens,
2519 1377 2832 1451 Heribertus
2871 1377 3278 1451 itaquecomes
3310 1386 3568 1451 potestate
3594 1382 3708 1451 poti-

2233 1456 2319 1503 tus
2350 1448 2640 1519 Bernensis
2673 1447 2983 1518 episcopii,’
3011 1447 3215 1519 injuste
3244 1447 3462 1519 privavit
3495 1447 3708 1513 tam'me.

2232 1519 2325 1591 qui
2355 1534 2466 1592 non
2491 1518 2844 1592 interfueram
2863 1519 3160 1592 praemissae
3174 1518 3422 1592 electioni
3439 1537 3558 1584 sum,
3580 1538 3709 1592 quam

2230 1589 2530 1646 nonnullos
2567 1590 2727 1656 alios,
2787 1596 2842 1643 et
2884 1590 3116 1644 clericos
3169 1596 3225 1644 et
3266 1589 3445 1659 laicos,
3473 1589 3708 1647 beneficiis

2232 1662 2645 1733 possesSionum
2677 1660 3436 1733 ecclesiasticarum_,_quibus
3481 1678 3510 1716 a
3547 1678 3710 1733 praece-

2233 1731 2495 1787 dentibus
2521 1732 2798 1803 episcOpis
2824 1731 3094 1787 munerati
3132 1731 3456 1803 videbamur
3491 1731 3715 1788 obsecun-

2231 1803 2473 1858 dationis
2512 1803 2706 1873 gratia.
2758 1802 2887 1868 Quae
2938 1819 3038 1874 pro
3089 1802 3246 1874 libitu
3282 1818 3400 1874 suae
3446 1804 3715 1869 voluntatis,

2232 1874 2436 1946 quibus
2494 1874 2597 1929 sibi
2639 1874 2872 1999 placuit,
2912 1873 2967 1929 et
3019 1873 3335 1944 impertivit.
3390 1874 3491 1929 Nec
3534 1875 3714 1948 longum

2232 1952 2444 1999 postea.
2480 1952 2630 1999 tumu
2662 1953 2715 1999 tu
2748 1944 2891 1999 infra
2919 1945 3221 1999 claustrum
3267 1945 3622 1999 canonicorum
3648 1945 3714 1998 in-

2232 1944 2444 2016 postea,
2480 1944 2715 2000 tumultu
2748 1944 2891 1999 infra
2919 1945 3221 2016 claustrum
3267 1944 3718 2016 canonicorum'in-

2234 2015 2593 2088 terrclericos
2625 2024 2836 2088 exorto,
2877 2015 3398 2088 supervenientibus
3443 2016 3719 2088 quibusdam

2230 2086 2497 2142 militibus
2528 2103 2649 2142 cum
2691 2086 2878 2152 armis,
2908 2086 3016 2141 duo
3058 2086 3377 2157 interempti
3417 2086 3532 2141 sunt
3556 2086 3719 2157 ibidem

2232 2158 2437 2230 clerici,
2493 2174 2727 2230 quorum
2767 2158 2906 2213 alter
2955 2157 3244 2225 diaconus,
3301 2156 3434 2213 alter
3468 2156 3720 2213 habebatur

2231 2229 2651 2300 subdiaconus]

2161 2358 2361 2413 diebus
2405 2359 2668 2431 quinque.
2714 2357 3033 2413 Heribertus
3065 2374 3255 2414 comes
3304 2358 3484 2415 Remis
3507 2355 3652 2422 venit,
3677 2361 3719 2410 et

2163 2455 2402 2509 vassalos
2432 2455 2605 2525 ipsius
2634 2454 2886 2509 ecclesia
2914 2452 3014 2508 sed
3060 2462 3116 2508 et
3148 2453 3379 2509 clericos
3408 2454 3473 2508 de
3500 2451 3721 2507 electione

2161 2548 2390 2604 rectoris
2406 2549 2475 2603 ad
2495 2565 2654 2604 suum
2668 2548 2961 2605 consilium
2988 2547 3280 2603 intendere
3301 2546 3447 2602 fecit.
3462 2545 3596 2620 Hugo
3610 2541 3723 2597 ﬁlius

2160 2640 2408 2695 Rotberli
2438 2647 2653 2711 pactum
2676 2633 2997 2695 Securitatis
3027 2638 3231 2711 accipit
3260 2640 3329 2673 ²²²
3360 2655 3390 2692 a
3409 2637 3722 2698 Nortmanuis,

2164 2738 2310 2786 terra
2329 2729 2564 2785 filiorum
2588 2730 2864 2796 Balduini,
2885 2728 3104 2784 Rodulli
3125 2745 3350 2802 quoque
3363 2727 3428 2783 de
3450 2726 3660 2801 Gaugcio
3671 2732 3728 2779 at-

2167 2842 2277 2898 que
2292 2826 2546 2901 Hilgaudi
2564 2826 2632 2860 ²²³
2654 2832 2803 2881 extra
2822 2825 3177 2881 securitatem
3197 2824 3403 2880 relicta.
3429 2822 3733 2893 Episcopatus

2167 2913 2459 2969 Remensis
2492 2913 2779 2969 lleriberto
2810 2914 2879 2947 ²²⁴
2909 2912 3094 2968 comiti
3123 2912 3452 2969 commissus
3479 2917 3555 2966 est
3575 2907 3660 2963 sub
3681 2905 3733 2941 ²²⁸

2166 3006 2390 3063 obtentu
2420 3006 2515 3061 filii
2540 3005 2625 3061 sui
2651 3006 2915 3081 Hugonis,
2946 3005 3248 3060 admodum
3274 3003 3498 3076 parvuli,
3520 3000 3729 3064 necdum,

2164 3111 2264 3151 ceu
2295 3094 2597 3161 ferebatur,
2628 3093 3025 3166 quinquennis.
3051 3093 3210 3150 Abbo
3240 3093 3525 3165 episcopus
3548 3090 3730 3144 Romam

2164 3188 2302 3259 petit
2330 3203 2453 3242 cum
2484 3186 2679 3261 legatis
2733 3186 3006 3241 Heriberti
3040 3185 3285 3241 comitis.
3332 3183 3566 3240 lleinrico
3589 3177 3734 3235 cuncti

2164 3294 2225 3333 se
2256 3278 2645 3333 Lotharienses
2673 3277 3061 3343 committunt;
3095 3282 3151 3331 et
3200 3275 3323 3347 ipse
3356 3271 3626 3330 Bernuino.
3653 3268 3734 3323 lla-

2165 3366 2327 3422 donis
2377 3366 2447 3400 ²²⁶
2485 3366 2736 3438 episcopi
2793 3365 3004 3436 nepoti,
3036 3364 3389 3436 episcOpium
3445 3360 3736 3415 Virduncnse

2167 3458 2442 3526 concedit,
2496 3457 2590 3530 qui
2645 3464 2701 3512 et
2749 3457 2976 3528 expulso
3016 3457 3248 3530 llugone
3304 3453 3624 3527 presbytero,
3669 3444 3734 3500 cui

2167 3546 2436 3602 Rodulfus
2486 3546 2623 3601 illud
2675 3544 2924 3612 dederat,
2983 3544 3194 3600 ibidem
3253 3543 3531 3601 ordinatur
3563 3536 3737 3610 episco-

2165 3654 2271 3709 pus
2302 3639 2415 3710 (55)
2428 3680 2441 3693 .
2473 3638 2662 3693 Annus

2777 3723 3166 3782 DCCCCXXVI.

2164 3840 2489 3912 incipiebat,
2518 3847 2573 3895 et
2603 3839 2873 3896 Rodulfus
2905 3856 3003 3894 rex
3038 3855 3167 3895 cum
3198 3838 3479 3894 Heriberto
3507 3831 3678 3890 comite
3699 3834 3742 3883 et

2162 3933 2491 4006 quibusdam
2546 3932 2840 3987 maritimis
2869 3931 3093 3986 Francis
3144 3931 3513 3987 Nortmannos
3539 3926 3586 3980 in
3628 3934 3737 3995 pago

2161 4023 2503 4079 Atrabatensi
2549 4022 2788 4093 qnodam
2820 4022 2962 4077 saltu
3012 4027 3291 4077 coartatas
3313 4018 3606 4082 obsidebat,
3641 4025 3737 4066 cum

2165 4118 2392 4190 repente
2426 4123 2549 4188 post
2586 4117 2797 4189 aliquot
2850 4116 2971 4171 dies
3013 4122 3182 4171 noctu
3240 4114 3528 4186 eruptione
3576 4113 3739 4176 caput

2167 4209 2487 4266 Nortmanni
2531 4215 2710 4263 castra
2749 4208 2895 4283 regis
2934 4208 3379 4282 aggrediuntur;
3433 4204 3604 4275 ibique
3631 4193 3740 4271 regi.

2167 4318 2237 4356 ne
2272 4318 2306 4356 a
2350 4301 2701 4357 Nortmannis
2738 4299 3330 4371 comprehenderetur,
3369 4308 3665 4353 succursum
3688 4286 3741 4342 ab

2167 4393 2473 4459 Heriberto,
2503 4392 2899 4463 succensisque
2920 4392 3062 4448 casis
3092 4391 3160 4427 ²²⁷
3183 4389 3536 4463 quibusdam,
3559 4395 3742 4458 ρυεηὸ-

2165 4489 2280 4537 tum
2311 4482 2380 4536 ad
2409 4488 2604 4537 castra.
2652 4480 2973 4536 Nortmanni
3005 4480 3228 4534 tandem
3270 4496 3302 4535 a
3333 4485 3622 4533 castrorum
3647 4484 3747 4541 per-

2165 4574 2391 4630 vasione
2419 4572 2650 4644 repulsi,
2685 4572 2986 4639 recedunt;
3016 4587 3112 4626 rex
3138 4571 3214 4627 ibi
3249 4570 3563 4626 vulneratus
3584 4571 3634 4619 et
3656 4557 3746 4614 Hil-

2166 4666 2380 4738 gaudus
2427 4680 2614 4720 comes
2643 4663 3008 4734 interemptus
3033 4669 3148 4728 est;
3198 4659 3529 4718 Nortmanni
3554 4655 3684 4711 mille
3706 4654 3750 4704 et

2168 4761 2389 4811 centum
2441 4754 2704 4809 dicuntur
2756 4753 2965 4808 ibidem
3019 4751 3211 4807 occisi.
3275 4751 3479 4822 Sicque
3525 4739 3750 4801 Rodulfus

2172 4843 2494 4897 Laudunum
2524 4842 2836 4909 revertitur,
2860 4847 2914 4896 et
2944 4839 3268 4896 Nortmanni
3298 4852 3479 4911 usque
3508 4836 3563 4889 in
3586 4841 3750 4904 pagum

2171 4931 2501 4987 Porcensem
2535 4930 2649 5002 (56)
2673 4928 2944 4985 silvestria
2964 4929 3032 4963 ²²ε
3054 4929 3173 4984 loca
3196 4927 3604 4999 depraedantur.
3633 4918 3755 4972 Hun-

2170 5023 2289 5098 gari
2319 5038 2540 5095 quoque
2573 5022 2765 5078 Rheno
2795 5022 2863 5055 ²²⁹
2894 5026 3226 5076 transmeato
3259 5033 3443 5090 usque
3495 5016 3548 5070 in
3585 5021 3752 5085 pagum

1782 5152 2003 5209 VARUE
2048 5152 2330 5208 LECTION
2340 5152 2437 5206 ES.

468 5272 473 5277 ι
518 5252 587 5287 ’1³
618 5250 893 5324 quendam
946 5252 1001 5306 2.
1087 5250 1155 5285 ²¹⁴
1185 5250 1497 5324 rothomag.
1556 5250 1610 5304 3.

445 5321 653 5430 parant
706 5340 848 5405 corr.
922 5328 1254 5403 praeparent.
1290 5321 1360 5385 2,

472 5397 517 5430 22
547 5401 757 5430 annona}
812 5396 847 5430 ο
934 5394 1005 5428 223
1032 5393 1254 5430 hnlnnldl
1306 5392 1339 5430 Ω

472 5397 517 5430 ²²
546 5395 761 5467 accepit
800 5396 867 5467 72.
924 5391 1257 5467 "’3_hilgaldi
1306 5392 1360 5447 3.

444 5475 630 5523 vestra
657 5465 714 5523 2.
744 5466 814 5501 “9
833 5467 978 5521 deest
1001 5465 1055 5520 2.

1707 5251 1775 5285 ²¹⁵
1801 5251 1976 5323 aequis
2033 5253 2087 5308 2.

1419 5333 1802 5451 ρὲῗιῖιῖῇῖιΐὲιῖιζ
1846 5324 1899 5448 ἓ.
1964 5324 2052 5430 2::
2063 5324 2341 5451 διέξεισῶ
2405 5324 2614 5450 ξέὶὸἧὲ

2187 5253 2257 5287 ²¹⁶
2290 5252 2622 5307 festinanter
2665 5252 2719 5306 2.
2780 5249 3108 5305 festinanter
3164 5247 3391 5303 rediere
3430 5246 3483 5299 3.
3561 5241 3758 5310 "7pm?

2421 5324 2489 5358 ²¹⁹
2515 5339 2669 5397 aggr.
2727 5323 2783 5377 2.
2875 5321 2943 5355 ²²⁰
2965 5319 3272 5391 appetebat
3313 5319 3368 5374 2.
3441 5316 3504 5351 ²²¹
3535 5308 3662 5368 deest
3703 5308 3753 5388 Α.

2421 5393 2508 5448 iub
2560 5397 2614 5448 1.
2700 5394 2771 5429 ²²⁶
2796 5392 3029 5448 dadanis
3060 5390 3111 5446 2.
3172 5390 3241 5424 ³³⁷
3271 5391 3422 5446 deest
3469 5388 3523 5445 2.
3606 5376 3757 5434 ’³⁸811-

1995 5536 2208 5596 ΝΟΤᾸΕ.
2274 5562 2321 5577 —

516 5610 625 5681 (53)
663 5606 908 5681 Zulpt'ch.

513 5676 621 5748 (54)
661 5676 780 5743 Eu,—
799 5679 947 5734 inter
968 5679 1173 5748 Dieppe
1201 5683 1258 5733 et
1306 5676 1609 5733 Abbevt'ltc.

513 5751 627 5821 (55)
667 5752 821 5826 Hugo
873 5750 1053 5808 addit;
1093 5750 1306 5807 Abbt'nc
1355 5750 1661 5808 Viidunum
1697 5756 1748 5805 et
1784 5752 1902 5807 aliae
1932 5753 2065 5807 civi-

2161 5613 2298 5665 tates
2328 5626 2363 5665 a
2391 5623 2557 5678 regno
2581 5610 2916 5664 Francorum
2943 5606 3274 5678 defecenmt_.

2235 5679 2342 5751 (56)
2386 5671 2786 5751 ln'Campania,
2812 5678 2866 5733 in
2885 5671 3018 5751 quo,
3045 5674 3288 5751 exempli
3311 5672 3510 5750 gratia,
3533 5671 3760 5728 σιιαιεαιι-

2160 5748 2383 5810 Porct'én
2412 5753 2468 5807 in
2497 5748 2822 5825 praefectura
2851 5748 3218 5805 Ardennensi.
