3960 6160
231 217 316 274 437
1686 202 1997 259 ANNALES,

3408 213 3519 269 ⁴438

231 343 512 400 Vonzinsem
538 337 602 372 ²³⁰
631 333 835 406 praedis
876 332 1261 406 incendiisque
1293 334 1614 390 desaeviunt.
1645 334 1796 389 Luna
1819 341 1872 407 Α
1897 347 2006 404 que
2039 339 2240 406 gentes
2271 333 2510 405 irrepsit.
2544 334 2820 391 Widricus
2876 335 3161 392 Mettensis
3190 338 3254 373 ²⁵¹
3289 340 3522 398 antistes

231 432 591 509 quartadecima
629 427 859 482 sabbato
894 435 1084 482 sancto
1117 428 1335 497 pascha:
1374 428 1462 490 '3’,
1487 427 1574 481 die
1600 427 1794 481 Kalen—

227 530 393 584 darum
418 522 688 595 Aprilium,
720 535 882 590 passa
921 519 986 552 ³³³
1017 517 1294 573 defectum
1354 526 1409 573 et
1441 520 1494 573 in
1527 519 1791 590 pallorem

230 633 454 677 conversa
506 621 632 680 est,
675 612 912 684 quadam
970 609 1198 665 luminis
1255 611 1443 665 relicta
1503 609 1791 681 particula,

227 712 351 768 velut
370 709 431 743 ³³³
450 715 585 762 esset
620 704 864 760 secunda
907 703 1134 773 ;sicque
1163 717 1361 757 aurora
1371 702 1484 770 jam
1515 703 1794 774 incipien-

227 811 287 866 te,
343 801 393 855 iu
446 797 761 869 sanguinem
813 802 926 850 tota
965 801 1172 848 mutata
1203 794 1270 828 εδδ
1327 803 1413 850 est
1437 793 1677 848 colorem
1702 794 1792 849 ³³⁵.

225 889 400 958 Corpus
425 885 589 941 sancti
634 884 869 960 Remigii
901 890 955 939 et
1017 883 1250 938 aliorum
1276 883 1622 954 quorundam
1665 899 1797 937 san-

225 988 402 1034 ctorum
428 975 649 1046 pignora
669 974 1051 1048 Hungarorum
1105 978 1255 1026 metu
1286 971 1472 1026 Remis
1493 987 1523 1025 a
1554 971 1666 1026 suis
1681 987 1800 1025 mo-

219 1068 439 1124 nasteriis
472 1071 592 1120 sunt
649 1065 869 1131 delata;
930 1065 1080 1118 inter
1134 1079 1258 1134 qua}
1312 1069 1514 1117 sanctae
1571 1078 1798 1134 quoque

221 1157 493 1230 Walburgis
512 1158 577 1191 ³³⁸
598 1156 867 1227 reliquiae,
901 1155 969 1209 ad
1000 1171 1138 1226 quas
1166 1153 1434 1208 nonnulla
1456 1153 1796 1208 exerceban-

221 1266 292 1312 tur
309 1256 365 1289 ³³⁷
391 1253 658 1309 miracula.
701 1253 920 1308 Exactio
959 1252 1208 1322 pecuniae
1257 1251 1577 1316 collaticim,
1637 1252 1795 1306 Nort-

220 1344 403 1400 mannis
428 1351 578 1412 pacto
613 1341 764 1411 pacis
794 1341 1013 1405 dandae,
1045 1341 1272 1411 publice
1303 1340 1363 1394 ﬁt
1391 1356 1490 1411 per
1513 1341 1795 1394 Franciam

221 1441 356 1504 atque
384 1431 765 1505 Burgundiam.
794 1431 925 1484 Data
983 1429 1147 1500 igitur
1175 1428 1433 1499 pecunia,
1468 1446 1570 1500 pax
1600 1429 1797 1484 utrim-

220 1544 309 1598 que
329 1525 478 1581 est’“
530 1541 652 1579 cum
701 1525 1016 1592 juramento
1056 1520 1377 1577 7239ﬁrmata.
1422 1521 1559 1598 Hiiie
1589 1523 1799 1578 exerci-

219 1626 360 1673 tusex
387 1615 603 1671 Francia
654 1614 1083 1690 Burgundiaque
1131 1630 1260 1668 cum
1304 1613 1540 1668 Rodulfo
1586 1629 1714 1686 rege
1744 1622 1799 1669 et

223 1712 469 1766 Heriberto
498 1709 700 1764 comite
733 1706 1103 1780 proﬁciscitur
1141 1722 1308 1776 super
1341 1707 1596 1780 Ligerim,
1631 1716 1685 1762 et
1714 1723 1799 1762 ac-

218 1802 364 1872 ceptis
398 1800 682 1856 obsidibus
741 1799 809 1853 ab
857 1800 994 1853 urbe
1037 1799 1388 1864 Nivernensi,
1440 1815 1602 1869 quam
1634 1797 1800 1853 frater

219 1892 440 1947 Willelmi
469 1900 664 1946 contra
697 1907 881 1963 regem
907 1889 1211 1956 tutabatur,
1241 1889 1297 1943 in
1334 1889 1683 1960 Aquitaniam
1728 1889 1796 1944 ad

219 1981 626 2052 persequendum
673 1979 1030 2044 Willelmum,
1087 1979 1180 2050 qui
1212 1995 1242 2033 a
1273 1993 1402 2050 rege
1447 1977 1585 2032 forte
1615 1978 1795 2032 desci-

212 2084 352 2138 verat,
375 2078 648 2126 transeunt
684 2071 1114 2141 insecunturque
1148 2069 1470 2142 fugitantem
1499 2069 1591 2137 “0,
1615 2069 1795 2124 donec

213 2167 760 2222 rumorinfestationis
808 2167 1212 2238 liungarorum,
1263 2165 1413 2237 quod
1456 2165 1652 2219 iterum
1679 2165 1792 2233 jam

213 2257 424 2310 Rhenum
456 2257 804 2321 transissent,
863 2255 1166 2310 exercitum
1221 2255 1278 2308 in
1317 2254 1599 2308 Franciam
1631 2268 1793 2324 repe-

217 2351 322 2404 dare
333 2351 519 2423 coegit.

264 2445 394 2518 tlugo
417 2444 559 2499 ﬁlius
593 2446 793 2511 Berl-az,
852 2461 944 2498 rex
1005 2443 1190 2499 Romae
1220 2458 1388 2514 super
1415 2443 1620 2498 Italiam
1653 2457 1790 2498 con—

206 2535 427 2599 stituitur,
458 2537 691 2608 expulso
725 2534 959 2590 Rodulfo
989 2534 1276 2604 Cisalpinae
1305 2534 1490 2588 Galliae
1514 2549 1662 2605 rege,
1697 2531 1792 2604 qui

211 2642 404 2698 regnum
451 2627 582 2681 illud
615 2633 952 2699 pervaserat,
1013 2635 1068 2680 et
1118 2625 1275 2680 alteri
1329 2624 1546 2679 femina:
1572 2624 1790 2678 vivente

211 2731 348 2771 uxore
375 2734 466 2772 sua
510 2735 569 2772 se
635 2719 1025 2788 copulaverat;
1083 2717 1267 2771 occiso
1319 2731 1544 2787 quoque
1587 2732 1618 2768 a
1661 2713 1791 2768 ﬁliis

207 2809 348 2863 [ἴοι-ιω
379 2810 646 2866 Burcardo
701 2812 766 2844 ’δι
827 2811 1252 2864 Alamannorum
1309 2808 1588 2880 principe,
1615 2807 1791 2878 ipsxus

207 2900 386 2956 Rodulﬁ
416 2919 626 2966 socero.
661 2903 754 2975 qui
785 2903 952 2974 Alpes
973 2919 1095 2956 cum
1124 2902 1244 2972 ipso
1277 2908 1656 2966 transmearat,
1687 2901 1791 2955 Ita-

205 2997 273 3051 lia
300 2999 358 3031 ³⁵⁵
382 2999 725 3073 regnigratia
755 2997 1362 3070 recuperandigenero.
1389 2997 1543 3069 Hugo
1576 2995 1792 3066 presbi-

205 3091 270 3138 ter
310 3088 554 3157 expulsus
602 3088 871 3154 Virduno,
931 3087 1272 3160 defungitur.
1328 3086 1602 3140 Ebrardus
1661 3087 1789 3156 qui-

205 3176 306 3230 dam
334 3179 396 3211 "3
413 3178 886 3233 Transrhenensis
917 3179 972 3232 in
1007 3194 1240 3252 regnum
1291 3177 1532 3232 Lotharii
1553 3175 1791 3231 mittitur

208 3269 263 3321 ab
290 3270 547 3339 Heinrico,
576 3272 850 3341 justitiam
896 3271 1132 3327 faciendi
1163 3287 1346 3333 causa,
1381 3277 1436 3325 et
1461 3270 1792 3325 Lotharien-

201 3376 274 3414 ses
300 3361 428 3416 inter
462 3379 520 3418 se
565 3380 704 3434 pace
758 3364 1058 3418 consociat.
1121 3361 1389 3417 Rodultus
1413 3377 1622 3425 comes,
1647 3361 1794 3415 ﬁlius

205 3451 437 3509 lleiluidis
479 3457 568 3520 ³⁷⁸⁸,
626 3456 790 3510 obiit.
860 3456 976 3511 Non
1039 3455 1210 3510 multo
1255 3462 1378 3525 post
1399 3455 1563 3509 etiam
1590 3455 1795 3529 Rotga-

200 3543 292 3598 rius
317 3547 378 3581 ²⁵⁵
405 3547 628 3602 vitricus
662 3548 730 3580 ²⁶⁶
761 3547 902 3615 ejus,
963 3563 1152 3601 comes
1213 3547 1594 3601 Laudunensis
1644 3546 1792 3621 pagi,

198 3636 420 3694 decessit.
451 3639 605 3713 Hugo
640 3639 790 3694 filius
821 3638 1068 3694 Rotberti
1099 3637 1265 3692 ﬁliam
1290 3638 1576 3693 Eadwardi
1609 3639 1674 3672 ³³⁷
1708 3655 1795 3693 re-

196 3722 265 3795 gis
290 3726 572 3799 Anglorum
621 3743 870 3782 sororem
904 3726 1157 3801 conjugis
1202 3725 1402 3792 Karoli,
1446 3725 1601 3781 duxit
1653 3741 1788 3781 uxo-

199 3833 309 3873 rem.
337 3822 485 3878 Anno

773 3912 1179 3968 DCCCCXXVII.

202 3996 324 4053 inter
348 4001 644 4058 Rodulfum
678 4019 862 4074 regem
921 4009 980 4056 et
1005 4001 1351 4056 Heribcrtum
1393 4000 1649 4055 comitem
1689 4014 1788 4069 pro

201 4084 520 4145 Laudunensi
549 4093 838 4158 comitatu,
879 4108 1045 4163 quem
1094 4093 1414 4147 lleribertus
1461 4090 1634 4146 Odoni
1677 4090 1789 4146 ﬁlio

203 4192 287 4231 suo
311 4179 417 4234 dari
447 4183 695 4252 petebat,
721 4184 1063 4238 concedente
1081 4183 1231 4237 illum
1262 4198 1391 4255 rege
1418 4182 1634 4237 cuidam
1651 4180 1792 4236 ﬁlio—

200 4284 300 4324 rum
329 4272 568 4346 Rotgarii
631 4276 855 4330 nomine
897 4275 1154 4350 Rotgario
1186 4276 1274 4342 ³⁸⁸,
1321 4276 1571 4330 simultas
1602 4281 1789 4329 exorta

200 4367 364 4418 est“.
395 4370 553 4424 Acies
615 4371 793 4440 igneae
827 4371 1009 4425 Remis
1063 4370 1117 4424 in
1169 4372 1306 4426 caelo
1358 4386 1545 4425 mense
1600 4369 1789 4424 Martio

200 4467 336 4510 mane
352 4459 587 4528 quadam
647 4460 737 4513 die
781 4459 1059 4514 dominica
1111 4459 1242 4513 visae
1276 4460 1402 4525 ;cui
1431 4460 1588 4531 signo
1619 4458 1790 4530 pestis

200 4558 224 4596 ρ
244 4549 454 4623 vestigio
476 4550 773 4617 successit,
806 4551 959 4622 quasi
1007 4550 1174 4605 febris
1193 4561 1248 4606 et
1271 4552 1454 4617 tussis,
1477 4568 1601 4622 qua:
1623 4551 1790 4606 mixta

197 4647 391 4708 quoque
416 4640 484 4674 35°
514 4639 851 4696 mortalitate
885 4639 938 4692 in
990 4646 1215 4695 cunctas
1240 4640 1545 4695 Germaniae
1577 4639 1790 4694 Gallia:-

1823 1668 1876 1736 B

1819 3044 1867 3111 C

1813 4420 1871 4487 D

1897 425 2237 500 defungitur.
2292 429 2611 485 lleribertus
2662 447 2848 486 comes
2907 431 3116 504 legatos
3171 449 3302 489 suos
3368 443 3519 491 trans

1896 519 2149 574 Rhenum
2179 519 2366 591 dirigit
2416 521 2484 574 ad
2517 522 2849 587 Heinricum,
2873 525 3077 594 quibus
3095 527 3350 593 reversis,
3383 544 3520 585 evo-

1895 616 2050 664 catur
2099 611 2166 666 ad
2220 611 2557 683 colloquium
2615 613 2854 669 Heiurici
2905 631 3004 685 per
3053 617 3280 673 eosdem
3326 621 3416 686 ’5’,
3445 621 3514 675 ad

1895 707 2044 777 quod
2073 707 2142 742 ³⁵³
2171 723 2496 778 preperans,
2545 724 2669 762 cum
2703 709 2928 781 Hugone
2957 710 3201 766 Rotberti
3234 711 3344 768 ﬁlio
3378 730 3515 784 pace

1899 796 2131 864 ﬁrmata,
2164 799 2490 854 muneribus
2523 799 2835 854 Heinricum
2864 801 3173 858 honoratet
3214 805 3517 860 honoratur

1899 889 2107 944 abillo.
2140 889 2219 944 lbi
2251 889 2416 944 etiam
2469 890 2757 945 Heinricus
2798 892 3142 964 episcopium
3190 895 3257 928 ²⁵⁶
3288 896 3518 951 Metten-

1901 981 2067 1048 sium,
2092 989 2409 1053 contempta
2424 983 2699 1038 electione
2729 983 3000 1054 ipsorum,
3024 985 3263 1051 cuidam,
3294 996 3352 1042 ut
3379 988 3518 1043 fere-

1898 1076 2080 1142 batur,
2114 1078 2208 1132 Dei
2239 1093 2397 1132 servo
2429 1077 2604 1145 dedit,
2645 1086 3015 1154 c0gnomento
3037 1080 3308 1136 Bennoni.

1973 1170 2126 1245 Hugo
2157 1170 2304 1225 ﬁlius
2335 1170 2581 1226 Rotberti
2625 1178 2682 1226 et
2739 1172 3058 1228 lleribertus
3105 1189 3291 1228 comes
3325 1183 3516 1230 contra

1895 1260 2262 1314 Nortmannos
2287 1267 2545 1334 pergunt,
2580 1261 2860 1332 quisuper
2882 1261 3109 1316 fluvium
3139 1261 3372 1335 Ligerim
3402 1279 3518 1320 mo-

1900 1349 2179 1404 rabantur.
2209 1350 2530 1420 Tempestas
2572 1351 2809 1406 maxima
2853 1368 3054 1428 pagum
3090 1353 3514 1411 Laudunensem

1898 1442 2177 1496 concussit
2205 1449 2260 1497 et
2291 1443 2701 1506 Suessonicum,
2761 1461 2868 1516 qua
2895 1445 3092 1500 domus
3120 1463 3322 1502 eversa:
3352 1448 3516 1504 arbo-

1902 1545 2098 1601 resque
2139 1530 2321 1585 multee
2376 1531 2600 1587 fuerunt
2639 1533 2867 1598 evulsas,
2916 1534 3168 1589 homines
3220 1537 3517 1592 exanimati

1899 1634 2000 1689 per
2029 1618 2150 1672 loca
2180 1619 2398 1674 diversa
2429 1622 2788 1691 quamplures
2818 1623 2905 1675 ³⁵⁵.
2969 1623 3273 1678 Willelmus
3291 1624 3519 1696 Aquita-

1901 1725 2094 1765 norum
2130 1711 2390 1782 princeps
2409 1711 2568 1766 obiit.
2591 1713 2913 1768 Nortmanni
2935 1715 3005 1769 de
3025 1715 3204 1787 Ligeri
3227 1723 3512 1788 postquam

1899 1799 2111 1855 obsessi
2143 1808 2272 1856 sunt
2298 1799 2950 1875 ebdomatibusquinque
2965 1804 3033 1858 ab
3062 1805 3346 1860 lleriberto
3377 1808 3517 1861 et’s‘3

1902 1895 2155 1968 Hugone,
2215 1896 2361 1950 datis
2409 1897 2761 1968 receptisque
2819 1897 3113 1954 obsidibus
3151 1907 3205 1954 et
3249 1916 3516 1957 concesso

1897 1983 2001 2036 sibi
2026 1999 2168 2057 pago
2196 1983 2538 2051 Namnetico,
2561 2002 2750 2056 pacem
2785 1988 3047 2060 pepigere
3067 1989 3309 2046 Francis.
3343 1990 3516 2062 Syno-

1897 2073 2000 2127 dus
2024 2089 2119 2128 sex
2149 2075 2538 2145 episc0porum
2593 2077 2739 2146 apud
2795 2078 3099 2134 Trosleium
3152 2081 3359 2148 habita,
3390 2098 3519 2138 con-

1895 2161 2204 2217 tradicente
2229 2179 2356 2236 rege
2391 2163 2649 2231 Rodulfo,
2703 2181 2800 2236 per
2828 2166 3026 2222 missos
3057 2168 3514 2225 Heriberticomi-

1895 2254 1987 2321 tis,
2015 2262 2067 2309 et
2090 2256 2387 2310 mandante
2446 2256 2521 2311 illi
2577 2267 2636 2313 ut
2686 2259 2957 2328 synodum
2994 2259 3256 2327 differret,
3290 2263 3510 2334 sibique

1894 2347 2120 2402 obvium
2163 2347 2230 2402 ad
2252 2347 2651 2418 Compendium
2682 2350 2746 2384 ³⁵⁷
2778 2351 3010 2408 veniret.
3046 2351 3200 2415 Quod
3231 2353 3324 2407 ille
3345 2371 3510 2428 agere

1894 2440 2074 2495 renuit
2116 2441 2184 2475 ’58
2214 2440 2464 2511 ;synodo
2496 2457 2628 2495 vero
2677 2441 2942 2496 interfuit.
2973 2442 3071 2498 Ubi
3101 2443 3396 2499 Herluinus
3416 2462 3510 2501 co-

1893 2549 2012 2587 mes
2038 2536 2104 2587 ad
2138 2532 2522 2604 paenitentiam
2553 2533 2704 2587 venit
2735 2549 2833 2603 pro
2859 2549 3049 2600 uxore,
3085 2551 3248 2606 quam
3278 2537 3509 2592 duxerat

1891 2626 1998 2680 alia
2050 2626 2292 2682 vivente.
2341 2625 2475 2681 Post
2515 2625 2926 2682 absolutionem
2965 2627 3160 2698 synodi
3193 2628 3509 2684 lleribertus

1893 2733 2081 2773 comes
2111 2719 2432 2774 Laudunum
2468 2718 2686 2792 ingredi
2735 2719 2950 2782 voluit;
3006 2721 3270 2790 praevenit
3327 2730 3511 2776 autem

1890 2823 2014 2864 eum
2045 2808 2313 2863 Rodulfus
2343 2824 2457 2874 rex,
2488 2809 2669 2863 missis
2688 2809 2780 2864 illo
2809 2809 3075 2864 militibus
3105 2809 3173 2863 ad
3203 2809 3508 2864 custodiam

1893 2897 1997 2952 loci
2034 2916 2048 2963 ;
2084 2899 2201 2968 ipse
2258 2899 2442 2955 denuo
2495 2901 2561 2934 ’59
2614 2899 2966 2968 subsecutus,
3026 2901 3171 2955 idem
3225 2901 3511 2956 castellum

1892 2989 2179 3064 ingressus
2207 2995 2309 3043 cst.
2343 2990 2408 3044 At
2468 2989 2786 3044 lleribertus
2828 2989 3080 3045 Karolum
3148 2991 3215 3044 de
3263 2990 3510 3046 custodia

1893 3079 2081 3147 ejecit,
2124 3095 2429 3150 secumque
2453 3079 2507 3133 in
2538 3095 2738 3152 pagum
2771 3079 3257 3134 Veromandinsem
3284 3079 3373 3146 35°,
3397 3079 3510 3134 sci-

1893 3170 2022 3224 licet
2054 3171 2122 3224 ad
2172 3170 2430 3225 Sanctum
2477 3169 2798 3235 Quintinum
2849 3168 3078 3224 deduxit
3126 3170 3214 3235 εθί,
3243 3168 3511 3224 Rodulfus

1895 3276 2026 3316 vero
2058 3261 2112 3314 in
2133 3259 2504 3332 Burgundiam
2536 3260 2847 3327 revertitur,
2871 3259 3114 3334 Rotgarii
3133 3260 3199 3293 ²⁶²
3225 3257 3354 3313 ﬁliis
3384 3275 3509 3314 cum

1895 3371 2062 3411 uxore
2090 3373 2188 3411 sua
2213 3357 2279 3409 ad
2313 3355 2617 3411 custodiam
2673 3355 2920 3410 Lauduni
2965 3355 3170 3410 relictis
3189 3373 3216 3420 ς
3237 3354 3330 3426 qui
3355 3369 3512 3427 egre-

1897 3445 2133 3512 dientes,
2169 3445 2287 3500 loca
2331 3461 2566 3516 quaeque
2621 3444 2906 3499 devastant
2969 3445 3038 3479 ³⁸³
3082 3445 3227 3500 circa
3258 3443 3510 3499 Codicia-

1895 3554 2019 3593 cum
2049 3538 2182 3608 (57),
2215 3537 2482 3608 episcopii
2515 3536 2805 3591 Remensis
2843 3543 3102 3591 castrum.
3135 3535 3364 3591 Karolus
3408 3535 3512 3606 igi-

1898 3639 1984 3685 tur
2005 3647 2126 3685 cum
2153 3630 2434 3684 lleriberto
2486 3629 2821 3701 colloquium
2867 3629 3001 3700 petit
3048 3628 3507 3683 Nortmannorum

1890 3726 1958 3779 ad
1982 3725 2351 3778 ’“castellum
2408 3725 2556 3795 quod
2608 3724 2758 3798 Auga
2819 3725 2886 3758 ²⁶⁵
2943 3732 3187 3788 vocatur,
3230 3722 3416 3793 ibique
3445 3738 3506 3776 se

1890 3813 2040 3867 ﬁlius
2071 3812 2316 3867 Rollonis
2373 3813 2566 3867 Karolo
2621 3813 2914 3867 committit
2975 3814 3065 3880 πθ,
3110 3819 3163 3866 et
3207 3810 3504 3865 amicitiam

1891 3909 2068 3964 ﬁrmat
2097 3925 2220 3963 cum
2270 3908 2580 3962 lleriberto.
2640 3907 2815 3962 Metus
2869 3908 3082 3962 interea
3123 3906 3243 3960 falsi
3273 3905 3509 3960 rumoris

1893 4005 2270 4078 Hungarorum
2303 4013 2357 4058 et
2389 4003 2529 4076 fugae
2582 4019 2681 4074 per
2738 4019 2966 4075 regnum
3014 4001 3368 4057 Lothariense
3391 3999 3511 4076 agi-

1892 4104 2076 4152 tantur
2100 4103 2154 4151 et
2180 4096 2486 4152 Franciam.
2518 4097 2672 4152 Anno

2498 4185 2907 4240 DCCCCXXVIII

1894 4277 2209 4341 inchoante,
2260 4278 2314 4331 in
2369 4277 2503 4348 ipsis
2547 4278 2832 4334 solemniis
2885 4278 2950 4312 ²⁶⁷
2991 4285 3144 4333 ortus
3195 4278 3262 4311 ²⁶⁸
3283 4274 3502 4342 Christi,

1896 4369 2164 4425 Rodulfus
2187 4370 2250 4424 dc
2283 4370 2599 4445 Burgundia
2649 4387 2772 4426 cum
2817 4371 3002 4426 hostili
3052 4369 3503 4440 Burgundionum

1897 4477 2060 4516 manu
2094 4463 2246 4516 venit
2277 4461 2329 4515 In
2378 4462 2658 4516 Franciam
2718 4462 3037 4532 praedando,
3094 4471 3148 4516 et
3203 4461 3365 4514 etiam
3392 4460 3508 4523 loca

1891 4550 2140 4620 quaedam
2193 4550 2559 4606 incendendo.
2608 4550 2701 4604 Cui
2744 4551 2896 4623 Hugo
2945 4550 3092 4605 ﬁlius
3134 4550 3375 4605 Rotberti
3408 4550 3508 4604 ob-

1891 4639 2033 4692 viam
2092 4646 2350 4709 properat
2416 4639 2812 4710 venientesque
2858 4655 3027 4710 super
3085 4639 3308 4709 lsaram,
3367 4638 3510 4693 inter

1529 4797 1746 4852 VARle
1776 4796 2156 4852 LECTlONES.

258 4923 320 4994 9°
389 4928 671 4982 uotinsem
730 4929 784 4994 2,
846 4930 1129 4984 vozinsem
1193 4929 1246 4983 3.
1327 4929 1391 4962 ’3’
1453 4929 1599 4982 deest
1655 4929 1707 4994 1,
1766 4928 1820 4993 3,

1874 4928 1961 4998 ἕθεν
1997 4929 2055 4980 in
2107 4927 2220 4981 eod.
2295 4927 2318 4981 1
2406 4934 2490 4981 est
2570 4930 3024 4998 supersm'iptum.
3092 4925 3159 4959 ’33
3223 4923 3392 4998 veluti

203 4991 260 5073 ’f‘
285 4993 564 5073 immutata
607 4999 664 5073 2,
695 4991 964 5073 1“hi-deest
992 5001 1069 5073 2.;
1105 5001 1174 5073 33f"
1227 4999 1607 5073 vvalleburgis_
1641 4991 1814 5073 ‘2,'d3,_'
1859 4997 2162 5073 galbusgis.
2216 5001 2371 5073 Hugo
2434 5001 2514 5073 ΕΙ.
2555 4991 2666 5073 ἔπ’-
2694 4991 2861 5073 safpe—
2895 4997 3089 5073 fiunt.“
3114 4998 3266 5061 Hugo
3322 4995 3398 5073 μθ
3441 4994 3508 5073 ³3⁸

201 5064 324 5119 deest
363 5069 414 5120 1.
459 5071 528 5103 ²³⁹
562 5086 612 5124 c.
638 5071 680 5139 j.
715 5073 905 5126 desunt
945 5072 966 5124 1
1009 5071 1077 5104 "0
1139 5070 1439 5177 fugientem

200 5133 534 5177 ²⁴ι1ιρῑιηῖιιίο
564 5141 600 5177 θ
659 5142 893 5177 ιιοιηςιιςε
953 5143 984 5177 ρ
1035 5142 1065 5177 ρ
1096 5143 1128 5177 ιι
1172 5143 1240 5177 ενδ
1292 5150 1438 5177 rn1nn

284 5137 535 5193 heiloidis
564 5137 896 5197 2.'heloidis
952 5143 1004 5196 3.
1035 5142 1066 5196 3
1096 5143 1148 5196 b.
1172 5145 1200 5175 ²ν

272 5211 604 5291 θξοτὶιυιχῖ.
816 5215 959 5291 deest
987 5214 1164 5291 1:“25‘
1201 5203 1463 5291 meten‘sis
1491 5215 1541 5268 3,
1597 5218 1648 5291 ft
1679 5215 1849 5291 έρ-ίνα,
1884 5212 1951 5245 252
1984 5227 2099 5291 Proh
2142 5212 2336 5291 e998,?
2483 5214 2552 5246 2.33

1587 5071 1638 5127 3.
1673 5071 1735 5104 ‘3“
1805 5069 2084 5123 hu'chardo
2117 5069 2172 5127 3.
2239 5071 2306 5104 "3

1220 5118 1240 5177 ἒ
1292 5113 1580 5215 rotgardtis
1618 5143 1757 5196 1."6
1812 5141 2072 5194 victricus
2113 5142 2167 5195 2.
2203 5141 2268 5174 "7
2318 5142 2581 5194 caduardi
2631 5141 2684 5194 2.
2721 5141 2787 5174 "8
2818 5113 3152 5244 rotgerio1,l
3197 5113 3421 5209 roltgarii
3450 5135 3503 5188 2.

1220 5215 1463 5264 netensis
1491 5215 1541 5264 3.
1599 5218 1648 5264 et
1679 5215 1849 5264 infra.
1884 5212 1951 5245 ²⁵²
1984 5227 2080 5264 pro
2142 5212 2336 5264 eodem
2396 5213 2446 5264 3.
2483 5214 2552 5246 2-33
2605 5228 2745 5264 auos
2794 5213 2845 5264 1.
2923 5211 2966 5244 °'*
3024 5208 3252 5264 euiscon
3289 5225 3300 5260 :
3332 5224 3420 5261 um
3449 5206 3503 5260 2.

2357 5070 2506 5124 italia
2541 5071 2592 5124 2.
2657 5064 2858 5123 italiam
2923 5070 2975 5121 3.
3024 5067 3091 5100 Μ
3119 5081 3340 5137 quoque.
3366 5064 3420 5137 2.
3451 5065 3502 5137 3.

2605 5228 2745 5282 quos
2794 5213 2845 5264 1.
2899 5206 2966 5244 ‘15"
3024 5206 3420 5282 episc0p_:'um

201 5274 257 5308 ’⁵⁵
287 5281 468 5347 plures
512 5283 569 5336 1.
633 5285 700 5318 ’55
756 5285 897 5339 deest
923 5285 978 5338 2.
1023 5285 1090 5319 ’57
1142 5285 1534 5355 compendium
1591 5285 1646 5338 2.
1701 5274 1767 5317 πίε
1801 5274 2020 5336 rennuit
2068 5283 2121 5336 2.
2175 5284 2242 5317 =59
2289 5283 2529 5354 denique
2581 5274 2639 5336 2:
2709 5284 2760 5337 3.
2824 5282 2890 5316 ²⁶⁰
2947 5274 3422 5335 ueromandissem
3451 5277 3504 5330 ‘2.

199 5344 508 5377 161.I-.I..-:.
542 5355 579 5377 α
638 5355 669 5377 0
720 5356 788 5377 οκο
846 5355 1068 5377 _-.___::
1123 5356 1141 5377 ι
1206 5358 1275 5377 om
1331 5357 1606 5377 -ι-----.-..ι
1665 5355 1699 5377 ιι
1754 5355 1822 5377 om.
1882 5357 1943 5377 ...ι
2009 5370 2033 5377 -
2118 5371 2145 5377 η.
2229 5354 2247 5377 Δ
2320 5372 2352 5377 --
2445 5358 2494 5377 _-,_.
2559 5357 2808 5377 m---._.---..
2859 5353 2892 5377 ι.)
2948 5353 3014 5377 om:
3083 5350 3197 5377 tl.--
3240 5352 3386 5377 nun...
3428 5350 3484 5377 17)

241 5347 788 5428 fdeduc_it_2._3.?f‘2
846 5355 1070 5428 rotgerii
1110 5347 1285 5428 71.353-
1324 5357 1610 5410 devastent
1665 5355 1721 5419 2,
1754 5355 1822 5388 ³6⁸
1879 5357 1946 5406 ad
2005 5370 2055 5408 c.
2111 5371 2167 5426 q.
2218 5354 2278 5409 A.
2320 5372 2374 5408 ν.
2442 5347 2499 5408 in
2559 5357 2808 5424 margine
2859 5353 2912 5407 2.
2948 5353 3014 5387 εδδ
3071 5350 3203 5426 Alga
3231 5352 3386 5417 Hugo
3423 5350 3505 5403 Εἰ.

197 5415 257 5450 ²⁶⁶
281 5425 577 5480 committit
606 5425 662 5494 2,
693 5426 760 5461 ²⁶⁷
799 5415 1067 5482 solenniis
1097 5427 1149 5482 1.
1183 5427 1251 5461 ²⁶⁸
1281 5434 1462 5484 ortum
1497 5429 1542 5483 1.

1746 5524 1957 5580 ΝΟΤίΕ.

261 5617 365 5690 ιζ’57)
395 5623 593 5693 Coucy.
