3960 6160
425 221 533 278 439

1554 215 1924 273 FLODOARDI
1968 216 2271 272 CANONICI
2313 215 2639 271 REMENSIS

3653 217 3756 271 440

428 359 722 418 Rodulfum
755 367 810 414 et
847 357 1191 412 Heribertum
1214 354 1470 412 comitem
1501 362 1792 428 sequester
1828 365 1882 411 et
1914 357 2037 410 nfe-
2062 357 2113 427 (ἶ
2140 356 2342 421 reddit,
2375 356 2500 410 data
2528 353 2638 409 sibi
2692 353 2799 407 alia
2850 351 3381 424 recompensationis
3425 352 3497 387 ³⁸⁸
3546 354 3756 426 gratia;

427 456 551 511 dius
589 454 711 518 fuit,
753 458 806 507 et
862 451 930 505 ab
977 450 1264 505 Heriberto
1304 449 1532 504 obsides
1578 449 1814 522 accepit,
1864 450 2042 505 donec

427 547 623 601 iterum
654 543 719 598 ad
762 541 1180 598 denominatum
1212 540 1475 611 placitum
1508 540 1887 595 convenirent.
1924 539 2041 603 Quo

424 633 589 696 facto,
620 630 953 687 Rodulfusin
977 629 1345 700 Burgundiam
1370 628 1686 693 revertitur,
1720 641 1831 681 non
1853 627 2042 681 valens

423 721 654 778 suadere
677 718 1038 794 conjugisuaa
1084 716 1352 772 Lauduno
1403 715 1716 771 discedere.
1778 716 1842 769 At
1874 715 2037 769 Heri-

426 814 615 870 bertus
640 827 828 869 comes
857 809 1042 865 Remis
1064 824 1186 863 cum
1213 807 1407 862 Karolo
1428 808 1598 873 venit,
1634 807 1876 878 indeque
1903 805 2045 860 litte-

425 921 511 961 ras
540 904 708 959 mittit
753 904 979 958 Romam
1038 902 1276 958 Johanni
1330 918 1506 973 papae,
1539 901 1861 976 significans
1894 898 1943 953 ei
1976 897 2044 933 ²⁶⁹

424 995 492 1049 de
523 992 873 1049 restitutione
904 998 960 1046 et
990 991 1200 1045 honore
1259 990 1457 1052 Karoli,
1492 998 1552 1045 ut
1608 989 1699 1044 illc
1731 988 1836 1043 sibi
1869 987 2034 1041 etiam

424 1085 528 1142 sub
555 1082 1139 1140 excommunicationis
1170 1082 1619 1137 interminatione
1680 1079 2037 1134 mandaverat

423 1195 484 1235 se
515 1194 615 1250 pro
644 1178 852 1233 viribus
876 1176 1179 1232 decertare.
1214 1174 1484 1231 Rodulfus
1508 1192 1600 1230 rex
1622 1184 1678 1230 et
1716 1172 2039 1228 lleribertus

423 1286 611 1330 comes
637 1272 833 1328 iterum
866 1270 933 1325 ad
966 1270 1223 1342 placitum
1247 1271 1359 1339 jam
1389 1270 1530 1324 infra
1559 1266 2036 1340 quadragesimam

423 1364 705 1420 veniunt.
743 1362 953 1435 Regina
1008 1376 1144 1417 uxor
1190 1360 1407 1417 Rodulfi
1474 1360 1793 1416 Laudunum
1855 1357 2030 1412 relin-

424 1456 541 1528 quit
566 1455 655 1521 "0,
687 1462 743 1510 et
770 1454 826 1509 in
868 1454 1238 1528 Burgundiam
1290 1454 1453 1509 redit.
1509 1452 1822 1506 Heribertus
1851 1465 2038 1506 comes

424 1542 686 1598 Laudnno
716 1543 946 1613 potitur,
980 1542 1252 1596 etexinde
1286 1542 1545 1613 placitum
1579 1556 1703 1596 cum
1748 1540 2038 1595 Nortman-

424 1637 511 1692 nis
540 1635 751 1701 habuit,
811 1636 1040 1708 ipseque
1088 1636 1153 1672 ²τ¹
1202 1643 1257 1691 et
1288 1637 1441 1711 Hugo
1498 1636 1567 1670 ²⁷²
1621 1634 1925 1689 amiciciam
1967 1634 2037 1670 ²⁷³

2145 453 2480 517 paeaturque
2509 451 2615 499 tam
2660 442 2773 514 ipse
2800 458 2965 514 quam
3022 442 3366 516 Ragenarius
3421 459 3549 497 cum
3584 443 3758 499 Gisle—

2143 538 2300 593 berto
2330 546 2386 592 et
2411 536 2610 592 ceteris
2640 533 3109 589 Lothariensibus.
3167 534 3321 609 [Iugo
3351 543 3407 590 et
3438 534 3760 589 Reribertus

2142 629 2207 684 ad
2237 628 2547 683 Reinricum
2581 626 2650 660 ²⁸δ
2680 624 2943 696 colloquii
2999 640 3165 680 causa
3194 625 3641 695 proﬁciscuntur,
3676 625 3760 680 in-

2145 721 2326 792 deque
2377 723 2734 778 revertentes,
2781 716 3001 772 obviam
3056 723 3294 788 pergunt
3350 717 3466 789 regi
3500 716 3760 772 Rodulfo.

2145 811 2462 880 Rursusque
2485 808 2803 863 Heribertus
2858 823 2918 862 se
2958 807 3037 861 illi
3068 807 3396 874 committit,
3432 807 3636 862 iterum
3667 822 3760 861 re-

2146 901 2305 955 dacto
2344 899 2449 955 sub
2509 899 2761 954 custodia
2816 899 3016 954 Karolo
3048 916 3063 964 ;
3096 897 3301 954 deinde
3367 914 3493 953 cum
3522 896 3762 954 Rodulfo

2146 991 2513 1065 proficiscitur
2566 990 2621 1046 in
2681 990 3051 1063 Burgundiam
3093 988 3312 1046 obviam
3344 989 3563 1064 Hugoni
3597 989 3763 1045 Italiae

2138 1081 2274 1153 regi,
2305 1079 2607 1135 Vindemiae
2634 1094 2778 1151 pene
2809 1085 3152 1153 peraguntur
3172 1078 3316 1133 infra
3353 1094 3610 1133 mensem
3659 1080 3766 1133 Au-

2136 1177 2377 1245 gustum.
2414 1169 2567 1242 Hugo
2594 1184 2685 1224 rex
2736 1170 2946 1224 habens
2974 1169 3311 1242 colloquium
3343 1186 3466 1225 cum
3496 1168 3762 1235 Rodulfo,

2138 1259 2291 1313 dedit
2319 1258 2608 1313 Heriberto
2664 1259 2852 1314 comiti
2910 1259 3246 1330 provinciam
3279 1260 3657 1316 Viennensem
3701 1260 3765 1296 ³⁸³

2132 1348 2253 1403 vice
2283 1346 2378 1401 filii
2408 1348 2491 1402 sui
2519 1347 2747 1403 Odonis.
2783 1348 2970 1403 Benno
3017 1348 3300 1404 Mettensis
3335 1349 3404 1384 ²⁸⁹
3437 1349 3763 1420 episcOpus,

2139 1437 2360 1492 insidiis
2390 1436 2692 1507 appetitus,
2751 1437 2997 1493 eviratus
3048 1437 3461 1508 luminibusque
3517 1437 3766 1508 privatus

2138 1534 2242 1581 est.
2289 1518 2509 1607 Πορδιῇ
2602 1542 2695 1580 rex
2750 1525 2934 1581 Remis
2971 1527 3220 1592 veniens,
3254 1542 3445 1598 pacem
3480 1526 3618 1581 fecit
3639 1542 3761 1581 cum

2136 1608 2509 1679 Karolo',"rc'd
2558 1607 2674 1667 lens
2708 1613 2787 1667 illi
2837 1613 2906 1648 ’90
2954 1613 3285 1682 Atiniacum,
3317 1613 3765 1685 muneribusque

421 1742 548 1783 cum
577 1726 659 1781 eis
704 1700 1053 1801 pepigerunt.
1104 1726 1273 1780 Filius
1339 1700 1523 1781 tamen
1587 1724 1852 1782 tleriberti
1903 1725 2031 1793 Odo,

2137 1700 2420 1756 honorans
2440 1700 2503 1755 ill
2544 1718 2620 1755 m.
2653 1701 2810 1757 Anno

424 1833 588 1890 quem
636 1817 794 1872 Rollo
852 1816 1091 1871 habebat
1140 1817 1411 1883 obsidem,
1471 1812 1581 1870 non
1651 1817 1899 1873 redditur
1929 1818 2034 1886 illi,

423 1908 603 1965 donec
632 1924 690 1964 se
721 1908 1011 1964 committit
1038 1907 1233 1963 Karolo
1265 1915 1422 1979 pater
1450 1923 1572 1963 cum
1626 1908 1749 1962 aliis
1795 1908 2031 1980 quibus~

423 2001 548 2057 dam
589 2001 831 2055 Francia;
886 2000 1179 2055 comitibus
1234 2005 1289 2055 et
1342 1999 1637 2071 episcopis.
1662 2001 2040 2071 Tempestates

422 2092 585 2147 variae
614 2091 848 2147 diversis
890 2090 1029 2147 locis
1065 2088 1250 2146 effusae
1304 2092 1391 2146 ω.
1415 2091 1671 2167 Otgorius
1701 2091 2036 2147 .lmbiancn-

421 2185 561 2239 sium
590 2183 812 2256 praesul,
845 2185 927 2239 vir
980 2191 1205 2239 sanctus
1230 2191 1285 2239 et
1339 2184 1536 2254 plenus
1571 2184 1810 2249 dierum,
1842 2185 1984 2241 obiit
2019 2202 2034 2251 ;

421 2275 581 2344 cujus
607 2275 720 2331 vita
747 2292 922 2347 usque
954 2275 1020 2330 ad
1080 2291 1256 2330 annos
1286 2282 1505 2330 centum
1556 2283 1611 2331 et
1642 2276 1877 2347 amplius
1908 2292 2036 2348 pro-

421 2367 590 2423 telata
616 2367 686 2403 "5
717 2366 977 2423 refertur.
1033 2366 1350 2422 Heribertus
1395 2372 1584 2422 comes
1618 2368 1895 2438 quandam
1921 2384 2038 2423 mu-

423 2454 689 2510 nitionem
716 2453 953 2511 filiorum
1009 2456 1249 2527 Rotgarii
1282 2456 1372 2522 ³⁷⁸,
1397 2472 1561 2528 quam
1593 2456 1782 2511 dicunt
1812 2456 2035 2512 Morita-

422 2549 567 2603 niam
590 2549 655 2584 ³⁸η
678 2549 810 2621 (58),
840 2566 1010 2622 super
1065 2550 1319 2606 Scaldum
1373 2549 1600 2605 fluvium
1629 2550 1698 2585 ³⁷⁸
1723 2551 1775 2605 vi
1803 2551 1951 2623 cepit
1982 2559 2038 2609 et

421 2637 608 2692 diruit.
644 2638 859 2694 interea
881 2640 1084 2694 missus
1113 2639 1385 2693 Heriberti
1416 2639 1631 2694 comitis
1654 2639 1823 2694 Roma
1854 2656 2035 2695 rever-

420 2726 573 2793 titur,
606 2727 869 2781 nuntians
889 2728 1196 2784 Jobannem
1228 2743 1425 2798 papam
1477 2744 1508 2781 a
1571 2726 1826 2790 Widone,
1866 2726 2033 2783 fratre

420 2813 664 2889 Hugonis
698 2816 768 2851 ’79
807 2815 972 2890 regis,
1003 2822 1230 2887 prOpter
1255 2814 1586 2870 simultatem
1602 2815 1875 2887 quandam
1893 2816 2035 2871 inter

420 2904 543 2960 illos
571 2912 812 2961 exortam
840 2916 1113 2963 retrusum
1146 2909 1215 2944 ³⁸0
1254 2909 1310 2962 in
1342 2923 1639 2963 carcerem.

489 2996 773 3055 Odalricus
831 3001 896 3038 ²⁸¹
950 3001 1222 3073 Aquensis
1283 3001 1369 3071 (59
1419 3002 1643 3073 quidam
1666 3002 1964 3073 episcopus
1999 3002 2033 3035 ⁸⁸⁵

2212 1794 2263 1870 [τε
2289 1795 2431 1850 Ibid.
2463 1795 2679 1870 Karolo,
2716 1796 3011 1870 humilians
3037 1813 3096 1853 se
3125 1797 3268 1867 Lante
3299 1798 3472 1870 ipsius
3502 1813 3761 1870 prmscn-

2210 1866 2341 1921 tiam
2368 1874 2425 1922 et
2446 1867 2707 1935 reddens,
2745 1869 2875 1940 etc.)

2769 1961 3136 2018 DCCCCXXIX

2141 2049 2462 2107 Heribertus
2504 2057 2561 2105 et
2616 2050 2770 2125 Hugo
2827 2051 3058 2107 comites
3086 2060 3277 2108 contra
3316 2051 3626 2121 Bosonem,
3658 2052 3766 2109 Ro-

2139 2139 2273 2196 dulfi
2306 2142 2454 2216 regis
2491 2140 2737 2209 fratrem,
2760 2142 3204 2214 proficiscuntur,
3229 2151 3456 2214 propter
3485 2144 3763 2215 quosdam

2138 2234 2414 2290 Rothildis
2441 2235 2632 2290 alodes
2659 2251 2836 2306 nuper
2863 2235 3314 2307 defunctae,quos
3346 2252 3377 2290 a
3410 2237 3636 2292 Bosone
3649 2254 3766 2309 per-

2136 2345 2294 2385 vasos
2333 2331 2622 2401 repetebat
2679 2330 2855 2405 Hugo,
2911 2348 3086 2405 gener
3136 2331 3314 2402 ipsius
3367 2332 3679 2387 Rothildis.
3708 2335 3769 2389 At

2138 2416 2450 2472 Heribertus
2493 2433 2679 2474 comes
2727 2418 3094 2475 Victoriacum
3138 2420 3271 2491 (61),
3304 2420 3533 2476 Bosonis
3564 2423 3768 2477 castel-

2135 2502 2248 2559 lum
2277 2505 2441 2576 ccpit,
2467 2513 2521 2561 et
2548 2509 2776 2579 posthac
2826 2510 2890 2543 ’9‘
2959 2508 3211 2565 inducias
3250 2511 3382 2565 dant
3430 2510 3647 2566 Bosoni
3674 2527 3763 2567 us-

2136 2616 2242 2672 que
2261 2601 2330 2655 ad
2359 2599 2526 2657 ﬁnem
2573 2603 2696 2658 Maii
2727 2604 2954 2659 mensis.
2988 2605 3127 2660 Boso
3179 2605 3249 2661 ad
3278 2605 3600 2660 ileinricum
3622 2622 3760 2677 pro-

2135 2692 2331 2762 fectus,
2371 2708 2561 2764 pacem
2592 2694 2811 2765 publice
2844 2696 2911 2729 ²⁰²
2929 2695 3120 2764 jurare
3150 2695 3521 2768 compellitur.
3556 2696 3761 2752 Derol-

2135 2787 2238 2842 dus
2269 2787 2521 2849 medicus
2550 2789 2928 2861 episcOpatum
2956 2790 3382 2847 Ambianensem
3405 2791 3473 2825 ²⁹³
3491 2791 3772 2863 adipisci-

2134 2875 2466 2950 tur,.Albero
2525 2877 2846 2934 Mettenscm
2890 2895 2905 2946 ;
2956 2879 3210 2935 Bennoni
3271 2880 3508 2952 quadam
3535 2879 3770 2935 abbatia

2132 2979 2395 3019 concessa
2456 2966 2875 3022 sustentationis
2930 2974 3121 3022 tenore
3175 2967 3262 3022 ’9‘.
3332 2967 3670 3024 Heribertus
3714 2976 3771 3023 et

2132 3055 2284 3128 Hugo
2314 3054 2761 3112 Monasteriolum
2794 3058 2927 3128 (62),
2979 3057 3266 3114 castellum
3296 3057 3508 3113 Erluini
3531 3059 3633 3126 ³³⁵,
3669 3059 3766 3115 filii

500 3111 553 3184 [*
578 3117 719 3170 Hist.
740 3118 882 3171 Rem.
914 3133 988 3181 ιν,
1021 3115 1106 3172 22.
1126 3116 1562 3188 Episc0pns,qui
1590 3118 1660 3172 ob
1690 3118 2028 3187 persecutio-

500 3203 611 3223 nam
645 3187 1068 3223 Qnrrnnnnnrnm
1099 3204 1125 3223 ο
1157 3188 1290 3223 nnrln
1322 3204 1416 3223 mm
1443 3195 1739 3223 ναηηοοωιοι
1769 3189 1784 3223 1

2135 3111 2379 3219 Ηὶιξδηᾶί
2415 3146 2659 3215 comitis,
2690 3111 2969 3217 obsident,
2985 3150 3323 3223 tandemque
3341 3150 3594 3222 acceptis
3611 3111 3765 3207 obsi-

486 3203 614 3247 nem
645 3187 1069 3243 Sarracenorum
1097 3204 1129 3242 a
1157 3187 1291 3243 Sede
1322 3187 1420 3243 Sua
1443 3187 1742 3243 recesserat
1768 3189 1784 3261 ]

416 3321 472 3378 in
500 3318 747 3376 aacclesia
776 3318 1035 3374 Remensi
1097 3318 1167 3353 ’⁸³
1223 3318 1484 3389 recipitur
1509 3317 1578 3373 ab
1612 3318 1898 3375 Heriberto
1929 3336 2025 3376 co-

414 3410 543 3466 mite
581 3409 651 3465 ad
698 3409 1091 3465 celebrandum
1132 3409 1449 3481 episcopale
1484 3410 1748 3466 duntaxat
1776 3413 2026 3467 ministe-

414 3503 554 3557 rium
582 3501 699 3557 vice
721 3500 1175 3574 Hugonis,ipsius
1194 3502 1410 3557 comitis
1443 3500 1539 3556 filii
1571 3502 1753 3558 adhuc
1784 3505 2020 3574 parvuli,

411 3591 845 3660 concediturque
877 3588 981 3660 ipsi
1018 3589 1269 3645 Odalrieo
1318 3590 1539 3645 abbatia
1592 3598 1802 3647 tantum
1846 3592 2019 3648 sancti

407 3677 679 3734 Timothei
717 3693 840 3732 cum
870 3677 1167 3748 praebenda
1217 3678 1500 3733 canonica.
1557 3678 1858 3746 Heinricus,
1889 3679 2018 3733 Ger-

2127 3240 2289 3295 dibus
2320 3250 2690 3298 revertuntur.
2750 3243 3031 3301 Johannes
3072 3261 3236 3319 papa,
3286 3246 3418 3302 dum
3457 3249 3764 3319 aquadam

2127 3332 2336 3402 potenti
2361 3332 2569 3388 femina
2596 3336 2927 3408 cognomine
2957 3337 3189 3393 Marocia
3217 3337 3535 3409 principatu
3569 3341 3766 3409 priva-

2125 3435 2211 3482 tus
2241 3427 2346 3483 sub
2376 3429 2624 3484 custodia
2652 3430 3017 3500 detineretur,
3049 3440 3109 3488 ut
3147 3433 3371 3505 quidam
3396 3433 3548 3499 vi,ut
3566 3436 3766 3505 plures

2122 3523 2397 3586 astruunt,
2425 3525 2578 3574 actus
2614 3535 2843 3595 angore,
2869 3520 3213 3596 defungitur.
3259 3522 3489 3579 Karolus
3520 3538 3762 3596 quoque

2121 3627 2215 3666 rex
2245 3613 2315 3647 ³9⁸
2344 3614 2491 3683 apud
2522 3614 2815 3670 Perronam
2847 3617 2914 3650 ³³⁷
2973 3616 3129 3673 obiit.
3165 3617 3426 3674 Simultas
3455 3618 3615 3674 inter
3652 3618 3763 3673 Hu-

2118 3719 2319 3778 gonem
2372 3712 2427 3760 et
2490 3706 2837 3762 Heribertum
2905 3709 3136 3765 comites
3194 3710 3455 3777 exoritur,
3519 3720 3757 3783 recepto

408 3771 606 3826 mania?
636 3771 705 3805 ’⁸³
730 3770 1009 3843 Princeps.
1036 3787 1160 3826 cum
1218 3772 1569 3827 ηιυίῑίιυάίηθ
1627 3772 2018 3829 Germanorum
2119 3770 2384 3848 fierluino
2410 3793 2480 3848 ab
2513 3794 2738 3867 Hugono
2769 3812 2893 3850 cum
2928 3805 3071 3852 terra
3097 3814 3219 3866 sua,
3243 3805 3299 3854 et
3348 3770 3682 3868 Hilduino‘,

408 3866 660 3922 Rhenum
701 3864 933 3931 transiit,
958 3872 1013 3921 et
1043 3882 1211 3938 supra
1278 3865 1479 3921 Mosam
1522 3867 1776 3934 veniens,
1803 3864 2033 3924 obsidet.

406 3955 684 4026 quoddam
722 3961 959 4010 castrum
1000 3954 1231 4010 Bosonis
1269 3956 1486 4011 comitis
1524 3958 1747 4012 nomine
1789 3945 2053 4013 Durofo-I

403 4055 544 4102 stum
579 4047 709 4118 (60),
740 4063 838 4118 pro
862 4062 928 4102 eo
958 4048 1107 4118 quod
1161 4048 1298 4103 Boso
1330 4048 1396 4103 ad
1447 4048 1624 4119 legem
1652 4050 1840 4105 venire
1865 4051 2022 4106 nole-

405 4138 496 4191 bat
533 4137 603 4192 de
630 4136 961 4208 quibusdam
1003 4137 1239 4191 abbatiis
1298 4144 1353 4193 et
1407 4145 1551 4193 terra
1610 4138 1679 4174 ³⁸⁸
1726 4143 2016 4217 episcopa-

405 4233 556 4279 tuum
615 4226 710 4291 ³⁸⁵,
762 4242 926 4298 quam
983 4225 1270 4296 potestatis
1323 4226 1648 4283 auctoritate
1686 4239 1927 4300 ceperat,
1961 4241 2017 4288 et

404 4314 754 4389 pertinaciter
785 4315 1021 4369 lleinriei
1071 4322 1343 4386 praecepta
1374 4330 1644 4385 spernens
1675 4316 1960 4374 detinebat
1998 4342 2010 4379 τ

2004 4366 2021 4389 Ἰ

402 4403 735 4475 mittensque
765 4404 833 4458 ad
876 4405 1164 4467 Bosonem,
1214 4420 1403 4475 pacem
1439 4406 1693 4477 Spondet,
1738 4407 1782 4462 si
1823 4409 1890 4464 ad
1944 4427 2006 4466 se
2036 4368 2092 4438 D

398 4493 603 4549 veniat.
634 4494 732 4560 Qui
775 4494 1015 4566 acceptis
1067 4494 1354 4551 obsidibus
1406 4504 1566 4566 pacto
1604 4499 1915 4555 securitatis
1945 4501 2014 4555 ab

401 4583 674 4654 lleinrico,
705 4584 857 4641 venit
885 4585 952 4640 ad
984 4601 1133 4653 eum,
1163 4586 1325 4659 eique
1382 4586 1703 4645 fidelitatem
1737 4596 1791 4646 et
1819 4607 2009 4663 pacem

2196 3884 2245 3955 [*
2270 3887 2339 3939 H.
2362 3887 2427 3941 Β.
2463 3902 2536 3951 ιν,
2569 3886 2658 3941 23.
2694 3886 2917 3943 Necnon
2937 3894 2993 3943 et
3021 3889 3280 3962 Arnaldo]

2121 3976 2215 4046 qui
2236 3983 2352 4031 erat
2377 3976 2643 4052 Hugonis,
2677 3977 2746 4032 ab
2780 3979 3087 4035 Heriberto.
3130 3981 3239 4037 Vite
3289 3980 3508 4053 Alpium
3539 4000 3576 4039 a
3607 3984 3752 4039 Sar-

2121 4067 2336 4122 raccnis
2364 4066 2629 4132 obsessae,
2658 4085 2691 4124 a
2746 4069 2953 4142 quibus
3000 4061 3424 4130 multi'Romam
3457 4075 3749 4146 proficisci

2120 4157 2385 4220 volentes,
2419 4156 2672 4228 impediti
2713 4165 3075 4215 revertuntur.
3105 4160 3263 4216 Anno

2756 4246 3091 4302 DCCCCXXX

2120 4315 2392 4371 Rodulfus
2423 4332 2515 4370 rex
2545 4316 2912 4373 Nortmannos
2934 4318 3001 4373 de
3032 4319 3233 4389 Ligeri,
3263 4320 3358 4393 qui
3382 4322 3749 4394 Aquitaniam

2125 4405 2635 4476 depraedationibus
2689 4408 2757 4441 ³9⁸
2814 4406 3168 4475 infestabant,
3226 4409 3280 4464 in
3338 4427 3482 4486 pago
3529 4412 3752 4469 Lemo-

2122 4495 2304 4552 vicino
2333 4496 2437 4531 ’9"
2493 4511 2603 4552 uno
2656 4498 2850 4569 proelio
2903 4516 3046 4571 pene
3077 4501 3300 4569 delevit,
3329 4508 3384 4557 et
3425 4502 3752 4574 Aquitanos

2188 4591 2239 4663 [*
2259 4593 2329 4647 Η.
2364 4594 2427 4648 R.
2460 4608 2512 4646 IV
2534 4590 2622 4647 23.
2658 4591 2714 4647 C.
2747 4595 2924 4649 sancti
2956 4595 3186 4671 Remigii
3219 4597 3586 4669 municipium
3618 4600 3639 4673 ]

398 4690 570 4749 regno
588 4675 903 4745 juramento
934 4677 1224 4749 promittit,
1282 4686 1480 4734 terram
1513 4696 1677 4752 quam
1710 4681 1763 4736 vi
1789 4692 2012 4753 ceperat
2111 4685 2220 4740 sibi
2275 4685 2525 4741 subditos
2581 4685 2729 4742 fecit.
2771 4687 3092 4746 Heribertus
3140 4691 3437 4748 Arnoldum
3492 4693 3588 4760 3°“,
3643 4697 3747 4769 qui

1736 4783 1958 4840 VARUE
2003 4782 2377 4842 LECTIONES.

467 4872 793 4965 #:9158391};
821 4876 1166 4965 reliquit
1328 4879 1857 4965 gom‘relinquitg
1927 4885 2166 4965 sfllﬂipae
2212 4887 2269 4965 2.
2331 4887 2400 4920 ³⁷³
2451 4886 2518 4965 Η.
2567 4885 2714 4942 filius
2758 4887 3007 4965 Rotberti
3041 4890 3095 4965 3.
3135 4891 3205 4926 ²τ³
3227 4892 3655 4965 amicitiamque
3682 4896 3742 4952 2.

395 4948 463 4982 ’τι
483 4944 740 5002 eﬂulsere
759 4948 812 5004 2.
848 4948 919 4984 ³⁷⁸

1002 4948 1175 5029 rolata
1226 4949 1280 5003 2.
1329 4948 1401 5029 3n
1431 4948 1790 5029 "fﬂictgarii
1824 4953 1876 5008 2.
1939 4948 2156 5012 lotharii
2205 4957 2267 5029 A37
2293 4972 2471 5012 errore
2499 4962 2769 5029 typorum.
2831 4959 2897 4992 ’77
2931 4960 3274 5016 moritamam
3297 4963 3346 5017 1.
3384 4963 3456 4998 ³⁷⁸
3501 4948 3655 5022 deest
3684 4948 3742 5022 2.

394 5017 864 5107 li‘hug‘opisng.
917 5017 987 5101 ”_°
1045 5019 1326 5107 reclq‘sunrq
1371 5021 1404 5074 3
1479 5020 1545 5055 ²³¹
1607 5017 1897 5107 Οροξςξοιξε
1928 5042 2085 5107 βοὴν.
2148 5027 2427 5107 odalricus
2480 5017 2575 5082 1."
2602 5029 2694 5107 '3"
2730 5030 3001 5084 remensis
3039 5030 3092 5086 2.
3151 5033 3221 5067 ³⁸³
3264 5017 3649 5107 germanicusv

392 5089 461 5176 :2:
490 5089 709 5176 deas?
755 5090 1209 5176 "sepiscollii'q
1384 5107 1612 5176 reconp:
1640 5091 1796 5176 23f"
1855 5096 2104 5176 heinrico
2153 5100 2206 5176 _2.
2260 5100 2330 5134 ³⁸⁸
2353 5099 2605 5176 viensem
2664 5099 2718 5176 ‘2_.
2771 5102 2804 5155 3
2852 5116 2883 5154 a
2961 5101 3031 5135 ’99
3079 5089 3345 5160 metens’is
3394 5106 3446 5160 8.
3493 5089 3736 5176 stipites.

391 5160 460 5235 fg
480 5160 531 5215 ei
556 5161 608 5214 2.
645 5161 711 5196 θοι
746 5170 870 5235 post
911 5160 1029 5217 haec
1068 5160 1130 5216 ’2.
1172 5162 1226 5217 3.
1261 5161 1330 5196 ω
1387 5160 1642 5218 deest].
1695 5165 1764 5200 επ
1818 5168 2201 5224 ambianensis
2250 5171 2303 5227 1.
2351 5170 2492 5225 ηις.
2527 5178 2563 5225 ι.
2597 5186 2646 5226 c.
2680 5170 2732 5228 3.
2775 5172 2844 5208 ινδ
2910 5172 3147 5228 herluini
3176 5174 3228 5229 2.
3284 5176 3340 5232 3.
3372 5160 3739 5235 mdee’étﬁi

389 5229 845 5305 ?°7parronam1.
906 5248 1217 5305 parronam.
1279 5235 1368 5290 Hu

388 5301 714 5359 harnoldum
740 5303 775 5360 2
801 5301 1077 5359 amulfum
1110 5304 1162 5359 3.
1186 5304 1241 5361 b.

1372 5247 1434 5302 go
1470 5237 1531 5291 V.
1593 5235 1662 5270 ²⁹⁸
1715 5236 2146 5308 depraedationis
2208 5242 2262 5296 2.
2306 5240 2374 5276 ²⁹⁹
2434 5240 2711 5298 lemocino
2774 5244 2810 5298 2
2869 5242 3012 5298 idem
3077 5248 3448 5318 superscripto
3478 5246 3534 5304 ui
3567 5253 3621 5304 1.
3660 5251 3739 5287 ³⁸³³

1936 5380 2143 5437 NOTAE.

452 5478 562 5547 (58)
598 5480 928 5548 Mortaignc.

451 5551 559 5619 (59)
592 5550 650 5605 In
675 5549 983 5606 Wasconia.
1010 5551 1282 5615 Boueuur.

450 5621 564 5693 (60)
582 5621 852 5696 Reginoni
885 5624 1082 5693 Dur/os
1111 5639 1210 5692 ;an
1236 5626 1423 5694 Delft?

2166 5487 2279 5557 (61)
2306 5489 2465 5558 Vitry
2493 5504 2558 5544 en
2585 5491 2809 5546 Pertois.

2166 5559 2271 5630 (62)
2304 5562 2611 5630 Montrem'l,
2634 5577 2665 5616 a
2694 5562 2925 5620 meridie
2957 5564 3300 5622 Bononiaead
3332 5564 3494 5622 Marc.
