3938 6158
199 297 291 353 441

1704 292 2019 347 ANNALES.

3408 290 3515 346 442

198 435 306 483 erat
331 426 597 501 ﬂugonis,
651 424 878 497 recepit.
910 424 1118 480 Diversi
1148 431 1328 480 motus
1364 422 1642 498 agitantur
1678 423 1804 478 bel-
1830 428 1880 495 Α
1903 431 1988 478 tus
2016 422 2261 497 obriguit
2288 422 2471 477 nervis
2521 423 2591 457 ³²⁰
2640 431 2749 478 tam
2791 439 3051 479 manuum
3079 437 3242 494 quam
3272 421 3512 488 basium,

198 520 367 575 lorum
389 535 491 590 per
542 518 825 575 Franciam
868 518 1014 573 inter
1044 518 1327 592 Hugonem
1350 524 1404 572 et
1433 517 1795 571 Heribertum.

193 612 456 668 Rodult‘us
481 628 574 667 rex
603 613 660 666 in
700 612 982 666 Franciam
1026 612 1280 677 veniens,
1314 627 1505 682 pacem
1533 612 1678 667 inter
1703 626 1800 667 eos

194 711 350 774 atque
377 702 446 737 ³⁰¹
480 702 747 757 Bosonem
781 700 953 756 multo
997 701 1183 757 labore
1233 718 1331 773 per
1349 700 1569 756 diversa
1599 701 1799 771 placita

193 791 515 862 componit;
563 796 618 845 et
669 788 986 845 lleribertus
1041 790 1408 845 Victoriacum
1469 789 1540 824 ⁸0³
1597 786 1795 844 Bosoni

193 879 386 934 reddit.
417 878 697 933 Adelelmo
738 877 1188 933 Laudunensium
1245 877 1482 948 praesule
1512 876 1797 945 defuncto,

194 970 492 1041 Gozpertus
518 969 590 1005 303
617 985 793 1040 nepos
822 970 943 1038 ejus
983 969 1325 1040 episc0pium
1350 969 1420 1003 ³⁰⁴
1453 969 1794 1039 adipiscitur.

193 1062 509 1116 Heribertus
535 1061 814 1116 Ansellum
866 1061 1099 1117 Bosonis
1139 1060 1427 1126 vasallum,
1484 1060 1577 1133 qui
1618 1060 1799 1115 Victo-

190 1154 496 1209 riacumm
534 1153 782 1219 tenebat,
815 1169 939 1208 cum
999 1153 1118 1224 ipso
1177 1153 1406 1207 castello
1464 1151 1684 1221 recipit,
1745 1158 1799 1206 et

189 1242 531 1298 Codiciacum
588 1241 667 1295 illi
706 1257 829 1296 cum
885 1241 992 1296 alia
1048 1247 1191 1296 terra
1233 1240 1508 1296 concedit.
1562 1239 1797 1295 Rodulfo

187 1345 313 1404 rege
332 1329 389 1383 in
417 1328 788 1401 Burgundiam
816 1343 1088 1403 regresso,
1136 1327 1523 1383 Lotbarienses
1552 1328 1606 1381 in
1628 1328 1800 1382 Fran-

184 1421 319 1476 ciam
359 1436 484 1476 cum
517 1420 823 1475 Gisleberto
849 1419 1068 1474 obviam
1117 1419 1330 1490 Hugoni
1364 1419 1435 1454 ³⁰⁶
1464 1418 1714 1483 veniunt,
1743 1425 1799 1473 et

182 1511 444 1582 oppidum
475 1510 755 1582 quoddam
812 1510 1035 1565 nomine
1064 1510 1328 1582 Duagium
1360 1510 1490 1577 (63),
1519 1510 1667 1581 quod
1699 1498 1800 1563 Ar?-

186 1602 386 1657 noldns
412 1601 653 1667 tenebat,
677 1602 935 1670 adactum
974 1601 1273 1656 obsidione
1301 1601 1547 1670 capiunt.
1586 1602 1797 1655 interea

187 1691 438 1747 homines
467 1672 698 1745 Bosonis
724 1669 1094 1745 Victoriacum
1144 1669 1460 1761 proditione
1498 1689 1793 1759 recipiunt,

1900 513 2187 583 ruentique
2218 511 2326 566 sibi
2356 512 2655 582 pavimenti
2693 529 2756 568 os
2784 514 2958 568 visum
2991 520 3076 568 est
3103 512 3400 567 adhaesisse
3432 511 3517 565 la-

1897 609 2013 680 pidi
2054 627 2068 675 ;
2103 625 2211 680 quo
2246 609 2410 680 paulo
2440 616 2564 679 post
2617 608 2877 672 resoluto,
2919 617 3027 663 tam
3055 608 3314 663 manibus
3345 622 3512 678 quam

1899 701 2151 756 cruribus
2178 702 2359 773 rigore
2390 699 2726 765 constrictis,
2780 700 3028 754 defertur
3070 698 3369 754 immobilis
3392 697 3459 732 ³²¹
3495 713 3513 762 ;

1898 796 2061 862 atque
2090 797 2211 861 post
2241 789 2433 862 quinta
2462 789 2554 844 die
2600 788 2877 844 dominica
2915 788 2985 823 3”
3014 805 3213 842 manus
3253 787 3305 842 ei
3336 785 3514 841 resol-

1897 895 2101 941 vuntur
2136 886 2203 941 ad
2234 886 2482 951 missam,
2541 884 2619 954 et}
2647 900 2806 939 crura
2866 883 3124 938 similiter
3182 883 3250 936 ad
3289 881 3512 936 missam

1899 975 2326 1049 quintadecima.
2364 975 2458 1030 Cui
2493 991 2580 1030 res
2608 974 2806 1030 similis
2833 975 2923 1029 dle
2942 972 3381 1029 circumcisionis
3414 972 3517 1026 Do-

1898 1067 2033 1120 mini
2065 1073 2190 1120 ante
2216 1066 2462 1137 quinque
2484 1080 2660 1119 annos
2702 1064 2757 1118 in
2790 1063 2984 1119 eadem
3018 1061 3293 1116 acciderat
3313 1061 3516 1115 {eccle-

1898 1157 2068 1223 sia,et
2096 1156 2373 1211 resolutus
2403 1156 2610 1211 ibidem
2645 1162 2767 1226 post
2797 1154 3022 1230 triginta
3051 1153 3171 1207 dies
3191 1152 3261 1186 ³³³
3311 1152 3366 1206 in
3398 1151 3517 1222 ipsa

1898 1249 2296 1322 purificationis
2325 1249 2507 1305 fuerat
2548 1250 2946 1305 sollemnitate.

1969 1342 2285 1407 Rotbertus,
2336 1341 2790 1412 archiepiscopus
2834 1341 2903 1374 ³²⁶
2950 1335 3287 1393 Turonensis
3318 1335 3517 1391 zeccle-

1896 1433 1991 1488 size
2041 1434 2211 1487 Roma
2267 1449 2542 1499 remeans,
2597 1433 2701 1487 sub
2758 1432 2984 1503 Alpibus
3016 1438 3182 1485 noctu
3212 1428 3353 1483 infra
3395 1434 3517 1482 ten-

1898 1529 2035 1583 toria
2065 1544 2189 1582 eum
2220 1529 2609 1583 comitantibus
2636 1544 2821 1582 secum
2854 1526 3190 1581 interimitur
3226 1541 3257 1579 a
3296 1522 3519 1579 latroni-

1898 1618 2021 1673 bus.
2056 1618 2421 1685 Gislebeitus,
2442 1617 2584 1673 filius
2626 1618 2893 1683 Manasse,
2927 1633 3103 1688 arege
3132 1613 3367 1670 Rodulfo
3396 1614 3518 1668 des-

1896 1706 2051 1761 ciscit
2080 1706 2149 1741 ³³⁵
2180 1716 2405 1779 prepter
2461 1707 2759 1762 Avalonum
2815 1707 2886 1741 ³³⁸
2916 1705 3026 1777 (64)
3058 1711 3319 1772 castrum,
3364 1702 3514 1774 quod

181 1782 485 1838 Mosomum
551 1780 747 1837 fraude
804 1782 1131 1853 pervadunt.
1192 1782 1355 1846 Boso,
1416 1781 1623 1836 relictis
1672 1781 1796 1852 qui-

1902 1801 1965 1855 ab
1988 1816 2054 1856 eo
2082 1801 2271 1856 Emma
2301 1801 2492 1875 regina
2509 1801 2830 1867 abstulerat,
2872 1801 3149 1872 simulque
3182 1799 3391 1854 recedit
3419 1797 3517 1853 Ri-

181 1871 413 1926 bnsdam
443 1869 702 1925 ﬁdelibus
739 1870 855 1925 suis
878 1870 947 1925 ad
1000 1870 1306 1926 custodiam
1341 1869 1594 1938 Mosomi,
1626 1867 1798 1940 profi-

179 1960 404 2015 ciscitur
428 1960 498 2015 ad
523 1960 872 2015 obsidionem
907 1960 1071 2015 castri
1104 1961 1527 2031 praememorati.
1552 1961 1616 2015 At
1640 1959 1797 2015 Heri-

177 2057 386 2122 bertns,
419 2071 450 2109 a
500 2053 834 2125 quibusdam
893 2055 1332 2110 Mosomensibus
1386 2055 1456 2090 ³⁸³⁷
1512 2062 1793 2125 evocatus,

176 2148 501 2219 supervenit
527 2147 862 2217 insperatus,
887 2147 1320 2219 transmissaque
1338 2148 1486 2204 Mosa
1499 2149 1653 2203 vadis
1681 2148 1797 2204 ino-

177 2240 401 2307 pinatis,
433 2246 487 2294 et
514 2239 725 2294 intrans
766 2239 1057 2309 Oppidum,
1092 2246 1247 2311 porta
1276 2240 1513 2295 latenter
1547 2258 1577 2296 a
1605 2241 1798 2296 castel-

175 2333 312 2386 lanis
342 2331 435 2403 [H.
482 2332 567 2390 Β..
618 2330 850 2401 civibus]
876 2339 1088 2402 aperta,
1120 2332 1383 2387 vassallos
1416 2333 1667 2399 Bosonis,
1701 2335 1795 2407 qui

172 2424 243 2478 ibi
268 2424 341 2458 ³⁸⁵
371 2422 551 2477 relicti
582 2422 651 2476 ad
681 2422 966 2478 munimen
988 2423 1099 2479 loci
1125 2423 1368 2492 fuerant,
1399 2440 1594 2480 omnes
1623 2426 1792 2497 capit.

170 2511 394 2568 Remis"
421 2510 563 2566 infra
591 2520 647 2579 et
673 2511 821 2566 circa
847 2512 1153 2566 aecclesiam
1173 2520 1378 2568 sanctae
1399 2512 1581 2567 Mariae
1605 2512 1795 2567 lumen

244 2636 291 2706 Ρ
306 2635 455 2690 Ibid.
474 2634 674 2689 Eodem
693 2644 940 2704 tempore
958 2643 1084 2690 ante
1102 2636 1338 2691 natalem
1356 2637 1571 2691 Domini
1587 2636 1795 2703 Remis,

238 2713 348 2787 etc.
383 2722 742 2849 —aqp]arens
772 2707 839 2761 ad
870 2707 1163 2761 australem
1193 2717 1406 2779 partem
1430 2707 1797 2778 pertransisse

237 2794 425 2833 visum
453 2793 517 2833 es
549 2820 559 2830 .

170 2926 438 2981 magnum
480 2909 793 2981 aquilonari
851 2919 904 2965 et
954 2909 1209 2965 orientali
1253 2916 1404 2981 parte
1449 2911 1612 2983 paulo
1668 2919 1796 2969 ante

169 3002 393 3056 initium
422 3001 536 3056 diei
567 3000 836 3073 apparuit.
864 3001 1020 3057 Anno

817 3148 1178 3205 DLCCCXXXI

168 3258 452 3315 Rodulfus
474 3275 569 3313 rex
597 3258 668 3293 ³⁰⁹
712 3258 980 3313 Viennam
1020 3259 1318 3330 profectus,
1342 3257 1498 3313 Karlo
1517 3258 1587 3292 ³¹⁰
1619 3258 1793 3311 Cons-

169 3349 417 3414 tantino,
446 3346 840 3402 Lucdowici’“
870 3347 999 3402 Orbi
1022 3347 1091 3382 δι’
1123 3346 1257 3415 filio,
1285 3348 1378 3419 qui
1402 3363 1521 3401 eam
1552 3347 1794 3410 tenebat,

163 3437 589 3506 subiectionem
650 3436 1017 3507 pollicitante,
1078 3437 1389 3499 revertitur,
1439 3443 1492 3490 et
1520 3435 1798 3491 Turonum

161 3525 230 3579 ad
257 3520 526 3580 sanctum
551 3523 843 3579 Martinum
900 3527 1166 3581 orationis
1196 3525 1369 3599 gratia
1409 3523 1800 3596 proﬁciscitur.

164 3612 793 3669 Lothariensesinterea
847 3614 1148 3687 Duvagium
1180 3614 1249 3649 ³¹³
1276 3613 1523 3685 capiunt,
1553 3623 1609 3669 et
1648 3614 1802 3687 Hugo

165 3704 308 3759 illud
340 3704 610 3779 Rotgario
669 3704 784 3760 filio
837 3705 1080 3781 Rotgarii
1139 3706 1415 3761 concedit.
1486 3707 1804 3761 Heribertns

165 3813 305 3851 vero
322 3804 575 3851 castrum
598 3797 770 3851 sancti
788 3797 1030 3861 Quintini
1054 3798 1292 3853 Arnoldo
1314 3813 1412 3868 pro
1436 3812 1503 3852 eo
1523 3798 1799 3852 reddit“.

168 3888 355 3943 Graeci
412 3888 748 3943 Sarracenos
799 3887 869 3924 ³η
922 3904 1020 3959 per
1073 3905 1225 3943 mare
1283 3889 1643 3960 insequentes
1707 3904 1805 3943 us-

164 3996 279 4051 que
309 3979 392 4014 ³⁸⁸
422 3979 483 4033 in
501 3978 847 4033 Fraxinidum
886 3980 1106 4046 saltum,
1153 3980 1249 4034 ubi
1272 3988 1387 4034 erat
1407 3979 1682 4053 refugium
1716 3980 1803 4050 ip-

164 4084 393 4135 sorum,
424 4074 485 4123 et
535 4067 686 4121 unde
730 4069 1082 4142 egredientes
1112 4069 1318 4124 Italiam
1352 4069 1560 4124 sedulis
1588 4069 1803 4140 praeda-

163 4159 385 4214 bantur
429 4158 769 4224 incursibus,
808 4159 1033 4230 Alpibns
1084 4160 1257 4214 eciam
1299 4160 1601 4231 occupatis,
1632 4160 1800 4215 celeri

162 4247 282 4303 Deo
315 4245 577 4317 prapitio
606 4245 977 4301 internetione
1007 4248 1074 4283 3”
1135 4254 1441 4318 proterunt,
1468 4247 1713 4319 quietam
1734 4247 1804 4282 3”

157 4338 488 4393 reddentes
512 4337 742 4407 Alpibus
789 4338 1021 4402 Italiam,
1056 4339 1151 4394 Die
1197 4337 1599 4410 puriﬁcationis
1629 4339 1804 4393 beata:

1895 1893 2095 1948 cardus
2120 1892 2208 1947 ³³⁷.
2240 1893 2388 1948 filius
2421 1893 2689 1948 Warnarii
2731 1894 2800 1927 ³³⁸
2830 1893 2902 1948 ob
2929 1893 3178 1948 eamdem
3213 1890 3508 1945 rationem.

1898 1987 2029 2040 item
2060 1985 2206 2040 inter
2238 1986 2605 2042 Gislebertum
2642 1986 3054 2041 Lothariensem
3073 1987 3414 2040 etBosonem
3432 1983 3519 2038 si-

1894 2075 2096 2131 multas
2128 2076 2391 2142 exoritur,
2424 2084 2619 2146 pacato
2643 2078 2855 2133 Bosone
2888 2094 3011 2131 cum
3046 2076 3332 2131 Heriberto
3367 2090 3522 2142 ;c1s—

1894 2172 2150 2237 trumque
2190 2166 2421 2220 Bosonis
2468 2165 2821 2222 Durofostum
2855 2182 2883 2220 a
2916 2165 3223 2220 Gisleberto
3277 2163 3516 2233 capitur,

1897 2254 2142 2325 itemque
2181 2253 2287 2308 sub
2343 2254 2481 2324 ipsis
2507 2255 2709 2309 diebus
2763 2254 3049 2310 Moritania
3076 2255 3166 2320 3”,
3194 2252 3424 2306 munitio
3456 2248 3521 2304 ﬁ-

1896 2345 2092 2399 liorum
2126 2344 2391 2419 Rotgarii,
2422 2344 2749 2411 abArnulfo,
2786 2345 2898 2400 tilio
2956 2344 3229 2399 Baldniui.
3266 2343 3325 2396 Et
3357 2340 3516 2395 Heri-

1896 2432 2085 2488 bertus
2146 2434 2440 2489 amicitiam
2504 2434 2789 2491 Gisleberti
2858 2434 3236 2490 Lotnariensis
3290 2429 3511 2501 accipit.

1900 2524 2058 2589 Boso,
2088 2524 2280 2580 relicto
2315 2525 2588 2592 Heinrico,
2619 2527 2687 2580 ad
2744 2526 3039 2582 Rodulfum
3092 2540 3283 2600 regem
3316 2521 3466 2577 vadit
3497 2536 3514 2586 ;

1899 2613 2137 2684 indeque
2166 2614 2408 2680 rediens,
2457 2614 2829 2671 Catalonicum
2883 2616 2953 2650 33°
3001 2623 3241 2670 castrum
3266 2614 3317 2668 vi
3350 2613 3518 2684 cepit,

1895 2707 2103 2762 exussit
2129 2715 2297 2779 atque
2342 2708 2626 2772 subvertit,
2655 2709 2726 2763 ob
2773 2707 3094 2763 inimicitias
3124 2707 3360 2762 Bovonis
3394 2705 3519 2776 epi-

1897 2799 2073 2870 εοορί,
2102 2800 2259 2869 cujus
2288 2800 2543 2855 homines
2583 2801 2855 2873 quosdam
2888 2799 3121 2855 Bosonis
3161 2797 3426 2854 membris
3450 2797 3517 2833 ³³¹

1898 2898 2309 2947 truncaverant.

1969 2981 2237 3037 Rodulfus
2266 2996 2357 3036 rex
2386 2983 2440 3036 in
2474 2982 2757 3038 Franciam
2791 2983 3103 3045 revertitur,
3145 2991 3199 3036 et
3232 2980 3519 3037 Heriberto

1900 3070 2102 3125 comite
2133 3071 2201 3125 ab
2232 3070 2326 3125 illo
2356 3070 2670 3138 deficiente,
2745 3089 2860 3139 rex,
2887 3073 3080 3142 juncto
3120 3070 3226 3126 sibi
3268 3071 3517 3146 Hugone,

1831 3157 2179 3231 Cquoddam
2219 3166 2456 3215 castrum
2508 3160 2579 3194 33’
2618 3160 2915 3228 Heriberti,
2958 3159 3280 3214 Domincum
3306 3158 3376 3192 ³³³
3407 3158 3518 3225 (65)

1898 3247 2146 3315 nomine,
2178 3249 2323 3318 capit
2352 3265 2415 3304 ac
2444 3248 2611 3304 diruit
2643 3266 2657 3314 ;
2693 3249 2899 3305 deinde
2929 3248 3240 3304 Atrebatem
3272 3246 3514 3302 obsidet.

1901 3340 2436 3407 Heribertuscomes,
2470 3342 2744 3410 adjunctis
2771 3343 2875 3397 sibi
2910 3357 3006 3413 per
3042 3341 3111 3376 33"
3141 3340 3515 3395 Gislcbertum

1901 3432 2097 3487 ducem
2130 3432 2603 3500 Lothariensibus,
2650 3441 2840 3489 contra
2888 3450 3073 3506 regem
3101 3434 3250 3488 vadit
3284 3432 3522 3502 ;pactis-

1903 3540 2011 3594 que
2038 3523 2259 3579 indiciis
2297 3540 2473 3596 usque
2497 3526 2767 3581 Kalendas
2788 3526 3059 3591 Octobris,
3095 3525 3373 3596 utrimque
3405 3522 3524 3577 dis-

1904 3614 2136 3677 ceditur,
2176 3616 2399 3670 Interim
2429 3616 2654 3689 quidam
2682 3617 2931 3672 lidelium
2961 3615 3255 3681 Heriberti,
3289 3615 3523 3669 Remen-

1901 3706 1947 3759 si
1977 3705 2047 3739 ³³⁵
2075 3721 2140 3759 ex
2172 3707 2309 3760 urbe
2332 3707 2584 3776 profecti.
2614 3708 2891 3779 quoddam
2908 3706 3152 3781 Hugonis
3168 3711 3406 3760 castrum
3429 3720 3523 3758 su-

1904 3810 2003 3864 per
2026 3795 2277 3848 Vidulam
2310 3796 2474 3850 situm
2508 3796 2597 3862 333,
2650 3796 2874 3851 nomine
2922 3797 3173 3850 Brainam
3204 3795 3334 3864 (66),
3360 3799 3415 3847 et
3451 3792 3520 3826 ³³⁷

1903 3883 2050 3954 quod
2084 3883 2200 3954 ipse
2234 3884 2385 3958 Hugo
2431 3885 2500 3937 ab
2560 3885 2823 3955 episcOpo
2874 3882 3265 3956 Rotomagensi
3298 3881 3537 3949 tulerat,,

1905 3976 2128 4047 capiunt
2155 3982 2319 4047 atque
2348 3977 2689 4033 subvertant.
2724 3976 2994 4033 Rodulfus
3024 3993 3119 4031 rex
3171 3976 3380 4029 litteras
3410 3974 3523 4028 Re-

1907 4068 2012 4122 mis
2039 4067 2207 4123 mittit
2248 4068 2316 4122 ad
2365 4068 2570 4124 clerum
2603 4076 2658 4124 et
2690 4070 2952 4141 populum
3006 4084 3104 4139 pro
3132 4067 3345 4139 agenda
3374 4064 3522 4120 elec-

1906 4155 2056 4213 tione
2086 4156 2334 4228 przesulis
2366 4175 2381 4223 ;
2411 4157 2479 4212 ad
2519 4174 2641 4230 quae
2674 4158 2751 4212 illi
2794 4145 3156 4229 respondent,
3185 4173 3246 4212 se
3273 4157 3328 4211 id
3355 4171 3521 4230 agere

1906 4267 2017 4307 non
2048 4267 2235 4322 posse,
2266 4251 2417 4307 salvo
2448 4268 2549 4307 suo
2604 4254 2800 4319 electo,
2853 4260 2909 4308 et
2963 4252 3236 4308 electione
3264 4257 3520 4306 manente

1905 4357 2067 4413 quam
2099 4340 2362 4397 fecerant.
2396 4341 2714 4397 Heribertus
2742 4358 2929 4398 comes
2959 4342 3024 4396 ad
3058 4341 3371 4397 Heinricum
3394 4354 3517 4411 pro-

157 4430 259 4484 Dei
281 4428 593 4506 genitricis
644 4429 824 4484 Mariae
864 4430 955 4496 3‘9,
1008 4431 1193 4485 Remis
1224 4431 1279 4484 in
1322 4430 1572 4486 {ecclesia
1629 4430 1801 4501 ipsius
1825 4428 1882 4496 D
1907 4431 2193 4502 ﬁciscitur,
2213 4433 2375 4504 eique
2399 4449 2521 4489 sese
2552 4435 2845 4489 committit
2882 4452 2896 4499 ;
2925 4442 2978 4489 et
3007 4435 3075 4467 ³³⁸
3115 4432 3391 4489 exercitus
3422 4446 3514 4485 re-

153 4519 410 4590 quidam
432 4517 828 4574 canonicorum
854 4518 1109 4587 famulus,
1133 4528 1318 4575 custos
1332 4521 1594 4576 aecclesiae
1623 4521 1800 4575 sancti

149 4609 432 4681 Dyonisii
464 4617 521 4664 et
538 4609 715 4665 sancti
742 4610 976 4678 Tedulﬁ,
997 4612 1182 4668 subito
1212 4614 1515 4684 perculsus,
1545 4620 1800 4668 contrac-

1900 4520 1985 4594 gis
2002 4527 2167 4590 atque
2190 4520 2434 4594 Hugonis
2475 4521 2894 4578 Laudunensem
2949 4531 3004 4577 et
3053 4523 3379 4577 Remensem
3423 4536 3523 4590 pa-

1902 4627 2032 4686 gum
2059 4611 2468 4682 depraedantur.
2502 4612 2772 4669 Rodulfus
2802 4629 2897 4669 rex
2928 4630 3168 4687 pergens
3206 4614 3275 4668 ad
3308 4612 3522 4667 Atinia-

1536 4749 1756 4806 VARIE
1797 4748 2067 4804 LECTION
2076 4748 2170 4804 ES.

223 4848 298 4883 ³⁰¹
336 4863 406 4926 εΖ
442 4846 589 4926 inter
613 4848 843 4926 ξιξ-³0³
864 4850 1227 4926 uictuiiacum
1276 4851 1329 4926 2ζ
1377 4850 1794 4926 3°_3“gozb_er_tus
1845 4848 1899 4926 2.
1919 4850 1984 4926 β.
2005 4847 2087 4926 ,Ὗ
2109 4863 2151 4926 e_
2183 4864 2254 4926 η.
2282 4863 2412 4926 eJus
2438 4849 2550 4926 a2
2576 4850 2645 4885 ³0⁵
2713 4851 3155 4926 uicturiacum_2_.
3189 4854 3520 4926 constanter.

281 4937 348 4974 ν,
387 4919 454 4993 h_.
513 4919 569 4993 2_.
610 4920 663 4993 3.
699 4920 768 4993 ιίξτ
813 4920 1351 4993 mosomansibus2.
1410 4918 1591 4993 δοθέᾳ,
1626 4921 1877 4993 idesunt
1916 4920 1969 4973 2.
2004 4918 2073 4993 3°}
2111 4919 2257 4993 deest
2308 4920 2623 4993 3._7irbidem
2674 4922 2956 4978 viennem.
3020 4923 3091 4957 ³¹⁰
3140 4922 3325 4978 karolo
3376 4922 3427 4975 2.
3462 4922 3520 4977 3.

145 4990 219 5063 ῗξξ
250 4994 349 5063 ita
409 4990 493 5063 1._
521 4989 578 5063 2.
617 4990 893 5063 lugdovici
953 4991 1011 5063 3.
1064 4993 1133 5027 3”
1172 4992 1325 5048 Orbis
1371 4994 1420 5047 2-

143 5060 220 5095 ³⁸⁷
256 5060 761 5116 ἱηιετηὶιῑοηεᾮ.
813 5062 1180 5118 internicionc
1223 5064 1274 5120 3.
1326 5064 1394 5098 ³¹⁸

139 5131 482 5187 contractis
495 5132 599 5187 obr

1484 4992 1535 5054 3.
1555 4988 1570 4993 ’
1595 4992 1664 5026 ³¹³
1716 4990 1978 5064 duagium
1998 5061 2008 5064 _
2031 4988 2083 5045 3.
2143 4989 2212 5025 3“
2266 4991 2510 5064 reddidit
2539 4993 2593 5046 2.
2623 4993 2676 5047 3.
2707 4994 2776 5029 ³¹⁵
2806 5008 3098 5049 saracenos
3128 4995 3177 5047 3.
3200 4994 3270 5028 ³³⁸
3300 4994 3444 5048 deest
3464 4992 3518 5049 3.

1444 5064 1538 5135 qui
1593 5079 1713 5119 eam
1768 5061 2451 5135 2.'quid_am_cumA,r.
2492 5064 2528 5129 l,
2568 5064 2619 5121 3.
2655 5064 2724 5098 3'9
2775 5065 2923 5121 deest
2970 5066 3027 5132 2,
3082 5065 3151 5099 33°

3208 5064 3515 5135 perculsus,

661 5132 738 5207 uit
769 5133 1101 5207 nervis‘2.”i'
1137 5134 1406 5207 immobili
1432 5132 1729 5207 [ωσι.βί
1756 5135 1811 5207 d.
1842 5132 2070 5207 r_.'2._ff’3
2098 5132 2243 5207 deest
2274 5134 2327 5187 2.
2361 5134 2430 5167 ³³⁸
2462 5134 2809 5207 episcopus2
2837 5137 2889 5192 3.
2915 5137 2984 5171 ³²⁵
3019 5132 3258 5207 desciuit
3290 5136 3340 5188 2.
3368 5134 3416 5190 3ο
3447 5134 3518 5207 ³ξ⁶

139 5148 738 5237 contracusoorigutt
769 5148 950 5188 nervrs
966 5148 1101 5189 κήαι
1137 5148 1406 5190 ιηιῐῐιοοιιι
1432 5148 1729 5189 1.οιιιη.ει
1757 5148 1811 5188 α.
1842 5148 1887 5187 r.
1909 5148 1963 5186 Ζ.
2000 5148 2070 5166 οιο
2098 5148 2243 5187 aeest
2274 5148 2327 5187 z.
2361 5148 2430 5167 οι*
2462 5148 2809 5238 episcopusz
2837 5148 2889 5192 3.
2915 5148 2984 5171 διο
3019 5148 3258 5191 desetntt
3290 5148 3340 5188 2.
3368 5148 3416 5190 δι
3447 5148 3514 5169 οη

139 5205 473 5258 avalonem
526 5203 579 5257 3.
661 5202 681 5235 ⁷
748 5204 1034 5259 richardus
1062 5206 1115 5259 2.
1172 5206 1225 5260 3.
1286 5206 1355 5241 ³⁵⁸⁸
1408 5205 1689 5260 nuarnerii
1745 5206 1799 5259 2.
1851 5204 1907 5259 3.
1959 5203 2029 5237 ³²⁹
2061 5203 2353 5258 moritama
2404 5208 2454 5269 t,
2514 5206 2559 5239 ³ο
2612 5207 2952 5263 catalaucum
2995 5207 3046 5262 1.
3078 5206 3143 5241 ³³¹
3178 5207 3431 5261 membra
3458 5205 3514 5260 2.

134 5274 211 5309 ³³⁸
242 5273 627 5349 castellum?
675 5276 919 5349 3._Hugo
956 5277 1034 5329 Fl.
1065 5276 1134 5349 333:
1190 5278 1359 5349 (tari.
1402 5282 1467 5349 et
1530 5279 1689 5349 Hugp
1726 5278 1806 5331 Fl.
1871 5273 2234 5349 dAonAincuAm_2
2290 5275 2594 5349 donineum
2643 5279 2696 5334 3.
2747 5278 2817 5313 ³³⁴
2874 5296 2929 5349 p.
2968 5278 3028 5332 G.
3065 5278 3116 5332 d.
3152 5279 3366 5345 desunt,
3401 5278 3515 5333 alia

132 5349 377 5414 pagina
398 5347 698 5414 incipiente
719 5347 770 5404 1.
802 5346 871 5381 ³³⁵
898 5346 1169 5403 remensis
1196 5347 1250 5403 2.
1280 5348 1350 5383 ³³⁵
1376 5348 1519 5402 deest
1547 5347 1672 5404 3.337
1698 5348 1843 5402 deest
1890 5345 1944 5400 2.
1974 5345 2026 5399 3.
2054 5345 2123 5379 ³³³
2147 5346 2292 5401 deest
2320 5346 2375 5401 2.

1732 5475 1942 5532 NOT/E.

210 5575 349 5643 (63)
384 5573 609 5643 Douay.

205 5647 331 5718 (54)
370 5645 635 5702 Αυαιιοη.

1970 5574 2077 5644 (65)
2101 5577 2346 5631 Doutens.

1971 5648 2076 5714 ‘66)
2106 5649 2639 5707 Brat‘ne-sur-Vesle.
