3960 6160
166 233 256 288 145

1651 229 1970 286 ANNALES.

3369 231 3474 285 446

162 362 325 417 fectus
382 357 673 415 Reinricus
701 373 823 414 cum
879 357 1142 428 Bajoariis
1171 366 1227 415 et
1269 359 1580 416 Saxonibus
1609 369 1762 416 cete-
1792 360 2007 433 Adiam
2038 360 2193 418 Walo
2225 359 2547 434 reliquerat,
2589 363 2805 434 recipit,
2844 361 3239 434 dispositisque
3267 341 3482 416 recedit

164 456 334 525 risque
361 451 689 523 quibusdam
724 451 834 507 sibi
864 452 1129 521 subjectis
1156 453 1416 526 gentibus
1442 455 1534 521 37°,
1565 468 1758 510 omnes
1859 453 2200 508 custodibus.
2220 453 2373 518 Quod
2408 454 2642 508 audiens
2671 455 2846 528 Hugo,
2880 455 3025 509 idem
3058 460 3294 509 castrum
3313 467 3484 525 quan-

162 558 325 614 usque
356 541 424 595 ad
451 541 878 596 internetionem
907 541 976 575 38°
1003 542 1237 608 sternit;
1269 558 1503 612 quorum
1536 542 1760 617 triginta
1859 547 2027 601 totius
2055 546 2314 602 obsidere
2339 555 2615 617 procurat.
2642 549 2798 602 Anno

161 653 244 691 sex
295 635 448 689 milia
476 635 541 668 ³⁸¹
591 651 730 689 caesa
761 633 1090 700 referuntur,
1123 642 1320 704 praeter
1348 651 1444 690 eos
1491 651 1632 706 quos
1662 635 1760 689 ab-

160 724 360 780 sorbuit
385 723 585 779 ﬂuvius
640 731 694 778 et
722 724 814 794 qui
845 723 952 778 vivi
984 723 1127 794 capti
1171 730 1316 778 sunt.
1360 724 1647 779 Richarius
1670 725 1761 790 ³⁸³,

161 818 445 887 episcopus
469 815 826 889 Tungrcnsis,
857 815 1133 886 quoddam
1163 816 1445 871 castellum
1502 816 1763 872 Bernardi

157 908 383 972 comitis,
416 908 565 978 quod
598 907 716 977 ipse
749 907 1059 961 Bernardus
1088 908 1232 977 apud
1267 908 1524 964 Harceias
1553 908 1623 942 ³⁸³
1659 908 1766 979 (68)

159 998 207 1050 in
238 1011 375 1070 pago
398 995 660 1051 Porcinse
693 1002 1093 1061 construxerat,
1117 996 1333 1063 evertit,
1359 1012 1426 1052 eo
1457 997 1604 1068 quod
1621 997 1676 1050 in
1698 997 1767 1030 3“

155 1101 255 1140 suae
317 1085 566 1140 ecclesiae
624 1091 768 1138 terra
814 1084 981 1138 situm
1035 1091 1204 1139 esset.
1262 1084 1471 1140 Vienna
1529 1083 1765 1140 Rodulfo

160 1179 280 1252 regi,
312 1178 658 1232 tradentibus
687 1195 808 1232 eam
839 1177 925 1231 bis
947 1178 1042 1249 qui
1071 1195 1189 1232 eam
1211 1179 1492 1242 tenebant,
1519 1177 1762 1233 deditur.

158 1266 471 1335 Willelmus,
519 1267 778 1337 princeps
826 1266 1311 1335 Nortmannorum,
1344 1268 1524 1323 eidem
1558 1267 1675 1341 regi
1705 1283 1764 1322 se

157 1361 444 1425 commitit;
495 1361 783 1432 quietiam
842 1377 933 1416 rex
966 1361 1058 1416 dat
1117 1369 1315 1416 terram
1347 1362 1650 1418 Brittonum
1713 1363 1767 1416 in

157 1467 240 1506 ora
288 1449 562 1504 maritima
592 1450 774 1505 sitam.
810 1451 1078 1506 llodulfus
1140 1468 1232 1506 rex
1268 1453 1630 1507 munitionem
1666 1452 1768 1506 lle-

158 1544 353 1608 riberti,
385 1561 508 1616 quae
531 1545 731 1599 dicitur
759 1544 1408 1602 Castellum-Theoderici
1451 1548 1519 1581 ³⁸⁵
1549 1547 1769 1602 obsidet

157 1637 484 1692 ebdomadas
517 1655 627 1692 sex.
664 1639 858 1693 Postea
890 1639 1044 1694 Walo
1089 1639 1160 1673 ³⁸⁸
1189 1641 1281 1711 qui
1317 1639 1669 1694 custodiebat
1701 1639 1767 1693 il-

2460 655 2893 712 DCCCCXXXlV.

1864 740 2252 797 obsidentibus
2326 742 2394 776 ⁸⁸⁸
2468 749 2822 814 przenotatam
2909 744 3271 800 munitionem
3353 761 3482 819 rege

1869 832 2104 889 Rodulfo
2137 840 2190 888 et
2243 834 2469 907 Hugone
2501 834 2724 901 comite,
2767 845 2962 905 quarto
2996 837 3216 890 tandem
3271 852 3481 904 mense,

1865 921 2200 976 ascendente
2239 929 2404 977 noctu
2443 937 2653 988 muros,
2686 922 3014 977 custodibus
3052 923 3478 992 dormientibus,

1867 1008 2094 1064 Walone
2123 1025 2246 1065 cum
2297 1009 2432 1074 suis,
2489 1026 2615 1080 pars
2639 1010 2831 1080 oppidi
2863 1012 3098 1083 capitur,
3159 1029 3249 1066 arx
3288 1020 3485 1081 .tamen

1867 1101 2036 1156 tutior
2091 1101 2159 1155 ab
2195 1101 2463 1155 Heriberti
2497 1099 2758 1156 ﬁdelibus
2797 1102 3084 1156 retinetur.
3128 1104 3192 1157 At
3222 1103 3388 1178 regiis
3417 1105 3485 1138 ³⁹⁹

1865 1190 2136 1246 militibus
2159 1190 2566 1258 insistentibus,
2587 1207 2696 1246 non
2711 1191 2884 1246 multo
2899 1198 3022 1262 post
3036 1192 3259 1246 obsides
3278 1193 3488 1247 dedunt

1869 1285 2016 1340 etab
2038 1285 2330 1342 obsidione
2360 1286 2680 1341 disceditur.
2717 1286 2901 1341 Remis
2928 1285 2982 1340 in
3013 1285 3276 1358 {ecclesiae
3315 1288 3488 1341 beata:

1868 1377 1963 1431 Dei
1995 1377 2065 1412 ⁴⁰⁰
2084 1378 2374 1450 genitricis
2393 1378 2573 1432 Mariae
2592 1379 2943 1433 solemnitate
2963 1378 3402 1434 annuntiationis
3421 1378 3486 1413 ⁸⁰¹

1868 1471 2106 1537 Domini,
2163 1473 2292 1526 dum
2324 1488 2478 1527 sacra
2528 1473 2596 1506 ⁴⁰²
2643 1473 2933 1526 missarum
2967 1473 3034 1526 ab
3077 1472 3300 1528 Artoldo
3350 1487 3489 1543 pra:-

1868 1563 1988 1618 sule
2015 1563 2152 1618 inibi
2182 1564 2620 1631 celebrarentur,
2655 1564 2879 1635 quidam
2917 1563 3160 1632 juvenis,
3193 1563 3492 1618 contractis

1870 1655 2142 1724 poplitum
2186 1655 2391 1721 nervis,
2425 1671 2620 1726 repere
2679 1655 2895 1721 solitus,
2943 1664 3174 1725 repente
3233 1655 3492 1710 resolutis

155 1727 256 1824 ¹¹¹ξ¹ν
313 1727 522 1824 regii)?“
547 1726 757 1824 ,Βηπηὶθ
785 1743 845 1780 se
881 1727 1184 1824 _‘}°’_’l"_‘i‘it:
1205 1726 1768 1824 __‘fl1_ls_d_emque_ﬁd°i
1796 1735 1843 1802 l5
1867 1749 2732 1824 extendentibusquesegenuum
2759 1765 3091 1820 crurumque
3105 1749 3489 1821 compagibus,

155 1817 226 1870 vel
254 1815 558 1887 provisioni
593 1823 830 1869 castrum
863 1815 1174 1870 dimittitur.
1205 1816 1514 1871 Waldricus
1537 1817 1758 1886 episco-

157 1923 249 1978 pus
273 1903 747 1958 Antisioderensis
777 1903 867 1970 ³⁸⁷,
904 1901 1064 1967 obiit,
1113 1910 1166 1958 et
1197 1903 1378 1966 Wido,
1411 1903 1660 1973 ejusdem
1697 1904 1767 1938 ³⁸⁸

159 1995 254 2050 loci
285 1991 731 2058 archidiaconus,
764 1991 1108 2062 episcopium
1133 1992 1478 2062 adipiscitur.
1509 1992 1768 2062 Synodus

158 2089 287 2141 inter
322 2083 698 2140 obsidendum
732 2083 1053 2154 praadictum
1090 2084 1408 2155 praesidium
1437 2085 1767 2150 celebratur,

158 2179 500 2253 congregatis
526 2176 810 2234 nonnullis
832 2175 1070 2230 Francize
1100 2175 1185 2231 vel
1210 2177 1545 2251 Burgundim
1575 2193 1774 2248 praesu-

157 2272 309 2341 libus,
363 2271 457 2325 cui
509 2269 890 2342 praesederunt
937 2268 1176 2324 domnus
1232 2269 1488 2324 Artoldus
1547 2269 1774 2324 antistes

158 2365 467 2432 Remorum,
499 2374 554 2421 et
582 2366 820 2420 domnus
868 2365 1130 2420 Teutolus
1158 2366 1226 2400 339
1269 2365 1606 2421 Turonensis
1653 2364 1771 2435 epi-

155 2475 362 2529 scopus.
392 2459 545 2514 Tunc
583 2474 804 2530 quoque
835 2458 1073 2514 domnus
1102 2458 1362 2514 Artoldus
1392 2458 1766 2532 Hildegarium

155 2559 362 2612 ordinat
394 2557 466 2591 39°
492 2557 812 2628 episcOpum
841 2555 994 2610 urbis
1017 2555 1384 2610 Belvacensis.

217 2648 327 2704 Odo
365 2648 519 2702 ﬁlius
570 2647 834 2702 Heriberti
870 2647 1155 2702 Hammum
1188 2648 1504 2718 praesidium
1545 2656 1763 2715 tenens,

155 2759 342 2816 pagum
372 2741 765 2796 Suessonicum
793 2748 958 2812 atque
986 2741 1406 2795 Noviomeusem
1439 2741 1638 2810 przedis
1670 2741 1762 2794 in-

153 2834 475 2901 cendiisque
505 2831 750 2902 proterit.
795 2831 1132 2898 Heribertus,
1167 2838 1323 2903 pater
1365 2831 1508 2900 ejus,
1549 2832 1617 2886 ad
1649 2849 1777 2886 san-

153 2932 289 2978 ctum
338 2922 662 2986 Quintinum
695 2923 834 2977 clam
874 2921 1128 2989 veniens,
1171 2922 1332 2976 tertia
1362 2923 1453 2978 die
1481 2933 1771 2994 postquam

153 3016 310 3079 venit,
341 3020 585 3068 castrum
617 3011 910 3084 pugnando
942 3013 1108 3082 cepit,
1139 3013 1433 3084 Oppidanis
1461 3029 1571 3070 non
1605 3030 1772 3084 repu-

152 3110 468 3182 gnantibus,
483 3109 616 3164 solis
645 3116 852 3164 tantum
881 3109 1203 3165 custodibus
1235 3111 1477 3183 llugonis
1503 3110 1767 3165 obniten»

151 3203 321 3268 tibus;
375 3217 522 3273 quos
550 3201 778 3272 capiens
831 3203 1167 3270 Heribertus,
1217 3211 1442 3273 accepto
1486 3203 1551 3236 ³9³
1603 3203 1672 3256 ab
1701 3201 1781 3256 eiS

149 3301 520 3358 sacramento,
549 3290 757 3345 dimisit
787 3291 885 3358 ibi,
915 3292 1122 3348 relictis
1152 3293 1317 3348 etiam
1345 3309 1410 3348 ex
1441 3293 1556 3348 suis
1587 3293 1654 3347 ad
1683 3308 1780 3363 op-

151 3387 256 3457 pidi
290 3387 523 3440 tutelam
565 3384 949 3456 complicibus.
983 3385 1136 3450 Quod
1183 3385 1416 3440 audiens
1440 3386 1616 3459 Hugo,
1651 3401 1776 3440 mox
1805 3386 1812 3392 ’

149 3479 455 3533 adveniens
476 3483 711 3532 castrum
745 3475 962 3547 recipit,
996 3484 1051 3532 et
1081 3477 1361 3548 quendam
1393 3477 1634 3532 nobilem
1667 3477 1779 3532 cle-

149 3569 312 3623 ricum
364 3569 594 3623 nomine
655 3567 990 3622 Treduinum
1035 3568 1104 3602 3”
1145 3585 1209 3623 ac
1262 3569 1545 3624 lleribcrto
1579 3568 1652 3622 ibi
1710 3568 1780 3602 ³9³

149 3661 439 3716 dimissum
471 3659 920 3731 apprehendens,
952 3660 1240 3730 suspendit
1285 3660 1354 3693 3’3
1383 3676 1507 3714 cum
1538 3658 1773 3730 quibus-

148 3753 266 3807 dam
298 3753 461 3818 aliis;
505 3752 786 3806 nonnullis
826 3768 958 3807 vero
990 3751 1114 3806 aliis
1142 3752 1388 3807 membra
1427 3752 1641 3806 diversa
1672 3751 1772 3805 de-

146 3846 238 3899 dit.
289 3846 547 3916 lndeque
577 3844 940 3914 proﬁciscens
984 3862 1106 3900 cum
1139 3846 1342 3900 domno
1378 3845 1603 3900 Artoldo
1651 3845 1772 3915 epi-

146 3950 332 4004 sc0po,
351 3933 728 3988 munitionem
751 3933 975 3988 nomine
1006 3934 1245 4010 Raugam
1275 3934 1407 4004 (69),
1428 3933 1775 3989 tradentibus

148 4041 263 4079 eam
319 4025 602 4080 Heriberti
661 4025 1000 4092 custodibus,
1059 4026 1179 4080 sine
1233 4024 1556 4080 difﬁcultate
1601 4025 1767 4096 capit.

149 4114 299 4187 llugo
324 4131 427 4170 rex
460 4114 626 4168 italiae
659 4113 885 4169 Romam
915 4115 1151 4170 obsidet.
1187 4113 1248 4169 Et
1285 4115 1571 4170 Sarraceni
1620 4132 1775 4171 mea-

149 4214 230 4260 tus
256 4207 490 4278 Alpium
521 4215 813 4276 occupant,
844 4216 898 4262 et
946 4208 1014 4241 395
1044 4206 1224 4261 vicina
1253 4223 1486 4279 qumque
1515 4209 1634 4264 loca
1672 4209 1774 4262 de-

147 4301 492 4370 pmdantur.
522 4299 778 4355 Artoldus
807 4303 1256 4374 archiepiscopus
1303 4305 1620 4386 Fulbertum
1651 4305 1772 4360 urbi

1835 1836 2121 1911 .assurgit,
2178 1843 2652 1909 reptemptatoque
2679 1854 2871 1908 gressu
2912 1838 3025 1906 jam
3058 1837 3152 1890 diu
3197 1836 3370 1891 oblita
3403 1853 3494 1891 re-

1870 1929 2006 2000 petit
2061 1929 2130 1962 ⁴⁰³
2182 1929 2435 2004 vestigia.
2490 1931 2625 1985 Item
2684 1930 2737 1984 in
2787 1930 3037 1984 azcclesia
3097 1929 3270 1984 sancti
3327 1929 3493 1984 Hilari

1871 2029 1997 2075 ante
2033 2028 2243 2092 portam
2301 2021 2488 2077 Martis
2533 2038 2712 2077 czecus
2761 2021 2984 2092 quidam
3016 2021 3239 2075 nomine
3298 2019 3496 2076 Paulus

1874 2115 2234 2181 illuminatur,
2297 2117 2631 2171 ammonitus
2696 2115 2850 2186 prius
2909 2115 2963 2169 in
3024 2115 3257 2180 somnis,
3311 2123 3372 2169 ut
3428 2115 3494 2168 ad

1876 2205 2058 2276 ipsum
2088 2205 2266 2261 locum
2297 2206 2511 2261 veniret
2537 2206 2629 2276 ‘0‘,
2671 2205 2862 2277 ibique
2892 2205 3080 2259 lumen
3110 2206 3358 2276 recipere
3398 2206 3498 2259 de-

1876 2298 2050 2354 beret.

1945 2387 2055 2442 Rex
2087 2387 2282 2441 iterum
2317 2403 2441 2442 cum
2502 2387 2750 2459 Hugone,
2788 2386 3061 2462 neglectis
3108 2385 3176 2440 ab
3209 2385 3498 2442 Heriberto

1870 2490 2010 2546 quos
2031 2476 2115 2530 sui
2143 2475 2414 2530 dederant
2444 2475 2512 2510 ‘05
2541 2474 2853 2539 obsidibus,
2887 2475 3146 2530 omissam
3178 2474 3372 2544 repetit
3396 2475 3496 2531 ob-

1867 2565 2138 2620 sidionem
2173 2566 2263 2619 ‘06.
2295 2565 2580 2620 Heinricus
2610 2565 2976 2620 Gislebertum
3011 2573 3064 2620 et
3094 2565 3398 2620 Ebrardum
3431 2564 3497 2599 ⁴⁰⁷

1865 2669 1990 2710 cum
2017 2653 2293 2725 episcopis
2322 2653 2476 2726 regni
2507 2653 2880 2708 Lotbariensis
2907 2652 2977 2706 ad
2990 2651 3283 2706 Rodulfum
3312 2667 3496 2726 regem

1877 2759 1975 2812 pro
2005 2743 2292 2797 Heriberto
2322 2741 2542 2816 dirigit;
2575 2740 2902 2811 redditaque
2924 2739 3498 2814 regitlastello-Theo-

1875 2835 2068 2900 derici,
2097 2834 2355 2888 Hammus
2385 2840 2548 2904 atque
2580 2833 2817 2886 Perrona
2857 2833 2923 2866 ⁴⁰⁸
2981 2831 3266 2885 Heriberto
3301 2845 3502 2885 conce-

1877 2925 2084 2980 duntur
2112 2939 2290 2995 usque
2322 2922 2592 2977 Kalendas
2622 2921 2893 2977 Octobris.
2933 2921 3191 2976 Arnulfus
3220 2921 3290 2975 de
3335 2921 3499 2975 Flau-

1875 3015 1990 3070 dris
2027 3015 2194 3070 filiam
2233 3013 2527 3080 Heriberti,
2559 3014 2689 3069 olim
2729 3012 2836 3067 sibi
2869 3013 3200 3082 juramentis
3237 3013 3501 3066 alterutro

1883 3108 2026 3162 datis
2055 3107 2365 3178 depactam,
2411 3106 2579 3161 sumit
2607 3121 2852 3161 uxorem.
2898 3105 3221 3160 Heribertus
3267 3119 3367 3175 per
3396 3103 3503 3158 Ve-

1881 3201 2286 3255 romandinsem
2320 3199 2387 3232 ⁴⁰⁹
2417 3212 2616 3270 pagum
2648 3213 2857 3253 messes
2900 3213 3088 3253 eorum
3129 3197 3224 3269 qui
3277 3213 3338 3252 se
3369 3196 3504 3252 reli-
3583 3215 3588 3222 ·

1880 3305 2116 3367 querant
2145 3293 2229 3350 vel
2252 3295 2455 3366 quibus
2495 3294 2646 3367 Hugo
2679 3294 2853 3366 ipsam
2895 3302 3096 3349 terram
3127 3294 3359 3349 dederat
3387 3295 3505 3350 col-

1879 3385 2077 3459 ligens,
2097 3384 2391 3438 Perronam
2416 3381 2697 3437 mdeduci
2723 3382 2870 3438 facit.
2890 3383 3069 3456 Ignea:
3083 3383 3268 3437 Remis
3287 3383 3340 3438 iu
3364 3384 3505 3439 cmlo

1879 3475 2165 3531 aciesvisaa
2186 3485 2314 3529 sunt
2334 3475 2400 3508 ⁴¹¹
2433 3474 2765 3540 discurrere,
2792 3475 3014 3546 etquasi
3037 3491 3268 3545 serpens
3287 3474 3502 3550 igneus,

1881 3575 1936 3624 et
1991 3568 2240 3640 quaedam
2267 3566 2450 3636 jacula
2505 3566 2631 3622 feni
2674 3567 2853 3638 pridie
2901 3567 3026 3621 ldus
3065 3567 3312 3623 Octobris
3342 3583 3506 3623 mane

1873 3668 2003 3716 ante
2026 3659 2166 3714 lucis
2197 3668 2471 3714 exortum.
2506 3659 2625 3714 Mox
2655 3658 2952 3713 subsecuta
2984 3665 3066 3713 est
3099 3659 3290 3730 pestis,
3324 3659 3510 3714 diver-

1873 3755 1948 3809 sis
1987 3751 2240 3808 afticiens
2272 3753 2513 3806 humana
2543 3767 2773 3822 corpora
2807 3753 3032 3806 morbis.
3069 3753 3342 3808 Diaconus
3382 3753 3510 3824 qui-

1873 3847 1998 3901 dam
2072 3844 2432 3899 Virdunensis
2479 3845 2547 3878 ⁴¹²
2607 3843 2832 3898 nomine
2895 3843 3220 3897 Adclmarus
3277 3844 3508 3919 langore

1874 3939 2193 4007 depressus,
2227 3936 2479 4007 spiritum
2494 3936 2741 3990 visusest
2771 3934 3048 4000 amisisse;
3079 3935 3177 3990 sed
3208 3943 3505 4008 antequam

1877 4031 2080 4085 feretro
2111 4029 2512 4100 imponeretur,
2555 4043 2830 4093 reversus,
2890 4027 2965 4081 ita
3012 4027 3249 4082 surrexit
3292 4028 3510 4082 validus

1877 4130 1938 4177 ut
1991 4120 2100 4176 sibi
2146 4119 2284 4174 nihil
2340 4119 2616 4174 videretur
2661 4119 3004 4192 aegritudinis
3052 4119 3222 4174 fuisse
3277 4135 3511 4192 perpes-

1877 4229 1972 4268 sus
1993 4213 2081 4267 “3.
2113 4212 2214 4277 Qui
2236 4228 2295 4266 se
2317 4211 2534 4266 diversa
2555 4211 2953 4281 suppliciorum
2979 4211 3064 4266 vel
3092 4211 3364 4286 refrigerii
3391 4199 3512 4266 loca

1878 4306 2082 4360 vidisse
2106 4313 2358 4370 testatur,
2383 4319 2555 4374 seque
2588 4303 2767 4374 ipsum
2794 4302 2914 4358 loco
2938 4304 3004 4337 ‘1‘
3035 4303 3243 4374 poenali
3275 4303 3513 4374 deputa-

148 4390 537 4444 Camaracensi
572 4389 863 4458 praesulem
910 4392 1144 4448 ordinat.
1181 4395 1498 4451 Heribertus
1527 4396 1772 4451 Castrum
1803 4403 2016 4495 Dtum,
2070 4397 2164 4450 Dei
2224 4411 2352 4450 vero
2391 4395 2674 4470 genitricis
2733 4396 3013 4466 precibus,
3073 4395 3237 4451 beato
3292 4410 3513 4466 quoque

146 4480 481 4536 Theoderici
535 4480 606 4513 ³9⁸
653 4496 822 4550 super
867 4481 1164 4536 Maternam
1235 4484 1462 4539 ﬂuvium
1513 4486 1773 4557 positum,

148 4572 503 4626 tradentibus
538 4569 676 4626 illud
707 4570 811 4625 sibi
846 4573 1177 4643 quibusdam
1214 4589 1355 4644 quos
1385 4574 1457 4628 ibi
1491 4577 1559 4630 ad
1591 4585 1778 4632 custo-

1881 4487 2108 4542 Martino
2131 4487 2535 4553 intercedente,
2560 4487 2628 4541 ad
2655 4489 2924 4561 agendam
2956 4487 3338 4558 paenitentiam
3371 4503 3511 4557 prae-

1879 4579 2024 4633 senti
2071 4578 2196 4633 vitre
2236 4577 2510 4632 redditum
2563 4577 2690 4648 (79).
2738 4577 3082 4634 Gislebertus
3139 4594 3262 4633 cum
3313 4578 3514 4648 Lotha_

1509 4735 1730 4790 VARle
1763 4735 2142 4792 LECTIONES.

220 4835 291 4868 37°
325 4834 598 4890 omnibus
615 4833 710 4890 2.3
747 4875 760 4886 .

149 4907 216 4940 33’
256 4906 531 4960 riehirius
579 4907 626 4959 1.
679 4903 905 4959 ricarius
934 4905 986 4958 3.
1059 4905 1129 4938 ³⁸³
1150 4906 1398 4960 arcbeias
1439 4907 1490 4960 2.
1526 4906 1578 4962 3.

151 4977 510 5032 sioderensis
537 4977 591 5030 2.

149 5050 199 5102 3.
283 5049 354 5082 ³⁸⁸
377 5047 597 5118 accepit
671 5064 808 5102 corr.
866 5050 1174 5151 acceptot.

150 5119 520 5151 Ώὸοηηιιο-ςηέ
562 5123 579 5151 ι
641 5121 838 5151 ρωηςιιιι
946 5119 990 5151 ³9
1045 5128 1174 5151 ηιιαιι

150 5119 522 5174 3“teoderici
562 5123 608 5174 1.
638 5121 857 5189 saepius.
946 5119 990 5151 ³9

148 5190 426 5246 ciationis
455 5191 507 5256 3,
596 5191 667 5224 ³⁰²
698 5206 975 5244 sacrarum
1004 5189 1140 5246 2.73.

148 5262 181 5315 2
207 5263 299 5316 3a.
399 5262 470 5334 ‘0?
490 5262 828 5334 cubrardum
862 5262 914 5317 3.
992 5262 1070 5334 10‘
1101 5277 1337 5334 parrona
1377 5264 1428 5317 1.
1449 5262 1682 5332 saepius.

152 5335 214 5367 tu
239 5335 403 5388 deest
436 5333 488 5388 2,
558 5335 628 5368 ⁴¹²
659 5332 1036 5389 viridunensis
1062 5332 1116 5388 2.
1144 5335 1195 5391 3.

836 4832 904 4866 ³⁸⁰
936 4833 1367 4888 internicionem
1407 4833 1458 4888 2.
1503 4836 1556 4890 3.
1621 4836 1685 4870 ³³¹
1715 4837 1859 4892 deest
1889 4837 1941 4892 1.
1972 4836 2047 4902 2;
2078 4836 2172 4891 sed
2216 4835 2421 4891 XXXVI
2455 4837 2738 4904 tegendum
2767 4851 2895 4900 esse,
2936 4835 3086 4889 haud
3131 4835 3357 4890 dubium
3387 4836 3512 4889 erit.

842 4920 905 4958 us
934 4905 986 4958 3.
1059 4905 1129 4938 ³⁸³
1150 4906 1398 4960 arcbeias
1439 4907 1490 4960 2.
1526 4906 1578 4962 3.
1669 4908 1738 4942 ⁸⁸⁸
1768 4925 1812 4962 s.
1867 4909 1923 4962 in
1954 4909 2005 4961 2.
2041 4909 2094 4962 3.
2178 4907 2246 4942 ³⁸⁵
2275 4908 2538 4962 teoderici
2601 4909 2649 4961 1.
2682 4908 2734 4962 3.
2822 4907 2892 4941 ³⁸⁸
2914 4906 3074 4961 wallo
3106 4907 3160 4961 3.
3245 4905 3313 4939 ³⁸⁷
3344 4906 3512 4960 antis-

676 4977 744 5010 ³⁸⁸
772 4977 916 5030 deest
943 4977 996 5029 2.
1045 4976 1281 5031 widolus
1311 4993 1358 5030 a.
1404 4979 1456 5031 3.
1537 4979 1606 5012 339
1634 4979 1842 5034 teutolo
1872 4979 1924 5033 2.
1965 4979 2056 5034 3b.
2107 4978 2364 5034 teudolus
2393 4978 2446 5035 3.
2495 4978 2708 5041 teutilo,
2739 4980 2878 5033 Hist.
2916 4981 3062 5033 Rem.
3144 4977 3214 5011 ³⁹⁰
3239 4977 3518 5031 ordinavit

1255 5047 1325 5082 3”
1348 5049 1634 5104 teduinum
1666 5051 1721 5105 2.
1797 5051 1867 5084 ³⁹³
1891 5051 2037 5105 deest
2067 5051 2118 5104 1.

1045 5120 1489 5193 quantociensr2.
1557 5122 1628 5193 f3”
1657 5121 1892 5176 obsiden
1932 5121 2215 5176 mantibus
2237 5121 2320 5193 2.7
2374 5117 2444 5155 399
2462 5122 2619 5193 regis
2662 5121 2712 5193 3.
2788 5120 2857 5154 ‘°°
2883 5121 3028 5193 deest
3051 5118 3117 5193 3.
3198 5117 3516 5193 madnun-

1233 5191 1300 5224 ⁴⁰³
1331 5192 1524 5263 recipit
1548 5191 1601 5246 2.
1653 5193 1927 5262 recipit3.
2004 5193 2072 5227 ⁴⁰¹ο
2109 5211 2161 5247 v.
2217 5193 2264 5246 1.
2297 5192 2349 5245 2.
2431 5192 2501 5226 ‘05

1233 5277 1337 5317 ona
1377 5264 1428 5317 1.
1469 5266 1682 5317 saevius.
1771 5263 1840 5297 ⁴⁰⁹
1868 5263 2364 5317 veromandensem
2403 5263 2458 5316 2.
2490 5264 2523 5316 3

1290 5280 1337 5317 ia
1377 5280 1428 5317 1.
1469 5280 1682 5332 saepius.
1771 5280 1840 5297 ’ν’
1868 5280 2364 5319 veromandensem
2403 5280 2458 5316 z.
2490 5280 2544 5316 δ.
2631 5280 2699 5297 ἰν
2721 5280 2988 5334 parronan

1290 5334 1359 5368 “3
1381 5350 1710 5406 perpessum
1741 5335 1791 5390 1.
1825 5351 1884 5389 se
1918 5335 1954 5389 f.
2003 5350 2329 5406 perpessum
2363 5336 2518 5402 Hugo
2549 5335 2614 5396 V,
2689 5335 2757 5368 ⁴¹⁴
2787 5333 2907 5388 loca
2935 5333 2988 5386 2.

3245 4905 3313 4939 ³⁸⁷
3344 4906 3518 4960 antis-

1867 4909 1923 4962 in
1954 4909 2005 4961 2.
2041 4909 2094 4962 3.
2178 4907 2246 4942 ’⁸⁵
2275 4908 2538 4963 teoderici
2601 4909 2649 4961 1.
2682 4908 2734 4962 3.
2822 4907 2892 4941 ³⁸⁸
2914 4906 3074 4961 wallo
3106 4907 3160 4961 3.

2211 5050 2279 5084 39‘
2309 5050 2613 5118 suspendio
2644 5057 2804 5104 necat
2837 5049 2894 5102 2.
2938 5050 2990 5102 3.
3068 5048 3137 5082 ³⁸⁵
3163 5055 3326 5118 atque
3348 5047 3426 5118 72.
3458 5048 3513 5104 3.

2531 5189 2586 5263 ᾇ.
2629 5192 2880 5246 viderant
2905 5192 2959 5244 2.
3046 5191 3116 5263 ξοδ
3134 5189 3514 5263 munitionem

2631 5264 2699 5297 ’δίο
2721 5277 3012 5334 parronam
3047 5261 3098 5315 1.
3134 5261 3428 5317 barronam
3459 5263 3512 5316 3.

1719 5462 1938 5525 NOTIE.

223 5565 347 5632 (68)
392 5565 618 5623 Arches.

220 5637 342 5706 (69)
385 5639 546 5710 Roga.

1967 5571 2072 5639 (70)
2097 5570 2268 5651 ‘Hugo
2339 5571 2488 5651 Vird.
2565 5571 2788 5651 pergit:
2855 5590 2879 5619 α
2922 5569 3314 5651 (ξιιεὶιηοὶπριτι⁸
3348 5565 3512 5651 hujus

1893 5637 2148 5713 exemplo
2190 5637 2465 5713 provocati
2497 5637 2718 5714 quidam
2760 5639 3155 5696 canonicorum
3196 5640 3368 5693 beatae
3399 5637 3512 5691 Ma-
