3960 6160
468 172 570 229 447
1587 170 1953 227 FLODOARDI
1996 169 2302 226 CANONlCl
2343 169 2668 224 REMENSIS
3672 174 3761 229 448

463 301 740 357 riensibus
791 303 847 357 in
893 302 1172 356 Franciam
1245 301 1515 356 Heriberti
1585 301 1654 336 “5
1714 300 1867 355 venit
1922 299 2075 354 auxi-
2099 297 2345 371 Afrater
2395 296 2540 372 regis
2586 296 2656 331 ⁴²⁵
2707 295 2928 352 Rodulti
2978 297 3034 351 in
3085 295 3441 367 expeditione
3484 295 3763 356 obsidionis

459 387 638 457 lio‘”,
666 390 815 444 velut
842 389 1109 460 Oppidum
1130 390 1303 446 sancti
1327 389 1571 454 Quintini
1592 390 1939 445 obsessurus.
1967 389 2075 442 Sed
2175 390 2338 444 castri
2370 390 2438 423 ωδ
2464 387 2638 443 sancti
2671 387 2919 453 Quintini
2948 386 3213 455 moritur;
3239 394 3294 442 et
3324 386 3539 441 delatus
3567 388 3633 441 ad
3658 404 3764 443 san-

456 489 747 551 antequam
807 482 876 535 ad
932 482 1067 536 illud
1134 484 1467 553 perveniret,
1525 484 1675 538 missi
1733 483 1975 556 Hugonis
2024 483 2075 537 ei
2176 485 2325 533 ctum
2371 476 2681 548 Remigium
2736 475 3023 545 sepelitur.
3058 474 3324 530 Rodulfus
3380 491 3474 529 rex
3514 475 3662 549 gravi
3688 493 3767 548 per

457 570 743 626 venientes
765 572 1005 639 obviam,
1037 589 1229 643 pacem
1260 574 1403 630 inter
1425 575 1707 649 Hugonem
1739 582 1793 628 et
1818 573 2075 628 Heriber-
2175 575 2343 624 totum
2375 574 2697 621 autumnum
2719 565 2957 619 decubat
2985 565 3330 639 egritudine.
3358 564 3677 620 Nortmanni
3690 569 3767 638 qui

459 666 591 725 tum,
624 662 751 718 dato
795 664 1071 735 utrimque
1119 664 1505 733 jurejurando,
1536 682 1713 736 usque
1757 664 1825 719 ad
1872 664 2068 718 Maium
2173 679 2373 735 pagum
2417 661 2821 732 Biturigensem
2872 661 2938 694 "7
2994 660 3476 731 depraedabantur,
3514 677 3548 716 ει
3597 661 3770 717 Bituri-

456 764 701 806 mensezr:
738 752 1098 827 pepigerunt:
1143 764 1198 809 et
1250 754 1634 809 Letharienscs
1682 754 2071 828 regrediuntur

455 841 523 894 ad
554 841 620 875 “7
677 859 776 897 sua
859 843 1070 918 Religio
1122 846 1323 918 regulae
1386 848 1783 901 monachorum
1842 848 1897 899 in
1945 844 2070 916 qui-

454 933 684 990 busdam
718 938 1065 992 monasteriis
1105 954 1203 1010 per
1251 954 1477 1012 regnum
1528 941 1878 997 Lothariense
1911 954 2070 1009 repa-

458 1030 623 1078 ratur.
661 1024 722 1079 Et
749 1025 937 1080 Emma
968 1027 1158 1100 regina
1189 1027 1523 1100 defungitur.
1558 1031 1713 1087 Anno

1058 1117 1457 1174 DCCCCXXXV.

462 1208 732 1264 Rodulfus
763 1226 856 1265 rex
905 1210 1181 1281 quoddam
1220 1219 1456 1266 castrum
1513 1211 1745 1267 Gosfridi
1787 1212 1855 1247 “3
1910 1228 2073 1268 voca-

458 1302 590 1357 bulo
620 1303 951 1371 Viriliacum,
986 1306 1135 1376 quod
1170 1314 1359 1360 contra
1398 1321 1525 1359 eum
1575 1307 1797 1378 quidam
1840 1307 2072 1379 Aquita-

459 1410 653 1450 norum
696 1398 979 1467 tenebant,
1013 1400 1276 1456 obsidens
1301 1402 1469 1471 cepit,
1503 1408 1556 1455 et
1603 1400 1851 1455 Gosfrido
1883 1401 2073 1456 reddi-

458 1487 568 1552 dit;
604 1488 845 1560 indeque
900 1491 956 1544 in
999 1492 1278 1547 Franciam
1322 1494 1606 1560 remeavit,
1658 1503 1713 1549 et
1764 1492 2076 1548 Gosfridum

456 1585 603 1629 trans
631 1576 881 1632 Rhenum
923 1580 991 1633 ad
1024 1580 1337 1635 Heinricum
1369 1581 1585 1639 direxit.
1632 1583 1741 1638 Hoc
1772 1598 1900 1653 rege
1940 1582 2079 1635 Lau-

454 1661 587 1717 duni
620 1666 880 1737 degente,
914 1670 1177 1724 tumultus
1207 1671 1326 1742 ipso
1358 1672 1449 1726 die
1471 1681 1659 1727 sancto
1690 1672 1908 1742 pascha:
1933 1672 2076 1725 inter

454 1756 637 1828 regios
662 1758 984 1830 etepiseOpi
1016 1762 1217 1816 milites
1247 1763 1528 1830 exoritur;
1560 1763 1655 1818 ubi
1687 1762 1938 1817 nonnulli
1960 1777 2071 1817 non

456 1847 622 1901 modo
655 1847 799 1914 laici,
830 1853 928 1904 sed
960 1851 1123 1905 etiam
1165 1852 1350 1907 clerici
1380 1853 1602 1924 quidam
1657 1853 1927 1908 vulnerati
1982 1851 2069 1907 vel

459 1935 772 2009 interempti
800 1948 943 1997 sunt.
980 1943 1132 1998 Unde
1152 1961 1242 1999 rex
1274 1946 1535 2016 placitum
1592 1945 1902 2001 Suessionis
1944 1960 2066 1999 cum

456 2032 610 2104 regni
638 2033 962 2104 primatibus
991 2038 1212 2106 habuit;
1245 2041 1449 2096 deinde
1480 2042 1695 2097 locutus
1725 2056 1849 2096 cum
1888 2037 2071 2093 missis

456 2123 715 2191 llcinrici,
763 2126 832 2179 ad
872 2127 991 2195 ejus
1037 2141 1293 2201 prepcrat
1345 2134 1705 2204 colloquium,
1764 2132 1857 2187 ubi
1904 2132 2072 2186 etiam

452 2215 720 2271 Rodulfus
749 2234 843 2272 rex
869 2218 1115 2274 Jurensis
1142 2222 1425 2291 interfuit;
1473 2232 1740 2296 pactaque
1759 2225 1904 2278 inter
1924 2225 2075 2294 ipsos

450 2308 709 2376 amicitia,
745 2310 911 2365 etiam
949 2311 1294 2369 lleribertum
1334 2332 1457 2370 cum
1513 2317 1737 2391 Hugone
1787 2322 2069 2387 pacarunt,

455 2400 687 2455 redditis
716 2401 1045 2472 quihusdam
1079 2405 1192 2459 suis
1222 2404 1403 2460 eidem
1440 2406 1731 2461 Heriberto
1770 2405 2075 2476 possessio-

453 2488 636 2545 nibus.
686 2491 795 2547 Sed
843 2499 896 2546 et
936 2492 1248 2559 Heinricus,
1302 2495 1515 2549 Bosone
1573 2501 1819 2564 recepto,
1874 2501 2073 2548 terram

454 2599 617 2653 quam
669 2585 821 2654 prius
848 2585 1119 2641 habuerat
1157 2588 1209 2642 ei
1255 2604 1319 2642 ex
1351 2604 1549 2660 magna
1599 2595 1752 2658 parte
1810 2587 2067 2642 restituit.

454 2673 693 2747 Hungari
720 2691 819 2745 per
843 2676 1218 2751 Burgundiam
1249 2677 1631 2733 diffunduntur
1649 2678 1956 2749 praedisque
1987 2678 2074 2731 in-

450 2764 666 2819 cendiis
690 2781 754 2819 ac
782 2766 1050 2834 cardibus,
1083 2784 1194 2823 non
1225 2776 1410 2823 tamen
1440 2768 1887 2834 diu,debaehati,
1919 2784 2073 2823 com-

452 2862 610 2924 perto
675 2856 888 2912 Rodulfi
956 2859 1102 2931 regis
1159 2860 1418 2926 adventu,
1496 2860 1552 2914 in
1619 2860 1828 2915 Italiam
1893 2867 2070 2915 trans-

452 2952 641 2999 meant
679 2947 787 3016 (7t)
851 2946 1106 3002 Artoldus
1145 2948 1592 3019 archiepiscopus
1643 2947 1949 3003 Wifredum
2002 2949 2070 2983 ἰη

455 3033 731 3106 quendam
763 3037 1095 3093 monachum
1128 3037 1479 3094 'farwanensi
1517 3038 1586 3073 ⁵³0
1630 3039 1851 3095 ordinat
1877 3038 2070 3095 teccle-

450 3124 547 3180 siee
568 3127 883 3197 praesulem,

523 3221 792 3279 Rodulfus
825 3241 918 3279 rex
960 3224 1248 3280 Divionum
1296 3234 1558 3294 castrum,
1588 3242 1754 3298 quem
1794 3224 1943 3281 Boso
1974 3241 2068 3281 co-

452 3329 571 3368 mes
601 3322 824 3385 ceperat
852 3315 1083 3386 ejusque
1127 3317 1425 3386 eomplices
1455 3316 1786 3379 retinebant,
1829 3315 2068 3370 obsidet.

449 3403 847 3461 Lotharienses
876 3423 999 3462 eum
1032 3407 1359 3479 quibusdam
1388 3407 1686 3463 comitibus
1711 3424 1776 3463 ex
1807 3409 1869 3443 ⁴²¹
1900 3409 2072 3464 Saxo-

449 3493 563 3561 nia,
597 3493 869 3549 Heriberti
906 3495 1119 3550 scilicet
1171 3496 1383 3563 amicis,
1417 3498 1573 3569 quasi
1614 3497 1682 3551 ad
1726 3492 2091 3569 colloquium

452 3586 695 3661 Hugonis
716 3604 839 3644 cum
868 3589 1039 3669 multo
1071 3590 1313 3646 exercitu
1336 3591 1675 3646 conveniunt
1695 3591 1779 3645 ‘3’.
1808 3590 1915 3645 Sed
1939 3591 2072 3662 quia

451 3677 604 3751 Hugo
630 3680 914 3734 castellum
937 3682 1112 3736 sancti
1143 3682 1388 3746 Quintini
1416 3681 1703 3736 Heriberto
1734 3681 1919 3735 renuit
1940 3680 2066 3734 red-

452 3769 605 3836 dere,
631 3770 807 3842 ipsam
840 3773 1203 3830 munitionem
1226 3775 1505 3841 obsident,
1539 3775 1793 3846 belloquc
1820 3790 2066 3845 pressam

449 3862 743 3917 tutantium
774 3866 993 3919 tandem
1011 3866 1320 3924 redditione
1348 3867 1626 3938 recipiunt
1644 3874 1810 3938 atque
1827 3867 2065 3921 subver-

453 3958 603 4021 tunt;
656 3962 1025 4027 parantesque
1063 3957 1385 4014 Laudunum
1417 3960 1487 3994 “3
1523 3959 1801 4023 obsidere,
1832 3959 2067 4014 manda-

449 4055 505 4104 to
518 4048 586 4083 ⁴²⁸
611 4048 825 4105 Rodulfi
855 4052 1000 4126 regis
1016 4052 1072 4107 in
1083 4055 1307 4125 propria
1328 4057 1920 4111 revertuntur.lntcrea
1933 4057 2071 4113 Boso

2170 756 2432 829 gensibus
2458 752 2942 809 etTuronensibus
2970 753 3117 809 bello
3140 755 3387 829 aggressi
3414 755 3769 826 perimuntur.

2172 846 2427 915 Synodus
2481 854 2692 916 septem
2761 844 3151 916 episcoporum
3191 845 3340 915 apud
3386 855 3640 900 sanctam
3686 845 3770 902 Ma-

2172 953 2317 992 cram
2354 936 2481 1005 (72),
2514 935 2720 990 domno
2762 934 2985 989 Artoldo
3015 934 3430 1006 archiepiscopo
3474 935 3546 969 ’⁸³⁸
3606 936 3771 1007 pnesi-

2173 1031 2361 1095 dente,
2394 1026 2723 1093 celebratur,
2765 1025 2820 1080 in
2862 1042 2971 1097 qua
3010 1024 3302 1096 praedones
3349 1033 3406 1081 et
3445 1026 3769 1082 ecclesiasti-

2171 1136 2358 1175 carum
2392 1134 2572 1173 rerum
2604 1132 2927 1188 perv'asores
2955 1117 3023 1171 ad
3054 1116 3457 1173 correctionem
3497 1119 3568 1153 ⁴²⁹
3598 1119 3768 1174 venire

2172 1217 2457 1268 vocantur.
2493 1213 2649 1264 Anno

2768 1278 3195 1334 DCCCCXXXVI.

2176 1355 2504 1427 Ingramnus
2546 1351 2615 1386 ⁴³⁰
2669 1351 3054 1405 Laudunensis
3091 1349 3353 1405 recclesize
3390 1350 3455 1385 ‘3'
3498 1350 3773 1423 episcopus

2176 1448 2333 1505 obiit.
2367 1446 2478 1501 Sub
2512 1446 2685 1500 isdem
2728 1446 2796 1479 ’⁸³³
2827 1444 2940 1499 fere
2972 1444 3166 1498 diebus
3192 1460 3284 1498 rex
3303 1444 3573 1499 Rodulfus
3603 1444 3774 1500 defun-

2178 1536 2342 1609 gitur,
2374 1534 2754 1605 sepeliturque
2779 1531 3012 1585 Senonis
3040 1532 3185 1600 apud
3216 1531 3285 1565 ‘33
3313 1539 3561 1587 sanetam
3587 1532 3773 1588 Colum-
3826 1600 3833 1605 ν

2105 1632 2152 1701 Β
2178 1630 2327 1697 bam,
2357 1628 2516 1697 cujus
2546 1627 2796 1682 tecelesia
2828 1625 3068 1680 factione
3106 1626 3451 1696 quorundam
3486 1626 3656 1697 paulo
3676 1634 3775 1681 ante

2174 1724 2352 1778 fuerat
2380 1723 2626 1776 incensa.
2655 1720 2972 1775 Brittonnes
3002 1734 3033 1772 a
3063 1719 3446 1773 transmarinis
3477 1719 3774 1791 regionibus

2096 1834 2113 1847 -
2171 1811 2374 1866 Alstani
2406 1810 2553 1885 regis
2584 1808 2841 1879 praesidio
2897 1814 3238 1862 revertentes
3280 1806 3370 1875 ‘3‘,
3402 1814 3606 1861 terram
3646 1822 3776 1861 suam

2170 1906 2447 1970 repetunt.
2502 1899 2654 1973 llugo
2685 1911 2872 1951 comes
2910 1904 3059 1949 trans
3088 1910 3240 1949 mare
3289 1894 3456 1950 mittit
3486 1910 3586 1965 pro
3618 1910 3775 1949 accer-

2167 1991 2365 2046 sieudo
2404 1989 2473 2044 ad
2503 1989 2718 2060 apicem
2751 1987 2907 2060 regni
2947 1985 3365 2056 suscipiendum
3400 1985 3693 2041 Ludowico
3716 1986 3771 2020 ³³⁵

2172 2082 2351 2137 Karoli
2400 2080 2536 2147 filio,
2577 2095 2743 2152 quem
2792 2094 2887 2132 rex
2941 2076 3214 2144 Alstanus,
3272 2076 3586 2132 avunculus
3628 2078 3775 2148 ipsius

2173 2180 2401 2242 accepto
2434 2169 2587 2240 prius
2625 2164 2986 2236 jurejurando
3032 2181 3064 2218 a
3103 2165 3435 2219 Francorum
3478 2163 3692 2240 legatis,
3728 2165 3771 2219 in

2174 2260 2457 2314 Franciam
2494 2272 2616 2312 eum
2640 2254 2970 2326 quibusdam
3002 2252 3280 2323 episc0pis
3298 2262 3352 2307 et
3381 2252 3510 2307 aliis
3541 2250 3773 2308 fidelibus

2175 2349 2289 2403 suis
2320 2346 2523 2418 dirigit.
2561 2344 2656 2398 Cui
2700 2344 2850 2415 Hugo
2883 2349 2937 2396 et
2967 2340 3135 2396 ceteri
3176 2341 3509 2396 Francorum
3539 2357 3773 2412 proceres

2173 2440 2393 2496 obviam
2416 2436 2672 2509 profecti,
2699 2451 2826 2490 mox
2856 2434 3036 2490 navim
3059 2447 3283 2505 egresso
3311 2432 3380 2467 ‘3‘
3398 2432 3454 2487 in
3488 2433 3624 2503 ipsis
3651 2432 3773 2487 litto~

2174 2530 2283 2584 reis
2315 2529 2538 2583 harenis
2589 2526 2736 2598 apud
2790 2524 3092 2580 Bononiam
3158 2539 3281 2577 sese
3330 2524 3679 2592 commitunt,
3725 2531 3773 2579 ut

2172 2628 2287 2677 erat
2314 2620 2617 2690 ‘utrimquc
2662 2618 2976 2687 depactum.
3031 2615 3275 2685 Indeque
3323 2613 3392 2667 ab
3421 2613 3560 2683 ipsis
3592 2614 3774 2669 Lauda-

2172 2731 2304 2770 num
2327 2714 2620 2780 deductus,
2639 2727 2702 2766 ac
2723 2708 2892 2784 regali
2920 2707 3310 2763 benedictione
3328 2705 3555 2772 ditatus,
3587 2706 3768 2779 ungui-

2174 2822 2260 2870 tur
2309 2814 2375 2849 ⁸³⁷
2407 2820 2571 2884 atque
2604 2816 2901 2893 coronatur
2953 2823 2983 2861 a
3014 2806 3216 2861 domno
3254 2803 3480 2859 Artoldo
3520 2802 3774 2873 archiepi-

2169 2923 2359 2980 scopo,
2386 2904 2751 2979 praasentibus
2778 2901 2934 2975 regni
2966 2899 3334 2972 principibus,
3366 2914 3490 2952 cum
3516 2894 3769 2968 episcOpis

2092 3003 2141 3073 C
2165 3000 2356 3075 viginti
2399 3006 2454 3055 et
2491 2997 2750 3069 amplius.
2800 2994 3157 3065 EpiscOpatus
3194 2989 3580 3045 Laudunensis
3627 2989 3771 3041 datur

2169 3090 2425 3158 Rodulfo,
2455 3089 2701 3158 ejusdem
2734 3086 2837 3141 loci
2871 3082 3213 3155 presbytero,
3246 3096 3278 3135 a
3304 3079 3520 3135 civibus
3558 3094 3766 3134 concor-

2168 3184 2311 3239 diter
2336 3184 2535 3249 electo,
2569 3180 2773 3253 quique
2803 3194 2834 3233 a
2855 3176 3060 3232 domno
3086 3172 3312 3229 Artoldo
3343 3170 3767 3228 consecratur”

2172 3276 2471 3347 episcopus
2501 3277 2551 3327 '.

2247 3372 2297 3443 [*
2346 3372 2405 3426 Η.
2443 3371 2506 3425 R.
2544 3387 2636 3443 71v,
2666 3368 2755 3423 26.
2804 3367 2908 3421 Sed
2928 3375 2997 3443 _et
3044 3379 3144 3443 per
3171 3361 3308 3443 alias
3337 3359 3625 3443 Bernensis
3661 3358 3765 3438 dio-

2241 3432 2435 3498 ceseos
2461 3432 2642 3505 sedes,
2668 3446 2897 3509 excepta
2921 3432 3307 3509 Catalaunensi
3327 3442 3383 3489 et
3409 3432 3761 3496 Ambianensi,

2242 3515 2489 3569 diversos
2527 3506 3178 3580 ordinavit—episcopgos..]

2240 3605 2353 3660 Rex
2408 3611 2465 3660 et
2501 3604 2654 3678 Hugo
2687 3601 2742 3655 in
2788 3575 3458 3673 Bu-rgund‘iam‘pergunt,
3498 3599 3555 3647 et
3598 3590 3761 3646 urbem

2170 3696 2478 3769 Lingonum
2532 3696 2622 3763 ‘39,
2654 3691 2817 3767 quam
2869 3693 3023 3766 Hugo
3054 3690 3123 3724 "'0
3174 3688 3345 3742 frater
3381 3686 3528 3761 regis
3574 3678 3761 3738 Rodulﬁ

2168 3792 2412 3857 ceperat,
2436 3784 2731 3848 obsident;
2761 3780 3209 3857 fugientibusque
3236 3776 3323 3831 his
3343 3775 3437 3846 qui
3466 3790 3587 3829 eam
3607 3776 3760 3827 custo-

2170 3878 2292 3934 dire
2335 3878 2688 3941 videbantur,
2734 3877 2855 3932 sine
2894 3875 3039 3930 bello
3070 3872 3365 3943 recipiunt.
3421 3866 3751 3938 Acceptisque

2171 3969 2459 4026 obsidibus
2501 3969 2570 4024 ab
2599 3967 2876 4039 episcOpis
2929 3963 3257 4040 Burgundiai
3294 3960 3382 4017 vel
3434 3955 3748 4030 primatibus,

2174 4058 2416 4114 Parisius
2439 4057 2688 4115 veniunt.
2724 4054 2978 4111 Heinrico
3000 4068 3129 4129 rege
3160 4052 3262 4107 sub
3292 4048 3468 4105 isdem
3496 4047 3562 4081 ιιι
3587 4041 3753 4100 diebus

1803 4215 2024 4270 VARIIE
2056 4215 2442 4272 LECTIONES.

518 4314 898 4389 “‘heriberto
934 4311 1072 4389 2.
1154 4311 1301 4389 ειεξἰο
1332 4328 1385 4389 a_.
1425 4312 1478 4389 2‘.
1508 4311 1739 4389 ‘17_in_2.
1795 4313 2156 4389 A“8.g_osfredi
2192 4331 2331 4389 corr.
2373 4292 2603 4389 gosfridi
2642 4314 2693 4375 1,

1586 4384 1655 4418 ⁴²⁸
1681 4377 1990 4440 Ιίιυάυῐηυὲ.
2073 4387 2142 4421 ⁸³⁸
2172 4377 2491 4442 mandatum
2519 4386 2571 4439 2.
2609 4383 2867 4438 mandatu
2906 4384 2938 4436 3
3028 4382 3094 4415 "5
3126 4381 3189 4435 R.
3224 4397 3267 4434 r.
3309 4380 3363 4433 2.
3407 4379 3461 4433 3.
3524 4377 3592 4411 ‘3’
3634 4377 3757 4431 deest

449 4403 566 4441 sem
594 4388 629 4440 2
716 4386 779 4420 ¹ι²¹
810 4401 840 4438 e
867 4386 900 4439 3
1004 4383 1072 4416 ⁴²²
1101 4382 1330 4438 veniunt
1354 4384 1389 4437 2
1444 4383 1495 4440 3.

446 4460 501 4513 2.
584 4458 652 4493 “7
684 4456 1079 4511 bituricensem
1114 4453 1165 4509 3.
1246 4455 1315 4490 ⁴²⁸
1344 4456 1489 4510 deest
1534 4456 1586 4509 1.

451 4601 649 4675 duvico
694 4602 750 4675 _3.
821 4601 887 4636 ‘37
919 4600 1168 4675 ingresso
1199 4598 1252 4654 3.

450 4673 646 4729 iisdem
685 4673 740 4728 3.

1666 4455 1734 4490 "9
1766 4458 2171 4530 corrcptionem
2219 4458 2272 4512 2.
2320 4458 2372 4512 3.
2450 4458 2520 4491 ⁴³⁰
2549 4456 2852 4529 ingrannus
2893 4453 2948 4508 2.
3006 4453 3056 4530 3_.

414 4532 576 4593 dem
621 4530 671 4584 2.
710 4529 905 4584 iisdem
955 4528 1009 4593 3,
1076 4526 1147 4560 ‘33
1175 4526 1242 4581 ad
1290 4527 1343 4581 2.
1378 4528 1431 4582 3.
1511 4528 1579 4562 “⁴
1620 4526 1970 4585 revertuntur
2014 4534 2065 4585 et
2095 4532 2309 4600 pagina
2355 4526 2993 4600 sequmtz‘vrevertentes
3018 4526 3066 4578 1.

451 4601 649 4656 duvico
699 4602 750 4656 3.
821 4601 887 4636 ‘37
919 4600 1168 4670 ingresso
1199 4598 1252 4654 3.
1353 4598 1420 4633 ‘37
1452 4598 1678 4670 ungitur
1716 4600 1851 4657 2.3.
1930 4602 2051 4656 me
2103 4616 2152 4655 c.
2211 4602 2263 4656 3.
2349 4599 2723 4670 mlingonum
2763 4596 2816 4652 2.
2869 4596 3023 4670 Hugo

2772 4313 2839 4347 “9
2869 4309 3184 4366 umtredum
3224 4310 3275 4363 l.
3362 4307 3433 4342 "9
3470 4306 3757 4362 tarvianen-

3144 4452 3210 4485 ‘3‘
3243 4451 3385 4506 deest
3436 4451 3489 4504 1.
3575 4449 3618 4482 ⁸³
3656 4448 3755 4501 his-

3154 4522 3223 4558 ‘35
3250 4521 3544 4576 ludauvico
3586 4518 3636 4574 2.
3686 4518 3756 4572 lu-

2349 4588 2723 4673 ‘39‘lingonum
2763 4596 2816 4652 2.
2869 4596 3023 4671 Hugo
3081 4593 3289 4665 Capito.
3342 4596 3500 4662 Hugo
3561 4593 3621 4648 V.
3703 4588 3759 4624 “‘

1997 4742 2210 4799 ΝΟῘἙ.

449 4859 544 4916 riae
594 4856 954 4914 Virdunensis
985 4856 1247 4912 seculum
1279 4854 1594 4919 deseruere,
1625 4859 1679 4908 et
1708 4852 1841 4924 quia
1888 4850 1944 4905 in
1974 4866 2069 4905 ea-

448 4933 575 4988 dem
606 4932 824 4987 civitate
854 4927 1217 5003 congregatio
1243 4928 1631 5003 monachorum
1661 4925 1972 5003 _n_ul|a_er_at
2001 4953 2068 5003 .—.-

448 5006 504 5061 in
530 5003 764 5059 ecclesia
793 5001 941 5054 enim
963 4993 1145 5055 sancti
1188 4998 1328 5053 Petri
1372 5005 1427 5052 et
1456 4996 1630 5053 sancti
1661 4996 1840 5051 Vitoni
1881 4993 2065 5050 clerici

447 5075 910 5132 deserviebant--—
926 5072 1141 5127 Tullum
1166 5070 1377 5140 petiere
1399 5078 1453 5124 et
1470 5070 1525 5123 in
1539 5067 1876 5140 monasterio
1891 5065 2066 5140 sancti

450 5148 579 5220 Apri
609 5153 818 5220 mutato
847 5144 1040 5220 habitu
1062 5136 1323 5220 saeculum
1356 5141 1612 5220 deserere
1638 5137 1935 5220 ct._('3hristo
1967 5136 2067 5192 do-

449 5209 601 5274 m’ino
632 5216 970 5288 incorporari
1000 5221 1062 5269 ut
1091 5212 1338 5267 membra
1368 5210 1552 5288 ﬁdelia
1583 5209 1747 5288 capiti
1777 5209 2058 5288 studuere.

450 5290 581 5354 Quae
628 5305 717 5344 res
764 5278 1000 5343 maxime
1049 5292 1166 5341 erat
1200 5282 1422 5338 mwrori
1463 5278 1741 5354 pontifici,
1778 5278 2063 5336 canonicis

450 5352 685 5434 quoque
704 5359 1020 5434 res_iduis_et
1050 5354 1370 5434 proceribus
1407 5352 1621 5434 pepuli,
1652 5352 1782 5424 quia
1811 5358 2066 5434 optarent

449 5421 549 5512 eos
574 5421 758 5512 potius
779 5431 834 5512 in
851 5421 1311 5512 eodem-militare
1332 5421 1615 5512 episcopio
1637 5421 1799 5495 quam
1823 5421 2065 5512 a’d‘alilud

450 5493 965 5576 demigrare__Boni_s
986 5507 1170 5576 tamen
1190 5493 1634 5576 et_laudabilib_us
1656 5493 1848 5576 eorum
1869 5493 2068 5576 studiis

453 5580 509 5629 et
561 5564 831 5644 eiemplis
867 5572 1061 5646 religio
1115 5567 1314 5641 regula:
1367 5569 1760 5625 monachorum
1800 5574 1857 5623 et
1888 5564 2067 5623 fervor

2168 4850 2381 4905 ordinis
2412 4849 2468 4904 in
2500 4848 2697 4905 eodem
2729 4846 2985 4904 coenobio
3015 4852 3070 4900 et
3094 4844 3152 4899 in
3182 4841 3520 4916 quibusdam
3546 4839 3665 4896 aliis
3681 4853 3765 4910 per

2168 4921 2789 4996 regnum_l.oth_a_riense
2818 4924 3119 4996 reparatur:
3168 4941 3193 4963 ιο

2239 4982 2344 5066 ΪἨ)
2381 4994 2532 5068 llugo
2565 4992 2709 5068 Vird.
2755 4982 2933 5068 pergit
2938 5006 2968 5068 ξ
3007 5009 3048 5068 «_
3080 4988 3289 5068 l_l_erveo
3316 4982 3768 5068 episcopo‘dece-

2166 5053 2354 5132 dente,
2404 5053 2888 5119 Rdmundus'sub
2937 5059 3170 5132 Rodulfo
3225 5053 3364 5131 rege
3406 5053 3765 5132 spbstituitur.

2165 5139 2260 5210 qui
2311 5125 2672 5210 C'olticensem
2730 5131 3005 5210 abbatiam
3062 5125 3375 5210 destructis,
3426 5125 3656 5210 C'olticas
3683 5137 3767 5179 ca-

2164 5197 2335 5265 s'trum
2389 5205 2678 5262 aedificavit
2705 5213 2762 5260 et
2800 5204 3118 5267 Curenscm,
3157 5198 3412 5255 similiter
3448 5197 3620 5252 Petrae
3650 5209 3768 5267 per—

2163 5288 2343 5337 tusum
2375 5277 2663 5343 exstruxit,
2695 5286 2751 5331 et
2780 5274 2907 5330 filiis
2936 5283 2989 5328 et
3016 5266 3237 5343 filiabus
3265 5270 3381 5343 suis
3419 5267 3566 5324 bona
3601 5266 3769 5343 eccle-

2164 5335 2370 5408 siarum
2402 5358 2457 5405 et
2498 5335 2674 5404 castra
2703 5364 2827 5419 quae
2858 5347 3061 5419 fecerat
3089 5342 3263 5419 dedit.
3289 5341 3391 5419 llic
3446 5349 3570 5419 post
3606 5335 3767 5419 multa

2164 5425 2308 5479 mala
2332 5427 2544 5492 patrata
2580 5436 2612 5474 a
2649 5409 2839 5475 sancto
2869 5417 3102 5493 Georgio
3143 5409 3463 5487 ﬂagellatus
3481 5409 3698 5467 interiit.
3736 5423 3765 5454 ι

2238 5493 2347 5563 (72)
2384 5494 2579 5548 Fimcs.
