3960 6160
504 275 602 329 451

1635 272 1997 328 FLODOARDI
2039 269 2342 327 CANONICI
2384 268 2714 325 REMENSIS

3718 273 3810 326 4:32

574 398 843 454 Brittones
864 395 930 450 ad
959 411 1057 450 sua
1083 395 1203 451 loca
1233 403 1357 467 post
1395 395 1662 451 diutinam
1692 397 1926 470 regressi
1956 413 2110 468 pere-
2138 403 2185 470 Α
2211 395 2531 451 Praemissus
2561 409 2691 450 vero
2717 393 2871 467 llugo
2903 393 2971 448 ad
2999 409 3185 467 regem
3239 394 3391 450 venit
3432 395 3520 458 ‘3‘,
3555 402 3608 451 et
3635 397 3811 452 amici-

497 489 885 564 grinationem,
917 505 1040 543 cum
1096 488 1465 554 Nortmannis,
1525 489 1618 560 qui
1643 495 1838 544 terram
1867 490 2108 559 ipsorum

499 579 814 649 contiguam
853 576 958 631 sibi
1013 585 1386 646 pervaserant,
1439 578 1820 649 frequentibus
1849 578 2113 633 dimicant

501 665 734 736 prmliis,
761 665 1075 736 superiores
1103 665 1353 736 pluribus
1391 666 1710 733 existentes,
1743 674 1797 722 et
1826 668 1945 722 loca
1987 683 2116 737 per-

499 771 626 809 vasa
677 754 1028 826 recipientes.
1091 754 1377 824 Rodulfus,
1411 756 1662 810 Jurensis
1702 773 1766 810 ac
1822 756 2112 826 Cisalpinae

500 847 686 902 Galliae
718 863 831 912 rex,
865 847 1004 902 obiit
1035 864 1049 912 ;
1092 848 1178 902 cui
1209 846 1358 902 ﬁlius
1383 865 1583 918 parvus
1622 849 2026 904 Chonradus‘68
2055 849 2110 902 in

501 951 668 1007 regno
698 935 963 990 succedit.
987 935 1142 990 Abbo
1182 936 1508 991 Suessorum
1545 937 1740 1007 praesul
1773 937 2111 1011 defungitur:

500 1038 553 1083 et
602 1027 761 1083 Wido
822 1027 970 1082 ﬁlius
1026 1028 1284 1083 Fulconis
1333 1029 1400 1062 “‘9
1457 1029 1888 1104 Andegavensis,
1941 1030 2116 1085 sancti

501 1119 715 1174 Martini
743 1120 1080 1175 Turonensis
1101 1120 1425 1186 canonicus,
1457 1121 1575 1190 ejus
1623 1121 1940 1194 episcopatu
1974 1123 2119 1194 poti—

501 1217 607 1264 tur.
633 1211 788 1265 Anno

1099 1281 1552 1338 DCCCCXXXVIII

505 1411 599 1450 rex
641 1394 962 1449 Ludowicus
1009 1395 1287 1465 quoddam
1346 1404 1583 1452 castrum
1645 1398 1867 1454 nomine
1921 1399 2118 1455 Monti—

506 1486 724 1540 niacum
757 1485 885 1556 (75),
915 1487 1063 1556 quod
1091 1487 1311 1558 quidam
1337 1487 1521 1543 Serlus
1549 1488 1834 1544 latrocinia
1854 1506 2118 1545 exercens

506 1578 746 1645 tenebat,
775 1578 826 1633 vi
859 1579 1006 1650 cepit
1037 1597 1051 1644 ;
1096 1578 1275 1650 ipsum
1304 1596 1433 1635 vero
1456 1581 1524 1615 ⁴τ⁰
1538 1581 1750 1636 Serlum
1782 1597 1879 1652 per
1908 1583 2119 1654 deprae-

504 1669 772 1724 cationem
807 1669 995 1724 domni
1048 1669 1254 1726 Artoldi
1287 1671 1690 1742 archiepiscOpi
1721 1672 1833 1728 vita
1871 1674 2114 1740 donavit,

2211 485 2343 540 tiam
2374 483 2425 539 ei
2456 491 2800 538 sacramento
2831 481 3608 553 promittit.Gislebertuscum
3639 485 3812 540 Lotha-

2213 581 2488 636 riensibus
2506 579 2718 655 Hugoni
2736 588 2790 634 et
2815 579 3101 634 Heriberto
3118 580 3335 651 venit‘in
3350 580 3673 649 adjutorium
3691 596 3811 635 con-

2213 675 2294 723 tra
2309 685 2495 742 regem
2528 667 3269 740 Ludowicum,castrumque
3296 667 3691 740 Petnepontem
3720 670 3807 738 (80,"

2214 762 2267 815 vi
2300 760 2543 831 capiunt.
2567 759 2827 815 Arnulfus
2856 774 3043 816 comes
3063 767 3118 814 et
3137 759 3455 815 Heribertus
3481 761 3623 816 inter
3641 776 3812 833 regem

2216 854 2566 910 Ludowicum
2589 862 2642 908 et
2662 854 2947 927 Hugonem
2979 853 3811 926 dilationem|accipiunt,pacem

2214 956 2558 1002 sacramento
2617 947 2960 1017 paciscentes
3015 963 3196 1018 usque
3251 947 3319 1002 ad
3379 945 3544 1001 ﬁnem
3581 948 3811 1001 Januarii

2219 1037 2426 1091 mensis
2454 1037 2541 1090 ⁵⁸⁷.
2576 1037 2686 1091 Nec
2715 1051 2868 1092 mora
2925 1035 3256 1092 Ludowicus
3294 1036 3362 1070 ⁸⁸⁸
3393 1052 3488 1090 rex
3509 1037 3742 1091 consilio
3764 1038 3812 1070 ⁸³³

2220 1125 2414 1181 Odoini
2481 1127 2549 1160 ‘90
2589 1133 2642 1180 et
2696 1125 2945 1193 Gerardi,
3005 1127 3099 1198 qui
3165 1126 3488 1182 dimiserant
3538 1125 3812 1180 Rodulfum

2221 1217 2542 1287 episcopum
2571 1215 2996 1270 Laudunensem
3027 1224 3082 1271 et
3098 1216 3508 1272 transierantad
3524 1216 3811 1288 Hugonem,

2223 1323 2312 1362 res
2358 1307 2444 1361 vel
2503 1307 2790 1364 thesauros
2844 1306 3094 1362 Lauduni
3139 1313 3388 1378 repertos
3429 1306 3623 1379 diripit
3662 1316 3811 1378 atque

2219 1396 2494 1468 dispertit.
2521 1397 2677 1452 Auno
2821 1466 3230 1523 DCCCCXXXIX

2220 1555 2625 1611 Ludowicus‘“
2661 1572 2755 1610 rex
2783 1554 2997 1630 Hugoni
3043 1554 3158 1611 ﬁlio
3213 1555 3490 1622 Richardi,
3525 1555 3812 1627 proﬁcisci-

2219 1653 2308 1700 tur
2335 1645 2554 1700 obviam
2589 1663 2602 1698 :
2634 1661 2758 1700 cum
2791 1661 2901 1716 quo
2933 1645 3004 1700 de
3033 1644 3352 1716 Burgundia
3392 1653 3809 1715 revertens,per-

505 1769 558 1814 et
579 1759 846 1831 oppidum
887 1762 1104 1816 evertit.
1163 1737 1502 1816 Heribertum
1546 1737 2114 1832 perdeprecationem

2226 1739 2294 1814 git
2324 1746 2513 1794 contra
2545 1738 2830 1811 Hugonem
2857 1737 3031 1792 ﬁlium
3061 1737 3400 1804 Rotberti,ct
3429 1737 3811 1791 Willelmum‘”

507 1852 754 1928 Hugonis
777 1853 844 1907 ad
900 1870 1091 1924 pacem
1149 1856 1380 1926 recepit.
1443 1857 1763 1911 Tusciacum
1818 1857 1924 1927 (76)
1955 1872 2122 1929 super

507 1943 733 2006 Mosam,
764 1959 886 1998 cum
918 1945 1064 1999 villis
1091 1945 1214 2000 aliis
1249 1946 1316 2000 ad
1342 1945 1516 2017 ipsam
1549 1945 2122 2017 pertinentibus,quas

506 2041 662 2102 pater
691 2033 866 2104 ipsius
905 2034 1067 2089 matri
1096 2035 1217 2104 ejus
1264 2036 1409 2091 dotis
1454 2036 1580 2104 jure
1601 2035 1844 2104 dederat,
1872 2052 2120 2108 quasque

507 2120 794 2191 Rotgarius
824 2121 887 2156 ‘7‘
937 2137 1123 2178 comes
1178 2125 1422 2190 tenebat,
1456 2124 1578 2194 ipso
1611 2123 2116 2194 rcddenterecepit,

505 2213 634 2266 dum
659 2229 752 2268 eas
793 2214 973 2269 hostili
1007 2230 1172 2270 manu
1219 2215 1463 2286 repetiit.
1502 2217 1634 2271 lnde
1675 2225 1955 2272 revertens
1986 2215 2119 2272 Cor-

505 2305 774 2360 benacum
805 2307 912 2374 (77)
980 2309 1290 2375 castellum,
1341 2309 1489 2379 quod
1552 2316 1707 2379 pater
1762 2309 1882 2378 ejus
1927 2318 2118 2365 sancto

507 2393 754 2466 Remigio
785 2395 1086 2451 tradiderat
1116 2397 1378 2469 quodque
1430 2405 1746 2468 pervaserat
1776 2397 2118 2465 Heribertus,

507 2497 599 2536 rex
630 2482 736 2538 sibi
759 2484 828 2518 ⁴⁷²
857 2501 888 2539 a
918 2485 1575 2542 monachiscommissum
1609 2486 1678 2519 “3
1702 2501 1800 2556 per
1832 2486 1943 2540 vim
1977 2502 2121 2542 rece—

506 2575 604 2645 pit,
638 2581 692 2630 et
717 2576 972 2631 homines
1012 2577 1305 2645 Hcriberti,
1339 2578 1434 2649 qui
1464 2585 1619 2633 erant
1652 2578 1706 2631 in
1737 2593 1826 2646 eo,
1860 2593 2122 2649 compre-

507 2666 728 2733 hensos,
771 2676 1001 2740 rogante
1023 2669 1230 2724 domno
1272 2669 1496 2724 Artoldo
1519 2670 2124 2741 archiepiscopo,abire

505 2755 774 2823 permisit.
810 2756 964 2828 Hugo
993 2757 1273 2827 princeps,
1335 2755 1482 2812 ﬁlius
1540 2757 1810 2820 Rotberti.
1874 2773 2122 2814 sororem

507 2845 738 2901 Othonis
769 2848 917 2922 regis
971 2849 1457 2915 Transrhenensis,
1513 2848 1680 2904 ﬁliam
1739 2850 1978 2905 Heinrici
2035 2852 2124 2906 ω.

508 2937 658 2994 ducit
687 2953 932 2994 uxorem.
967 2940 1296 2996 Ludowicus
1343 2958 1435 2997 rex
1466 2942 1739 2997 maritima
1771 2941 1892 2998 loca
1912 2950 2134 3014 petens.

507 3037 743 3084 castrum
762 3029 1038 3102 quoddam
1054 3037 1384 3104 portumque
1411 3032 1480 3067 ‘75
1509 3048 1677 3104 supra
1708 3033 2135 3104 mare,quem""6

2220 1829 2681 1884 Nortmannorum
2713 1827 3042 1899 principem.
3083 1826 3182 1892 Qui
3205 1826 3464 1898 quoniam
3484 1825 3640 1880 villas
3660 1841 3811 1896 nuper

2222 1917 2425 1973 Arnulﬁ
2477 1917 2700 1973 comitis
2757 1917 3023 1988 quasdam
3092 1915 3295 1987 praedis
3327 1915 3714 1985 incendiisque
3759 1916 3810 1947 ‘9’

2220 2016 2544 2077 vastaverat,
2588 2007 3094 2063 excommunicatur
3149 2007 3218 2062 ab
3249 2006 3526 2078 episc0pis
3547 2005 3642 2076 qui
3681 2013 3810 2060 erant

2218 2117 2342 2156 cum
2375 2117 2526 2176 rege,
2556 2100 2720 2155 simul
2749 2116 2869 2155 cum
2905 2100 3191 2154 Heriberto
3213 2099 3303 2166 ωδ,
3335 2098 3428 2170 qui
3453 2097 3659 2168 Oppida
3687 2112 3814 2168 qua-

2219 2196 2343 2250 dam
2375 2195 2642 2266 villasque
2664 2195 2838 2249 sancti
2897 2193 3130 2267 Remigii
3177 2207 3434 2264 pervasas
3481 2191 3810 2263 pertinaciter

2221 2287 2524 2342 detinebat.
2562 2287 2714 2359 Hugo
2778 2285 2921 2341 datis
2975 2284 3266 2340 obsidibus
3306 2301 3496 2354 pacem
3551 2283 3817 2354 paciscitur

2222 2391 2395 2446 usque
2425 2375 2696 2430 Kalendas
2723 2374 2892 2428 Junii.
2929 2373 3319 2428 Lotharienses
3351 2373 3626 2428 Othonem
3659 2388 3812 2446 regem

2221 2483 2380 2522 suum
2405 2468 2470 2501 ⁵9⁵
2503 2467 2786 2534 deserunt,
2821 2473 2876 2521 et
2905 2465 2973 2520 ad
2992 2465 3344 2521 Ludowicum
3364 2481 3550 2537 regem
3592 2464 3811 2527 veniunt,

2229 2559 2324 2630 qui
2374 2574 2470 2614 eos
2499 2559 2748 2630 recipere
2776 2557 2994 2613 distulit
3051 2557 3122 2614 ob
3177 2558 3500 2625 amicitiam,
3555 2547 3816 2629 quaeinter

2229 2663 2344 2714 eos,
2386 2647 2584 2720 legatis
2636 2646 2813 2718 ipsius
2851 2646 3080 2702 Othonis
3109 2654 3164 2701 et
3218 2647 3444 2702 Arnult’o
3486 2647 3687 2701 comite
3719 2661 3816 2698 me-

2227 2739 2440 2806 diante,
2472 2738 2702 2810 depacta
2725 2745 2860 2794 erat.
2902 2737 3194 2795 Castellum
3247 2738 3456 2793 Erluini
3517 2739 3587 2773 ‘95
3637 2738 3820 2792 mariti-

2229 2847 2403 2892 mum,
2432 2830 2580 2902 quod
2611 2837 2837 2885 vocatur
2864 2829 3335 2900 Monasteriolum,
3363 2845 3551 2885 comes
3570 2828 3819 2892 Arnult‘us,

2237 2919 2490 2974 tradente
2511 2919 2748 2991 quodam
2795 2919 3095 2990 proditore.
3127 2919 3297 2989 cepit,
3330 2925 3385 2973 et
3424 2935 3646 2974 uxorem
3676 2919 3823 2990 ipsius

2238 3007 2446 3063 Erluini
2488 3008 2554 3042 ‘97
2596 3015 2749 3063 trans
2807 3023 2955 3063 mare
2985 3023 3110 3063 cum
3168 3006 3300 3062 ﬁliis
3342 3007 3409 3062 ad
3461 3009 3730 3062 Alstanum
3770 3004 3821 3035 ⁵³⁸

507 3121 701 3177 dicunt
733 3099 958 3178 Guisum
1019 3099 1152 3194 (28),
1211 3099 1519 3180 restaurare
1561 3099 1716 3181 nisus
1745 3135 1845 3181 est.
1878 3099 2122 3198 Oumque

2235 3117 2418 3176 regem
2461 3099 2645 3155 mittit.
2677 3099 2787 3156 Nec
2828 3101 3074 3175 longum,
3109 3099 3338 3156 collecta
3388 3099 3820 3154 Nortmannorum

507 3230 633 3268 cum
667 3214 898 3271 Arnulfo
927 3225 1196 3284 moratur,
1263 3218 1517 3274 homines
1545 3217 1814 3274 Heriberti
1846 3219 2126 3292 quoddam

505 3312 749 3358 castrum
809 3304 1098 3360 Remensis
1140 3306 1405 3362 aecclesiaa
1435 3348 1453 3374 ,
1535 3308 1686 3379 quod
1733 3316 1932 3364 vocant
1988 3307 2131 3363 Cau-

505 3402 709 3448 sostem
741 3395 871 3465 (79},
927 3411 1095 3467 super
1140 3396 1436 3452 Maternam
1495 3396 1743 3465 ﬂuvium,
1785 3398 1854 3452 ab
1898 3397 2128 3453 Artoldo

504 3485 742 3556 praesule
772 3494 1174 3555 constructum,
1208 3490 1478 3559 prodente
1496 3489 1764 3560 Wilperto
1795 3491 1863 3525 ‘77
1886 3490 2124 3562 quodam

507 3573 756 3644 capiunt,
790 3582 846 3631 et
867 3576 1240 3650 Raagibertum
1280 3576 1349 3610 ‘73
1380 3578 1430 3640 *,
1461 3577 1554 3649 qui
1587 3576 1769 3632 eidem
1801 3585 1977 3634 castro
1992 3595 2129 3650 prae-

507 3672 646 3729 erat,
671 3677 857 3718 secum
921 3663 1204 3720 abducunt
1252 3665 1340 3731 ‘7’,
1390 3665 1659 3737 villasque
1707 3665 2129 3738 circumpositas

505 3755 716 3811 crebris
734 3756 1124 3827 depraedantur
1151 3757 1616 3814 infestationibus.

580 3851 713 3921 [*H
755 3854 838 3927 _R._
866 3868 939 3918 ιν,
979 3851 1069 3927 26.
1131 3851 1544 3927 Ragenbertum
1607 3851 1811 3910 Artoldi
1878 3852 2132 3923 praesulis

581 3922 1021 3994 consobrinum]

584 4011 800 4067 Interea
847 4028 941 4067 rex
989 4011 1318 4068 Ludowicus
1369 4013 1439 4047 ⁴⁸⁰
1467 4021 1726 4068 evocatus
1780 4012 1849 4067 ab
1905 4012 2130 4069 Artoldo

513 4103 932 4174 archiepiscopo
944 4104 1008 4137 ‘3‘
1024 4104 1355 4177 regreditur,
1372 4104 1763 4178 ingressusque
1780 4103 2128 4171 Laudunum,

515 4206 697 4245 arcem
726 4207 923 4246 novam
951 4207 1130 4262 nuper
1154 4191 1223 4226 ‘3'
1254 4191 1395 4246 inibi
1435 4191 1502 4245 ab
1535 4190 1824 4246 Heriberto
1855 4191 1924 4225 “3
1955 4190 2132 4246 {ediﬁ-

514 4292 692 4336 catam
725 4281 946 4338 obsidet
977 4301 992 4349 ;
1026 4281 1322 4354 multisque
1346 4281 1946 4338 machinissuﬁ‘osso‘“
1973 4297 2129 4338 ever-

509 4389 686 4446 soque
711 4390 891 4442 muro,
924 4390 1048 4429 cum
1088 4391 1288 4448 magno
1328 4375 1549 4430 tandem
1582 4375 1730 4446 capit
1754 4375 1960 4431 labore.
1995 4375 2128 4430 Inde

2232 3208 2342 3249 non
2399 3193 2617 3248 modica
2657 3208 2822 3247 manu
2859 3233 2872 3260 ,
2934 3192 3190 3247 Erluinus
3255 3201 3492 3248 castrum
3550 3189 3818 3265 pugnando

2231 3284 2440 3354 recepit
2471 3291 2564 3350 ;et
2595 3300 2661 3338 ex
2688 3283 2958 3339 militibus
2979 3282 3210 3352 Arnulﬁ,
3265 3299 3408 3356 quos
3441 3283 3590 3339 intus
3619 3281 3822 3344 invenit,

2231 3375 2532 3431 nonnullos
2564 3375 2861 3441 interemit,
2900 3375 3169 3447 quosdam
3214 3390 3344 3430 vero
3376 3382 3604 3446 propter
3624 3388 3820 3428 uxorem

2230 3463 2614 3534 recipiendam
2643 3463 2954 3518 reservavit.
2978 3463 3366 3519 Lotharienses
3395 3462 3595 3518 iterum
3619 3462 3821 3517 veniunt

2235 3552 2302 3606 ad
2335 3568 2520 3625 regem
2575 3551 2975 3618 Ludowicum;
3019 3559 3074 3606 et
3127 3567 3386 3622 proceres
3433 3551 3611 3622 ipsius
3667 3548 3818 3620 regni.

2235 3643 2573 3700 Gislehertus
2597 3643 2808 3700 scilicet
2837 3644 2966 3712 dux,
3009 3652 3064 3699 et
3093 3643 3252 3712 Otho,
3286 3645 3432 3698 Isaac
3472 3653 3633 3714 atque
3667 3641 3822 3696 Theo.

2235 3734 2452 3791 dericus
2480 3737 2566 3801 ‘99,
2597 3736 2848 3803 comites,
2879 3735 3061 3792 eidem
3091 3733 3159 3771 ⁵⁰⁵
3190 3753 3252 3790 se
3291 3735 3406 3809 regi
3455 3733 3781 3791 committunt
3807 3750 3818 3790 ;

2233 3828 2482 3900 episcopi
2513 3843 2642 3884 vero
2673 3828 2764 3896 δοο,
2793 3828 3056 3900 quoniam
3082 3845 3175 3884 rex
3194 3827 3331 3883 Otho
3347 3827 3416 3862 50°
3441 3843 3629 3884 eorum
3657 3841 3816 3880 secum

2232 3918 2519 3974 detinebat
2537 3918 2871 3987 obsidalum,
2931 3919 3223 3975 Ludowico
3265 3919 3380 3993 regi
3411 3935 3470 3974 se
3501 3917 3813 3974 committere

2231 4009 2509 4066 differunt.
2559 4011 2697 4066 Otho
2745 4028 2842 4066 rex
2875 4055 2891 4079 ,
2947 4012 3141 4068 Rheno
3214 4011 3559 4077 transmisso,
3621 4022 3816 4083 regnum

2232 4103 2586 4158 Lothariense
2609 4103 2995 4174 perlustrat,et
3039 4103 3312 4160 incendiis
3343 4103 3650 4176 praedisque
3683 4100 3814 4172 plura

2229 4191 2353 4248 loca
2377 4193 2642 4247 devastat.

2299 4282 2600 4354 Anglorum
2628 4282 2817 4337 classis
2848 4280 2916 4336 ab
2964 4282 3205 4348 Alstano,
3254 4297 3383 4355 rege
3437 4297 3563 4347 suo,
3605 4280 3652 4334 in
3683 4273 3819 4331 auxi-

2230 4374 2362 4429 lium
2397 4375 2675 4429 Ludowici
2703 4375 2848 4448 regis
2879 4375 3218 4440 transmissa,
3281 4390 3430 4430 mare
3491 4375 3556 4408 ⁵⁰¹
3591 4369 3814 4428 transito.

508 4461 577 4516 ad
601 4462 935 4535 colloquium
962 4461 1332 4535 proﬁciscitur
1349 4463 1614 4541 Hugonis,
1646 4463 1828 4519 fratris
1850 4465 2125 4536 quondam
2149 4471 2206 4541 D
2227 4467 2345 4522 loca
2367 4483 2598 4540 quaeque
2631 4467 2962 4522 Morinorum
2985 4468 3122 4521 mari
3170 4467 3526 4538 depraedatur
3553 4463 3815 4536 contigua;

510 4553 723 4610 Rodulfi
761 4557 925 4629 regis,
959 4558 1146 4614 Odone
1201 4556 1315 4616 ﬁlio
1367 4558 1660 4626 Heriberti,
1692 4558 1782 4630 qui
1824 4573 1883 4614 se
1910 4557 1990 4612 illi
2025 4573 2131 4613 nu-

509 4645 754 4714 perrime
786 4647 855 4682 ⁴⁸⁶
878 4647 1253 4717 commiserat,
1286 4648 1353 4704 ad
1380 4647 1631 4704 Lauduni
1672 4645 2127 4704 tutelamrelicto.

2232 4556 2498 4628 nulloque
2537 4556 2759 4630 negotio
2819 4565 3043 4627 pr0pter
3100 4556 3248 4626 quod
3303 4563 3572 4612 venerant
3603 4558 3816 4624 peracto.

2232 4660 2488 4700 remenso
2534 4644 2604 4679 ⁵⁰²
2641 4645 2798 4713 mari,
2855 4643 3080 4716 prapria
3127 4651 3391 4716 repetunt
3414 4644 3555 4702 loca.
3584 4642 3712 4698 Otho
3742 4651 3817 4692 rex

1853 4751 2075 4807 VARUS
2123 4749 2499 4806 LECTIONES.

589 4851 665 4924 ⁸⁸⁸4
693 4852 972 4924 conradus
1010 4853 1070 4924 2.
1123 4851 1177 4924 3.
1209 4853 1278 4888 “9
1309 4851 1546 4909 folconis
1582 4853 1638 4907 2.
1683 4851 2021 4924 “quoque
2072 4866 2216 4924 corr.
2258 4850 2572 4924 uero_1._fj‘
2632 4849 3096 4924 rotgerius_1._“?
3153 4867 3288 4924 s._r.
3344 4849 3399 4904 2.
3438 4848 3531 4924 βπ
3578 4843 3813 4924 commii-

505 4935 620 5001 eam
740 4921 808 4956 ‘7‘
863 4922 1094 5001 he‘nrici‘
1243 4923 1338 5001 ηδ,
1362 4933 1715 5001 castrumque
1759 4921 1830 4979 2f
1865 4921 2028 5001 3.7:“

507 4993 578 5066 5"
598 4993 880 5066 adducunt
915 4994 971 5060 2,
1027 4994 1096 5028 ιεο
1128 4995 1185 5049 L.
1235 5012 1278 5049 r.
1308 4995 1362 5049 2.
1397 4997 1450 5049 3.
1493 4995 1560 5029 m
1623 4993 1890 5066 episcopo
1941 4994 2001 5066 2.
2037 4993 2106 5066 ξοι

504 5063 558 5136 2.
592 5065 660 5098 “5
693 5081 870 5136 nuper
934 5066 986 5121 3.
1034 5065 1104 5101 ⁴⁸⁶
1153 5074 1386 5121 uenerat
1440 5066 1492 5123 3.

505 5135 661 5208 vicus
686 5136 738 5208 3.
772 5135 996 5208 smptus.
1024 5137 1093 5170 ‘9’
1139 5137 1388 5192 uuilelmi
1419 5139 1474 5191 2.
1521 5137 1590 5171 ‘93
1624 5154 1655 5207 ρ
1736 5143 1803 5208 et
1842 5135 2117 5191 incendiis

2071 4921 2219 4993 quod
2265 4921 2317 4974 2.
2380 4922 2430 4975 3.
2482 4921 2547 4955 ‘77

2149 5008 2315 5064 quam
2370 5008 2573 5064 nuper.
2633 4995 2653 5047 l
2741 4993 2810 5026 ⁴⁸³
2839 5009 2888 5047 a.
2924 4993 2976 5047 h.
3017 4993 3150 5064 i.73.
3193 4993 3322 5064 We

1549 5066 1614 5099 “7
1677 5063 1906 5121 deest'2.
1938 5065 2006 5098 ⁴³⁸
2038 5063 2329 5120 Ιοᾱιωίοιιε
2356 5063 2407 5120 3.
2439 5065 2506 5098 ⁴⁸⁹
2563 5065 2708 5118 deest
2761 5065 2816 5118 2.
2877 5064 2945 5098 ⁴⁹⁰
2978 5063 3281 5119 hodouuini
3331 5063 3366 5117 2

2154 5151 2290 5206 quas
2325 5135 2380 5189 2.
2442 5135 2510 5169 ‘9‘
2564 5135 2741 5190 herito
2782 5136 2815 5188 3
2865 5150 2915 5188 a.
2950 5136 3018 5169 "5
3063 5151 3089 5188 s
3157 5151 3201 5188 r.
3234 5134 3288 5189 2.
3321 5134 3373 5191 3.
3404 5135 3476 5169 ⁸⁹⁶
3500 5137 3740 5206 ίηίηίιτρ.
3769 5123 3809 5174 1-

2612 4912 2861 4976 willi'crto
2911 4921 2963 4977 3.
2997 4921 3029 4977 3
3082 4922 3135 4976 b.
3194 4922 3262 4955 ‘7'
3305 4921 3648 4977 raeebertum
3700 4912 3811 4968 2.3.

3329 4938 3360 4974 ‘a
3404 4938 3648 4976 ebenum
3701 4938 3811 4968 ιη).

3329 4938 3552 5047 Ηξδδοί
3609 4984 3813 5043 ευίΐοςςο

3331 5063 3366 5117 2
3439 5064 3494 5117 3.
3555 5063 3616 5096 ιοί
3657 5055 3812 5111 Ludo-

509 5205 819 5263 Bernuinus
845 5200 1210 5263 Virdunensis
1241 5209 1539 5280 episcopus
1568 5200 1725 5263 obiit.
1757 5205 1904 5280 Hugo
1930 5210 2005 5280 7V.
2045 5200 2312 5280 desuitt2.
2357 5207 2426 5280 59"
2479 5207 2716 5280 herluini
2740 5207 2797 5262 2.
2844 5209 3060 5276 saepius,
3104 5207 3156 5261 3.
3180 5211 3507 5262 constanter.
3537 5203 3600 5239 ⁸⁸⁸
3627 5200 3809 5255 alstan-

507 5292 642 5332 num
675 5279 732 5336 3.
773 5279 841 5314 ‘9’
863 5280 1179 5336 teodericus
1205 5278 1514 5351 liscepius,
1545 5279 1614 5314 ⁵⁰⁰
1643 5280 1790 5335 deest
1816 5279 1869 5334 2.
1897 5279 1964 5313 ὕοι
1998 5279 2135 5334 mari
2153 5279 2208 5335 2.
2241 5278 2294 5335 3.
2323 5279 2392 5313 δοί
2425 5293 2576 5332 remo
2617 5279 2672 5332 2.

2065 5381 2256 5437 NOTAE

571 5483 678 5559 (ζῆ)
709 5485 992 5559 ρῐοῃείρηῃ
1032 5483 1086 5537 in
1120 5498 1263 5559 pago
1283 5481 1691 5540 Suessionensi.

573 5555 686 5625 (76)
705 5557 914 5624 Tuuey.

581 5625 695 5698 (77)
727 5627 984 5694 Corbeny.

2297 5482 2404 5552 (78)
2442 5483 2686 5539 Wissant
2723 5481 2794 5538 ab
2820 5483 3109 5540 occidente
3132 5481 3322 5538 Caleti.

2302 5554 2508 5624 t79)tLa
2531 5556 2798 5612 Chaussee
2827 5555 2856 5608 ?

2303 5625 2406 5696 [30)
2436 5629 2748 5697 Pierrepont
2779 5626 2834 5684 in
2874 5641 3012 5698 pago
3048 5625 3415 5682 Laudunensi.
