3938 6158
156 327 249 384 457

1652 320 1970 378 ANNALES.

3372 330 3477 386 458

151 460 445 516 illustratur
472 458 777 514 miraculis.
819 459 958 515 Crux
1012 460 1186 531 major
1216 458 1478 515 aecclesiae
1519 457 1754 513 Remen-
1779 456 2376 526 Acommunicationis
2404 458 2878 529 depromissurum
2944 461 3014 495 ⁵³³
3072 460 3479 517 interminatio-

151 550 222 605 sis
243 564 377 604 auro
405 554 669 619 cooperta
709 548 1057 623 gemmisque
1119 549 1375 619 pretiosis
1429 556 1641 613 ornata,
1688 548 1756 601 ab

153 641 337 697 eadem
380 639 565 695 furtim
597 640 843 695 aufertur
870 641 1142 696 ecclesia.
1170 640 1429 696 Canonici
1453 638 1759 696 Montishl-

152 732 300 788 conis
327 731 438 801 (86)
468 731 832 801 oppressione
857 731 1219 787 Virdunensls
1249 730 1493 802 episcopi
1527 746 1762 803 praegra-

149 825 248 879 vati
273 824 363 889 διδ,
387 824 715 878 deserentes
756 822 1072 879 coenobium
1131 840 1313 890 suum,
1337 838 1539 894 corpus
1581 822 1756 878 sancti

154 913 411 969 Balderici
440 912 660 984 patroni
686 912 770 966 sui
793 912 1054 967 deferunt
1095 912 1303 968 Remis.

215 1002 539 1057 Ludowicus
594 1017 689 1056 rex
746 1002 1117 1077 Burgundiam
1176 1009 1396 1073 petens.
1442 1001 1760 1074 Rotgarium

152 1094 400 1151 comitem
422 1111 545 1150 cum
576 1094 803 1168 llugone
860 1095 1018 1166 nigro
1054 1111 1118 1150 ac
1164 1094 1471 1150 Gisleberto
1504 1092 1763 1166 paciﬁca-

152 1183 527 1254 vit;indeque
587 1182 910 1237 Laudunum
964 1199 1239 1250 remeans,
1283 1183 1584 1239 Arnoldum
1636 1199 1761 1238 cum

155 1276 433 1343 Landrico,
491 1275 656 1330 fratre
716 1276 910 1347 ipsius,
964 1277 1159 1331 eodem
1203 1283 1381 1332 castro
1430 1276 1763 1347 proditionis

152 1369 489 1423 insimulatos
530 1367 762 1438 expulit,
820 1377 875 1422 et
908 1368 1166 1442 Rotgario
1224 1368 1290 1403 5‘7
1342 1367 1762 1423 Laudunenscm

153 1461 459 1516 comitatum
478 1460 629 1514 dedit
661 1478 676 1526 ;
702 1467 1096 1532 compertoque
1123 1461 1271 1532 quod
1301 1461 1455 1534 llugo
1494 1459 1663 1514 Albus
1694 1461 1761 1515 ad

152 1547 514 1603 obsidendum
548 1547 872 1603 Laudunum
905 1556 1244 1620 properaret,
1280 1549 1611 1622 Burgundize
1632 1565 1761 1619 par-

153 1650 226 1695 tes
251 1656 376 1695 cum
409 1640 633 1696 Artoldo
661 1640 926 1712 episcopo
951 1650 1007 1695 et
1032 1640 1289 1714 Rotgario
1315 1641 1514 1695 comite
1539 1641 1756 1711 repetit.

1863 570 2011 608 nem.
2046 554 2147 608 Pro
2205 569 2313 624 qua
2353 570 2413 608 re
2457 553 2835 625 colloquentes
2891 556 3139 627 episcopi
3186 556 3478 612 Remensis

1862 647 2147 701 diocescos
2176 662 2299 700 cum
2341 646 2624 701 Heriberto
2674 647 2895 713 comite,
2928 648 3211 718 deprecati
3255 648 3325 683 ‘5‘
3350 656 3481 704 sunt

1862 756 2009 805 eum,
2039 748 2098 796 ut
2124 740 2495 795 intercederet
2524 740 2672 808 apud
2730 739 3013 812 llugonem
3036 740 3345 811 principem
3375 755 3479 811 pro

1860 830 2182 899 receptione
2213 828 2377 903 regis.
2413 828 2728 883 Proditores
2772 828 2995 899 quidam
3049 828 3235 884 Remis
3273 829 3480 899 reperti

1860 930 1916 977 et
1938 921 2210 977 interfecti
2241 928 2369 975 sunt
2395 940 2409 985 ;
2441 920 2665 993 quidam
2692 919 2861 975 rebus
2880 921 3146 976 ecclesiae
3184 920 3477 990 privati,ab

1860 1014 1996 1069 urbe
2025 1013 2399 1084 depelluntur.
2437 1012 2624 1083 Legati
2684 1012 2978 1067 Remensis
3017 1012 3280 1067 aacclesizc
3311 1012 3483 1067 Roma

1860 1103 2120 1177 regressi,
2154 1102 2378 1174 pallium
2411 1101 2673 1157 deferunt
2728 1101 2947 1176 Hugoni
2982 1102 3247 1172 episcOpo
3268 1118 3333 1156 ac
3358 1102 3484 1157 Ste-

1863 1196 2046 1265 phano
2097 1211 2241 1265 papa
2296 1194 2700 1249 transmissum.
2758 1193 2887 1248 Cum
2939 1193 3141 1265 quibus
3195 1193 3404 1263 pariter
3430 1200 3486 1248 et

1862 1286 2063 1361 legatio
2089 1286 2241 1341 venit
2296 1286 2644 1357 principibus
2703 1285 2878 1358 regni,
2930 1293 2990 1340 ut
3021 1285 3376 1340 Ludowicum
3418 1285 3487 1320 ³⁸⁵

1865 1395 2052 1453 regem
2100 1378 2388 1449 recipiant,
2436 1385 2489 1433 et
2518 1379 2600 1433 sic
2651 1379 2867 1452 legatos
2918 1393 3050 1433 suos
3091 1377 3316 1432 Romam
3348 1376 3487 1431 diri-

1862 1480 1994 1543 gant
2035 1471 2221 1543 :quod
2248 1471 2294 1525 si
2317 1486 2493 1542 usque
2546 1470 2615 1525 ad
2668 1470 3010 1525 nativitatem
3060 1469 3275 1525 Domini
3304 1469 3487 1525 facere

1863 1580 1974 1619 non
1999 1563 2436 1635 procuraverint,
2490 1562 3055 1617 excommunicandos
3106 1568 3237 1617 tunc
3265 1561 3382 1617 fore
3423 1578 3485 1616 se

1863 1654 2137 1707 noverint.
2166 1653 2414 1707 Domnus
2446 1651 2561 1706 Odo
2590 1652 2761 1705 abbas
2804 1667 2903 1721 pro
2933 1668 3069 1721 pace
3097 1651 3313 1725 agenda
3340 1651 3486 1704 inter

152 1734 255 1799 Quo
284 1733 431 1788 circa
459 1733 751 1788 Vilriacum
805 1734 874 1767 ⁵⁸⁸
940 1743 1179 1789 castrum
1228 1734 1578 1801 deversante.
1608 1734 1758 1809 Hugo
1782 1777 1835 1845 Β
1866 1744 2149 1819 Hugonem
2168 1759 2353 1818 regem
2387 1743 2552 1797 italiae
2579 1750 2632 1798 et
2659 1742 2936 1798 Albricum
2969 1743 3274 1797 Romanum
3312 1743 3486 1813 patri-

152 1832 197 1879 et
225 1825 540 1880 lleribertus
566 1824 886 1880 Laudunum
948 1826 1226 1880 obsident.
1294 1825 1544 1895 Sumptis
1574 1833 1757 1880 autem

150 1934 321 1972 secum
345 1934 440 1972 rex
470 1933 610 1989 quos
632 1918 1006 1989 undecunque
1062 1918 1325 1991 colligere
1357 1919 1628 1989 potuit,in
1664 1935 1765 1989 pa-

150 2027 265 2085 gum
288 2010 621 2065 Porcensem
652 2010 824 2065 venit.
886 2010 1002 2075 Quo
1042 2010 1251 2077 audito,
1293 2010 1445 2083 Hugo
1499 2017 1553 2065 et
1606 2009 1765 2065 Heri-

150 2099 348 2165 bertus,
373 2099 586 2154 scilicet
615 2098 762 2170 quod
813 2115 908 2153 rex
957 2100 1039 2154 eis
1067 2100 1558 2171 apprOpinquaret,
1609 2100 1765 2155 obsi-

152 2191 303 2246 dione
344 2192 541 2249 relicta
603 2198 903 2263 properant
939 2199 1149 2259 contra,
1174 2200 1230 2247 et
1260 2194 1594 2265 insperatum
1621 2193 1766 2265 regis

152 2284 467 2340 invadentes
503 2283 832 2351 exercitum,
859 2284 1159 2339 nonnullos
1196 2290 1475 2351 sternunt,
1522 2284 1765 2355 reliquos

153 2377 201 2431 in
220 2377 403 2450 fugam
455 2386 694 2434 vertunt.
737 2378 849 2433 Rex
899 2378 1020 2450 ipse
1076 2396 1198 2434 cum
1246 2379 1437 2450 paucis
1476 2378 1767 2434 cductusa

150 2470 273 2537 suis,
298 2470 617 2525 eteximere
647 2486 708 2525 se
753 2470 902 2525 bello
933 2478 1177 2535 coactus,
1208 2472 1298 2526 vix
1320 2472 1514 2538 evasit,
1545 2472 1765 2528 Artoldo

152 2560 408 2630 episcopo
429 2568 485 2613 et
515 2559 715 2614 comite
745 2559 1002 2631 Rotgario
1023 2560 1415 2615 comitantibus
1436 2578 1645 2616 secum.
1670 2563 1767 2615 Ar-

152 2650 895 2723 toldusepiscopus,perditis
913 2652 1080 2707 rebus
1110 2668 1249 2724 quas
1280 2652 1355 2707 ibi
1390 2651 1683 2721 habuerat,
1698 2653 1767 2709 ad

152 2738 431 2814 Hngonem
453 2756 518 2794 ac
534 2741 603 2774 5‘9
630 2741 974 2796 Heribertum
1003 2742 1236 2797 accessit
1261 2743 1425 2811 [H.R.
1449 2743 1764 2808 iv,29,add.

151 2834 417 2890 adductus
443 2835 513 2889 ab
532 2836 742 2907 amicis]
776 2844 870 2902 ;et
909 2836 1052 2892 datis
1094 2839 1454 2893 sacramentis
1507 2844 1668 2907 prout
1697 2837 1767 2892 ab

152 2938 213 2977 eo
229 2925 527 2980 Avennaco
555 2941 678 2980 cum
707 2924 836 2979 villa
865 2926 1215 2991 Vindenissa,
1235 2936 1460 2997 etpacta
1485 2944 1618 2999 pace
1642 2944 1766 2983 cum

1865 1836 2009 1891 cium
2044 1836 2190 1906 apud
2214 1834 2470 1890 eumdem
2502 1851 2688 1907 regem
2721 1834 3031 1889 laborabat.
3067 1834 3216 1889 [dem
3245 1849 3379 1889 vero
3393 1850 3488 1888 rex

1867 1926 2021 2000 Hugo
2061 1926 2393 1980 Sarracenos
2440 1924 2510 1978 de
2567 1922 2861 1978 Fraxinido
2917 1938 3107 1977 eorum
3176 1922 3487 1977 munitione

1865 2017 2190 2088 disperdere
2212 2015 2543 2072 conabatur.
2567 2014 2860 2085 Rotgarius
2920 2030 3107 2069 comes
3157 2015 3306 2084 apud
3338 2014 3485 2068 Wil-

1866 2109 2092 2165 lelmum
2116 2110 2579 2163 Nortmannorum
2612 2107 2922 2178 principem
2952 2106 3173 2161 functus
3207 2107 3486 2181 legatione

1867 2213 1966 2269 pro
1988 2197 2284 2253 Ludowico
2315 2212 2466 2270 rege,
2500 2195 2707 2250 ibidem
2727 2194 3024 2250 defunctus
3045 2202 3148 2250 est.
3178 2194 3489 2249 Willelmus

1869 2306 2053 2364 regem
2082 2288 2435 2344 Ludowicum
2471 2286 2727 2360 regaliter
2766 2287 2821 2340 in
2846 2286 3076 2342 Rodono
3114 2287 3184 2322 ⁵⁵⁸
3221 2286 3484 2357 suscepit.

1869 2384 2001 2437 Item
2029 2381 2337 2435 Willelmus
2384 2378 2723 2434 Pictavensis
2780 2384 2835 2431 et
2888 2378 3159 2433 Brittones
3198 2394 3323 2433 cum
3367 2377 3486 2432 suis

1868 2472 2209 2544 principibus
2256 2471 2324 2525 ad
2386 2485 2569 2544 regem
2601 2476 2899 2523 venerunt.
2944 2469 3074 2524 Cum
3124 2468 3210 2523 his
3240 2484 3371 2542 ergo
3396 2484 3488 2523 rex

1867 2580 2038 2634 super
2057 2563 2344 2618 ‘57lsaram
2392 2562 2562 2617 venit.
2600 2562 2749 2635 Hugo
2766 2576 2897 2616 vero
2931 2568 2986 2616 et
3019 2560 3338 2616 lleribertus
3363 2577 3487 2615 cum

1868 2655 2079 2711 Othone
2111 2655 2251 2710 duce
2302 2653 2763 2721 Lothariensium,
2819 2652 3118 2709 destructis
3148 2654 3412 2724 pontibus
3434 2660 3490 2708 et

1869 2746 2066 2801 ablatis
2095 2744 2349 2810 navibus,
2389 2760 2513 2798 cum
2552 2743 2639 2797 his
2665 2757 2888 2813 quoque
2915 2757 3054 2813 quos
3094 2742 3300 2797 habere
3330 2750 3491 2813 pote-

1870 2845 2016 2905 rant,
2049 2854 2113 2893 ex
2145 2837 2317 2892 altera
2347 2842 2502 2906 parte
2534 2834 2782 2890 ﬂuminis
2809 2835 3184 2889 consederunt
3213 2851 3228 2898 ;
3257 2843 3313 2889 et
3364 2834 3489 2908 agi-

1870 2939 1980 2988 tata
2011 2932 2266 2987 intereos
2296 2946 2395 3001 per
2446 2929 2821 2984 internuntios
2860 2927 3261 2996 controversia,
3292 2927 3496 2982 dantur

157 3012 377 3086 Hugone
409 3014 669 3084 praesule,
703 3015 769 3069 ad
800 3023 1048 3070 sanctum
1081 3016 1335 3071 Basolum
1356 3016 1467 3071 illic
1499 3017 1765 3072 habitatu-
1798 3050 1849 3122 Ο
1872 3024 2093 3079 tandem
2123 3022 2191 3057 ⁵⁵⁸
2214 3021 2444 3076 indutiae
2474 3038 2505 3075 a
2532 3020 2719 3076 medio
2742 3020 3053 3091 Septembri
3080 3034 3257 3091 usque
3283 3019 3353 3073 ad
3377 3035 3496 3075 me-

155 3118 236 3155 rus
261 3102 508 3158 devenit.
562 3103 716 3177 Hugo
763 3110 818 3158 et
864 3103 1183 3159 lleribertus
1237 3104 1588 3161 obsidionem
1631 3106 1768 3160 Lau-

157 3190 279 3247 duni
307 3193 657 3265 relinquunt.
709 3192 1006 3249 Ludowico
1075 3194 1190 3268 regi
1241 3193 1390 3249 filius
1428 3195 1693 3262 nascitur,
1715 3201 1771 3250 et

158 3282 423 3349 praemissi
487 3284 721 3339 comites
769 3300 894 3339 cum
945 3282 1221 3339 Willelmo
1256 3283 1447 3353 locuti,
1484 3300 1607 3340 mox
1639 3285 1773 3340 Lau-

159 3369 283 3426 duni
315 3381 584 3444 repetunt
638 3373 1011 3441 obsidionem,
1065 3374 1440 3445 proditionem
1477 3374 1640 3431 castri
1666 3375 1773 3431 sibi

158 3464 267 3521 ﬁeri
295 3469 406 3524 rati
437 3487 451 3523 :
480 3469 769 3542 nulloque,
805 3471 955 3543 quod
983 3470 1233 3526 arbitrati
1287 3471 1527 3537 fuerant,
1560 3478 1776 3543 patrato

161 3565 407 3637 negotio,
441 3572 793 3621 revertuntur
822 3566 875 3619 in
909 3582 1028 3622 sua.
1066 3566 1392 3622 Ludowicus
1435 3582 1527 3621 rex
1556 3584 1588 3622 a
1620 3567 1779 3622 Karlo

157 3651 516 3712 Constantino
548 3657 606 3710 in
643 3655 865 3710 Vienna
891 3654 1155 3726 recipitur
1178 3655 1538 3727 ;etAquitani
1562 3656 1628 3710 ad
1653 3672 1779 3711 eum

163 3743 402 3811 veniunt,
437 3744 709 3817 illumque
759 3744 1094 3816 suscipiunt.
1155 3744 1310 3820 [iugo
1356 3753 1412 3801 et
1445 3745 1781 3813 lleribertus,

163 3832 464 3889 Willelmus
495 3842 550 3890 et
580 3834 838 3890 Arnulfus
861 3835 1027 3889 simul
1048 3835 1303 3891 locuntur
1331 3854 1347 3889 :
1383 3843 1438 3890 et
1466 3834 1786 3890 lleribertus

168 3925 284 3981 inde
313 3928 383 3981 ad
406 3928 684 3984 Othonem
710 3944 899 4003 regem
951 3928 1021 3963 55°
1056 3934 1207 3984 trans
1233 3928 1486 3984 Rhenum
1528 3926 1784 4000 proﬁcis-

1871 3115 2021 3170 dium
2054 3112 2397 3178 Novembris,
2421 3120 2477 3166 et
2506 3111 2731 3166 obsides
2760 3110 3111 3181 accipiuntur
3134 3109 3434 3181 utrimque,
3462 3125 3497 3164 a

1871 3217 2001 3277 rege
2024 3202 2246 3273 quidem
2275 3199 2420 3254 ﬁlius
2479 3199 2750 3255 Heriberti
2808 3199 3013 3254 minor.
3044 3198 3145 3263 Qui
3175 3198 3342 3254 etiam
3374 3213 3493 3264 rex,
3580 3238 3591 3245 .

1874 3301 1983 3350 tam
2014 3294 2133 3366 ipse
2153 3309 2316 3365 quam
2350 3291 2682 3357 Willelmus,
2713 3290 2814 3347 sed
2857 3297 2913 3346 et
2943 3291 3118 3364 Hugo,
3150 3290 3375 3346 mittunt
3394 3289 3501 3345 ob-

1875 3386 2027 3443 sides
2056 3386 2256 3441 Othoni
2282 3385 2398 3458 regi
2422 3401 2521 3455 per
2546 3384 2817 3439 Othonem
2844 3383 3064 3440 ducem.
3080 3384 3272 3439 Fames
3296 3399 3499 3459 magna

1878 3496 1981 3551 per
2011 3487 2179 3535 totam
2208 3477 2491 3533 Franciam
2520 3482 2575 3531 et
2605 3475 3006 3550 Burgundiam,
3035 3475 3340 3531 mortalitas
3360 3490 3502 3546 quo-

1880 3585 1991 3641 que
2021 3569 2256 3624 maxima
2284 3566 2452 3622 boum
2498 3572 2744 3640 grassata
2802 3572 2885 3619 est
2914 3564 2969 3622 in
3000 3572 3232 3630 tantum,
3266 3571 3325 3629 ut
3341 3563 3503 3619 valde

1884 3677 2058 3734 pauca
2084 3658 2401 3728 hujusmodi
2430 3657 2692 3713 animalia
2716 3657 2771 3711 in
2802 3657 2890 3711 his
2916 3656 3285 3712 remanserint
3316 3656 3500 3711 terris.

1959 3749 2281 3805 Ludowicus
2308 3748 2377 3781 55°
2409 3761 2503 3801 rex
2564 3745 2762 3800 Othoni
2790 3746 2905 3819 regi
2936 3744 3155 3799 obviam
3189 3742 3503 3814 proﬁcisci-

1886 3845 1994 3900 tur,
2023 3843 2080 3891 et
2108 3835 2472 3890 amicabiliter
2527 3850 2588 3888 se
2643 3841 2835 3889 mutuo
2888 3834 3280 3902 suscipientes,
3311 3832 3507 3887 amici-

1888 3931 2017 3985 tiam
2038 3944 2197 3983 suam
2223 3928 2292 3962 ⁵⁶⁰
2322 3926 2541 3981 ﬁrmant
2583 3925 3027 3990 conditionibus;
3060 3924 3406 3997 multumque
3437 3925 3506 3980 de

171 4015 320 4071 οἱιιπ.
351 4018 518 4072 Anno
812 4088 843 4096 μ
863 4087 1081 4096 ’-μω
1107 4089 1150 4096 __
1890 4039 2023 4096 pace
2056 4023 2199 4077 inter
2229 4037 2417 4096 regem
2458 4018 2810 4074 Ludowicum
2844 4026 2899 4074 et
2938 4019 3221 4093 liugonem
3253 4016 3511 4073 laborans

1891 4115 2049 4172 Otho.
2082 4115 2365 4187 Hugonem
2383 4112 2606 4167 tandem
2639 4110 2707 4166 ad
2742 4111 2981 4166 eundem
3015 4126 3200 4185 regem
3218 4110 3506 4165 convertit.

1894 4204 2215 4260 lleribertus
2282 4202 2447 4258 etiam
2509 4201 2710 4272 pariter
2760 4217 2884 4255 cum
2945 4201 3228 4271 zequivoco
3269 4198 3383 4254 filio
3411 4215 3513 4254 suo

811 4087 1150 4144 DCCCCXLII

173 4194 502 4253 Ludowicus
531 4212 648 4264 rex,
677 4195 908 4251 ﬁrmatis
952 4196 1060 4251 sibi
1116 4196 1423 4270 Aquitanis,
1467 4196 1788 4251 Laudunum

172 4289 486 4353 revertitur.
530 4305 635 4344 nec
663 4289 758 4343 diu
788 4295 1091 4344 remoratus
1107 4290 1196 4352 55‘.
1232 4304 1343 4344 non
1375 4288 1601 4344 obtenta
1633 4302 1789 4358 pace.
1893 4294 2068 4365 ipsius
2099 4293 2246 4365 regis
2302 4290 2577 4347 Ludowici
2628 4288 2888 4345 efﬁcitur.
2950 4289 3282 4344 Revertente
3352 4303 3502 4360 rege,

172 4378 225 4432 in
253 4379 639 4455 Burgundiam
672 4386 881 4434 remeat
911 4378 997 4430 ⁵⁵³.
1038 4378 1273 4451 Legatus
1312 4378 1574 4449 Stephani
1609 4393 1786 4448 papa,
1894 4382 2185 4437 Remensis
2223 4381 2513 4436 dioceseos
2560 4379 2809 4450 episcopi
2869 4378 2938 4432 ad
2997 4395 3123 4434 eum
3153 4378 3383 4433 veniunt
3415 4395 3430 4443 ;
3463 4382 3518 4431 et

173 4473 394 4528 nomine
430 4472 719 4539 Damasus,
752 4470 1049 4542 episcopus
1080 4470 1265 4525 Romae
1289 4469 1361 4524 ob
1396 4470 1542 4523 hanc
1567 4470 1792 4542 legatio-
1817 4472 1875 4540 Ι)
1900 4476 2019 4547 ipse
2043 4472 2338 4530 Rodulfum
2369 4473 2434 4507 ⁵⁶¹
2468 4487 2690 4542 quoque
2721 4470 3144 4525 Laudunenscm
3177 4469 3413 4540 recepit,
3454 4484 3519 4524 ac

173 4579 291 4619 nem
323 4565 710 4639 peragendam
731 4563 1040 4631 ordinatus,
1070 4563 1126 4617 in
1166 4562 1451 4618 Franciam
1472 4562 1643 4629 venit,
1667 4563 1802 4619 affe-
1903 4581 2063 4620 suum
2096 4562 2278 4618 eidem
2306 4560 2543 4615 restituit
2597 4558 2962 4630 episcOpium.
3005 4559 3248 4614 Domnus
3272 4558 3389 4613 Odo
3416 4573 3520 4613 ve-

175 4669 297 4710 rens
320 4656 543 4710 litteras
572 4652 1133 4727 apostolicazsedisad
1154 4651 1432 4723 principes
1450 4653 1607 4725 regni
1634 4669 1803 4710 cunc-
1904 4653 2167 4711 nerabilis
2221 4651 2395 4707 abbas
2428 4693 2444 4720 ,
2520 4648 2818 4704 multorum
2869 4654 3205 4704 restaurator
3244 4653 3526 4703 monaste-

175 4753 366 4821 tosque
397 4747 648 4803 Francia:
685 4746 771 4803 vel
818 4743 1151 4819 Burgundiaa
1174 4743 1535 4813 habitatores,
1569 4752 1628 4799 ut
1660 4745 1802 4800 reci-
1902 4745 2108 4800 riorum
2134 4750 2451 4813 sanctaequc
2506 4738 2709 4813 regulae
2770 4747 3071 4809 reparator.
3102 4737 3337 4793 Turonis
3363 4736 3522 4804 obiit,

174 4840 323 4912 piant
351 4857 724 4916 regemsuum
754 4837 1316 4910 Lndowicumzquod
1354 4837 1398 4891 si
1428 4837 1798 4912 neglexerint,
1902 4841 1959 4889 et
1976 4833 2228 4903 sepultus
2292 4837 2375 4886 est
2439 4826 2587 4900 apud
2652 4834 2902 4883 sanctum
2950 4828 3229 4884 Julianum
3277 4828 3347 4863 ⁵⁸³
3388 4826 3521 4898 (87).

175 4943 226 4989 et
252 4952 383 4992 eum
405 4934 650 5006 amplius
680 4934 866 4992 hostili
906 4932 1088 5008 gladio
1127 4930 1406 5005 persecuti
1438 4929 1669 4998 fuerint,
1704 4947 1802 4986 ex-
1902 4931 2059 4984 Anno

1538 5061 1759 5116 VARle
1800 5058 2173 5116 LECTIONES.

241 5169 313 5203 5“
344 5177 405 5224 ut
445 5169 770 5223 asserebant
814 5184 870 5237 p.
924 5169 1084 5235 Hugo
1120 5168 1187 5223 V.
1238 5165 1305 5200 5‘7
1352 5164 1592 5237 rotgerio
1622 5165 1688 5237 _1.
1747 5162 1817 5197 ⁵⁸⁸
1872 5158 2326 5237 uituriacum
2388 5154 2943 5237 victuriacum_-3.f‘°‘
2978 5152 3115 5234 et_2.
3156 5152 3210 5206 3.
3235 5150 3310 5237 :50
3337 5149 3413 5237 ag
3445 5164 3536 5237 re-

174 5255 294 5312 gem
328 5220 404 5310 3—,
422 5220 775 5295 55861-3165
804 5220 868 5306 ii,
914 5220 1318 5312 ii’iii‘evertitur
1363 5237 1418 5300 3,
1438 5220 1538 5312 υδδξ
1589 5234 1940 5312 _dep_rom_ens
2107 5231 2178 5312 ᾗ
2229 5231 2300 5265 ⁵⁵³
2353 5228 2605 5312 precati“
2635 5227 2789 5312 11:“
2856 5224 3178 5312 loduu‘ictirg
3344 5220 3415 5312 5:3
3444 5235 3536 5312 ro:

174 5291 400 5367 Kéiiiuii’i
456 5291 1312 5373 2."337'"2ie}zsi’emendis.
1355 5291 1417 5374 3,’
1466 5308 1535 5342 ιω
1589 5291 1944 5361 Lodhuuicus
1999 5305 2052 5359 3.
2108 5302 2179 5337 εθο
2229 5318 2274 5357 s.
2334 5291 2532 5356 mutuo
2572 5297 2625 5355 3.
2676 5298 2740 5333 εει
2776 5314 2831 5369 q.
2893 5315 2936 5352 r.
2995 5296 3052 5363 3,
3108 5295 3178 5330 εει
3235 5297 3316 5349 ita
3364 5294 3418 5347 2.
3480 5291 3533 5348 3.

201 5385 363 5452 Hugo
408 5384 494 5439 Fl.
518 5383 817 5438 martinum
847 5383 900 5438 1.
928 5385 1086 5452 [Iugo
1113 5383 1178 5449 V,
1210 5381 1306 5436 sed
1335 5382 1407 5447 cf,
1441 5380 1598 5446 infra
1625 5394 1661 5433 a
1710 5377 1838 5445 945,

1770 5510 1979 5569 NOTAE.

250 5591 365 5661 {86)
407 5591 794 5648 Montfaucon.

252 5652 359 5731 (8Ἱὶ
390 5663 549 5737 llugo
596 5664 749 5718 Vird.
801 5662 993 5717 addit:
1030 5682 1057 5713 ι
1081 5661 1145 5717 Et
1195 5658 1462 5717 successit
1491 5657 1542 5712 ei
1568 5655 1893 5713 lleimardus
1922 5653 2007 5711 vir
2033 5652 2403 5709 venerandus.
2448 5675 2470 5695 η

527 5763 806 5826 PmoL.
855 5760 1184 5825 cxxxv.
3149 5742 3217 5802 15
