3960 6160
254 265 359 322 465

1766 271 2084 329 ANNALES.

3481 285 3588 341 466

250 412 463 470 tamen,
496 402 723 478 Rugone
771 404 1024 476 principe
1051 405 1320 461 avunculo
1370 405 1441 441 ⁶⁷²
1476 405 1721 478 ipsorum
1749 422 1873 462 me-
1903 412 1954 483 Α
1981 407 2059 462 sis
2088 405 2156 441 ⁸⁸⁸
2186 408 2521 480 accipientes
2549 411 2617 447 ⁸⁸⁵
2637 418 2863 486 utraque
2888 430 3053 470 manu
3075 414 3254 471 eidem
3282 416 3400 473 sedi
3429 419 3593 475 resti-

251 492 466 560 diante,
520 498 804 564 pacantur,
834 493 1028 548 divisis
1071 493 1199 561 sibi,
1233 501 1393 565 prout
1431 496 1512 551 eis
1555 501 1876 567 competens

248 583 431 639 visum
462 590 568 652 est,
600 584 783 639 rebus.
832 585 988 660 Hugo
1015 603 1110 641 rex
1143 587 1309 642 Italia:
1338 603 1371 642 a
1398 588 1512 643 suis
1555 588 1610 643 in
1643 604 1873 663 regnum

248 673 536 744 recipitur.
564 673 884 729 Edmundus
920 674 1216 750 Anglorum
1248 692 1342 731 rex
1369 676 1580 752 legatos
1608 679 1676 732 ad
1700 678 1876 752 Hugo-

248 777 378 816 nem
410 763 721 835 principem
749 779 847 834 pro
874 764 1219 819 restitutione
1248 764 1527 821 Ludowici
1564 767 1711 841 regis
1739 766 1875 820 diri-

245 856 369 932 git;
403 863 459 911 et
492 857 640 911 idem
689 857 949 929 princeps
994 858 1227 929 proinde
1266 865 1571 914 conventus
1626 860 1876 930 publicos

246 965 373 1005 cum
426 948 724 1020 nepotibus
752 949 868 1004 suis
897 949 1130 1021 aliisque
1161 951 1315 1023 regni
1374 951 1702 1022 primatibus
1745 954 1875 1028 agit.

246 1040 495 1096 Marinus
547 1058 692 1113 papa
746 1042 1009 1109 decessit,
1064 1043 1151 1098 cui
1207 1045 1448 1100 succesit
1506 1046 1796 1120 Agapitus;
1828 1060 1885 1126 ei

244 1149 351 1205 pax
390 1133 537 1188 inter
570 1133 879 1188 Albericum
924 1134 1210 1205 patricium
1261 1141 1315 1191 et
1357 1137 1640 1210 Hugonem
1688 1154 1874 1214 regem

246 1225 461 1297 [Italiae]
490 1225 899 1297 depaciscitur.
961 1226 1114 1302 Hugo
1160 1228 1268 1283 dux
1322 1228 1675 1295 Francorum,
1702 1230 1873 1286 ascito

246 1333 440 1373 secum
492 1317 722 1393 Hugone
775 1318 985 1394 [Nigro]
1053 1318 1165 1375 filio
1224 1320 1502 1388 Richardi,
1561 1323 1873 1395 ceterisque

244 1406 406 1482 regni
467 1407 817 1478 primatibus,
851 1408 1203 1464 Ludowicum
1259 1426 1468 1484 regem.
1503 1410 1597 1481 qui
1637 1410 1749 1465 fere
1776 1429 1875 1483 per

243 1514 454 1553 annum
482 1497 586 1552 sub
612 1499 862 1554 custodia
889 1499 1239 1555 detinebatur
1256 1500 1401 1572 apud
1425 1501 1746 1557 Tetbaldum
1775 1519 1874 1558 co-

243 1591 461 1658 mitem,
484 1591 540 1645 in
563 1608 794 1667 regnum
819 1592 1057 1647 restituit
1080 1610 1094 1659 ;
1137 1600 1359 1664 recepto
1382 1594 1488 1649 Lau
1499 1594 1647 1650 duno
1668 1601 1867 1659 castro,

243 1681 397 1753 quod
428 1679 619 1753 regina
674 1680 949 1755 Gerberga
978 1682 1222 1749 tenebat,
1280 1688 1333 1737 et
1390 1683 1569 1737 eidem
1609 1683 1869 1739 Tetbaldo

240 1774 569 1830 commisso.
624 1773 723 1838 Qui
757 1774 865 1828 dux
898 1773 1050 1846 Hugo
1108 1789 1382 1829 renovans
1410 1776 1525 1849 regi
1572 1734 1944 1832 LudovvicoB

239 1872 456 1944 regium
486 1872 754 1926 honorem
785 1870 872 1925 vel
901 1885 1126 1936 nomen,
1164 1869 1215 1924 ei
1246 1869 1316 1904 ⁸⁷³
1353 1886 1478 1925 sese
1512 1886 1636 1925 cum
1667 1871 1865 1925 ceteris

236 1962 399 2037 regni
431 1962 719 2018 committit
750 1961 1102 2033 primoribus.
1135 1960 1456 2016 Edmundus
1485 1978 1580 2016 rex
1599 1967 1866 2017 transma-

234 2052 394 2106 rinus
425 2052 769 2125 defungitur;
813 2067 951 2106 uxor
978 2065 1201 2122 quoque
1239 2050 1389 2125 regis
1420 2050 1673 2118 Othonis,
1707 2065 1864 2105 soror

230 2140 415 2211 ipsius
444 2139 739 2206 Edmundi,
773 2140 1035 2195 decessit.

304 2232 520 2308 Regina
576 2232 852 2307 Gerberga
880 2248 1056 2303 nuper
1080 2232 1149 2287 ad
1192 2232 1460 2287 Othonem
1506 2247 1714 2305 regem,
1756 2230 1865 2285 fra-

230 2330 370 2379 trem
392 2340 580 2391 suum,
602 2323 935 2395 legationem
967 2323 1253 2381 direxerat.
1271 2323 1532 2379 auxilium
1556 2324 1863 2394 deposcens

230 2413 302 2467 ab
330 2428 422 2467 eo.
472 2412 572 2478 Qui
604 2411 927 2476 maximum,
962 2413 1233 2487 colligens
1263 2429 1329 2467 ex
1377 2411 1639 2468 omnibus
1674 2412 1861 2484 regnis

233 2503 352 2557 suis
404 2503 726 2570 exercitum,
779 2503 931 2558 venit
982 2503 1039 2556 in
1071 2500 1376 2569 Franciam,
1436 2500 1743 2557 Conradum
1790 2501 1857 2535 ⁸⁷⁸

235 2610 462 2667 quoque
492 2610 683 2650 secum
704 2595 940 2661 habens,
962 2594 1253 2666 Cisalpinae
1285 2594 1469 2650 Galliae
1490 2610 1699 2669 regem.
1728 2593 1860 2660 Qui-

235 2684 344 2739 bus
374 2699 471 2738 rex
496 2683 824 2739 Ludowicus
855 2684 1073 2740 obviam
1104 2683 1406 2755 profectus,
1439 2683 1573 2738 satis
1597 2681 1860 2737 amicabi-

234 2777 365 2831 liter
409 2783 464 2831 et
492 2775 797 2831 honoriﬁce
824 2777 1121 2848 suscipitur
1171 2777 1241 2831 ab
1281 2776 1407 2843 eis;
1435 2776 1627 2847 sicque
1658 2776 1861 2847 pariter

1978 509 2215 557 luerunt.
2272 503 2482 559 Deinde
2528 505 2909 579 relinquentes
2959 509 3291 586 Gerbergam
3343 513 3590 588 reginam

1976 593 2180 657 Remis,
2240 595 2348 667 ipsi
2395 612 2555 670 reges
2596 613 2719 653 cum
2750 600 3079 656 exercitibus
3104 603 3239 667 {suis
3296 603 3366 639 ⁸⁸⁸
3393 611 3589 661 terram

1976 683 2221 757 Hugonis
2267 685 2693 758 aggrediuntur;
2757 695 2812 742 et
2868 688 3061 744 urbem
3119 691 3586 759 Silvanectensem

1976 776 2319 840 obsidentes,
2363 783 2423 832 ut
2450 777 2707 832 viderunt
2745 779 3195 850 munitissimam,
3229 801 3332 840 nec
3369 786 3436 821 “7
3467 803 3589 842 eam

1977 869 2223 924 valentes
2247 885 2585 944 expugnare,
2604 869 2762 925 cazsis
2790 870 3118 942 quibusdam
3148 891 3394 932 suorum:
3427 878 3594 934 dimi-

1980 962 2171 1011 serunt
2187 957 2272 1010 ⁸⁸⁸.
2310 957 2506 1029 Sicque
2534 964 2684 1012 trans
2701 958 3009 1031 Sequanam
3036 965 3593 1035 contendentes,loca

1983 1063 2218 1119 quaeque
2250 1056 2447 1118 praeter
2473 1049 2724 1104 civitates
2748 1051 3007 1122 gravibus
3036 1060 3276 1110 atterunt
3306 1057 3591 1128 depraeda-

1979 1140 2225 1195 tionibus
2251 1142 2341 1209 6",
2382 1148 2693 1215 terramque
2722 1143 3182 1198 Nortmanuorum
3214 1152 3589 1219 peragrantes,

1977 1230 2097 1285 loca
2128 1228 2285 1300 plura
2314 1228 2618 1299 devastaut,
2662 1230 2903 1303 indeque
2934 1241 3245 1287 remeantes
3274 1234 3363 1301 59°,
3403 1252 3589 1310 regre-

1975 1323 2204 1380 diuntur
2228 1326 2292 1359 ⁶⁹¹
2325 1325 2381 1379 in
2411 1340 2510 1379 sua
2539 1323 2626 1377 ⁸9³.
2658 1322 2927 1378 Deroldus
2968 1321 3419 1379 Ambianensium
3450 1342 3589 1397 pra:-

1972 1416 2058 1472 sul
2088 1417 2198 1472 vita
2226 1417 2460 1472 decessit
2498 1415 2584 1470 593.
2617 1416 2775 1471 Anno

2573 1506 2978 1563 DCCOCXLVII.

1974 1602 2124 1675 Hugo
2169 1601 2447 1673 princeps,
2504 1607 2654 1657 moto
2715 1600 2983 1665 exercitu,
3032 1601 3089 1655 in
3134 1601 3340 1657 Arnulfi
3385 1611 3587 1660 terram

1970 1690 2355 1762 proficiscitur,
2375 1689 2706 1762 obsidetque
2724 1690 2987 1761 quasdam
3018 1690 3353 1747 munitiones
3370 1692 3546 1762 ipsius
3572 1712 3587 1761 ;

1970 1779 2230 1851 nulloque
2275 1787 2488 1851 patrato
2520 1788 2683 1851 prout
2728 1779 2967 1850 speravit
3004 1780 3249 1854 negotio,
3297 1782 3590 1839 revertitur

1969 1872 2022 1926 in
2036 1888 2151 1926 sua.
2174 1873 2285 1926 Rex
2308 1888 2530 1944 quoque
2553 1872 2881 1928 Ludowicus
2897 1888 3020 1927 cum
3036 1872 3365 1944 quibusdam
3388 1874 3590 1929 Letha-

1964 1965 2243 2020 riensibus
2272 1966 2575 2020 Mosomum
2622 1967 2709 2030 59",
2759 1966 2906 2038 quod
2939 1967 3092 2040 Hugo
3147 1967 3344 2038 praesul
3377 1969 3585 2037 ejectus

1964 2058 2032 2092 ‘95
2050 2056 2233 2113 Remis
2256 2058 2479 2113 tenebat
2505 2060 2593 2126 59°,
2617 2058 2872 2126 obsedit;
2896 2060 2994 2115 sed
3018 2075 3120 2115 nec
3146 2059 3266 2131 ipse
3297 2061 3584 2132 quippiam

1959 2164 2059 2218 pro
2089 2149 2230 2204 votis
2260 2148 2529 2214 efficiens,
2573 2148 2969 2203 recedentibus
2999 2148 3218 2203 tandem
3272 2157 3394 2219 post
3425 2166 3587 2205 men-

1963 2256 2080 2295 sem
2106 2239 2588 2305 Lothariensibus,
2613 2240 2730 2310 ipse
2763 2239 2965 2294 Remos
2981 2239 3050 2273 593
3081 2240 3417 2314 regreditur,
3439 2243 3584 2298 Bovo

1963 2326 2377 2382 Catalaunensis
2406 2329 2704 2398 episcopus
2726 2328 2897 2393 obiit;
2932 2328 3258 2401 eliguntque
3288 2329 3393 2383 sibi
3424 2329 3583 2386 Cata-

1963 2420 2260 2477 launenses
2292 2421 2566 2493 quendam
2592 2419 2834 2475 nobilem
2853 2420 3264 2476 adolescentem
3293 2424 3576 2491 clericum,

1962 2511 2189 2567 nomine
2212 2510 2530 2576 Gibuinum,
2554 2510 2880 2566 Ludowicus
2910 2526 3000 2565 rex
3030 2511 3198 2583 Aquis
3225 2514 3428 2583 pascha
3452 2530 3578 2569 cum

1960 2606 2173 2662 Othone
2204 2622 2330 2680 rege
2371 2606 2633 2672 celebrat,
2666 2615 2724 2660 et
2752 2605 2922 2680 regiis
2961 2605 3030 2660 ab
3061 2622 3127 2661 eo
3168 2607 3468 2663 honoratur
3512 2610 3580 2644 ⁸9⁸

1959 2695 2303 2751 muneribus.
2361 2696 2515 2769 Hugo
2556 2695 2817 2767 princeps
2864 2712 2894 2749 a
2927 2695 3260 2767 quibusdam
3316 2698 3583 2769 praesum—

1962 2788 2138 2859 ptiose
2184 2804 2499 2859 persuasus,
2528 2787 2858 2842 Remensem
2889 2804 3013 2842 cum
3060 2788 3288 2862 Hugone
3320 2791 3578 2860 praesule,

235 2871 562 2926 Laudunum
580 2871 894 2940 venientes,
920 2872 1375 2943 considerataque
1399 2870 1559 2925 castri
1582 2869 1858 2937 ﬁrmitate,
1960 2880 2116 2951 quasi
2146 2895 2270 2936 mox
2289 2886 2571 2951 capturus,
2604 2879 2924 2954 aggreditur
2948 2879 3140 2934 urbem
3164 2897 3179 2945 ;
3211 2878 3580 2952 frustrataque

234 2967 595 3023 deverterunt
631 2967 700 3022 ab
741 2983 835 3035 eo,
865 2968 1195 3023 Remensem
1227 2965 1613 3042 aggredientes
1643 2965 1857 3032 urbem,
1960 2976 2111 3034 voto,
2134 2967 2525 3024 resistentibus
2554 2968 2813 3023 fidelibus
2834 2967 2979 3042 regis
3001 2974 3055 3023 et
3076 2967 3280 3023 Arloldi
3305 2968 3582 3040 archiepi-

231 3074 403 3128 quam
422 3057 708 3130 cingentes
731 3057 1049 3125 obsidione,
1074 3057 1282 3134 ingenti
1310 3055 1854 3122 vallaruntexercitu,
1888 3105 1935 3134 η
1962 3057 2137 3129 scepi,
2167 3065 2361 3113 octavo
2404 3064 2697 3129 postquam
2724 3057 3059 3112 advenerant
3088 3056 3203 3125 die,
3248 3056 3394 3112 illusi
3427 3073 3582 3113 rece-

234 3105 403 3128 Ἰ“””’““
426 3105 707 3130 ""D"""'
733 3105 1049 3125 "'""""""7
1074 3105 1282 3134 "'D""'
1322 3105 1467 3111 ⁷“”“’”“
1486 3105 1576 3111 ""'
1598 3105 1711 3111 ""'
1730 3105 1854 3122 “”’Ἷ
1964 3105 2137 3129 “’“⁷⁷ι’”
2172 3105 2314 3113 ⁷⁷⁷⁷⁷⁷
2332 3105 2357 3112 ⁷
2407 3105 2697 3129 r"'1""'"
2725 3105 2790 3112 ""
2809 3105 3058 3112 """""‘
3092 3105 3203 3125 '"'7
3248 3105 3394 3112 ""'"
3427 3105 3549 3113 ""'

231 3146 449 3201 Videns
471 3154 652 3202 autem
680 3148 880 3220 praesul
901 3149 989 3212 δῖε,
1041 3149 1216 3223 Hugo,
1249 3147 1600 3203 obsidionem
1631 3162 1689 3200 se
1721 3144 1859 3200 tole-
1886 3105 1938 3177 ϐ
1959 3150 2114 3204 dunt.
2150 3148 2304 3222 Hugo
2341 3149 2566 3219 praesul,
2598 3148 2881 3203 annitente
2913 3148 2981 3183 ⁶⁹⁹
3016 3147 3287 3204 avunculo
3317 3164 3415 3204 suo
3467 3149 3580 3205 Hu-

234 3252 357 3291 rare
391 3251 504 3291 non
549 3253 738 3307 posse,
772 3254 955 3310 neque
984 3245 1147 3293 tanta:
1190 3237 1449 3292 resistere
1496 3233 1856 3301 multitudini,
1959 3254 2124 3314 gone,
2151 3238 2367 3294 ordinat
2386 3237 2669 3292 Ambianis
2690 3237 3015 3309 episc0pum
3042 3236 3366 3292 Tetbaldum
3399 3254 3575 3309 quen-

234 3332 459 3386 locutus
483 3341 566 3389 est
592 3344 715 3384 cum
745 3331 1074 3403 quibusdam
1094 3329 1440 3402 principibus
1469 3328 1562 3400 qui
1586 3327 1857 3381 videban-
1961 3329 2109 3395 dam,
2132 3326 2381 3382 ecclesiae
2412 3326 2756 3382 Suessonicaa
2790 3325 3072 3382 clericum.
3109 3325 3435 3381 Ludowicus
3461 3342 3575 3394 rex,

233 3438 324 3487 tur
354 3429 462 3484 sibi
493 3443 617 3483 esse
643 3424 827 3492 amici,
863 3423 1124 3480 videlicet
1159 3439 1284 3477 cum
1315 3421 1559 3485 Arnulfo,
1593 3420 1687 3491 qui
1738 3419 1862 3488 ejus
1961 3426 2258 3490 expetente
2296 3418 2536 3474 Arnulfo
2590 3418 2813 3487 comite,
2868 3420 3175 3475 Atrabatem
3210 3418 3579 3490 proﬁciscitur

236 3537 511 3587 sororem,
542 3524 597 3574 et
624 3517 854 3573 Uddone
891 3514 981 3582 δυ,
1012 3514 1105 3586 qui
1136 3515 1355 3568 amitam
1375 3514 1444 3549 ⁸⁷³
1471 3512 1649 3585 ipsius
1674 3512 1855 3567 habe-
1958 3524 2082 3567 cum
2108 3507 2330 3563 Artoldo
2352 3508 2638 3579 episcopo,
2667 3508 2908 3580 indeque
2929 3525 3053 3564 cum
3080 3508 3304 3565 Arnulfo
3324 3509 3392 3564 ad
3413 3510 3575 3566 obsi-

237 3611 332 3665 bat
362 3625 613 3676 uxorem,
646 3608 746 3663 sed
799 3614 854 3664 et
901 3622 1024 3661 cum
1074 3604 1382 3661 Hermanno
1434 3604 1504 3639 “3
1535 3604 1743 3660 Udonis
1789 3603 1857 3638 57°
1957 3605 2206 3662 dendum
2246 3599 2718 3669 Monasteriolum,
2777 3607 3012 3656 castrum
3061 3601 3300 3674 Rotgarii
3349 3601 3418 3636 ⁷⁰⁰
3475 3600 3575 3656 filii

234 3701 433 3764 fratre;
478 3698 733 3771 quaesivit
756 3697 825 3752 ab
855 3696 959 3762 eis,
985 3694 1117 3767 quid
1150 3695 1219 3730 ⁸⁸0
1257 3694 1363 3749 sibi
1392 3695 1532 3749 foret
1557 3694 1855 3766 agendum.

232 3789 333 3854 Qui
374 3788 485 3843 tale
533 3786 822 3843 consilium
854 3785 1126 3840 dederunt
1172 3784 1245 3850 ei,
1300 3790 1359 3838 ut
1386 3784 1740 3857 egrederetur
1789 3783 1853 3818 ⁶⁸¹

232 3900 361 3940 cum
416 3883 535 3937 suis
565 3889 620 3938 et
648 3882 985 3953 relinqueret
1031 3878 1246 3947 urbem,
1275 3878 1403 3950 quia
1430 3878 1487 3932 id
1524 3877 1854 3950 dispositum

232 3973 521 4050 aregibus
551 3978 687 4040 erat,
735 3979 794 4027 ut
839 3969 1179 4027 omnimodis
1230 3969 1617 4041 expelleretur,
1675 3985 1855 4042 neque

234 4067 573 4124 intervenire
600 4072 829 4138 possent
857 4065 1001 4137 apud
1032 4080 1191 4139 reges
1221 4080 1318 4135 pro
1349 4063 1495 4135 ipso,
1535 4062 1667 4135 quin
1697 4078 1855 4118 erue-

236 4164 429 4214 rentur
482 4156 533 4211 ei
569 4155 713 4212 oculi
768 4154 816 4210 si
863 4155 1054 4210 urbem
1091 4154 1144 4208 vi
1193 4155 1313 4227 capi
1368 4154 1708 4227 contigisset.
1742 4153 1855 4219 Quo

236 4249 478 4306 consilio
503 4254 764 4319 percepto
784 4262 847 4302 ac
873 4247 989 4302 suis
1009 4246 1283 4313 intimato,
1309 4252 1437 4317 post
1459 4245 1670 4301 tertiam
1702 4244 1855 4302 obsi-

238 4342 428 4397 dionis
478 4342 547 4375 ⁶³²
577 4341 723 4395 diem
764 4356 887 4395 cum
947 4355 1090 4410 pene
1119 4338 1336 4394 cunctis
1384 4339 1477 4411 qui
1505 4354 1693 4393 secum
1726 4344 1855 4393 tunc

235 4435 467 4489 aderant
493 4432 767 4487 militibus
821 4447 1081 4504 egressus
1118 4436 1221 4486 est.
1263 4430 1462 4501 Sicque
1518 4447 1679 4505 reges
1730 4447 1851 4486 cum

233 4522 518 4595 episcOpis
534 4529 587 4577 et
601 4520 946 4593 principibus
958 4520 1335 4594 ingredientes
1352 4519 1567 4583 urbem.
1586 4521 1847 4577 domnum

1885 4479 1937 4546 Ι)

1958 3697 2189 3762 Erluini,
2207 3693 2673 3771 progrediuntur;
2692 3699 2933 3762 postque
2948 3690 3192 3745 laborem
3207 3689 3568 3757 inefﬁcacem,

1958 3784 2308 3857 pluriumque
2338 3784 2402 3817 ³⁰¹
2454 3789 2660 3837 mortes
2696 3797 2942 3848 suorum,
2994 3797 3094 3852 Spe
3135 3781 3328 3852 privati
3383 3796 3572 3856 regre-

1957 3880 2188 3935 diuntur
2215 3878 2285 3933 ad
2316 3878 2560 3948 prOpria.
2600 3877 2919 3947 Tempestas
2944 3876 3160 3949 imagna
3190 3874 3375 3930 Remis
3401 3875 3572 3931 effusa

1956 3975 2038 4025 est
2059 3984 2159 4041 per
2178 3967 2345 4021 unius
2365 3981 2529 4021 omne
2551 3964 2730 4020 noctis
2758 3965 2995 4035 spatium
3025 3980 3148 4019 cum
3168 3964 3573 4021 coruscationi-

1958 4063 2061 4118 bus
2088 4064 2158 4098 79’
2183 4060 2460 4118 continuis
2490 4060 2540 4115 ei
2568 4066 2725 4115 terrae
2751 4064 2925 4125 motu,
2948 4057 3090 4112 adeo
3116 4063 3177 4112 ut
3208 4057 3358 4129 putei
3390 4058 3571 4128 reple-

1958 4164 2147 4212 rentur
2173 4163 2227 4211 et
2256 4156 2453 4210 domus
2480 4151 2758 4208 nonnulla:
2787 4151 3258 4206 subverterentur.

2029 4248 2341 4303 Conventus
2364 4244 2547 4317 placiti
2567 4261 2757 4321 regum
2782 4243 3059 4299 Ludowici
3078 4243 3375 4299 etOthonis
3404 4259 3574 4315 super

1958 4340 2180 4396 Charam
2223 4339 2330 4407 (93)
2368 4338 2592 4393 fluvium
2631 4337 2875 4391 intrante
2899 4351 3093 4390 mense
3147 4337 3391 4410 Augusto
3418 4337 3569 4392 cele-

1957 4429 2163 4498 bratur,
2195 4430 2423 4503 llugone
2452 4427 2706 4499 principe
2758 4426 2902 4480 circa
2932 4425 3235 4479 Mosomum
3264 4433 3320 4479 et
3347 4425 3569 4481 Duode-

1954 4527 2163 4582 ciacum
2208 4526 2313 4595 (94)
2347 4530 2525 4578 castra
2552 4528 2756 4576 metato
2782 4539 2797 4587 ;
2828 4521 2920 4576 ubi
2962 4536 3050 4574 res
3079 4520 3189 4576 litis
3221 4521 3366 4576 inter
3390 4521 3567 4577 Artol-

231 4610 875 4682 Artoldum[praasulem,
908 4610 1004 4682 qui
1041 4610 1248 4665 dudum
1275 4608 1449 4664 fuerat
1475 4610 1708 4678 ejectus,
1738 4610 1847 4665 ite-
1952 4616 2082 4670 dum
2131 4622 2187 4668 et
2243 4614 2525 4688 Rugonem
2561 4612 2844 4666 Remensis
2900 4612 3148 4667 ecclesiae
3180 4612 3444 4682 praesules
3500 4610 3568 4666 ab

232 4722 353 4760 rum
407 4704 480 4740 ⁸⁸³
508 4704 826 4760 intronizari
879 4703 1157 4769 fecerunt;
1212 4719 1374 4775 quem
1407 4703 1699 4759 Rotbertus
1723 4703 1850 4758 Tre-

231 4795 482 4850 verensis
506 4794 960 4866 archiepiscOpus
986 4800 1042 4848 et
1088 4791 1407 4848 Fredericus
1431 4792 1851 4866 Magonciacen—

1953 4703 2231 4774 episcOpis
2252 4702 2491 4756 auditur.
2508 4700 2571 4755 Et
2591 4700 2718 4772 quia
2731 4700 2976 4770 synodus
2992 4708 3124 4756 tunc
3136 4708 3434 4757 convocata
3456 4718 3569 4758 non

1955 4791 2151 4859 fuerat,
2195 4790 2478 4846 altercatio
2523 4788 2879 4844 determinari
2924 4804 3033 4844 non
3075 4789 3275 4860 potuit.
3315 4790 3569 4861 Synodus

1588 4919 1807 4974 VARl/E
1839 4917 2217 4976 LECTIONES.

307 5025 377 5060 ⁸⁷⁸
411 5026 709 5080 auumculo
738 5024 795 5077 2.
867 5022 937 5058 ⁵⁷³
964 5029 1019 5077 et
1049 5023 1100 5077 1.

237 5114 356 5153 cam
388 5098 444 5152 2.
514 5095 583 5130 ⁵⁷⁸
614 5094 937 5152 herimanno
964 5095 1019 5159 2,
1051 5095 1103 5148 3.
1183 5092 1251 5128 ⁶⁷⁰
1282 5093 1582 5148 uniddonis
1610 5094 1663 5148 2.

234 5171 288 5222 2.
374 5169 447 5203 ⁸⁸³
474 5169 619 5223 deest
662 5168 710 5222 1.

236 5241 303 5274 ⁸⁸⁸
326 5241 494 5294 deest.
532 5240 580 5292 1.

233 5311 299 5384 f"
321 5310 713 5384 regredientur
758 5326 902 5384 corr.
938 5308 1327 5384 regrediuutur
1505 5306 1692 5384 69'_illa
1724 5308 1773 5360 1.

232 5382 283 5435 3.
332 5382 481 5437 HR.

1185 5021 1253 5057 ⁸⁷⁸
1280 5021 1619 5077 chonradum
1647 5023 1704 5080 2.
1786 5023 1856 5058 ⁸⁷⁵
1887 5023 1942 5076 h.

1754 5094 1823 5129 oao
1852 5095 1943 5165 qui

809 5166 877 5200 5“
907 5165 1371 5238 maguntiacensis
1410 5165 1463 5218 2.
1550 5166 1617 5199 ⁸⁸⁵
1648 5165 1775 5236 quia
1826 5163 1906 5219 sic
1963 5164 2119 5219 sedis
2169 5164 2422 5218 Romana:
2472 5163 2769 5217 auctoritas
2818 5165 3259 5269 promulgaverat
3302 5163 3452 5230 [Iugo
3498 5164 3563 5218 V.

869 5254 900 5269 ιι
977 5253 1066 5269 un
1123 5237 1316 5269 Αοοςιηι
1348 5237 1381 5269 0
1475 5237 1542 5269 688
1571 5236 1601 5269 ιι
1677 5253 1700 5269 α
1779 5242 1795 5269 θ
1854 5237 1886 5269 ρ
1940 5236 2132 5269 AM...”
2176 5236 2211 5269 ει)
2314 5234 2381 5269 689
2416 5233 2843 5269 nrmdnrinnihnc
2891 5234 2922 5269 ἢ
3031 5234 3099 5269 60
3133 5241 3467 5269 pauor-innan
3506 5234 3542 5269 ι)

660 5239 727 5273 ⁸⁸⁷
759 5254 816 5292 n.
869 5254 920 5293 e.
977 5233 1067 5292 νῖῖο
1122 5237 1316 5290 desunt
1348 5237 1399 5290 2.
1475 5237 1542 5270 ⁸⁵⁸⁸
1570 5236 1626 5289 d.
1667 5233 1719 5290 's.
1779 5242 1816 5291 t.
1853 5237 1904 5289 S.
1940 5236 2132 5290 desunt
2176 5236 2229 5289 2.
2314 5234 2381 5269 “39
2416 5233 2846 5304 praedationibus
2890 5234 2941 5287 3.
3031 5233 3099 5269 574°

660 5327 713 5361 ur
763 5326 902 5361 corr.
938 5308 1327 5361 regrediuutur
1367 5308 1421 5361 2.
1505 5307 1573 5341 ⁶⁹²
1600 5306 1692 5361 illa
1724 5308 1773 5360 1.
1861 5307 1929 5342 69³
1959 5307 2177 5361 decedit
2207 5306 2256 5361 3.
2345 5306 2413 5339 59‘
2444 5320 2733 5359 mosonum
2764 5306 2816 5359 3.
2890 5307 2958 5339 695
2981 5306 3099 5361 reie

570 5382 640 5416 ⁶⁹⁶
670 5381 945 5436 retinebat
978 5349 1032 5435 Ξῖ
1072 5379 1125 5434 3.
1161 5377 1221 5431 Η.
1252 5381 1308 5433 R.
1370 5378 1436 5413 ⁶⁹⁷
1464 5378 1632 5433 remis
1681 5394 1822 5434 corr.
1865 5394 2046 5434 remos
2074 5378 2131 5431 1.
2206 5378 2256 5411 ⁸⁸³

2009 5064 2021 5077 .
2052 5023 2107 5076 2.
2142 5024 2194 5075 3.
2222 5022 2291 5075 Η.
2325 5022 2390 5076 R.
2471 5020 2540 5053 ⁶τ⁶
2566 5018 2787 5075 oddone
2815 5020 2865 5074 1.
2900 5020 3184 5076 uniddone
3208 5019 3264 5076 2.
3330 5020 3398 5055 ⁸⁷⁷
3427 5020 3568 5075 ami-

1952 5040 2001 5148 (ξ)
2016 5109 2177 5148 corr..
2209 5092 2356 5148 quod
2376 5093 2429 5145 2.
2501 5091 2565 5124 ⁶⁸¹
2596 5092 2993 5148 egrederentur
3019 5093 3070 5146 2.
3146 5093 3214 5126 ⁸⁸³
3239 5091 3566 5148 obsidiones

2044 5109 2177 5165 orr..
2209 5092 2356 5163 quod
2376 5093 2429 5145 2.
2501 5091 2565 5124 ⁶⁸¹
2596 5092 2993 5165 egrederentur
3019 5093 3070 5146 2.
3146 5093 3214 5126 ⁸⁸³
3239 5091 3566 5165 obsidiones

3133 5241 3470 5289 revertentes
3506 5234 3561 5287 2.

2345 5306 2413 5339 59‘
2444 5320 2733 5359 mosonum
2764 5306 2816 5359 3.
2890 5307 2958 5339 ωδ
2981 5306 3216 5373 rejectus
3246 5306 3297 5359 1.
3335 5306 3396 5359 R.
3425 5321 3475 5360 e.
3508 5305 3562 5358 2.

2206 5378 2273 5411 ⁸⁸⁸
2304 5377 2359 5430 h.
2394 5375 2462 5430 ab
2510 5391 2578 5431 eo
2612 5375 2666 5431 2.
2700 5375 2753 5431 3.
2838 5376 2905 5410 ⁶⁹⁰
2932 5376 3105 5432 adnit.
3145 5376 3198 5430 2.
3246 5376 3298 5432 3.
3349 5376 3419 5409 τοο
3445 5381 3561 5430 rot-

234 5453 370 5527 gerii
404 5453 464 5509 1.
492 5453 560 5488 ⁷⁹¹
592 5452 999 5525 plurimumque
1029 5467 1166 5506 corr.
1200 5448 1554 5521 pluriumque
1581 5448 1635 5504 2.
1666 5450 1735 5484 ’³0³
1764 5449 1915 5504 chor.
1947 5450 2002 5504 2.

1803 5580 2016 5638 NOT/E.

305 5673 411 5746 (93)
450 5674 605 5733 Char.

2025 5674 2132 5750 (94)
2171 5680 2376 5748 Ποίαν.
