3960 6160
361 197 463 252 467

1486 197 1847 253 FLODOARDI
1892 197 2195 252 CANONIL‘I
2242 199 2567 254 REMENSIS

3602 200 3689 255 468

363 342 543 391 amem
573 338 715 391 Circa
744 336 987 426 “Tedium
1016 335 1222 389 '"cnSiS
1251 336 1573 426 Νφνοπιιπίδ
1600 338 1857 392 habenda
1908 336 1979 370 ⁷⁰³
2002 343 2055 410 Α
2080 355 2298 425 praesul,
2328 362 2381 410 et
2436 356 2650 411 locutus
2677 372 2803 411 cum
2859 354 3142 421 Rotherto,
3194 354 3466 426 synodum
3527 355 3698 411 noluit

362 426 739 481 denuntiatur.
774 424 997 478 Interim
1054 439 1185 478 vero
1226 425 1387 478 sedes
1435 425 1724 482 Remensis
1760 428 1987 488 Artoldo

365 520 704 585 conceditur,
737 518 889 593 Hugo
928 518 1066 572 alter
1099 519 1296 589 praesul
1358 520 1412 573 in
1458 520 1696 576 Mosomo
1738 539 1988 581 commo-

366 609 470 663 rari
505 606 857 679 permittitur.
892 607 1122 680 Treugze
1151 608 1236 662 vel
1278 607 1505 662 indutiae
1540 610 1667 663 belli
1718 612 1866 666 inter
1898 630 1987 669 re-

364 716 486 774 gem
519 699 869 754 Ludowicum
927 705 983 754 et
1015 700 1296 770 Hugonem
1346 701 1650 772 principem
1694 720 1870 776 usque
1920 708 1986 760 ad

362 790 556 862 synodi
582 799 820 861 tempus,
856 789 1066 845 Othone
1100 806 1230 865 rege
1257 792 1561 859 mediante,
1594 794 1985 864 disponuntur.

368 881 653 946 lleriveus,
687 897 863 952 nepos
892 882 1100 936 berivei
1132 884 1411 953 quondam
1436 885 1862 958 archiepiscopi,
1896 889 1993 942 ha-

367 975 505 1029 bens
535 974 899 1029 munitionem
931 990 1091 1044 quam
1126 972 1491 1029 aedificaverat
1523 975 1666 1031 circa
1696 978 1989 1035 Maternum

2090 446 2326 520 ingredi.
2359 447 2590 502 Litteras
2641 463 2770 503 vero
2819 448 3085 519 quasdam
3115 463 3183 502 ex
3230 449 3457 504 nomine
3486 448 3696 521 Agapiti

2089 553 2245 608 papa:
2276 537 2423 592 misit
2474 538 2542 592 ad
2575 537 2870 609 episcopos
2899 554 2999 608 per
3050 537 3314 592 clericum
3371 553 3558 603 suum,
3618 538 3699 609 qui

2090 645 2185 683 eas
2242 629 2411 686 Roma
2468 629 2759 696 detulerat,
2835 629 2971 684 nihil
3029 629 3371 685 auctoritatis
3426 628 3702 685 canonica:

2092 720 2478 785 continentes;
2530 720 2635 774 hoc
2689 725 2900 774 tantum
2953 717 3359 789 praecipientes,
3392 725 3451 773 ut
3499 717 3705 792 llugoni

2093 808 2368 863 Remense
2425 807 2747 863 redderetur
2817 806 3185 877 episcopium.
3244 805 3454 870 Quibus
3510 805 3705 871 lectis,

2092 900 2347 954 ineuntes
2375 900 2623 971 episcopi
2652 898 2949 957 consilium‘
2988 915 3111 952 cum
3159 898 3451 952 abbatibus
3481 903 3539 951 et
3568 903 3711 951 cete-

2079 985 2173 1056 .ris
2198 986 2541 1056 sapientibus
2570 986 2662 1057 qui
2694 985 2942 1053 aderant,
2974 986 3400 1056 responderunt,
3447 1000 3566 1040 non
3597 999 3709 1039 esse

369 1066 597 1120 ﬂuvium
638 1065 795 1120 villas
824 1066 1251 1137 circumquaque
1297 1066 1366 1099 70‘
1405 1067 1830 1137 depraedabatur
1880 1071 1992 1125 Re-
2075 1059 2324 1145 ‘dignum
2353 1075 2439 1129 vel
2471 1091 2797 1148 congruum,
2829 1083 2887 1128 ut
2915 1074 3233 1129 mandatum
3264 1072 3568 1148 legationis
3589 1085 3713 1143 apo-

371 1156 577 1210 mensis
616 1155 922 1226 episcopii:
967 1157 1483 1212 excommunicatus
1506 1158 1574 1213 ab
1604 1160 1827 1215 Artoldo
1859 1178 1994 1230 prae-

370 1247 490 1300 sule
523 1261 620 1316 pro
651 1245 735 1298 his
762 1261 897 1315 quas
928 1245 1205 1299 invaserat
1251 1245 1518 1300 mcclesiaz
1564 1247 1747 1301 rebus.
1796 1249 1995 1304 Contra

374 1341 533 1407 cujus
564 1339 854 1410 pradones
887 1338 1094 1411 egressi
1134 1340 1369 1409 quadam
1420 1340 1510 1394 die
1551 1340 1901 1416 Ragenaldus
1932 1344 2001 1378 ⁷0⁵

376 1450 562 1490 comes
609 1440 663 1488 et
712 1433 883 1497 Dodo,
938 1432 1103 1486 frater
1163 1432 1237 1504 [et
1290 1433 1501 1489 fratres.
1565 1434 1625 1489 H.
1675 1436 1761 1507 11.]
1830 1438 2002 1507 ipsius

378 1521 649 1594 praesulis,
706 1538 827 1575 cum
896 1520 1231 1591 quibusdam
1282 1522 1556 1577 militibus
1606 1524 1676 1557 ποθ
1715 1525 1997 1589 ξυρεΙθείἱΡ,

2098 1166 2326 1232 stolicae,
2378 1182 2547 1238 quam
2600 1166 2805 1220 dudum
2874 1166 3167 1221 Rotbertus
3223 1165 3709 1235 archiepiscopus,

2102 1253 2386 1310 deferente
2430 1255 2717 1310 Frederico
2749 1254 2986 1325 praesule
3016 1254 3461 1329 Mogonciacensi
3500 1252 3596 1318 ⁷³³,
3629 1267 3713 1307 co-

2103 1362 2215 1399 ram
2247 1347 2471 1421 regibus
2515 1354 2569 1401 et
2597 1347 2877 1418 cpis00pis
2924 1353 3034 1401 tam
3064 1345 3251 1400 Gallia:
3276 1362 3439 1417 quam
3501 1343 3715 1398 Germa-

2105 1436 2208 1490 niae
2263 1444 2603 1507 susceperat,
2638 1443 2690 1490 et
2723 1443 2931 1507 partem
2986 1436 3100 1505 jam
3131 1433 3524 1506 praeceptionis
3554 1432 3720 1503 ipsius

2106 1535 2378 1602 exegerat,
2434 1535 2657 1599 propter
2710 1528 2830 1582 illas
2877 1528 3082 1582 litteras
3133 1527 3541 1590 intermitteret,
3595 1540 3721 1597 quas

378 1615 531 1685 ipsos
558 1621 898 1688 grassatores
930 1612 984 1665 in
1014 1611 1197 1684 fugam
1229 1622 1419 1686 agunt.
1456 1615 1571 1678 Quo
1602 1614 1813 1678 audito,
1857 1616 2001 1671 idem
2032 1616 2079 1682 B
2108 1617 2399 1672 insidiator
2454 1617 2662 1672 Arloldi
2735 1617 2986 1689 praesulis
3038 1615 3363 1683 exhibebat;
3419 1616 3535 1669 imo
3582 1614 3720 1686 quod

381 1706 643 1761 lleriveus
671 1706 762 1772 ποτ,
796 1706 1019 1760 armatis
1048 1705 1133 1759 his
1159 1721 1298 1776 quos
1329 1722 1515 1761 secum
1547 1706 1789 1761 habebat
1819 1708 2010 1762 militi-

383 1797 485 1851 bus
545 1813 576 1849 a
628 1794 939 1849 munitione
982 1810 1081 1847 sua
1126 1810 1383 1867 egressus
1436 1801 1625 1849 contra
1681 1804 1897 1850 nostros
1944 1797 2011 1829 763

385 1887 454 1941 ad
486 1902 750 1961 pugnam,
782 1894 837 1940 et
876 1899 1209 1957 congressus
1243 1900 1366 1939 cum
1401 1885 1499 1951 eis,
1533 1884 1894 1956 interemptus
1933 1894 2015 1940 est

387 1994 511 2033 cum
544 1993 765 2032 suorum
810 1975 1141 2047 quibusdam
1170 1974 1238 2008 ποθ
1264 1993 1280 2041 ;
1326 1975 1492 2029 ceteri
1522 1991 1714 2030 omnes
1744 1976 1799 2029 in
1829 1976 2011 2051 fugam

388 2069 533 2125 versi
588 2074 735 2130 sunt,
770 2066 1070 2122 vulneratis
1126 2082 1188 2121 ex
1239 2072 1469 2138 utraque
1508 2075 1659 2138 parte
1709 2068 2009 2122 nonnullis.

392 2165 605 2236 Corpus
654 2161 900 2231 ejusdem
961 2160 1159 2214 Remos
1188 2176 1218 2214 a
1256 2159 1559 2215 victoribus
1607 2160 1875 2231 perlatum
1909 2169 2008 2216 est.

397 2256 545 2327 llugo
596 2251 794 2323 praesul
833 2265 1120 2304 assumens
1172 2248 1379 2320 [secum
1439 2249 1525 2319 πο]
1575 2249 1900 2303 Tetbaldum
1945 2250 2013 2304 de

396 2342 691 2399 Lauduno‘
710 2356 832 2396 cum
857 2340 980 2395 aliis
1000 2340 1279 2394 nonnullis
1304 2338 1766 2421 malefactoribus,
1797 2339 1851 2393 in
1882 2339 2007 2394 Cul-

394 2435 711 2491 misciacum
743 2433 810 2466 7“
843 2433 949 2501 (95)
984 2438 1310 2503 ceterasque
1350 2433 1641 2506 contiguas
1671 2432 1830 2486 villas
1859 2438 2009 2487 tem-

394 2541 525 2596 pore
556 2521 849 2577 vindemiae
892 2520 1075 2586 venit;
1110 2519 1203 2590 qui
1233 2534 1399 2573 omne
1428 2536 1571 2589 pene
1610 2520 1796 2575 vinum
1830 2536 1896 2574 ex
1928 2520 2013 2574 his

396 2615 740 2689 colligentes,
775 2613 829 2666 in
861 2611 1110 2666 diversos
1140 2625 1313 2684 pagos
1341 2610 1638 2664 abducunt.

403 2709 536 2780 [*H.
586 2710 631 2782 R
679 2722 760 2782 iv,
801 2704 888 2782 33.
920 2704 979 2757 T.
1037 2702 1107 2782 de
1140 2702 1492 2782 .llionteacuto
1550 2703 1917 2782 (dcesttameu
1959 2705 2019 2756 in

505 2778 621 2833 cod.
672 2775 1163 2845 Montispessulani)
1209 2773 1415 2828 sororis
1447 2789 1560 2827 suae
1608 2773 1906 2844 maritum.)

474 2866 727 2938 Synodus
766 2864 1026 2936 praedicta
1054 2862 1124 2896 7”
1168 2862 1394 2916 Virduni
1450 2861 1637 2916 habita
1667 2870 1771 2929 est,
1833 2862 2022 2932 praesi-

2114 1704 2434 1780 regulariter
2464 1712 2701 1776 emptum
2743 1705 2939 1773 fuerat,
2972 1705 3240 1760 canonice
3284 1708 3722 1775 pertractaretur.

2114 1794 2312 1866 Sicque
2335 1801 2668 1865 praceptum
2718 1802 2821 1862 est,
2853 1801 2912 1849 ut
2953 1782 3274 1850 recitaretur
3313 1793 3618 1864 capitulum
3666 1790 3723 1844 19

2116 1885 2522 1960 Cartaginensis
2576 1886 2798 1941 concilii
2854 1886 2922 1942 de
2973 1892 3228 1941 accusato
3281 1892 3334 1940 et
3393 1890 3724 1948 accusatore,

2115 1980 2230 2044 Quo
2283 1980 2533 2048 recitato,
2563 1980 2864 2049 judicatum
2920 1988 3021 2047 est,
3078 1979 3383 2035 secundum
3441 1976 3725 2033 difiinitio-

2116 2088 2242 2126 nem
2271 2072 2338 2106 ⁷³⁸
2370 2072 2541 2142 ipsius
2572 2072 2819 2144 capituli,
2851 2080 2910 2127 ut
2948 2072 3170 2127 Artoldo
3203 2070 3433 2142 praesule
3450 2070 3728 2138 retinente

2114 2161 2558 2215 communionem
2592 2167 2645 2215 et
2674 2161 3035 2231 parrmchiam
3075 2160 3144 2193 ⁷³³
3175 2159 3530 2225 Remensem,
3564 2157 3728 2232 Hugo,

2114 2252 2206 2322 qui
2236 2252 2303 2305 ad
2365 2253 2501 2306 duas
2528 2251 2599 2285 τ²⁸
2618 2252 2728 2320 jam
2787 2252 3030 2324 synodos
3061 2258 3322 2308 evocatus
3359 2249 3556 2306 venire
3609 2263 3728 2304 cou-

2115 2349 2435 2414 tempserat,
2492 2360 2521 2397 a
2571 2344 2964 2399 communione
3014 2350 3068 2398 et
3124 2343 3394 2418 regimine
3456 2339 3732 2396 Remensis

2115 2435 2387 2506 episcopii
2415 2435 2740 2503 abstineret,
2771 2436 2951 2492 donec
2967 2437 3035 2491 ad
3066 2436 3433 2491 universalem
3478 2433 3545 2466 “7
3573 2445 3731 2503 syno-

2119 2524 2269 2592 dum,
2302 2540 2423 2595 quae
2456 2525 2802 2580 indicebatur
2842 2525 3115 2579 Kalendas
3144 2524 3395 2600 Augusti,
3454 2537 3585 2577 sese
3616 2536 3731 2592 pur-

2119 2622 2343 2687 gaturus
2400 2625 2729 2672 occurreret.
2799 2618 3093 2688 Ipsumque
3150 2616 3452 2688 capitulum
3516 2627 3644 2668 mox
3684 2615 3730 2668 in

2122 2712 2270 2760 earta
2308 2705 2547 2761 describi
2596 2704 2841 2759 fecerunt
2887 2704 3134 2776 episcopi
3188 2719 3370 2759 coram
3413 2720 3497 2771 se,
3541 2706 3733 2760 subne-

2125 2802 2334 2849 ctentes
2372 2795 2514 2849 hanc
2570 2795 2734 2849 etiam
2788 2794 3167 2849 definitionem
3223 2810 3401 2862 suam,
3453 2803 3510 2850 et
3564 2794 3732 2850 eidem

2129 2886 2337 2962 llugoni
2371 2886 2659 2941 miserunt.
2715 2886 2813 2951 Qui
2855 2893 2978 2958 post
3027 2886 3249 2940 alteram
3304 2886 3449 2941 diem
3511 2888 3732 2942 eandem

406 2959 573 3014 dente
618 2958 878 3013 Rotberto
936 2955 1256 3010 Treverensi
1310 2954 1568 3025 praesule,
1617 2971 1739 3008 cum
1800 2955 2013 3009 Artoldo

2126 2983 2327 3032 cartam
2378 2976 2641 3031 Rotberto
2696 2976 2914 3048 praesuli
2969 2976 3199 3043 remisit,
3260 2976 3363 3031 hoc
3425 2976 3608 3032 verbis
3657 2993 3735 3030 re-

408 3046 782 3112 Remensim,
844 3045 1092 3100 Odalrico
1142 3044 1211 3077 7“
1264 3043 1527 3114 Aquensi,
1576 3043 1919 3098 Adalberone
1956 3043 2025 3077 πίε

408 3136 682 3203 Mettensi,
715 3133 951 3189 Gosleno
981 3132 1051 3167 ⁷¹⁶
1079 3130 1344 3198 Tullensi,
1379 3132 1703 3187 llildebaldo
1734 3132 2028 3186 Transrhe-

410 3230 571 3286 nensi
620 3226 711 3293 7”,
743 3224 983 3280 lsrahele
1038 3222 1302 3287 Brittone,
1353 3228 1623 3292 praesente
1653 3222 1721 3256 πίε
1770 3222 2026 3277 Brunone

410 3321 611 3378 abbate
643 3319 749 3389 (96)
782 3316 945 3371 fratre
977 3315 1122 3389 regis
1154 3314 1401 3380 Othonis,
1435 3314 1719 3388 Agenoldo
1750 3314 1859 3385 (97;
1888 3316 2026 3384 quo-

414 3429 521 3483 que
563 3417 618 3465 et
656 3408 885 3463 0dilone
920 3406 987 3438 τω
1018 3405 1147 3475 (98),
1192 3418 1316 3458 cum
1348 3403 1468 3457 aliis
1495 3403 1826 3480 quibusdam
1859 3418 2029 3456 vene-

416 3503 602 3558 randis
618 3500 913 3556 abbatibus
934 3497 1065 3569 (99).
1104 3496 1184 3550 Ad
1213 3512 1377 3567 quam
1402 3496 1553 3569 llugo
1577 3495 1879 3566 episcopus
1902 3506 2027 3549 evo-

417 3600 590 3660 catus,
639 3590 820 3645 missis
866 3588 1030 3642 etiam
1086 3585 1305 3640 duobus
1348 3586 1416 3639 ad
1472 3600 1597 3638 eum
1641 3584 2029 3638 deducendum

417 3683 715 3758 episc0pis,
738 3680 1084 3736 Adalberone
1108 3685 1164 3733 et
1178 3677 1441 3744 Gusleno,
1465 3676 1653 3731 venire
1676 3676 1869 3731 noluit.
1896 3675 2032 3730 Uni-

415 3792 576 3831 versa
602 3788 733 3828 vero
760 3769 1007 3842 synodus
1037 3768 1243 3823 domno
1275 3767 1497 3823 Artoldo
1537 3767 1605 3799 7*“
1653 3766 1925 3822 Remense
1951 3772 2033 3820 te-

419 3870 662 3927 nendum
711 3865 1044 3936 adjudicavit
1101 3863 1464 3935 episcopium.
1520 3862 1785 3918 lndicitur
1842 3863 2033 3916 iterum

418 3962 663 4035 synodus
694 3959 820 4015 ldus
849 3957 1094 4035 Januarii
1110 3956 1517 4035 “habendanm.
1551 3956 1707 4010 Anno

1019 4027 1445 4082 DCCCCXLVIII.

421 4106 665 4179 synodus
696 4101 956 4174 prtedicta
1004 4099 1313 4153 celebratur
1351 4098 1407 4151 in
1450 4096 1687 4151 ecclesia
1736 4097 1910 4150 sancti
1942 4095 2038 4151 Pe-

422 4200 512 4267 tri,
554 4204 679 4253 ante
710 4200 1062 4267 prospectum
1098 4192 1257 4247 castri
1301 4190 1552 4255 Mosomi,
1594 4205 1624 4242 a
1655 4191 1859 4244 domno
1910 4189 2043 4244 Rot-

421 4292 578 4347 berto
609 4286 919 4357 ceterisque
950 4282 1291 4338 Trevirensis
1332 4281 1401 4314 ⁷²²
1448 4280 1733 4335 dioceseos
1765 4280 2042 4351 episc0pis

424 4396 480 4443 et
532 4382 814 4456 aliquibus
847 4378 1160 4433 Remensis.
1216 4375 1456 4455 Veniens
1486 4380 1664 4430 autem
1699 4374 1827 4429 illuc
1885 4375 2035 4447 Hugo

2130 3066 2419 3134 mandans,
2451 3066 2598 3137 quod
2638 3066 2883 3136 ipsorum
2910 3064 3122 3134 judicio
3151 3080 3500 3137 nequaquam
3533 3065 3734 3119 oboedi-

2129 3168 2280 3213 turus
2336 3164 2498 3222 esset,
2550 3156 2806 3211 Arnulfus
2848 3173 3035 3212 comes
3088 3162 3325 3212 castrum
3386 3155 3733 3213 Monasterie-

2129 3252 2263 3320 lum,
2308 3253 2526 3308 favente
2561 3252 2789 3327 Hngone
2840 3252 3111 3323 principe,
3144 3250 3310 3322 capit.
3367 3253 3582 3306 Interea
3617 3267 3736 3322 pro-

2129 3346 2473 3400 clamationis
2505 3346 2696 3400 litterae
2728 3362 2759 3400 a
2795 3345 3000 3401 domno
3060 3345 3298 3400 Artoldo
3335 3344 3644 3420 diriguntur
3677 3345 3735 3399 ad

2130 3439 2317 3492 sedem
2352 3438 2669 3493 Romanam.
2705 3438 2950 3493 Domnus
2984 3436 3147 3510 igitur
3174 3436 3438 3513 Agapitus
3483 3453 3619 3507 papa
3667 3436 3735 3491 vi-

2132 3530 2521 3585 cariumisuum
2574 3530 2839 3585 Marinum
2880 3530 3204 3602 episcOpum
3260 3528 3427 3583 mittit
3458 3529 3529 3582 ad
3581 3529 3731 3585 Otho-

2134 3636 2268 3686 nem,
2288 3635 2471 3691 regem
2504 3626 2728 3690 propter
2757 3620 3089 3674 evocandum
3133 3628 3189 3675 et
3217 3620 3623 3695 aggregandam
3651 3633 3731 3690 ge-

2135 3713 2375 3768 neralem
2404 3712 2695 3782 synodum.
2734 3712 2943 3766 l.ittera2
2974 3726 3195 3783 quoque
3225 3712 3400 3783 ipsius
3445 3728 3601 3784 papa:
3627 3711 3731 3764 mit-

2140 3813 2323 3861 tuntur
2395 3806 2463 3860 ab
2539 3804 2673 3861 urbe
2740 3805 2985 3860 Romana
3063 3804 3350 3875 speciatim
3426 3801 3733 3875 quibusdam

2138 3897 2418 3969 episeOpis
2464 3896 2648 3952 Galliae
2707 3896 3146 3967 Germaniaeque,
3202 3902 3469 3950 vocantes
3544 3910 3637 3949 eos
3681 3892 3736 3947 ad

2143 3988 2374 4041 eandem
2408 3986 2476 4020 7’3
2507 3985 2798 4057 synodum.
2831 3985 2957 4050 Quae
2988 3983 3231 4055 synodus
3261 3992 3561 4059 aggregata
3587 3983 3652 4016 7”
3670 3986 3740 4035 est

2143 4092 2204 4129 ex
2233 4083 2508 4146 praecepto
2541 4073 2749 4145 prmfati
2784 4090 2938 4145 papae
2967 4073 3023 4127 in
3049 4073 3430 4149 Engulenhein
3462 4073 3534 4106 73°
3561 4069 3741 4144 palatio

2144 4168 2332 4240 regali,
2398 4168 2452 4222 in
2482 4166 2738 4221 accelesia
2794 4165 2938 4220 beati
2999 4165 3234 4239 Remigii
3288 4166 3501 4220 honore
3560 4164 3740 4226 dicata,

2144 4260 2171 4313 7
2214 4261 2278 4294 73‘
2313 4261 2370 4314 ld
2423 4259 2569 4315 Junii
2609 4259 2700 4325 ⁷³³,
2744 4274 2910 4313 causa
2941 4257 3201 4312 videlicet
3257 4258 3614 4313 maximarum
3644 4256 3745 4310 dis-

2064 4352 2121 4420 D
2148 4350 2490 4416 sensionum,
2524 4363 2645 4420 qua‘
2693 4347 3042 4422 agitabantur
3097 4346 3240 4400 inter
3266 4363 3452 4420 regem
3510 4343 3746 4400 Ludowi-

1782 4483 2012 4538 VARIIE
2040 4481 2416 4538 LECTIONES.

496 4589 567 4621 ⁷0³
606 4584 823 4641 abenda
851 4584 907 4638 9..
992 4582 1059 4615 70‘
1083 4582 1285 4637 circum

428 4730 637 4786 mensis
664 4725 981 4783 novembris
1009 4725 1233 4778 Virduni
1262 4718 1508 4792 Hugo'V.
1600 4722 1669 4755 “3
1706 4723 1765 4776 [ἶ.
1820 4721 2147 4794 Berengario
2177 4719 2527 4794 Virdunensi,
2577 4718 2634 4794 Ο.
2673 4720 2936 4794 llugojf.

426 4804 509 4867 Pl,
586 4801 655 4835 ⁷¹⁶
677 4799 1051 4854 adhelberone
1082 4796 1116 4849 2
1166 4796 1214 4851 3.
1243 4794 1503 4849 alberone
1528 4795 1681 4867 Hugo
1709 4796 1773 4849 Ft

427 4865 884 4929 et’Hildebaldus
921 4884 1042 4922 rere
1087 4865 1689 4935 Mimigardevordensis
1744 4867 1884 4934 episc

428 4944 650 5001 oddoue
702 4940 1049 4996 Cluniacensi
1077 4937 1277 4993 abbate
1319 4937 1468 5005 Hugo
1502 4938 1580 4991 Fl.

427 5089 495 5122 ⁷³⁸
526 5085 670 5141 deest
701 5085 750 5140 3.

1292 4581 1497 4685 quique
1523 4581 1574 4635 3.
1604 4582 1755 4647 infra
1795 4580 1863 4634 ad
1910 4579 2118 4633 artaldo
2147 4583 2397 4648 typorum
2425 4592 2627 4631 errore.
2682 4577 2752 4609 τοδ

1329 4653 1374 4685 09
1402 4669 1433 4685 η
1483 4668 1507 4685 ρ
1563 4651 1596 4685 ο)
1642 4651 1674 4685 Q
1747 4651 1819 4685 ’110
1846 4652 1987 4685 Aona!
2019 4651 2038 4685 Α
2137 4650 2203 4683 ’711
2237 4649 2642 4685 nnlunicniannm
2677 4649 2698 4685 4

426 4661 493 4695 70"
526 4658 817 4713 herviveus
842 4657 895 4710 3.
970 4653 1038 4687 ⁷⁰⁸
1068 4669 1170 4707 nos
1188 4654 1239 4709 2.
1306 4651 1374 4686 ⁷⁰⁹
1401 4651 1454 4723 q.
1483 4668 1528 4705 s.
1563 4651 1615 4723 2.
1642 4651 1692 4723 3.
1747 4651 1819 4685 ⁷¹⁰
1846 4652 1987 4706 deest
2019 4651 2069 4705 1.

3330 4575 3377 4609 70

3330 4575 3401 4611 706

2784 4576 3329 4703 τξίέξθὲθὶῗὲιῖυῖοὲιλ.
3352 4592 3499 4702 ρει-ἓ.
3515 4573 3745 4701 ’ἐπ’ὲέλέ

3012 4718 3080 4753 7“
3115 4719 3362 4774 odolrico
3410 4718 3464 4772 2.
3513 4718 3567 4771 3.
3615 4716 3751 4784 Hugo

2137 4650 2203 4683 7“
2237 4649 2644 4704 colmisciacum
2677 4649 2729 4702 1.

1884 4793 1953 4828 ⁷¹⁶
1978 4787 2197 4865 goslino
2227 4792 2370 4865 2L3.
2409 4794 2491 4865 ita
2518 4794 2567 4845 et
2591 4787 2768 4858 infra.
2839 4790 2907 4825 "7
2927 4789 3339 4865 t._Mirnegardo
3364 4787 3661 4865 Ferdensi

1888 4862 2019 4934 opus
2050 4868 2183 4918 erat.
2260 4862 2327 4895 ’πίε
2360 4862 2596 4934 brittone

2648 4856 2916 4931 praesente
2968 4856 3230 4916 Brunoxie
3272 4862 3321 4915 1.
3356 4863 3515 4929 Hugo
3548 4862 3611 4915 V.
3691 4856 3755 4931 Ψ

1667 4928 1933 5013 vso-Em“:
1960 4936 2012 5013 ρ,
2080 4934 2145 5013 ξω
2181 4934 2326 4989 deest
2349 4937 2469 5013 ἰ.-
2505 4928 3117 5013 υἷεςέγθτθιιεὶδ-ἰβ,
3285 4928 3754 5013 mogonciacensis

430 5019 483 5080 1,
531 5014 775 5086 magoni.
820 5013 1184 5086 2._Amagone.
1218 5009 1269 5066 3.
1449 5007 1545 5061 def
1599 5007 1651 5086 3_.
1726 5007 2094 5086 _"’§pa_rcb._l

842 5083 911 5156 739
937 5071 1272 5156 congregata
1341 5080 1410 5113 τεο
1440 5071 1852 5156 e_ungu_lenhein
1878 5080 1939 5156 _l.
1970 5071 2222 5152 eglebefn
2371 5075 2436 5156 7.31
2463 5076 2614 5156 deest
2640 5080 2674 5156 _t
2699 5116 2736 5156 ,Δ
2753 5076 2975 5156 λαίλαπι-ν
2999 5078 3163 5156 etiam
3201 5074 3352 5145 apud
3380 5076 3661 5156 ῌρθρεωω

2180 5005 2405 5076 paroch.
2439 5004 2490 5060 3.
2573 5003 2644 5038 ⁷³⁸
2675 5003 2816 5059 duos
2855 5019 2900 5058 s.
2952 5004 2989 5058 i.
3022 5002 3057 5058 2
3160 5002 3229 5036 ⁷³⁷
3261 4999 3663 5076 anniversalem
3692 4999 3747 5076 1.

427 5159 538 5213 ⁷³³1
589 5174 619 5212 a
640 5156 765 5213 948.
797 5155 911 5210 ind.
935 5154 987 5210 6.
1019 5142 1179 5209 tertio
1197 5158 1428 5223 papatus
1450 5142 1637 5205 dorﬁni
1665 5150 1890 5224 Agapeti
1915 5142 2082 5215 anno,
2112 5147 2267 5223 regni
2286 5146 2436 5220 regis
2458 5146 2685 5201 Othonis
2716 5146 2802 5211 13,
2840 5146 3117 5202 Ludowici
3147 5142 3367 5218 quoque
3399 5146 3467 5200 13
3486 5142 3489 5143 ⁷
3510 5146 3663 5213 [Iugo
3694 5142 3755 5197 V.

1996 5246 2202 5302 ΝΟΤᾹΞ.

498 5329 613 5396 (95)
658 5328 923 5395 Cormz’cy.

497 5400 606 5469 (96)
648 5396 1121 5453 Laureshamensi.

497 5472 603 5541 (97)
645 5468 945 5541 Gorziensi.

498 5539 597 5610 (93)
640 5539 971 5596 Stabulensi.

498 5604 603 5683 (99)
645 5613 798 5685 ilugo
826 5612 889 5678 V,
918 5609 1103 5665 addit:
1139 5628 1167 5661 α
1197 5607 1450 5681 Synodus
1482 5612 1661 5662 autem
1694 5605 1810 5660 haec
1839 5604 1910 5661 ob
1940 5604 2043 5661 hoc

2149 5319 2374 5373 Virduni
2411 5318 2733 5375 denuntiata
2763 5318 2884 5381 fuit,
2909 5326 2968 5374 ut
2994 5318 3075 5374 sic
3095 5320 3287 5375 saltem
3321 5318 3613 5373 interesset
3631 5329 3757 5369 con-

2145 5390 2334 5447 ventui
2381 5390 2767 5461 episcoporum
2804 5388 3063 5461 praefatus
3095 5389 3757 5461 VirdunensisiBeringa-

2146 5462 2280 5524 rius,
2312 5456 2466 5530 cujus
2494 5456 2642 5515 tanta
2672 5456 2818 5517 esset
2842 5462 3160 5527 auctoritas,
3204 5469 3261 5517 ut
3291 5459 3591 5532 improbari
3621 5456 3760 5532 vide-

2145 5540 2314 5599 retur,
2344 5534 2489 5604 quod
2548 5533 3006 5588 constantissimae
3037 5533 3338 5590 nobilitatis
3372 5530 3504 5602 ejus
3535 5530 3757 5586 authen-

2142 5603 2249 5660 tica
2275 5603 2564 5675 praesentia
2594 5620 2705 5662 non
2732 5605 3100 5661 roboraretur.
