3960 6160
191 221 284 276 677

1654 223 2000 280 ἈΝΝΑΕΕΞ.

3402 223 3506 280 478

188 371 278 426 per
306 351 529 407 ﬂuvium
559 353 808 408 Vidulam
866 353 934 387 3“
989 354 1170 424 sitam,
1208 371 1372 428 quam
1403 362 1597 412 vocant
1626 357 1784 412 Brai-
1816 365 1864 432 Α
1889 364 2071 414 cetera
2091 357 2264 428 ipsius
2295 357 2550 412 obsidere
2578 356 2646 390 39‘
2673 354 2821 411 facit.
2847 354 3032 430 Legati
3062 354 3206 429 regis
3233 354 3507 410 Ludowici

189 461 302 498 nam
328 444 417 509 δῖε,
441 443 638 499 furtivo
669 444 893 514 capiunt
939 444 1211 518 ingressu.
1247 446 1397 517 Unde
1438 446 1609 502 iratus
1637 447 1788 520 [Iugo

188 539 458 610 princeps,
488 538 554 590 ad
579 554 760 612 regem
790 539 959 593 mittit
991 549 1077 605 ;et
1096 555 1188 594 rex
1217 540 1310 595 illo
1343 540 1644 611 profectus,
1666 557 1790 597 eos-

187 629 300 682 dem
333 627 616 681 invasores
643 627 866 697 expellit
927 629 1078 695 inde,
1138 637 1192 685 et
1217 631 1287 664 ⁸⁷⁸
1333 631 1510 702 ipsum
1553 641 1788 688 castrum

186 719 446 790 prioribus
476 719 652 773 reddit
691 720 975 775 custodiis.
1046 722 1253 776 Deinde
1293 723 1626 795 colloquium
1654 727 1792 797 petit

185 810 448 884 Hugonis:
505 811 651 882 quod
706 811 856 866 dum.
893 812 1122 868 haberet
1167 815 1256 880 ⁸⁷⁷,
1317 817 1572 871 custodes
1628 818 1788 872 castri

187 902 463 969 Codiciaci,
499 903 954 973 quidesciverant
980 906 1231 961 adomno
1271 907 1496 963 Artoldo
1529 909 1785 979 prasule,

183 993 491 1048 Tetbaldum
521 985 774 1049 comitem
801 995 853 1048 in
889 995 1008 1064 ipso
1058 997 1328 1066 recipiunt
1353 999 1579 1069 Oppido.
1613 1001 1787 1065 Quare

184 1083 339 1136 iratus
379 1099 468 1137 rex
529 1091 682 1156 rOgat
747 1084 1051 1156 Hugonem,
1111 1095 1168 1140 ut
1214 1085 1406 1140 reddat
1454 1088 1626 1157 ipsam
1679 1090 1785 1143 sibi

184 1175 558 1241 munitionem,
605 1176 703 1230 sed
750 1176 1010 1246 quoniam
1052 1177 1107 1230 id
1154 1178 1223 1212 ⁸⁷⁸
1268 1180 1518 1249 optinere
1549 1197 1658 1236 non
1683 1198 1784 1253 po-

185 1263 274 1317 tuit
302 1263 392 1317 8"".
424 1263 686 1318 Tetbaldo
716 1265 917 1319 comite
975 1267 1310 1320 omnimodis
1360 1268 1428 1300 ⁸⁸0
1455 1268 1782 1336 obsistente,

182 1356 421 1410 infensus
453 1357 794 1424 Laudunum,
831 1358 1056 1432 Hugone
1085 1358 1420 1426 inconsulto,
1447 1361 1779 1416 recessits“.

181 1445 464 1500 Tctbaldus
490 1463 522 1500 a
561 1447 848 1502 Codiciaco
893 1449 962 1481 ⁸⁸⁵
999 1449 1183 1518 plures
1224 1465 1437 1515 eorum,
1469 1465 1608 1520 quos
1637 1448 1783 1503 intus

183 1539 476 1604 invenerat,
508 1539 733 1609 expulit.
777 1541 1018 1595 Domuus
1067 1541 1319 1596 Artoldus
1352 1543 1634 1612 pral'atum
1666 1543 1780 1598 Ro-

182 1630 402 1695 dulfum,
431 1628 878 1685 Noviomensium
912 1628 1168 1692 electum,
1201 1631 1384 1684 Remis
1412 1630 1636 1686 ordinat
1660 1632 1782 1702 epi-

180 1737 416 1793 sc0pum.
469 1723 832 1797 Berengarius
886 1723 1108 1794 quidam
1153 1725 1408 1796 princeps
1468 1725 1653 1791 Italia,
1686 1742 1781 1780 ve-

180 1829 329 1879 neno,
364 1819 424 1866 ut
444 1811 646 1881 ferunt,
675 1820 868 1867 necato
903 1813 1156 1870 Lothario
1185 1831 1334 1889 rege,
1368 1817 1608 1892 Hugonis
1644 1817 1780 1886 ﬁlio,

175 1917 255 1955 rex
275 1900 514 1955 efﬁcitur
544 1902 733 1956 Italia.
769 1903 923 1958 Anno

840 1992 1112 2048 DCCCCLI

234 2083 554 2159 Ludovvicus
582 2098 674 2139 rex
717 2085 1062 2158 Aquitaniam
1112 2105 1232 2143 cum
1262 2090 1504 2146 exercitu
1527 2092 1666 2161 petit
1689 2093 1778 2161 ⁸⁸³,

171 2178 255 2231 sed
308 2185 604 2250 antequam
670 2179 905 2234 eandem
987 2180 1372 2253 ingrederetur
1425 2183 1775 2252 provintiam,

168 2267 345 2323 Karlus
376 2268 780 2337 Constantinus,
804 2271 1028 2326 Vienna
1057 2272 1336 2343 princeps,
1391 2283 1443 2328 et
1467 2275 1778 2346 Stephanus

167 2363 521 2418 Arvernorum
564 2364 762 2434 prasul
795 2364 862 2417 ad
913 2380 1038 2418 eum
1070 2365 1378 2434 venientes,
1407 2367 1491 2422 sui
1523 2367 1777 2423 efﬁciun-

167 2464 280 2521 tur;
320 2456 470 2510 idem
498 2471 628 2511 vero
651 2457 946 2528 episcopus
990 2458 1191 2528 opimis
1235 2475 1359 2514 eum
1394 2461 1627 2517 honorat
1653 2479 1777 2517 mu-

168 2547 403 2601 neribus.
455 2547 761 2602 Willelmus
810 2565 1030 2621 quoque
1083 2550 1428 2606 Pictavensis
1457 2553 1676 2608 obviam
1707 2555 1775 2588 ⁸⁸⁸

165 2635 208 2689 ei
243 2635 363 2692 fuit.
401 2636 647 2708 Dumque
689 2644 932 2693 moratur
992 2639 1337 2712 Aquitaniam
1393 2657 1488 2695 rex
1548 2643 1771 2710 intrare,

164 2728 299 2799 gravi
321 2727 620 2798 corripitur
664 2727 1024 2795 inﬁrmitate;
1081 2745 1245 2802 quem
1304 2730 1614 2801 suscipiens
1668 2731 1773 2784 Le-

162 2821 326 2876 taldus
355 2822 446 2886 995,
481 2823 701 2894 quidam
736 2825 1064 2897 Burgundia
1091 2827 1397 2898 comes,qui
1450 2835 1577 2883 tunc
1609 2827 1769 2882 etiam

162 2932 282 2970 suus
309 2918 529 2972 noviter
573 2917 797 2974 effectus
827 2929 964 2987 erat,
1016 2921 1219 2976 utiliter
1247 2938 1370 2977 eum
1402 2922 1456 2977 in
1482 2922 1772 2997 ipsaagri-

160 3005 336 3060 tudine
361 3006 692 3063 observavit.
727 3009 1011 3080 Reparatis
1043 3011 1206 3086 igitur
1259 3012 1369 3066 sibi
1422 3011 1650 3079 viribus,
1680 3028 1770 3067 rex

160 3098 209 3151 in
271 3100 558 3155 Franciam
641 3105 968 3179 regreditur.
1061 3107 1276 3162 Interea
1329 3108 1650 3165 Fredericus
1703 3110 1772 3144 ⁸⁸⁸

157 3189 516 3246 Adalberonis
564 3193 809 3264 epiSCOpi
893 3193 1077 3260 frater,
1148 3197 1240 3267 qui
1312 3195 1478 3251 ﬁliam
1528 3199 1772 3272 Hugonis

159 3281 419 3353 principis
460 3283 567 3337 sibi
611 3285 1004 3356 desponderat,
1048 3287 1102 3342 in
1133 3289 1239 3343 hoc
1264 3305 1495 3363 regnum
1520 3291 1768 3360 veniens,

157 3372 518 3426 munitionem
571 3374 623 3428 in
658 3375 777 3430 loco
818 3377 911 3446 qui
957 3377 1154 3432 dicitur
1200 3377 1364 3432 Fanis
1394 3380 1652 3451 837(108),
1681 3382 1773 3435 in-

157 3465 404 3518 consulto
445 3481 576 3540 rege
607 3468 690 3521 vel
741 3467 929 3540 regina
955 3477 1272 3526 construere
1330 3473 1512 3543 capit,
1559 3482 1614 3529 et
1652 3474 1773 3529 loca

153 3556 539 3628 circumposita
586 3560 794 3615 crebris
852 3561 1354 3632 depradationibus
1413 3566 1618 3636 diripit.
1666 3567 1766 3621 Pro

153 3665 250 3717 qua
290 3666 350 3704 re
397 3649 560 3704 valde
617 3652 880 3707 molestus
924 3671 1017 3708 rex
1064 3655 1406 3723 Ludowicus,
1435 3658 1767 3732 legationem

151 3756 291 3795 suam
312 3743 507 3816 dirigit
527 3744 594 3797 ad
622 3743 894 3800 Ottonem.
957 3747 1108 3821 Hugo
1136 3748 1395 3818 princeps
1428 3749 1495 3802 ad
1530 3751 1768 3805 eundem

152 3847 324 3904 regem
378 3833 656 3900 Ottonem,
719 3836 979 3892 invitatus
1022 3839 1090 3892 ad
1150 3839 1328 3909 ipsum
1385 3841 1475 3909 ⁸⁸³,
1539 3843 1768 3909 vadens,

151 3919 278 3974 duos
307 3921 389 3975 illi
425 3923 694 3991 pramisit
716 3924 931 3991 leones,
959 3925 1146 3997 etipse
1173 3943 1298 3982 mox
1327 3928 1653 3984 subsecutus
1677 3929 1768 4001 ⁸⁸9,

151 4012 452 4068 honoriﬁce
513 4015 581 4068 ab
639 4017 833 4072 eodem
883 4019 935 4072 in
977 4019 1173 4074 diebus
1219 4021 1439 4091 pascha
1480 4029 1768 4093 susceptus

148 4107 254 4166 est;
289 4103 669 4177 decenterque
699 4107 920 4162 habitus
951 4109 1019 4162 ab
1059 4125 1147 4176 eo,
1188 4127 1286 4181 per
1312 4110 1462 4181 ipsos
1491 4112 1766 4181 paschalis

148 4192 538 4248 sollemnitatis
568 4196 687 4250 dies
714 4198 1023 4253 exultanter
1042 4200 1343 4270 Aquiscum
1367 4201 1488 4272 ipso
1516 4202 1584 4236 ⁸⁹⁰
1611 4219 1768 4257 man-

147 4287 212 4340 sit
244 4305 258 4352 ;
289 4290 596 4360 multisque
625 4291 785 4346 donis
815 4293 997 4362 Opime
1029 4295 1097 4348 ab
1125 4311 1190 4350 eo
1225 4306 1541 4352 muneratus
1585 4316 1766 4356 rever-

146 4377 290 4443 titur,
320 4379 641 4434 deducente
664 4397 722 4434 se
748 4382 888 4436 duce
919 4384 1207 4439 Chonrado
1239 4401 1412 4457 usque
1435 4388 1502 4440 ad
1543 4387 1766 4445 ﬂuvium

142 4467 466 4526 Maternam.
527 4472 626 4537 Qui
676 4474 783 4527 dux
841 4475 1158 4532 Chonradus
1206 4479 1536 4550 quibusdam
1585 4483 1766 4539 infen-

139 4573 226 4611 sus
255 4560 322 4594 ⁸⁹¹
351 4561 831 4629 Lothariensibus,
889 4570 1064 4620 turres
1120 4569 1467 4638 quorundam
1498 4571 1686 4638 deicit,
1715 4579 1768 4627 et

140 4652 408 4719 quosdam
467 4653 894 4710 Virdunensium
939 4657 1245 4714 honoribus
1298 4661 1473 4731 privat
1527 4681 1541 4729 ;
1604 4664 1765 4739 Ragi-

140 4744 274 4796 nerii
304 4745 379 4778 ⁸9³
409 4760 543 4800 vero
595 4747 815 4802 comitis
861 4748 1137 4820 quoddam
1188 4751 1258 4785 393
1286 4753 1570 4811 castellum
1593 4755 1762 4825 capit,

1786 4435 1842 4503 Ι)

1893 451 1960 505 ab
1992 451 2188 506 Ottone
2209 449 2465 524 regressi,
2499 448 2773 513 nuntiant,
2823 447 2970 503 nolle
3019 447 3186 503 immo
3217 447 3509 518 prohibere

1893 541 2142 598 Ottonem
2171 557 2378 614 regem,
2434 556 2504 595 ne
2563 539 2882 594 Fredericus
2939 540 3026 594 vel
3055 539 3254 612 aliquis
3280 555 3506 595 suorum

1891 635 2057 692 ullam
2101 635 2169 670 ⁸9⁵
2222 634 2585 692 munitionem
2643 634 2698 687 in
2748 634 2852 689 hoc
2895 649 3065 706 regno
3121 635 3340 700 habeat,
3400 633 3506 688 nisi

1892 746 2222 786 consensum
2282 728 2427 804 regis
2466 725 2740 782 Ludowici
2788 742 2954 798 super
2979 728 3084 782 hoc
3111 725 3219 781 sibi
3249 726 3504 783 obtinere

1891 827 2073 892 queat.

1963 908 2203 982 Hungari
2233 907 2303 963 ab
2327 906 2481 962 Italia
2535 905 2868 960 transcensis
2919 905 2988 939 ⁸96
3019 904 3242 976 Alpibus
3270 905 3502 980 egressi,

1887 1001 2232 1072 Aquitaniam
2265 999 2500 1073 ingressi
2531 1008 2659 1053 sunt
2692 998 2918 1068 ;ibique
2959 1003 3070 1052 tota
3102 1012 3245 1066 pene
3303 997 3502 1052 demo-

1889 1091 1989 1145 rati
2016 1097 2222 1155 astate,
2254 1088 2440 1143 multis
2469 1088 2612 1142 hanc
2642 1087 2924 1161 regionem
2957 1084 3166 1156 rapinis
3223 1090 3278 1139 et
3333 1084 3507 1138 inter-

1888 1165 2208 1235 netionibus
2234 1179 2301 1212 397
2332 1179 2657 1234 attriverunt
2681 1196 2695 1243 ;
2721 1177 2911 1248 sicque
2931 1191 3029 1248 per
3058 1174 3266 1230 Italiam
3297 1173 3504 1228 reversi

1885 1281 2013 1328 sunt
2044 1272 2100 1325 in
2130 1280 2326 1326 terram
2371 1287 2544 1325 suam.
2623 1270 2941 1325 Ludowicus
2998 1283 3089 1322 rex
3140 1265 3506 1320 munitionem

1886 1365 2162 1436 quandam
2195 1363 2419 1417 nomine
2451 1363 2706 1428 Brenam,
2739 1377 2900 1432 quam
2934 1359 3155 1431 quidam
3191 1358 3502 1428 pradones,

1885 1455 2176 1510 Gotbertus
2218 1455 2429 1509 scilicet
2481 1470 2545 1509 ac
2593 1453 2758 1507 frater
2799 1451 2918 1520 ejus
2970 1449 3345 1524 Angilbertus,
3378 1464 3503 1502 mu-

1884 1544 2216 1610 nierantm,
2273 1543 2515 1609 obsidet,
2576 1541 2917 1612 penuriaque
2973 1538 3130 1592 famis
3156 1552 3499 1608 oppressam,
3589 1561 3594 1565 -

1883 1641 2029 1710 capit
2058 1638 2280 1694 tandem
2327 1638 2395 1672 399
2422 1652 2485 1691 ac
2512 1635 2676 1690 diruit
2710 1652 2724 1699 ;
2755 1633 2883 1687 inde
2906 1631 3204 1698 'reversus,
3237 1630 3304 1684 ad
3328 1628 3502 1684 collo-

1808 1731 2068 1806 Bquium
2115 1727 2319 1782 Arnulﬁ
2386 1733 2441 1780 et
2495 1723 2739 1797 IIugonis
2796 1720 3182 1792 proﬁciscitur.
3230 1719 3293 1772 At
3324 1717 3498 1791 IIugo,

1885 1824 2147 1897 quoniam
2197 1819 2450 1875 infensus
2506 1825 2623 1872 erat
2696 1814 2921 1870 Arnulfo
2976 1821 3202 1886 propter
3261 1820 3500 1868 castrum

1883 1914 2325 1970 Monasteriolum
2383 1919 2438 1967 et
2478 1919 2676 1967 terram
2731 1909 3008 1981 quondam
3052 1903 3277 1970 Erluini,
3334 1921 3500 1975 quam

1885 2003 2030 2058 idem
2084 2002 2342 2057 Arnulqu
2383 2005 2767 2072 occupaverat,
2811 1999 2876 2053 ad
2938 1999 3118 2068 ipsum
3159 1994 3499 2066 colloquium

1881 2094 2070 2149 venire
2110 2093 2288 2149 noluit
2342 2111 2357 2157 ;
2416 2093 2516 2147 sed
2564 2092 2738 2162 ipsam
2799 2098 2999 2144 terram
3049 2087 3330 2160 ingressus
3375 2100 3499 2139 cum

1882 2190 2159 2264 Rotgario,
2217 2188 2426 2243 Erluini
2472 2187 2606 2253 ﬁlio,
2666 2185 2943 2256 quoddam
2993 2191 3230 2238 castrum
3258 2180 3495 2236 obsedit.

1881 2282 1992 2336 Rex
2050 2288 2255 2345 autem,
2323 2284 2548 2348 petente
2619 2277 2690 2311 90°
2738 2273 2988 2340 Arnulfo,
3039 2274 3107 2328 ad
3151 2289 3277 2327 eum
3329 2271 3495 2338 misit,

1880 2375 2163 2443 ipsamque
2194 2370 2550 2426 obsidionem
2583 2367 2782 2423 resolvi
2837 2366 2986 2431 fecit,
3021 2364 3378 2434 induciasque
3409 2359 3497 2415 vel

1877 2465 2098 2532 treugas
2129 2458 2290 2529 [inter
2316 2457 2468 2528 ipsos
2519 2457 2606 2527 901]
2655 2471 2829 2529 usque
2876 2455 2944 2510 ad
2977 2452 3494 2508 KalendasDecem-

1876 2548 1990 2602 bris
2025 2550 2258 2620 accepit.

1945 2637 2211 2713 Ottogeba
2240 2641 2309 2675 ⁹⁰²
2339 2639 2548 2715 regina,
2570 2649 2745 2695 mater
2776 2637 3051 2693 Ludowici
3073 2636 3244 2710 regis.
3268 2650 3494 2710 egressa

1874 2728 2160 2796 Lauduno,
2189 2729 2632 2785 conducentibus
2669 2744 2726 2783 se
2790 2725 3118 2799 quibusdam
3173 2735 3283 2780 tam
3341 2723 3498 2778 Heri-

1874 2820 2016 2874 berti
2062 2835 2232 2890 quam
2277 2819 2557 2874 Adalberti
2615 2819 2795 2875 fratris
2843 2819 3020 2891 ipsius
3049 2816 3394 2879 hominibus,
3425 2813 3494 2868 ad

1875 2909 2215 2964 lleribertum
2263 2907 2658 2980 proﬁciscitur;
2688 2909 2780 2980 qui
2826 2907 3137 2978 suscipiens
3167 2922 3310 2973 eam,
3343 2905 3495 2960 ducit

1875 3001 1929 3054 in
1958 3001 2269 3074 conjugem.
2310 3001 2462 3056 Unde
2505 3017 2601 3056 rex
2630 3002 2960 3058 Ludowicus
2991 3000 3181 3065 iratus,
3211 2999 3490 3054 abbatiam

1871 3104 2073 3150 sancta
2095 3096 2298 3164 Maria,
2331 3113 2492 3168 quam
2535 3098 2654 3168 ipsa
2684 3097 2929 3151 Lauduni
2962 3095 3204 3161 tenebat,
3261 3092 3489 3164 recepit,

1873 3190 1927 3238 et
1956 3182 2247 3260 Gerberga
2303 3186 2461 3242 uxori
2511 3203 2622 3241 sua
2677 3186 2829 3241 dedit
2862 3183 3092 3253 ;ﬁscum
3143 3184 3213 3217 903
3269 3196 3491 3254 quoque

1873 3273 2189 3330 Atoniacam
2235 3291 2338 3330 suo
2393 3275 2640 3332 dominio
2689 3277 2956 3332 subdidit.
3005 3275 3126 3330 Otto
3154 3291 3245 3328 rex
3279 3273 3490 3328 Italiam

1871 3369 2052 3435 adiit;
2085 3372 2150 3424 ad
2166 3372 2324 3440 cujus
2363 3374 2659 3427 adventum
2721 3369 3051 3443 Berengario
3099 3366 3492 3440 Longobardo-

1874 3479 1992 3516 rum
2053 3463 2122 3497 ⁹⁰⁴
2155 3479 2285 3538 rege
2329 3465 2398 3519 ab
2460 3465 2596 3520 urbe
2640 3465 2806 3535 Papia
2863 3462 3130 3535 fugiente,
3192 3462 3311 3532 ipse
3369 3458 3490 3517 Otto

1870 3552 2104 3607 eandem
2139 3553 2446 3630 ingreditur
2477 3556 2694 3623 urbem,
2727 3572 2954 3611 uxorem
2980 3571 3201 3626 quoque
3250 3552 3489 3608 Lotharii

1872 3644 2016 3718 regis
2037 3645 2302 3717 defuncti,
2334 3647 2434 3701 ﬁlii
2477 3648 2738 3722 Hugonis,
2770 3664 3013 3704 sororem
3049 3645 3322 3707 Chonradi
3345 3643 3491 3717 regis

1868 3736 2134 3799 Jurensis,
2182 3737 2290 3792 sibi
2336 3738 2627 3812 conjugem
2681 3738 2838 3792 duxit
2883 3737 2969 3789 905.
3021 3737 3308 3790 Sarraceni
3340 3750 3490 3788 mea-

1872 3834 1985 3880 tum
2004 3827 2218 3897 Alpium
2256 3827 2600 3893 obsidentes,
2657 3844 2687 3882 a
2713 3826 3018 3881 viatoribus
3044 3826 3272 3880 Romam
3299 3830 3486 3894 peten-

1872 3917 2017 3971 tibus
2046 3918 2308 3973 tributum
2368 3919 2668 3991 accipiunt,
2720 3927 2773 3974 et
2828 3919 2908 3974 sic
2955 3934 3052 3974 eos
3081 3916 3316 3972 transire
3356 3931 3487 3986 per-

1868 4009 2088 4065 mittunt
2137 4011 2291 4067 Anno

2529 4101 2826 4158 DCCCCLII

1869 4210 1989 4265 Otto
2016 4211 2086 4246 906
2114 4227 2208 4267 rex
2231 4211 2564 4286 legationem
2605 4227 2703 4282 pro
2753 4211 3110 4282 susceptione
3139 4209 3224 4264 sui
3258 4207 3483 4263 Romam

1871 4300 2084 4377 dirigit,
2129 4318 2236 4374 qua
2291 4318 2402 4357 non
2441 4302 2691 4370 obtenta,
2738 4319 2862 4358 cum
2907 4317 3076 4357 uxore
3134 4301 3192 4355 in
3243 4317 3340 4356 sua
3392 4317 3486 4358 re-

1869 4399 2132 4471 greditur,
2167 4399 2409 4454 dimissis
2437 4401 2505 4454 ad
2557 4401 2864 4457 custodiam
2922 4400 3102 4473 Papia
3151 4400 3481 4472 quibusdam

1868 4502 1933 4540 ex
1985 4486 2118 4541 suis.
2174 4487 2504 4544 Ludowicus
2549 4505 2673 4543 cum
2704 4488 2980 4564 Gerberga
3035 4489 3227 4561 regina
3266 4487 3484 4542 Laudu-

1867 4593 1998 4631 num
2053 4577 2251 4646 repetit
2300 4578 2388 4632 907.
2443 4579 2806 4653 Berengarius
2854 4596 2948 4635 rex
3001 4581 3068 4635 ad
3130 4579 3480 4636 Chonradum

1866 4667 2087 4734 ducem,
2117 4667 2210 4738 qui
2237 4667 2417 4739 Papia
2464 4678 2836 4736 remanserat,‘
2871 4673 3056 4738 venit;
3090 4688 3122 4726 a
3151 4687 3260 4744 quo
3289 4671 3343 4726 in
3368 4670 3478 4727 ﬁde

1865 4755 2040 4826 ipsius
2073 4765 2384 4828 susceptus,
2432 4757 2501 4812 ad
2546 4758 2801 4814 Ottonem
2843 4761 3178 4831 perducitur.
3195 4761 3369 4826 Quem
3385 4759 3480 4816 ille

1483 4882 1718 4938 VARUE
1769 4885 2042 4942 LECTION
2049 4888 2146 4944 ES.

203 4967 583 5047 ετχιιῑςυιιξφ
615 4971 670 5025 2:
698 4973 995 5047 __indellam
1042 4977 1094 5030 3.
1128 4977 1197 5011 9⁸⁵
1256 4979 1499 5034 bramam
1558 4982 1608 5035 1.
1661 4983 1732 5018 ⁸⁷⁸
1777 4985 1924 5041 deest
1974 4987 2029 5040 2.
2092 4988 2144 5042 3.
2201 4988 2269 5023 ⁸⁷⁷
2322 4988 2617 5044 haberetur
2660 4989 2714 5044 2.
2771 4990 2824 5045 3.
2881 4991 2951 5025 ⁸⁷⁸
2980 4991 3122 5047 deest
3147 4991 3194 5045 3.
3229 4991 3298 5026 "9
3328 5008 3383 5045 n.
3418 5008 3474 5047 ι).

136 5038 431 5122 gibt.
478 5041 766 5122 faoamodis
821 5046 1087 5122 omnibus
1136 5049 1196 5122 73.
1256 5050 1320 5122 Ψ
1392 5053 1619 5107 recessit
1653 5052 1708 5108 T.
1743 5071 1774 5109 a
1821 5038 1917 5122 (37,,
1961 5038 2015 5113 (ᾗ

2082 5075 2135 5134 p_.
2196 5062 2252 5134 1ἒ
2288 5060 2623 5134 88A’Wcodiaco
2666 5064 2716 5117 1.
2751 5062 2784 5117 2
2816 5061 2846 5115 ?
2876 5061 2946 5096 ⁸⁸³
2980 5063 3152 5134 peciit
3178 5063 3231 5118 2.
3257 5061 3393 5132 petit
3418 5060 3473 5118 3.

136 5109 700 5197 ii‘.obvjusn3.2nznss5
739 5116 980 5197 letoldus
1013 5120 1080 5197 _e_.
1133 5121 1350 5197 letpdus
1387 5123 1442 5197 3,
1501 5124 1588 5197 8v,
1621 5109 1917 5182 Federicus
1969 5109 2169 5185 iidehi.
2199 5109 2277 5188 "3.
2321 5109 2619 5188 suam;
2654 5109 2716 5197 ἐξ
2752 5109 2837 5169 ἳεέ
2867 5133 2904 5188 i.
2937 5109 3476 5190 εὗῖἵῑέἷεῖὲὲᾇ

137 5187 298 5235 cutus
330 5183 392 5237 2.
454 5183 506 5238 3.

568 5185 638 5219 ⁸⁹⁰
694 5189 851 5268 eo
1137 5190 1372 5270 infensis
1418 5195 1476 5270 2.
1528 5195 1596 5270 θίξῗ
1624 5199 1874 5270 ι-δεζρίηθινὶ
1925 5200 1978 5254 2.
2030 5201 2079 5255 3.
2142 5202 2212 5237 "3

2267 5204 2546 5274 quondam
2591 5205 2646 5272 2,
2705 5205 2774 5241 89‘
2832 5205 3078 5261 obsideri
3101 5207 3155 5260 2.
3197 5205 3249 5262 3.
3274 5204 3342 5239 “5
3369 5205 3474 5261 vil-

135 5250 257 5348 Lam,
300 5254 360 5308 3'
414 5253 499 5348 ‘3’.“
547 5260 845 5348 Exascensis
867 5260 961 5348 ἐξ,
1015 5261 1088 5342 f3”
1128 5250 2711 5348 “interminationibusf—2‘.”3:2?"munerant-“22m”?t,
2779 5250 3470 5348 c.'§."3'."°i°"p5ienié'é,

217 5323 1098 5422 -.,°°§,§“fJL-3§th_sjve
1121 5336 1336 5422 Βέξζιέν·
1369 5338 1637 5422 gerbejga
1672 5340 1723 5393 2ο
1757 5323 1930 5410 28,3.
1975 5343 2044 5378 903
2099 5323 2405 5417 REX—sv.
2449 5323 2507 5403 δῖ
2546 5363 2591 5404 s.
2622 5323 3000 5418 desunt
3026 5348 3095 5384 ⁹⁰⁴
3125 5323 3448 5422 Ιῖιῖέῖιῦἶᾶ

126 5393 192 5427 θοδ
219 5395 388 5450 ducit
421 5397 474 5452 2.
507 5397 560 5455 3.
595 5398 665 5434 ⁹⁰⁶
697 5402 852 5457 ottho
873 5401 924 5458 3.
953 5393 1171 5474 s‘c’epius.
1203 5407 1269 5441 ⁹⁰⁷
1294 5393 1504 5479 Γθὲθρὶῑ
1524 5393 1575 5465 3]

1697 5511 1908 5569 NOTAE.

194 5595 347 5665 (108]
377 5597 544 5654 Fains
569 5614 742 5673 prope
763 5602 1012 5662 Barrum.
