3946 6150
434 257 541 314 483

1563 223 1930 295 ηοῡοΑιωι
1969 233 2275 291 CANONICI
2314 232 2645 289 REMENSIS

3642 238 3736 294 484

436 409 619 465 etesia;
670 403 830 459 militi
886 397 1209 465 abstulerat,
1252 393 1553 470 pugnando
1601 393 1811 464 recepit
1844 410 1859 459 ;
1886 399 1941 448 et
1966 392 2050 448 in.
2073 366 2129 436 Α
2152 363 2418 470 ξθίξςειθείᾶξ
2447 360 2828 470 Remensis-net
2847 359 3001 470 aliis,
3026 377 3422 470 quoscumque
3450 363 3634 470 ascisc‘i
3658 381 3747 436 ρο.

438 501 612 555 iantes
640 493 933 571 Ragenarii
954 508 1018 548 ac
1034 490 1240 546 milites
1264 488 1532 560 quosdam
1560 486 1766 542 ibidem
1799 487 2052 542 inventos

434 605 621 646 secum
651 584 913 651 abduxit;
946 583 1237 654 ipsumque
1268 587 1502 634 castrum
1554 576 1828 648 direptum
1861 576 2053 632 incen-

434 680 530 735 dit.
566 679 719 745 llugo
736 676 992 747 princeps
1006 672 1163 729 obiit.
1201 671 1478 746 Gerberga
1501 669 1692 744 regina
1716 668 2055 739 colloquium

435 767 629 823 habuit
653 782 777 821 cum
817 765 1073 829 Brunone
1114 760 1279 815 fratre
1304 773 1427 824 suo,
1452 756 1547 811 ubi
1576 754 1840 827 praedicto
1871 753 2053 825 Rage-

434 858 589 914 nario
615 856 699 912 sui
714 854 919 910 milites
945 860 1000 908 et
1030 849 1267 906 infantes
1299 847 1607 904 redduntur
1638 863 1652 912 ;
1688 844 1894 919 reginae
1924 856 2057 898 vero

436 946 840 1021 possessiones,
897 958 1034 1015 quas
1089 940 1168 994 illi
1226 939 1507 1012 quondam
1563 935 1902 991 Gislebertus
1948 934 2060 988 dux

434 1036 583 1093 dotis
646 1034 869 1090 nomine
937 1031 1191 1096 dederat,
1262 1029 1652 1084 restituuntur.
1698 1025 2059 1097 EpiscOpatus

433 1125 773 1181 Trevirensis
802 1122 1019 1178 cuidam
1052 1118 1317 1190 Haynrico
1347 1118 1438 1185 “73,
1496 1117 1641 1192 regis
1691 1114 1904 1170 Ottonis
1932 1130 2062 1186 pro-

436 1215 672 1287 pinquo,
728 1213 908 1267 datur.
970 1209 1263 1264 Fulbertus
1329 1204 1742 1262 Camaracensis
1765 1203 2062 1274 episcopus

437 1306 755 1379 defungitur
781 1321 798 1372 ;
830 1310 884 1359 et
904 1304 1085 1374 ipsum
1113 1298 1456 1371 episcopium
1479 1298 1696 1353 cuidam
1732 1294 2060 1367 Berengario

437 1395 867 1453 Transrhenensi
920 1394 1121 1450 clerico
1206 1391 1484 1457 tribuitur,
1551 1388 1738 1459 nepoti
1798 1385 2056 1453 Bovonis,

440 1487 856 1544 Catalaunensis
883 1486 952 1521 θη
997 1483 1278 1557 quondam
1337 1480 1607 1553 episcopi,
1639 1478 1847 1550 quique
1876 1474 2060 1531 Remis

437 1584 723 1641 ordinatur
746 1583 815 1639 ab
845 1581 1068 1638 Artoldo
1090 1580 1508 1651 archiepiscopo
1533 1577 1621 1632 ’75.
1656 1577 1813 1630 Anno

1076 1671 1419 1728 DCCCCLVII

437 1767 672 1840 quadam
706 1772 866 1820 nocte
894 1764 950 1818 in
998 1778 1190 1817 mense
1256 1760 1516 1816 Januario
1549 1759 1816 1814 illustrata
1847 1763 1930 1813 est
1958 1773 2066 1813 aec-

441 1857 609 1914 clesia
640 1855 930 1911 Remensis
957 1859 1160 1908 sanetae
1192 1851 1287 1905 Dei
1310 1850 1597 1925 genitricis
1638 1854 1866 1919 repente
1897 1846 2061 1917 paulo

441 1953 568 2019 post
594 1944 834 1999 mediam
868 1952 1088 1998 noctem
1115 1941 1184 1976 9⁷⁸
1211 1955 1412 2015 magno
1440 1938 1734 2010 splendore
1790 1942 2063 2008 praesente

438 2037 643 2093 domno
670 2033 894 2089 Artoldo
917 2030 1353 2103 archiepiscopo,
1381 2027 1707 2083 ammirante
1736 2027 1806 2063 9'”
1838 2043 2062 2100 quoque

438 2130 645 2202 pariter
680 2127 964 2183 Withardo
1019 2124 1268 2183 custode.
1322 2122 1607 2179 Lotharius
1668 2138 1763 2177 rex
1802 2122 1856 2176 in
1896 2136 2063 2191 supe-

435 2219 637 2274 riorem
671 2217 951 2289 profectus
1006 2222 1088 2271 est
1129 2214 1523 2288 Burgundiam.
1547 2213 1822 2268 Bellorum
1861 2210 2066 2266 tumul-

437 2316 525 2366 tus
564 2309 843 2382 agitantur
871 2309 1018 2364 inter
1047 2308 1384 2374 Brunonem,
1413 2322 1480 2362 ex
1506 2304 1740 2377 praesule
1768 2304 1984 2369 ducem“,
2010 2310 2064 2359 et

436 2398 802 2474 Ragenarium
822 2399 1079 2455 comitem
1111 2406 1444 2470 ceterosque
1468 2395 1856 2453 Lotharienses
1896 2393 2061 2460 ;item

438 2492 497 2546 in
528 2492 756 2547 Francia
801 2492 943 2547 inter
990 2491 1320 2547 Balduinum
1358 2489 1531 2545 ﬁlium
1584 2486 1792 2544 Arnulﬁ
1848 2494 1902 2542 et
1931 2487 2063 2543 Rot-

437 2584 652 2660 garium
682 2586 960 2657 quondam
980 2585 1185 2640 Erluini
1213 2585 1285 2640 ob
1316 2591 1555 2640 castrum
1581 2582 1951 2637 Ambianense
1973 2579 2062 2636 973.

441 2677 735 2733 Rotbertus
764 2677 912 2732 filius
938 2676 1211 2732 Heriberti
1268 2691 1331 2731 se
1362 2674 1618 2731 Lothario
1649 2674 1766 2747 regi
1812 2672 2068 2730 commit-

440 2766 526 2824 tit.
556 2768 851 2824 Lotharius
880 2783 974 2823 rex
1003 2782 1126 2822 cum
1159 2773 1326 2822 mat'e
1357 2765 1426 2800 9""
1481 2772 1536 2820 et
1591 2763 1759 2818 amita
1816 2762 1887 2797 ⁹⁸⁰
1943 2779 2063 2832 sua,

438 2856 632 2912 relicta
663 2856 907 2929 ﬂugonis
958 2854 1047 2923 '3‘,
1086 2854 1305 2910 obviam
1362 2853 1543 2929 pergit
1574 2852 1629 2907 in
1656 2868 1858 2926 pagum
1883 2851 2066 2907 Cama-

441 2965 731 3007 racensem
764 2947 1034 3004 avunculo
1066 2962 1169 3003 suo
1202 2947 1466 3003 Brunoni.
1497 2945 1703 3002 Videns
1732 2960 1862 3002 vero
1888 2945 2065 3021 Rage-

440 3040 649 3107 narius,
676 3055 788 3095 non
814 3053 978 3110 posse
1002 3050 1060 3091 se
1085 3035 1335 3092 venienti
1390 3035 1646 3092 resistere
1695 3033 2058 3102 multitudini,

439 3129 509 3184 ad
537 3129 848 3184 Brunonem
877 3126 1029 3182 venit
1053 3125 1143 3181 ’3'.
1177 3126 1242 3180 At
1274 3126 1405 3198 quia
1432 3125 1694 3198 quaesitos
1723 3124 1855 3180 dare
1887 3124 2064 3180 noluit

438 3218 685 3285 obsides,
715 3233 842 3272 eum
872 3215 1139 3271 mBruno
1194 3215 1695 3287 comprehendens,
1745 3214 1847 3270 sub
1877 3221 2066 3270 custo-

439 3309 530 3365 dia
560 3308 1033 3365 secumdeduxit:
1090 3323 1194 3363 nec
1242 3307 1418 3363 multo
1477 3313 1603 3378 post
1628 3313 1777 3362 trans
1810 3306 2061 3362 Rhenum

437 3400 494 3455 in
526 3400 750 3456 exilium
772 3399 941 3454 misit.
990 3398 1278 3454 Liudulfus
1332 3398 1544 3455 Ottonis
1591 3397 1760 3466 ﬁlius,
1793 3397 1889 3470 qui
1910 3411 2053 3469 pene

438 3495 608 3545 totam
656 3488 971 3544 obtinuerat
1027 3488 1261 3554 Italiam,
1318 3488 1473 3556 obiit,
1532 3488 1912 3561 sepeliturque
1941 3486 2055 3542 Ma-

436 3582 639 3656 gontiae
659 3582 805 3654 apud
830 3591 1079 3639 sanctum
1110 3582 1402 3637 Albanum.
1434 3584 1591 3639 Anno

1071 3669 1432 3727 DCCCCLVlll

437 3773 678 3824 castrum
711 3766 1055 3825 Codiciscum
1069 3768 1291 3841 quidam
1321 3766 1514 3824 ﬁdeles
1570 3767 1775 3825 Artoldi
1804 3764 2059 3840 praesulis

438 3859 783 3916 clandestina
811 3860 1042 3931 capiunt
1072 3859 1379 3931 irruptione
1404 3859 1489 3912 9“.
1531 3859 1844 3914 Harduinus
1866 3860 2057 3929 subje-

439 3955 561 4004 ctus
584 3948 853 4016 Tetbaldi,
906 3948 996 4004 cui
1041 3947 1340 4002 Tetbaldus
1393 3946 1540 4003 idem
1589 3947 1942 4003 commiserat
1967 3965 2061 4003 ca-

440 4044 635 4105 strum,
666 4038 861 4093 videns
903 4036 1173 4108 oppidum
1221 4042 1462 4107 captum,
1523 4035 1773 4110 confugit
1823 4036 1893 4071 ⁸⁸⁵
1932 4052 2055 4091 cum

444 4129 561 4184 suis
591 4128 649 4183 in
678 4144 882 4184 arcem.
916 4128 1042 4182 Erat
1067 4134 1252 4182 autem
1291 4127 1459 4182 turris
1495 4127 1590 4181 illa
1618 4125 1954 4183 ﬁrmissima.
1977 4128 2058 4183 Ad

2152 455 2274 522 tuit,
2308 455 2501 510 amicis
2551 455 2793 510 advenit.
2847 455 2994 527 Rege
3024 455 3247 511 tandem
3294 454 3545 512 Lothario
3567 458 3747 514 adven-

2152 551 2322 611 tante,
2345 544 2718 599 mediantibus
2764 543 3047 598 Heriberto
3091 560 3154 598 ac
3201 543 3461 599 Rotberto
3494 544 3742 615 fratribus,

2157 643 2394 691 castrum
2444 634 2702 703 jussione
2752 634 2997 688 Tetbaldi
3050 633 3316 688 redditur.
3357 633 3478 689 Otto
3532 651 3620 689 rex
3645 637 3747 691 bel-

2159 725 2269 781 lum
2301 726 2369 760 9"
2401 724 2666 780 adversus
2715 724 2987 778 Sarmatas
3016 722 3209 777 habuit
3262 723 3351 776 9”.
3382 723 3566 778 Bruno
3613 723 3750 781 Colo-

2160 813 2374 870 niensis
2395 813 2847 884 archiepiscOpus
2893 828 3018 867 cum
3061 812 3302 867 exercitu
3338 811 3749 868 Lothariensium

2160 928 2259 983 per
2288 911 2572 966 Franciam
2597 908 2965 981 proﬁciscitur
3015 908 3071 962 in
3116 909 3516 983 Burgundiam,
3562 910 3754 964 locutu-

2162 1021 2257 1060 rus
2282 1020 2408 1059 cum
2440 1002 2725 1058 sororibus
2745 1018 2809 1057 ac
2839 1000 3139 1073 nepotibus
3164 1001 3297 1057 suis.
3328 1002 3490 1056 Anno

2800 1092 3113 1149 DCCCCLIX

2162 1190 2346 1244 Bruno
2369 1188 2567 1244 iterum
2597 1187 2668 1223 99°
2711 1187 2767 1242 in
2798 1186 3079 1242 Franciam
3135 1187 3307 1252 venit,
3359 1194 3415 1241 et
3446 1187 3592 1258 apud
3620 1185 3760 1241 Com-

2162 1279 2428 1350 pendium
2460 1295 2583 1332 cum
2641 1277 2834 1351 regina
2877 1292 3067 1332 sorore
3107 1292 3170 1331 ac
3214 1275 3519 1347 nepotibus
3546 1276 3759 1330 suisdis-

2159 1370 2517 1427 cordantibus
2541 1385 2640 1441 pro
2672 1368 3003 1441 quibusdam
3047 1369 3257 1435 castris,
3309 1385 3435 1440 quae
3474 1385 3566 1423 rex
3587 1368 3763 1422 Lotha-

2162 1459 2278 1514 rius
2307 1474 2370 1513 ex
2427 1459 2747 1533 Burgundia
2804 1465 3111 1529 receperat,
3162 1457 3505 1529 colloquium
3548 1456 3759 1523 habuit;

2163 1551 2570 1623 obsidibusque
2618 1551 2780 1619 datis,
2840 1566 3030 1622 pacem
3070 1551 3211 1605 inter
3229 1550 3382 1621 ipsos
3427 1565 3603 1621 usque
3620 1549 3681 1603 ad
3702 1549 3757 1582 ’9‘

2164 1640 2408 1696 futurum
2469 1639 2727 1711 placitum
2773 1640 2843 1674 ⁹⁹²
2902 1639 3131 1712 pepigit.
3187 1638 3479 1694 Lotharius
3522 1655 3614 1694 rex
3656 1654 3760 1692 cum

2164 1691 2407 1696 ηψπ-
2469 1691 2725 1711 rm”---
2903 1691 3127 1712 μηηη
3667 1691 3698 1692 η

2088 1691 2340 1785 Bmatre
2394 1729 2585 1801 regina
2618 1728 2897 1784 Coloniam
2960 1728 3332 1800 proﬁciscitur
3374 1728 3448 1763 993
3502 1728 3558 1781 in
3588 1727 3763 1782 diebus

2167 1824 2408 1894 paschae,
2440 1830 2750 1879 moraturus
2777 1824 2879 1878 hac
2907 1822 3200 1878 festivitate
3231 1839 3357 1878 eum
3385 1823 3653 1877 avunculo
3680 1838 3764 1877 suo

2167 1914 2441 1969 Brunone.
2488 1914 2732 1985 Dataque
2781 1912 2860 1967 illi
2930 1912 3221 1968 securitate
3277 1912 3349 1967 de
3380 1929 3557 1987 regno
3598 1913 3765 1968 Lotha-

2166 2006 2373 2073 riense,
2423 2014 2479 2061 et
2530 2006 2859 2078 quibusdam
2890 2007 3134 2078 acceptis
3182 2005 3251 2060 ab
3300 2005 3577 2061 avunculo
3606 2005 3762 2071 donis,

2168 2098 2493 2154 Laudunum
2525 2099 2838 2154 revertitur.
2899 2098 3285 2154 Lotharienses
3314 2114 3346 2152 a
3400 2099 3545 2154 duce
3582 2098 3766 2153 Bruno-

2169 2207 2239 2247 ne
2290 2192 2360 2226 ’9‘
2407 2192 2741 2259 desciscunt,
2782 2192 3051 2247 suadente
3105 2191 3343 2264 quodam
3368 2192 3635 2257 Immone,
3687 2189 3765 2262 qui

2170 2279 2291 2348 ejus
2322 2281 2535 2352 pridem
2570 2281 2921 2337 consiliarius
2949 2282 3205 2337 extiterat
3233 2289 3288 2336 et
3316 2281 3387 2336 ab
3408 2296 3475 2335 eo
3510 2297 3677 2353 nuper
3700 2297 3768 2335 re-

2168 2381 2432 2441 cesserat,
2461 2380 2687 2445 propter
2742 2374 2950 2445 oppida
2980 2375 3229 2446 quaedam
3280 2374 3533 2446 ipsorum
3566 2373 3763 2437 novitia,

2168 2476 2292 2532 quae
2357 2462 2505 2518 idem
2558 2462 2665 2517 dux
2712 2463 2885 2518 everti
2918 2462 3294 2534 praecipiebat,
3355 2462 3581 2534 aliaque
3621 2477 3766 2517 onera

2171 2551 2306 2621 ipsis
2334 2552 2404 2586 9'5
2432 2552 2674 2622 insueta,
2706 2569 2828 2625 qua:
2873 2552 3288 2623 illisimponere
3319 2550 3464 2606 velle
3496 2551 3763 2606 ferebatur.

2171 2640 2382 2705 Quibus
2401 2641 2756 2713 postmodum
2787 2640 3026 2696 evocatis
3073 2640 3161 2710 9°“,
3213 2640 3567 2695 Frederieum
3617 2656 3768 2712 quen-

2170 2730 2296 2785 dam
2319 2731 2580 2787 comitem
2610 2730 2693 2786 eis
2715 2729 2833 2785 vice
2855 2745 2953 2784 sua
3000 2728 3262 2801 praefecit.
3298 2729 3565 2784 Arnulfus
3606 2744 3768 2785 comes

2172 2819 2356 2875 Remis
2384 2820 2555 2886 venit,
2587 2826 2641 2875 et
2669 2819 2974 2875 aacclesiam
2995 2826 3196 2875 sancta:
3229 2819 3414 2877 Mariae
3436 2837 3555 2876 non
3576 2819 3768 2875 modico

2169 2912 2386 2987 argenti
2432 2913 2677 2983 pondere
2735 2912 3043 2968 muneravit
3100 2929 3116 2978 ;
3176 2913 3325 2968 unde
3367 2928 3535 2981 arcae,
3590 2912 3770 2985 quibus

2166 3004 2346 3059 sancti
2360 3003 2547 3058 Calisti
2576 3004 2644 3039 99"
2675 3004 2965 3076 sanctique
3000 3004 3199 3060 Nicasii
3251 3020 3315 3059 ac
3359 3014 3573 3061 sanctae
3599 3004 3772 3059 Eutro-

2170 3095 2275 3167 pia;
2292 3096 2538 3151 membra
2595 3102 3013 3168 ceterorumque
3062 3104 3377 3154 sanctorum
3441 3097 3770 3170 quorundam

2170 3187 2403 3264 pignera
2434 3188 2812 3256 continentur,
2835 3195 3043 3245 ornatae
3084 3189 3168 3245 vel
3191 3200 3473 3259 coopertae
3522 3190 3592 3225 ⁸9⁸
3640 3196 3771 3245 sunt.

2168 3276 2276 3332 Sed
2316 3284 2373 3332 et
2424 3277 2701 3348 quendam
2732 3278 3146 3353 evangeliorum
3200 3278 3361 3348 hujus
3419 3278 3772 3335 zecclesiazli-

2168 3365 2327 3420 brum
2359 3381 2492 3421 auro
2524 3372 2865 3440 argentoque
2914 3366 3195 3423 decoravit
3224 3383 3238 3433 ;
3282 3369 3627 3424 monasterio
3656 3380 3773 3440 quo-

2160 3469 2268 3525 que
2293 3455 2362 3490 99°
2392 3455 2569 3510 sancti
2620 3454 2857 3529 Remigii
2904 3455 3049 3511 dona
3089 3456 3337 3523 contulit,
3397 3455 3644 3513 Castrum
3695 3455 3772 3511 Di-

2159 3542 2491 3599 vionem1000
2518 3543 2820 3599 Rotbertus
2847 3559 3035 3600 eomes
3068 3545 3299 3614 invadit,
3344 3547 3499 3620 regis
3549 3546 3772 3619 expulsis

2162 3634 2441 3691 ﬁdelibus.
2496 3635 2844 3707 Quapropter
2889 3638 3096 3693 accitus
3159 3638 3247 3674 ¹⁰⁰¹
3299 3639 3488 3694 Bruno
3546 3639 3688 3713 regis
3718 3652 3773 3691 ac

2158 3729 2366 3800 reginae
2406 3729 2677 3799 petitione
2700 3772 2715 3797 ,
2747 3729 2805 3783 in
2847 3730 3217 3803 Burgundiam
3245 3732 3397 3787 venit
3417 3747 3551 3787 cum
3584 3729 3772 3784 ‘°°’Lo-

2159 3817 2529 3872 thariensibus
2560 3817 2798 3890 aliisque
2828 3818 2933 3873 sibi
2966 3818 3206 3875 subditis
3228 3820 3488 3891 populis;
3526 3819 3770 3889 idemque

2159 3912 2418 3975 caStrum,
2477 3906 2576 3961 sed
2632 3914 2689 3962 et
2734 3907 2928 3963 Trecas
2965 3908 3240 3964 civitatem
3290 3925 3461 3982 quem
3524 3908 3769 3982 praefatus

2158 3996 2470 4067 potiebatur
2499 3998 2815 4068 Rotbertus,
2856 3998 3151 4056 obsidione
3169 3999 3352 4057 vallat.
3368 4000 3532 4058 Anno

2811 4125 3109 4183 DCCCCLX

439 4233 605 4312 quam
658 4216 1084 4312 expugnandam
1138 4216 1370 4312 venistis
1438 4230 1541 4312 {ex
1593 4214 1881 4312 ιίξιῑιδτὶιιε
1928 4230 2053 4271 cum
2155 4236 2301 4307 apud
2329 4236 2635 4293 Almontem
2668 4244 2905 4295 castrum
2950 4238 3264 4312 proditores
3322 4238 3561 4311 quidam
3586 4238 3774 4309 depre-

441 4309 647 4404 domuo
691 4310 1010 4404 Artoldoiet
1070 4308 1354 4404 nonnullis
1402 4306 1852 4404 aliisepisiiopis
1890 4313 2054 4404 “ique
2155 4329 2312 4383 hensi
2333 4336 2460 4385 sunt
2488 4330 2812 4401 aManasse,
2857 4306 3060 4404 nepote
3094 4331 3284 4387 domni
3314 4306 3529 4387 Aitaldi
3576 4306 3776 4403 praesu—

442 4403 760 4471 comitibus,
793 4419 895 4475 per
913 4403 1053 4458 duas
1080 4401 1196 4458 fere
1236 4403 1380 4459 hanc
1396 4402 1616 4459 obsidet
1668 4402 2008 4460 ebdomadas
2037 4422 2052 4473 ;

2162 4421 2243 4489 lis,
2276 4437 2339 4477 ac
2363 4422 2604 4478 damnati
2638 4401 2947 4495 suspendio.
2969 4424 3136 4491 ;inter
3155 4438 3295 4496 quos
3350 4423 3523 4479 etiam
3572 4401 3777 4494 presbi—

441 4495 666 4551 tandem
698 4495 993 4567 nepotibus
1027 4495 1291 4552 Harduini
1338 4496 1409 4531 9⁸⁸
1445 4495 1690 4568 acceptis
1738 4495 2052 4564 obsidibus,

438 4583 508 4638 ab
538 4583 834 4640 obsidione
861 4584 1186 4640 disceditur.
1232 4585 1365 4640 Tum
1405 4584 1702 4641 Tetbaldus
1729 4585 2053 4655 adveniens,

439 4675 649 4747 Oppido
692 4690 804 4732 non
859 4675 1145 4747 recipitur,
1177 4692 1540 4750 reversusque
1565 4694 1666 4750 per
1689 4694 1889 4753 pagum
1916 4679 2056 4734 Lau-

441 4765 753 4825 dunensem
805 4776 859 4825 et
909 4767 1300 4824 Suessonicum
1358 4770 1567 4841 rapinis
1621 4770 1949 4839 desaeviens,
1998 4770 2055 4825 in

438 4876 540 4916 sua
565 4861 889 4934 regreditur.
924 4863 1184 4918 Homines
1203 4862 1450 4919 Tetbaldi
1466 4863 1827 4919 munitionem
1858 4862 2058 4936 [quan-

440 4952 565 5008 dam
610 4954 725 5026 m],
767 4970 889 5027 quae
926 4963 1153 5012 vocatur
1189 4956 1343 5025 Fara,
1389 4956 1740 5012 tradentibus
1794 4972 1917 5012 eam
1946 4956 2055 5012 sibi

440 5046 773 5118 quibusdam
818 5049 1217 5121 proditoribus,
1264 5053 1507 5124 capiunt.
1562 5052 1643 5107 Ad
1690 5068 1856 5125 quam
1903 5052 2055 5107 obsi-

2154 4517 2238 4565 ter
2282 4510 2526 4583 quidam.
2570 4512 2797 4568 Munitio
2872 4530 3035 4586 quam
3109 4523 3307 4571 vocant
3356 4515 3628 4571 Macerias
3673 4512 3777 4579 ‘9”,

2155 4601 2261 4656 sita
2294 4603 2383 4638 ¹⁰⁰⁴
2423 4620 2590 4674 supra
2646 4604 2847 4660 Mosam
2902 4605 3046 4661 infra
3092 4612 3290 4662 terram
3346 4606 3645 4663 Remensis
3681 4622 3780 4661 aec-

2156 4693 2357 4762 clesiaa,
2388 4695 2609 4751 Artoldo
2637 4697 3053 4770 archiepiscopo
3108 4699 3364 4756 redditur
3431 4697 3646 4771 [coram
3697 4698 3779 4733 ¹⁰⁰⁵

2157 4782 2445 4840 Frederico
2522 4784 2961 4842 Lothariensium
3015 4788 3175 4860 duce]
3237 4805 3270 4844 a
3317 4786 3645 4856 Lantberto,
3694 4786 3781 4859 qui

2158 4890 2278 4930 eam
2309 4881 2498 4932 tenere
2516 4878 2935 4948 prohibebatur.
2970 4879 3272 4935 Riehardus
3302 4879 3452 4936 ﬁlius
3496 4878 3781 4946 Willelmi,

2156 4966 2615 5023 Nortmannorum
2647 4970 2914 5041 principis
2940 4970 3052 5038 ίοοδ,
3093 4968 3262 5028 ﬁliam
3282 4972 3558 5047 Hugonis,
3590 4972 3786 5027 Trans-

2158 5056 2392 5128 sequani
2420 5056 2509 5091 ¹⁰⁰⁷
2527 5059 2805 5129 quondam
2857 5059 3141 5131 principis,
3198 5060 3353 5117 ducit
3393 5061 3482 5096 ¹⁰⁰⁸
3531 5075 3781 5116 uxorem.

437 5137 679 5197 dandam
708 5141 907 5199 Rorico
959 5143 1158 5215 praesul
1189 5143 1591 5213 Laudunensis,
1631 5160 1756 5202 cum
1788 5143 2059 5200 militibus
2161 5143 2451 5201 Divionem
2507 5147 2783 5218 quandam
2838 5148 3225 5220 munitionem,
3260 5168 3423 5224 quam
3485 5151 3644 5227 regis
3698 5151 3787 5205 Lo-

1794 5253 2017 5309 VARUE
2037 5250 2417 5310 LECTIONES.

513 5345 584 5384 ⁵⁷³
614 5348 839 5422 liayrico
873 5352 924 5407 1.
958 5354 1031 5421 cf,
1092 5353 1182 5409 Hu
1222 5369 1251 5410 ο
1312 5356 1401 5423 V.,
1454 5354 1708 5411 hainrico
1763 5353 1815 5411 2.
1862 5354 2110 5411 heinrico
2150 5355 2208 5410 '3.
2242 5355 2313 5391 97‘
2376 5357 2754 5416 catalaunensi
2801 5361 2857 5415 2.
2884 5361 2956 5397 975
3009 5378 3041 5417 e
3084 5362 3273 5435 iscopo
3325 5365 3381 5420 2.
3413 5366 3466 5421 3.
3495 5365 3576 5401 ’³⁷⁸
3604 5367 3787 5421 media

513 5429 605 5469 lete
650 5422 707 5469 ἓ-
760 5422 828 5457 9⁷⁷
881 5424 1027 5469 adm-
1069 5425 1123 5469 2-
1174 5370 1219 5469 fg
1281 5426 1351 5462 978
1395 5427 1812 5469 ηπιὴίπηρηςρτη
1874 5427 1922 5469 47
1987 5426 2056 5463 979
2102 5443 2174 5469 m,
2236 5441 2330 5469 mm
2378 5427 2412 5469 9
2482 5428 2516 5469 2
2592 5431 2665 5467 980
2716 5433 2888 5469 omina
2941 5433 2998 5469 Qa
3047 5379 3115 5469 θαι
3174 5436 3379 5469 ιπηιιοηης
3439 5438 3462 5469 4
3525 5438 3562 5469 Q
3628 5436 3701 5469 982
3735 5454 3766 5469 ν

438 5429 605 5508 npc'te
622 5422 1047 5508 A2.nf:7.adm;_
1069 5422 1235 5508 2;.3.’
1281 5426 1351 5462 ⁸⁷⁸
1382 5422 1813 5508 ςᾳιηὺὶεξηθηβθη]
1987 5426 2334 5508 97°__m.msua
2378 5427 2431 5493 2,
2482 5428 2536 5486 3.
2592 5431 2665 5508 θξθ
2700 5433 2894 5508 amica
2938 5433 3016 5508 3f.
3047 5422 3121 5508 δθξ
3174 5422 3384 5508 Ιίιιεοῐιί
3439 5438 3492 5491 1.
3523 5438 3581 5492 3.
3628 5436 3701 5471 ³⁸³
3735 5454 3783 5490 v.

434 5491 505 5568 ad
532 5492 591 5568 ΒΖ
621 5493 677 5549 2.
729 5492 800 5568 9'}
828 5495 1066 5568 deest__2.
1101 5496 1173 5531 9“
1222 5497 1528 5568 irreptione
1558 5498 1613 5552 2.
1686 5497 2006 5568 inruptione
2053 5499 2106 5554 3.
2167 5497 2237 5533 ³⁸⁵
2287 5514 2337 5553 c.
2395 5491 2439 5554 s.
2502 5502 2651 5558 conf.
2693 5504 2748 5559 2.
2798 5503 2856 5561 3.
2910 5504 2982 5540 ⁹⁸⁶
3028 5491 3331 5562 πάυίοἱνΞ.
3363 5508 3419 5563 2.
3449 5491 3707 5563 “fdeest
3737 5508 3785 5561 1.

431 5561 504 5597 ⁸⁸⁸
552 5564 701 5620 deest
754 5564 810 5629 2,
863 5566 919 5622 3.
971 5566 1044 5601 9“
1111 5568 1283 5623 habiit
1333 5561 1391 5622 2.
1438 5568 1519 5651 99°_
1555 5569 1723 5651 etiam
1781 5561 1834 5623 2'.
1889 5570 1943 5625 3.
1996 5571 2062 5606 ⁹⁹¹
2116 5569 2172 5651 in
2226 5569 2278 5624 3.
2327 5569 2398 5604 ⁹⁹²
2446 5571 2483 5626 f.
2541 5581 2760 5656 tempus
2805 5575 2994 5647 placiti
3054 5578 3109 5631 2,
3137 5577 3191 5633 3,
3221 5578 3292 5614 998
3323 5561 3329 5562 ί
3366 5561 3483 5646 ζει,
3521 5561 3791 5659 ίέᾶξρει-

431 5631 580 5685 schm
633 5651 704 5685 m.
745 5637 800 5685 1.
831 5637 902 5672 ⁹⁹⁴
952 5636 1013 5685 Β.
1052 5635 1108 5685 d-
1165 5638 1219 5685 9-
1273 5640 1325 5685 3-
1384 5639 1452 5675 995
1506 5640 1616 5685 illm
1663 5640 1713 5685 9,
1778 5641 1849 5675 99⁸
1901 5648 2190 5685 "summus-
2243 5640 2298 5685 9-
2350 5641 2403 5685 3.
2435 5642 2503 5677 997
2558 5646 2741 5685 malum
2775 5646 2808 5685 9
2858 5646 2927 5682 998
2954 5651 3238 5685 nnmntmd
3300 5596 3787 5685 tigrnnnonmpm_

429 5631 597 5706 sellas;
633 5637 800 5706 m.__1.
831 5637 902 5672 σοιο
950 5636 1013 5691 B.
1052 5635 1108 5705 d,
1165 5638 1219 5693 2.
1273 5640 1325 5695 3.
1384 5639 1452 5675 ονε
1506 5640 1616 5697 illis
1663 5640 1714 5694 2.
1778 5641 1849 5675 θοο
1901 5640 2191 5699 revocatis.
2243 5640 2299 5695 2.
2350 5641 2404 5698 3.
2435 5642 2503 5677 πυτ
2558 5631 2745 5701 calixti
2774 5631 2828 5704 3‘.
2858 5631 2927 5682 πε
2954 5631 3186 5706 comma
3216 5651 3268 5704 1.
3300 5631 3370 5685 οεθ
3397 5631 3787 5706 monasterio-

430 5717 543 5825 que
571 5703 626 5769 2,
677 5704 769 5739 ¹⁰⁰⁰
817 5703 1114 5786 divionum
1168 5710 1222 5766 2.
1286 5711 1337 5767 3.
1401 5710 1488 5747 ¹⁰⁰¹
1544 5711 1830 5770 accinctus
1886 5712 1940 5769 3.
2000 5712 2092 5748 ποθ’
2143 5712 2312 5769 deest.
2358 5712 2414 5769 2.
2474 5714 2565 5751 ¹⁰⁰⁸
2622 5718 2880 5774 materias
2924 5703 3103 5773 2.1001
3132 5703 3290 5777 sitam
3331 5703 3696 5777 Βίῦδέέῖίῗν.
3729 5703 3782 5773 ι.

472 5810 487 5825 ο
524 5772 720 5825 desunt
748 5775 798 5825 1.
827 5777 918 5816 ¹⁰⁰⁶
946 5792 1216 5825 nunc.an
1242 5782 1291 5825 9.
1319 5782 1372 5825 3-
1409 5782 1498 5817 1007
1533 5793 1683 5825 trans
1715 5783 2024 5825 Spnlmnsnn
2047 5782 2085 5825 θ
2126 5784 2167 5825 -2
2211 5784 2302 5818 1008
2330 5783 2482 5825 (iuvit
2510 5786 2544 5825 2

472 5810 487 5825 .
524 5772 720 5829 desunt
748 5775 798 5830 1.
827 5777 918 5816 ¹⁰⁰⁶
944 5775 1216 5853 princeps
1242 5782 1296 5850 2,
1319 5782 1374 5839 3.
1409 5782 1498 5817 ¹⁰⁰⁷
1533 5793 1683 5844 trans
1714 5783 2025 5855 Sequanam
2047 5782 2103 5840 2.
2126 5784 2187 5842 -3,
2211 5784 2302 5818 ¹⁰⁰⁸
2330 5783 2485 5841 duxit
2509 5786 2560 5844 3.
