3960 6160
193 275 294 330 485
1693 267 2007 364 annuas.
3426 268 3533 331 486

196 403 352 460 tbarii
401 401 600 457 ﬁdeles
635 398 918 466 tenebant,
961 399 1263 456 Rotbertus
1300 399 1465 456 frater
1518 399 1807 464 Heriberti,
1835 403 1886 471 Α
1916 396 2002 452 tiit
2030 397 2141 464 ¹⁰²³,
2171 395 2338 468 eique
2368 396 2459 451 hic
2503 395 2672 452 frater
2725 400 2865 468 eius:
2911 417 2980 456 ne
3010 401 3224 478 Ηυὲοηί
3259 407 3532 465 Βθῐηθηθθ

198 493 417 550 ﬁdelem
451 492 598 567 regis
625 507 684 546 se
729 489 950 558 fallens,
983 490 1111 545 dolo
1145 491 1429 566 ingressus
1458 490 1686 558 invadit,
1722 507 1814 546 re-
1918 489 2175 545 redderet
2225 487 2319 523 ¹⁰²⁶
2356 488 2720 560 episcOpium,
2773 501 2933 562 prout
2983 495 3179 551 fratres
3224 498 3397 569 ipsius
3449 502 3539 536 ¹⁰¹⁷

199 585 299 658 giis
330 583 574 654 expulsis
605 581 950 637 custodibus.
1005 581 1080 634 Ad
1113 596 1276 652 quam
1318 579 1691 651 recipiendam
1726 598 1818 636 rex
1920 584 2181 656 petebant
2242 581 2416 652 (114),
2477 583 2770 656 suggessit.
2835 585 2956 640 Otto
3014 605 3106 643 rex
3163 591 3390 646 Romam
3445 611 3544 664 pa-

201 691 321 730 cum
366 681 538 729 matre
578 672 770 747 regina
799 672 1100 743 profectus,
1133 672 1314 743 ipsum
1347 673 1566 728 obsidet
1599 674 1688 709 ¹⁰⁰⁹
1719 690 1817 730 ca-
1922 676 2079 733 ciﬁce
2135 675 2290 742 adiit,
2345 683 2400 731 et
2439 673 2752 730 amabiliter
2783 686 3066 749 exceptus,
3125 692 3288 754 atque
3329 685 3543 742 honore

202 776 398 824 strum.
451 767 632 822 Bruno
685 766 776 800 ¹⁰¹⁰
825 765 1026 836 praesul
1083 781 1207 820 cum
1268 765 1722 822 Lothariensibus
1768 774 1823 822 et
1923 765 2038 821 illic
2069 764 2345 836 imperiali
2377 763 2702 818 sublimatus
2729 771 2832 819 est.
2869 766 3021 830 Quod
3052 769 3416 845 Berengarius
3446 777 3547 831 Ita-

203 859 323 915 aliis
377 859 483 914 sibi
521 855 759 913 subditis
797 856 926 912 illuc
975 856 1296 923 adveniens,
1338 856 1562 912 obsides
1619 874 1649 912 a
1688 859 1822 914 Rot-
1929 855 2016 910 liae
2044 870 2137 909 rex
2167 853 2395 928 indigne
2425 852 2631 920 ferens,
2665 854 2944 928 regiones,
2979 873 3117 928 quas
3154 876 3346 933 regere
3376 863 3548 919 debe-

203 953 358 1009 berto
403 952 636 1022 accepit,
696 965 835 1023 quos
885 951 1002 1025 regi
1059 951 1301 1006 tradidit.
1371 951 1608 1016 Quorum
1660 968 1824 1018 unus,
1927 945 2044 1012 bat,
2093 945 2389 1000 incendere
2429 953 2594 1017 atque
2619 951 2832 1001 vastare
2860 948 3047 1018 erepit.
3095 951 3548 1023 RexRLotharius

205 1044 442 1100 Odelrici
478 1043 566 1078 1°“
607 1042 826 1098 comitis
859 1040 1025 1109 ﬁlius,
1059 1043 1309 1114 proditor
1337 1043 1728 1115 comprobatus
1776 1049 1830 1098 et
1928 1039 2146 1094 locutus
2177 1054 2298 1093 cum
2332 1037 2562 1112 Hugone
2601 1038 2936 1095 consobrino
2965 1056 3086 1109 suo,
3138 1043 3342 1112 petitus
3368 1055 3452 1100 est
3479 1046 3546 1100 ab

202 1137 486 1206 judicatus
515 1141 680 1207 atque
729 1134 1034 1190 decollatus
1064 1143 1170 1202 est,
1201 1135 1334 1190 alter
1375 1135 1531 1190 vivus
1561 1143 1827 1191 retentus.
1931 1151 2018 1201 eo,
2051 1141 2109 1188 ut
2135 1133 2363 1205 praefato
2409 1121 2623 1208 Hugbni
2653 1134 2981 1190 Remensem
3039 1137 3290 1193 restituat
3327 1141 3549 1215 episco-

207 1229 327 1284 Otto
359 1235 416 1283 et
439 1228 613 1300 Hugo,
646 1225 742 1281 ﬁlii
773 1227 1037 1302 Hugonis,
1072 1227 1350 1282 mediante
1380 1231 1652 1287 avunculo
1683 1231 1834 1302 ipso-

1957 1235 2150 1291 tatnm;
2184 1224 2428 1297 indeque
2457 1225 2708 1281 inducias
2738 1226 3090 1296 paciscuntur
3119 1246 3292 1302 usque
3338 1232 3406 1286 ad
3434 1249 3553 1287 me-
3607 1299 3610 1301 Α

208 1342 328 1380 rum
360 1325 641 1392 Brunone,
689 1325 757 1378 ad
793 1338 978 1398 regem
1009 1322 1240 1378 veniunt
1287 1339 1350 1378 ac
1380 1324 1464 1378 sui
1497 1325 1828 1381 efficiuntur.

1957 1314 2084 1369 lium
2110 1314 2316 1369 mensis
2342 1315 2563 1384 Aprilis.
2594 1317 2846 1387 Synodus
2870 1320 3132 1375 tredecim
3163 1321 3552 1391 episcoporum

209 1421 452 1486 Quorum
487 1420 768 1494 nugonem
808 1436 902 1474 rex
952 1419 1148 1474 ducem
1179 1421 1483 1487 constituit,
1529 1421 1714 1476 addito
1757 1421 1833 1474 illi

1958 1420 1990 1457 n
2025 1419 2165 1477 pago
2190 1403 2455 1457 Meldensi
2509 1420 2678 1475 super
2702 1405 2994 1461 Maternum
3043 1408 3292 1476 ﬂuvium,
3340 1425 3406 1464 ex
3438 1411 3550 1466 Re-

211 1526 355 1586 pago
411 1509 716 1565 Pictavensi
758 1509 825 1564 ad
876 1516 1075 1564 terram
1122 1526 1286 1581 quam
1329 1518 1483 1582 pater
1534 1511 1707 1582 ipsius
1753 1517 1838 1565 te-

213 1611 445 1668 nuerat;
476 1618 740 1658 concessa
769 1602 950 1658 Ottoni
1001 1604 1336 1678 Burgundia.
1371 1605 1612 1660 Audiens
1653 1612 1833 1660 autem

214 1695 424 1762 Bruno,
456 1695 724 1766 quosdam
752 1693 1045 1749 adversum
1077 1711 1137 1751 se
1183 1695 1620 1751 Lothariensium
1654 1697 1837 1751 insur-

524 1805 648 1843 cum
681 1789 1034 1844 festinatione
1059 1790 1383 1863 regreditur,
1419 1808 1549 1866 rege
1579 1791 1647 1846 ad
1681 1791 1837 1846 obsi-

212 1882 442 1936 dionem
472 1897 598 1936 cum
633 1881 752 1935 suis
781 1879 1134 1936 consobrinis
1155 1882 1402 1937 dimisso.
1446 1881 1674 1947 Quidam
1704 1884 1840 1938 Bru-

211 1974 380 2032 nonis
421 1973 685 2039 hostium,
746 1973 1038 2028 Rotbertus
1075 1974 1320 2042 nomine,
1371 1974 1707 2029 Namuurum
1750 1976 1841 2010 ¹⁰¹²

213 2071 365 2141 (113)
416 2077 653 2125 castrum
694 2068 1015 2136 muniebat;
1070 2068 1210 2124 alter
1248 2069 1419 2125 [mmo
1471 2070 1838 2127 munitionem

214 2180 381 2235 quam
437 2163 629 2217 dicunt
666 2162 1121 2233 Caprtemontem.
1162 2163 1240 2217 Ad
1279 2163 1435 2232 cujns
1493 2163 1838 2219 obsidionem

213 2272 526 2328 pr0perans
587 2257 679 2291 ¹⁰¹³
734 2256 937 2321 Bruno,
999 2255 1118 2311 loca
1179 2255 1608 2327 circumquaque
1677 2255 1842 2310 rebus

212 2349 483 2404 exhausta
515 2348 606 2383 ¹⁰¹⁴
654 2348 936 2418 repperit;
984 2347 1176 2420 sicque
1232 2347 1508 2402 alimentis
1538 2347 1626 2384 “"5
1662 2349 1840 2403 abun-

218 2443 447 2498 dantem
474 2441 696 2498 obsidet
714 2443 952 2498 hostem.
977 2442 1126 2497 Datis
1147 2458 1276 2517 ergo
1301 2443 1527 2517 treugis,
1563 2443 1842 2498 Coloniam

218 2537 553 2610 ingreditur.
589 2536 701 2590 Rex
728 2551 950 2606 quoque
981 2533 1289 2601 Lotharius,
1324 2533 1568 2588 Divionis
1601 2533 1692 2568 ¹⁰¹⁶
1724 2551 1846 2588 mu-

221 2628 438 2682 nitione
460 2632 704 2698 recepta,
732 2624 1172 2695 intromissisque
1197 2622 1522 2679 custodibus
1546 2622 1682 2690 suis,
1718 2623 1846 2678 Lau-

220 2718 438 2774 dunum
470 2733 726 2773 reversus
756 2724 858 2772 est.
888 2716 1044 2771 Anno

821 2809 1136 2866 DCCCCLX!
1167 2812 1257 2846 ¹⁰¹⁷

219 2884 386 2940 Wido
419 2884 618 2956 praesul
665 2882 1133 2939 Antisioderensis
1177 2882 1268 2918 ¹⁰¹⁸
1334 2882 1493 2939 obiit.
1554 2882 1674 2939 Otto
1705 2882 1851 2938 ﬁlius

220 2977 475 3052 Hugonis
532 2977 811 3048 quondam
869 2975 1135 3046 principis
1172 2975 1239 3029 ad
1297 2973 1514 3050 regem)
1536 2975 1847 3030 Lotharium

220 3066 284 3120 in
313 3064 452 3137 ipsis
483 3064 607 3120 festi
639 3063 917 3135 paschalis
945 3062 1145 3118 diebus
1191 3062 1514 3118 Laudunum
1545 3064 1718 3131 venit,
1751 3065 1851 3119 sed

224 3161 284 3209 et
317 3153 574 3209 nonnulli
615 3161 724 3207 tam
779 3151 1016 3208 Francia}
1057 3168 1220 3223 quam
1281 3152 1609 3227 Burgundize
1650 3169 1852 3223 proce-

227 3259 323 3298 res
378 3243 490 3298 ¹⁰¹⁹.
527 3241 785 3297 Placitum
839 3241 1024 3315 regale
1080 3241 1534 3314 diversorumque
1593 3242 1686 3276 ¹⁰²⁰
1715 3258 1854 3298 con-

228 3341 437 3391 ventus
467 3333 778 3406 principum
810 3332 1127 3388 Suessionis
1157 3331 1423 3396 habetur;
1458 3332 1526 3386 ad
1558 3333 1706 3404 quod
1746 3333 1857 3387 im-

230 3426 602 3498 pediendum,
636 3426 681 3481 si
730 3425 848 3482 ﬁeri
909 3432 1114 3497 posset,
1177 3425 1505 3491 Richardns,
1537 3424 1686 3480 ﬁlius
1724 3425 1864 3481 Wil-

231 3521 388 3575 lelmi
424 3520 773 3584 Nortmanni,
828 3519 1120 3587 accedens,
1162 3535 1193 3573 a
1222 3517 1481 3573 fidelibus
1539 3519 1686 3594 regis
1730 3519 1862 3591 qui-

229 3610 474 3665 busdam
523 3625 808 3680 pervasus,
844 3617 900 3664 et
944 3609 1290 3680 interemptis
1328 3624 1552 3664 suorum
1583 3607 1867 3663 nonnullis

230 3700 293 3755 in
349 3699 542 3773 fugam
585 3714 882 3755 conversus
939 3699 1025 3733 ¹⁰²¹
1056 3705 1157 3753 est.
1208 3699 1382 3772 Hugo,
1424 3697 1571 3754 ﬁlius
1623 3697 1865 3770 Rotgarii

231 3793 525 3865 quondam
545 3792 783 3858 comitis,
809 3791 1135 3847 adolescens
1163 3791 1253 3825 ¹⁰²²
1279 3789 1618 3863 defungitur,
1643 3796 1696 3844 et
1721 3789 1867 3860 apud

231 3892 494 3940 sanctum
552 3883 863 3957 Remigium
921 3883 1205 3954 sepelitur.
1269 3882 1526 3937 Artoldus
1581 3881 1871 3936 Remensis

237 3972 702 4044 archiepiscopus
731 3971 972 4027 decessit
1012 3971 1102 4004 ¹⁰²³
1133 3970 1312 4041 pridie
1338 3969 1562 4025 Kalend.
1599 3969 1867 4025 Octobris.

241 4062 545 4116 Lothanus
572 4076 664 4115 rex
703 4076 826 4115 cum
877 4065 1051 4114 matre
1085 4058 1383 4134 [Gerberga
1414 4057 1556 4129 ¹⁰²³⁴Ἷ
1598 4058 1790 4132 regina
1819 4064 1874 4113 et

244 4153 588 4225 quibusdam
620 4151 861 4207 Francia:
895 4151 1216 4222 proceribus
1246 4151 1620 4227 Burgundiam
1670 4150 1827 4222 petiit
1859 4169 1874 4218 ;

1936 1496 2111 1550 mensi
2159 1495 2420 1550 videlicet
2477 1512 2538 1550 ac
2594 1498 2901 1552 Senonensi
2951 1499 3181 1564 diocesi,
3222 1502 3552 1572 celebratur,

1939 1587 2268 1659 praesidente
2298 1588 2604 1643 Senonensi
2639 1590 2894 1660 praesule,
2923 1594 3298 1668 satagentibus
3328 1596 3560 1667 quibus-

1939 1677 2063 1732 dam
2107 1677 2405 1748 episcOpis,
2438 1687 2496 1732 ut
2523 1678 2736 1753 Hugoni
2765 1681 3065 1750 sepedicto
3114 1683 3384 1740 Remense
3414 1686 3561 1741 redi-

1940 1766 2267 1822 beretur“m8
2293 1768 2656 1839 episcopium.
2673 1768 3056 1848 Renitentibus
3076 1778 3258 1827 autem
3283 1776 3560 1846 praecipue

1940 1859 2212 1915 Roricone
2246 1860 2594 1915 Laudunensi
2644 1868 2698 1915 et
2724 1861 2962 1918 Gibuino
2991 1862 3376 1921 Catalaunensi
3418 1885 3564 1938 prae-

1939 1955 2176 2021 sulibus,
2234 1963 2289 2010 et
2337 1956 2730 2021 asserentibus,
2761 1958 2909 2028 quod
2964 1976 2994 2013 a
3039 1967 3117 2015 tot
3145 1961 3420 2034 episc0pis
3473 1981 3564 2019 ex-

1941 2045 2379 2102 communicatus
2425 2063 2455 2100 a
2485 2047 2695 2103 minore
2737 2065 2968 2105 numero
2999 2050 3208 2106 absolvi
3266 2069 3375 2109 non
3408 2063 3566 2124 pote-

1941 2143 2022 2191 rat
2075 2137 2188 2204 ¹⁰²⁹,
2234 2137 2308 2192 ita
2359 2138 2690 2210 relinquitur
2727 2156 2905 2212 usque
2953 2141 3021 2195 ad
3075 2143 3565 2217 interrogationem

1942 2245 2100 2301 papae
2155 2230 2407 2285 Romani.
2455 2231 2678 2285 Die1°3°
2721 2233 3020 2288 nativitatis
3071 2234 3312 2290 dominas
3371 2247 3572 2292 nostrae

1943 2319 2040 2374 Dei
2083 2319 2371 2394 genitricis
2399 2321 2774 2376 dzemoniacus
2824 2322 3071 2392 quidam,
3126 2339 3317 2380 servus
3351 2326 3574 2390 Gerber_

1944 2429 2027 2487 gae
2056 2414 2284 2488 reginae,
2330 2415 2514 2470 nudus
2543 2432 2810 2472 accurens
2855 2434 2955 2488 per
2984 2417 3222 2474 mediam
3262 2421 3570 2476 {ecclesiam

1945 2518 2123 2573 usque
2174 2503 2240 2556 ad
2271 2503 2460 2571 altare,
2522 2503 2728 2558 ibidem
2764 2514 3064 2576 prostratus
3098 2509 3272 2576 jacuit
3327 2519 3384 2564 ut
3424 2526 3573 2566 mor-

1949 2599 2097 2659 tuus,
2129 2594 2350 2648 tandem
2383 2594 2520 2649 1°31a
2552 2612 2789 2667 nequam
2821 2598 3014 2668 spiritu
3047 2615 3281 2670 surgens
3313 2611 3575 2677 purgatus

1949 2689 2050 2738 est.
2088 2684 2210 2755 lpsa
2256 2682 2346 2737 die
2386 2683 2610 2755 quidam
2643 2701 2822 2740 caecus
2861 2687 3085 2743 nomine
3136 2689 3432 2746 Harbertus
3481 2691 3574 2726 ¹⁰³²

1950 2769 2158 2824 ibidem
2190 2779 2272 2826 est
2302 2771 2644 2827 illuminatus
2685 2774 2794 2828 1°33.

2025 2859 2138 2914 Rex
2178 2860 2269 2894 ¹⁰³⁵
2298 2859 2582 2917 Lotharius
2619 2879 2743 2917 cum
2776 2863 3000 2919 Arnulfo
3052 2865 3303 2937 principe
3336 2866 3573 2934 locutus,

1952 2966 2143 3021 pacem
2199 2950 2328 3006 fecit
2369 2952 2511 3007 inter
2539 2953 2717 3023 ipsum
2751 2961 2805 3008 et
2843 2962 3101 3025 nepotem
3140 2956 3313 3028 ipsius
3362 2957 3580 3012 omoni-

1952 3058 2100 3097 mum
2139 3043 2228 3078 1°35
2269 3043 2417 3112 ejus;
2475 3061 2642 3116 quem
2701 3045 2980 3101 infensum
3035 3048 3176 3116 [hic
3224 3065 3408 3105 comes
3439 3050 3575 3122 1036]

1955 3127 2194 3185 habebat
2237 3131 2309 3186 ob
2367 3148 2560 3188 necem
2603 3132 2786 3189 fratris
2834 3136 3084 3204 ejusdem
3126 3153 3286 3208 quem
3337 3139 3406 3194 de
3455 3137 3586 3193 inﬁ-

1959 3219 2184 3276 delitate
2217 3222 2306 3257 ¹⁰³⁷
2337 3239 2436 3278 sua
2467 3224 2556 3258 ¹⁰³⁸
2591 3225 3000 3296 deprehensum
3033 3228 3178 3282 idem
3215 3244 3401 3284 comes
3440 3230 3586 3286 inte-

1962 3312 2085 3366 rimi
2143 3312 2366 3369 fecerat.
2420 3315 2568 3371 Tunc
2624 3318 2742 3388 ipse
2807 3318 3064 3390 princeps
3114 3335 3334 3376 omnem
3384 3329 3583 3377 terram

1966 3420 2121 3458 suam
2163 3403 2220 3458 in
2271 3422 2438 3461 manu
2477 3409 2623 3484 regis
2677 3408 2852 3477 dedit,
2894 3410 2966 3466 ita
2997 3420 3179 3468 tamen
3227 3420 3286 3468 ut
3341 3415 3460 3485 ipse
3497 3415 3587 3482 “’3?

1968 3496 2022 3552 in
2051 3495 2163 3551 vita
2192 3513 2291 3552 sua
2332 3498 2460 3553 inde
2493 3500 2795 3556 honoratus
2826 3503 3104 3560 existeret.
3138 3504 3434 3560 Tetbaldus
3465 3507 3591 3578 qui-

1966 3589 2091 3644 dam
2123 3589 2215 3624 ¹⁰⁴⁰
2264 3607 2388 3646 cum
2418 3593 2768 3649 Nortmannis
2813 3595 3141 3671 conﬂigens,
3185 3599 3361 3654 victus
3401 3606 3483 3654 est
3519 3599 3588 3653 ab

1968 3681 2070 3747 eis,
2125 3689 2179 3737 et
2235 3682 2360 3757 fuga
2424 3685 2671 3756 dilapsus
2712 3689 2904 3742 evasit.
2966 3689 3064 3754 Qui
3105 3691 3380 3746 seniorem
3429 3707 3591 3746 suum

1970 3771 2252 3844 Hugonem
2307 3774 2540 3842 proinde
2579 3774 2854 3831 infensum
2907 3778 2994 3812 1°“
3029 3778 3262 3846 habens,
3309 3781 3378 3834 ad
3405 3797 3591 3855 regem

1967 3859 2148 3927 venit;
2183 3878 2214 3916 a
2241 3878 2372 3932 quo,
2406 3863 2504 3917 sed
2554 3870 2608 3917 et
2637 3881 2668 3918 a
2718 3866 2906 3938 regina
2956 3866 3231 3943 Gerberga
3272 3868 3382 3936 ‘0",
3435 3869 3595 3924 beni-

1969 3969 2078 4025 gne
2158 3962 2471 4025 susceptus,
2527 3963 2582 4010 et
2632 3957 2749 4011 miti
2810 3959 3186 4015 consolatione
3254 3959 3592 4029 refocilatus,

1974 4040 2257 4097 abscessit.
2319 4042 2602 4098 Vulfaldus
2652 4043 2992 4117 ‘0‘3,!..abbas
3046 4049 3363 4103 monasterii
3417 4049 3592 4104 sancti

1982 4137 2283 4204 Benedicti,
2343 4139 2544 4209 praesul
2584 4137 2820 4194 efﬁcitur
2874 4141 3029 4196 urbis
3076 4142 3166 4176 ‘0“
3221 4142 3590 4200 Carnotensis.

243 4263 360 4319 quo
394 4246 625 4318 quidam
657 4262 720 4301 ex
753 4245 1044 4317 Aquitania
1093 4244 1179 4279 1031
1233 4244 1497 4316 praesules
1527 4260 1591 4300 ac
1621 4243 1882 4314 primates
1981 4228 2204 4303 Legatio
2233 4229 2462 4284 veniens
2500 4246 2530 4284 a
2561 4230 2652 4266 ¹⁰⁴⁵
2681 4231 2933 4287 Johanne
2988 4250 3150 4304 papa,
3183 4235 3397 4290 intimat
3448 4252 3594 4306 prae-

251 4340 326 4395 ad
361 4356 495 4395 eum
518 4347 811 4394 venerunt.
846 4340 1002 4394 Anno

886 4428 1248 4484 DCCCCLX".

1981 4319 2151 4376 fatum
2203 4323 2486 4397 llugonem
2518 4325 2795 4396 quondam
2853 4326 3175 4397 episcopum
3208 4337 3317 4382 tam
3379 4328 3446 4383 ab
3478 4329 3598 4400 ipso

1980 4426 2123 4481 papa
2152 4427 2316 4481 quam
2356 4411 2424 4466 ab
2447 4412 2594 4467 omni
2629 4413 2872 4468 Romana
2899 4414 3111 4485 synodo
3143 4417 3595 4471 excommunica-

239 4502 537 4583 Gerberga
574 4501 766 4576 regina
819 4476 1330 4557 irairig'ﬁfiiibhis
1382 4499 1721 4572 colloquium
1781 4476 2114 4572 pe-Dtum,
2155 4476 2252 4555 sed
2283 4509 2340 4556 et
2366 4503 2458 4538 ¹⁰⁴⁶
2501 4502 2570 4557 ab
2623 4505 2729 4559 alia
2767 4476 2978 4576 synodo
3008 4508 3155 4578 apud
3194 4508 3417 4580 Papiam
3448 4508 3598 4564 cele-

1609 4653 1831 4710 VARl/E
1869 4654 2250 4710 LECTIONES.

327 4755 429 4790 ¹⁰⁰θ
453 4754 597 4808 deest
643 4755 695 4809 1.
780 4754 872 4789 ¹⁰ί⁰
928 4761 1164 4810 castrum
1222 4754 1400 4809 bruno
1448 4754 1497 4809 1.

243 4827 351 4863 ¹⁰¹²
380 4841 765 4896 approperans
801 4826 837 4879 2
891 4826 944 4881 3.

272 4967 352 5005 δυ
390 4984 587 5022 versus
621 4969 675 5022 2.
717 4969 770 5025 3.
853 4968 944 5002 ¹⁰²³
973 4969 1118 5023 deest
1155 4967 1204 5023 3.
1286 4968 1378 5002 ¹⁰²³
1408 4967 1635 5022 recessit
1673 4967 1725 5021 2.

240 5042 354 5077 ιο²⁶
384 5039 723 5094 redderetur
766 5040 819 5094 2.
851 5040 903 5093 3.
991 5039 1080 5074 ¹⁰²⁷
1118 5039 1284 5094 frater
1322 5038 1440 5106 ejus
1490 5038 1709 5109 petebat
1737 5039 1789 5092 2.
1825 5040 1877 5093 3.

239 5111 616 5169 illuminatus
645 5115 704 5166 in
738 5115 848 5181 ﬁne
872 5113 1006 5166 anni
1037 5111 1300 5165 habentur
1330 5110 1383 5163 2.
1417 5110 1494 5165 2⁸.
1537 5110 1585 5181 3.

238 5187 462 5240 bertus
487 5183 523 5236 3
617 5183 779 5237 ¹⁰³³ἰη
819 5183 858 5236 l.
907 5181 959 5236 2.
993 5182 1046 5236 3.

234 5257 312 5312 2.
375 5255 431 5310 3.
521 5253 610 5288 1°39
640 5255 694 5310 d.
743 5261 802 5309 ut
854 5260 892 5310 t.
934 5253 1056 5324 ipse
1083 5253 1138 5307 2.
1232 5252 1324 5288 ¹⁰⁴⁰
1349 5251 1577 5324 quidem
1605 5252 1657 5308 2.
1693 5251 1743 5307 3.

237 5326 539 5396 10“;deest
565 5326 618 5380 2.
643 5325 694 5381 3.
759 5325 850 5360 ¹⁰⁴⁵
871 5325 939 5379 ab
963 5324 1016 5378 2.
1047 5324 1100 5379 3.
1185 5324 1277 5360 ¹⁰⁴⁸
1306 5324 1450 5380 deest
1488 5324 1544 5378 2.

1815 4967 1904 5001 ί⁰²⁸
1924 4967 2065 5021 deest
2094 4967 2146 5019 1.

1677 5109 1762 5144 1031

1138 5117 1300 5165 ventur
1330 5117 1383 5163 2.
1417 5117 1494 5165 2⁸.
1537 5117 1585 5163 3.
1677 5117 1762 5144 ιυδι
1796 5117 1831 5164 t.
1857 5126 1940 5180 sp.
1973 5125 2015 5162 s.
2054 5125 2211 5214 purg.
2265 5117 2350 5165 est
2377 5117 2644 5166 inmundo
2670 5117 2722 5165 2.
2758 5117 2790 5166 3
2816 5117 2867 5165 b.
2953 5117 3042 5148 ι⁰³²
3072 5117 3226 5168 herbe

1138 5181 1229 5216 ¹⁰³⁸
1259 5181 1474 5237 deest2.
1548 5180 1639 5214 ¹⁰⁸⁵
1667 5195 1970 5236 ononmum
2005 5181 2052 5234 1.
2151 5182 2166 5215 ¹
2197 5181 2243 5214 ³⁵
2269 5181 2459 5236 desunt
2497 5183 2548 5238 1.
2615 5182 2704 5217 ¹⁰³τ
2736 5183 3050 5239 infirmitate
3093 5184 3149 5238 2.
3193 5183 3226 5240 3

1835 5251 1923 5285 1°“
1957 5249 2227 5306 offensum
2259 5252 2312 5306 2.
2347 5253 2399 5309 3.
2471 5253 2562 5288 ¹⁰³²
2592 5271 2646 5328 g.
2691 5271 2734 5309 ι’.
2783 5254 2837 5310 2-
2870 5255 2922 5309 3ι

1578 4753 1924 4808 “’“odalrici
1977 4753 2030 4807 2.
2090 4753 2140 4807 3.
2225 4753 2313 4787 ¹⁰¹³
2339 4756 2416 4807 ita
2471 4754 2522 4810 l.
2580 4757 2899 4811 manuvium
2952 4758 3005 4812 2.
3050 4756 3102 4812 3.
3150 4757 3464 4813 manurium
3515 4757 3598 4814 2³.

1033 4827 1123 4903 [off
1163 4832 1384 4903 exausta
1423 4825 1524 4903 2._
1559 4825 1650 4859 ¹⁰¹⁵
1799 4825 1879 4903 ‘al.
2016 4824 2238 4903 3.-Μ¹⁰¹-⁵
2261 4824 2567 4903 divionegi
2619 4827 2721 4903 _‘_°”
2754 4836 2878 4898 post
2920 4828 3407 4903 nongentesimum
3441 4845 3604 4903 sexa-

295 4895 485 4953 esimo
518 4895 692 4966 primo
721 4900 766 4952 1.
795 4897 848 4951 2.
892 4896 944 4952 3.
1025 4895 1114 4932 ¹⁰¹⁸
1140 4896 1461 4951 autisiodor.
1494 4897 1528 4950 2
1579 4895 1902 4951 antisiodor.
1935 4896 1987 4952 3.

2065 4895 2153 4930 ¹⁰¹⁹
2183 4895 2327 4950 deest
2357 4897 2406 4949 1.
2481 4897 2571 4931 ¹⁰²⁰
2601 4895 2940 4954 diversarum
2961 4895 3126 4954 σοῖν..
3165 4901 3506 4956 diversorum
3547 4901 3600 4958 1.

2243 4967 2333 5001 ¹⁰²⁴
2359 4967 2696 5042 aquitaniam
2750 4971 2782 5026 3
2883 4971 2973 5006 ¹⁰²⁵
3008 4971 3189 5042 ρροίἱῐῗ
3225 4973 3279 5026 2.
3328 4977 3378 5026 et
3419 4973 3594 5038 infra.

1966 5038 2055 5072 ¹⁰²⁸
2081 5037 2424 5112 redderetur
2447 5039 2504 5093 R.
2547 5041 2599 5112 2.
2643 5041 2675 5095 3
2777 5042 2866 5075 ¹⁰²⁹
2900 5037 3222 5112 potuerat2.
3293 5042 3384 5077 ¹⁰³⁰
3408 5037 3504 5096 Die
3536 5072 3606 5082 --

2265 5117 2350 5165 est
2377 5111 2644 5166 inmundo
2670 5113 2722 5165 2.
2758 5112 2790 5166 3
2815 5113 2867 5165 b.
2903 5111 2913 5112 ί
2953 5113 3042 5148 ¹⁰³²
3072 5113 3357 5169 herbertus
3377 5114 3428 5166 2.
3457 5113 3576 5167 heri

3342 5143 3357 5167 ⁵
3378 5143 3428 5166 ὦ.
3457 5143 3544 5167 ιιει
3560 5143 3605 5167 ι-

3342 5184 3432 5219 1038
3463 5185 3604 5240 deest

3012 5255 3102 5289 ‘0‘3
3132 5254 3410 5312 vulloldus
3461 5255 3515 5312 2.
3549 5255 3601 5312 3.

1845 5419 2053 5475 NOTXE.

349 5525 401 5595 (1
422 5523 502 5593 13)
549 5525 782 5581 Namur.

2077 5522 2219 5594 (114)
2257 5523 2476 5580 Scilicet
2507 5523 2774 5599 Hugonis,
2805 5525 3074 5581 Heriberti
3117 5524 3234 5580 ﬁlii.
