3938 6158
170 303 262 360 489
1657 310 1777 364 ΛΝΒ

1885 308 1980 364 ES.

3390 305 3500 360 490

170 436 775 518 ιξαῆίτξρἰπηεαρυγρ
796 453 954 518 πιαῃ-
1027 455 1151 518 mus
1203 437 1454 518 Tadeptus
1498 446 1581 518 est
1625 440 1770 518 jura.
1798 452 1852 518 Α
1877 444 1982 493 tate
2011 437 2256 493 redditas
2308 436 2511 512 gratias
2542 436 2672 501 ,vita
2710 436 2967 501 decessit,
2999 435 3256 491 videlicet
3307 435 3499 511 vigilia

170 510 272 563 dat.
304 508 569 562 Mathz'lde
594 511 645 562 et
679 510 957 564 Alberada
1028 511 1162 565 Mira
1183 518 1237 565 et
1265 508 1508 565 inaudita
1539 512 1777 566 inunda-

167 582 285 652 ﬁliw
356 581 582 654 [uerunt
651 580 947 649 Gerbergw.
1026 582 1099 638 tio
1132 582 1398 654 pluviaeet
1424 584 1604 653 fragor
1637 584 1776 639 toni-

169 650 521 727 DeMathilde
552 655 813 727 processit
838 656 948 727 ῌρ-
1021 650 1237 727 ῑςιιίίθοί
1263 650 1573 727 coruscatio
1602 655 1776 727 fulgo-

169 725 345 790 dulfus
408 737 527 788 rem,
568 726 618 775 et
658 724 944 779 Matht’ldis
1019 724 1093 780 ris
1123 726 1335 779 decima
1376 726 1646 781 Kalendas
1672 724 1775 780 Ᾱιι-

168 810 307 851 soror
359 794 492 862 ejus.
548 796 623 848 De
657 795 939 850 Alberada
1048 796 1153 851 usti
1181 797 1382 852 accidit
1409 798 1752 853 1035967.988

170 866 560 922 Ermcntmdis.
652 868 729 920 De
813 870 936 922 Ma-
1007 813 1130 923 ἔδει

226 881 560 921 πιωιειυιιιε.
652 881 729 920 υϐ
813 881 936 922 Μα-
1007 881 1130 922 υῦΗ.

170 938 330 992 thilde
351 939 473 1005 ﬁlia
492 936 775 991 Mathildw
806 940 937 993 Ber-
1008 940 1134 995 970.

170 1015 257 1064 ta.
373 1010 448 1061 De
578 1010 937 1066 Ermentrude
1007 1012 1131 1066 971.

169 1083 357 1147 Agnes.
388 1083 466 1135 De
497 1079 654 1133 Berta
677 1082 939 1138 Ceraldus
1010 1082 1136 1137 972.

170 1153 497 1208 Genetfevzsis.
566 1154 640 1205 De
726 1154 936 1221 Agnete
1007 1155 1130 1208 973.

174 1225 324 1280 Wido
355 1223 520 1277 ¹⁰⁸³-⁴.
1005 1226 1132 1280 974.

230 1532 386 1588 Anno
410 1532 516 1589 976
542 1531 813 1587 destruxit
866 1531 1414 1601 Adelberognomine
1443 1548 1554 1587 non
1586 1532 1781 1588 merito

172 1627 635 1696 archiepiscopus,
688 1633 972 1681 arcuatum
1023 1639 1183 1696 opus,
1246 1626 1395 1698 quod
1448 1632 1565 1681 erat
1621 1640 1783 1680 secus

168 1718 342 1773 valvas
395 1716 658 1774 aecclesiae
711 1724 916 1774 sanctae
972 1717 1152 1774 Marim
1208 1718 1496 1774 Remensis
1550 1735 1567 1786 ;
1616 1734 1784 1789 supra

1876 531 2049 586 sancti
2079 531 2298 585 Thomae
2350 529 2587 600 apostoli
2628 536 2750 600 post
2776 529 2969 583 laudes
2998 528 3097 583 Dei
3124 528 3495 584 matutinales.

1880 624 2003 694 lpso
2027 637 2172 677 anno
2203 620 2348 677 circa
2378 636 2627 676 mensem
2684 621 2983 693 Augustum
3011 610 3224 692 septem
3252 619 3499 676 denariis

1878 710 2165 766 emebatur
2194 709 2306 765 vini
2336 709 2587 764 modius.

1949 804 2104 859 Anno
2127 803 2231 858 977
2274 802 2546 857 Adalbero
2604 802 2691 836 ¹⁰⁹¹
2719 801 2961 870 juvenis,
3008 801 3103 873 qui
3151 809 3268 857 erat
3292 817 3358 856 ex
3391 801 3497 857 Lo-

1877 892 2042 947 tharii
2068 901 2230 948 natus
2280 907 2470 967 regno,
2514 890 2774 947 Roriconi
2804 891 3067 961 episc0po
3107 890 3371 946 successit
3402 890 3497 944 tali

1878 988 2065 1045 modo.
2099 988 2343 1058 Septima
2391 987 2607 1043 decima
2661 987 2751 1021 ¹⁰⁹²
2783 986 3053 1041 Kalendas
3101 985 3405 1048 Februarii,
3439 985 3496 1038 in

1878 1084 2060 1140 natale
2090 1084 2265 1140 sancti
2297 1083 2537 1139 Marcelli
2562 1083 2962 1154 papze,donum
2980 1082 3252 1154 episc0pii
3282 1082 3501 1136 Laudu-

1879 1176 2069 1231 nensis
2094 1176 2357 1232 aacclesiae
2415 1176 2471 1230 in
2499 1176 2617 1246 ipsa
2669 1175 2885 1246 accepit
2912 1172 3163 1229 zecclesia
3220 1173 3497 1228 Lautharii

1880 1266 2029 1338 regis
2059 1266 2370 1341 largitione.
2426 1266 2635 1320 Deinde
2657 1280 2831 1320 nonas
2864 1264 2954 1299 ¹⁰⁹³
2976 1263 3247 1319 Kalendas
3278 1261 3498 1333 Aprilis,

1878 1354 2069 1428 vigilia
2096 1356 2355 1411 videlicet
2385 1354 2822 1410 annuntiationis
2877 1353 3191 1419 dominicae,
3225 1350 3503 1423 presbiter

1882 1456 1965 1503 est
1986 1448 2075 1483 “’9‘
2105 1449 2392 1504 ordinatus
2450 1448 2504 1502 in
2535 1446 2854 1519 praescripta
2882 1453 3085 1501 sancta
3107 1445 3287 1500 Maria;
3309 1443 3501 1500 zeccle-

1881 1539 1964 1593 sia
2001 1540 2069 1594 ab
2118 1539 2537 1610 archiepiscopo
2596 1538 2944 1593 Adelberone
3000 1537 3205 1593 Remis.
3248 1536 3500 1607 Denique

1880 1630 1973 1665 ²⁰⁹δ
2002 1640 2191 1701 postea
2221 1629 2493 1685 Kalendas
2548 1629 2749 1701 Aprilis
2778 1630 3071 1700 episcOpus
3092 1635 3172 1684 est
3214 1629 3501 1684 ordinatus

1884 1722 1939 1776 in
1956 1730 2146 1777 sancto
2178 1722 2483 1794 palmarum
2530 1722 2643 1777 die.
2700 1722 2834 1776 Exin
2891 1721 3215 1776 Laudunum
3257 1720 3497 1787 rediens,

170 1811 304 1882 quod
354 1811 526 1865 altare
579 1811 752 1865 sancti
808 1810 1104 1865 Salvatoris
1163 1810 1488 1877 habebatur,
1518 1819 1573 1866 et
1603 1809 1782 1866 fontes
1810 1816 2095 1884 Bsacrum
2143 1810 2385 1865 chrisma
2428 1810 2662 1865 sacravit
2742 1809 3132 1865 azcclesiastico
3179 1826 3356 1881 more,
3407 1810 3501 1865 die

166 1902 297 1958 miro
328 1918 499 1974 Opere
525 1909 680 1957 erant
713 1902 901 1974 positi.
932 1903 993 1957 Et
1026 1902 1082 1956 in
1115 1902 1236 1974 ipso
1268 1911 1517 1976 tempore
1548 1906 1782 1977 quadra-

168 1991 391 2063 gesima;
416 1990 528 2057 ¹⁰⁸⁶,
560 1990 787 2059 majoris
842 1991 1166 2047 ebdomadae
1196 1992 1334 2046 feria
1363 2001 1576 2065 quarta,
1618 1994 1779 2049 tertia

166 2080 380 2134 decima
421 2080 693 2134 Kalendas
747 2079 871 2135 Maii
924 2080 1159 2137 indietio
1215 2081 1305 2116 ¹⁰⁸⁷
1360 2092 1573 2154 quarta,
1632 2081 1778 2138 circa

169 2173 404 2228 mediam
435 2174 605 2241 diem,
659 2174 864 2228 bellum
920 2175 1102 2248 agitur
1157 2176 1302 2231 inter
1328 2176 1604 2243 Karolum,
1634 2176 1779 2251 regis

161 2265 327 2321 ﬁlium
358 2265 580 2321 fratrem
612 2266 779 2336 (I43),
813 2273 868 2322 et
890 2268 1244 2323 Godcfridum
1275 2277 1439 2340 atque
1466 2269 1773 2337 Amulium,

159 2354 545 2410 Lotharieuses
596 2356 847 2410 comites.
891 2358 949 2411 In
1007 2373 1117 2429 quo
1156 2357 1303 2412 bello
1358 2359 1682 2414 ceciderunt
1712 2375 1773 2414 ex

155 2458 304 2521 parte
364 2449 545 2504 Karoli
600 2450 670 2505 de
700 2436 1033 2521 proceribus
1087 2452 1273 2507 Emmo
1305 2452 1375 2507 de
1428 2451 1651 2528 Longia,
1684 2452 1778 2524 qui

158 2542 261 2594 eral
289 2539 456 2595 miles
487 2541 732 2615 llugonis
757 2542 935 2610 ducis,
968 2549 1020 2597 et
1052 2543 1226 2598 Hetdo
1273 2543 1363 2577 ¹⁰⁸⁸
1390 2542 1569 2598 ﬁdelis
1601 2544 1781 2600 Karoli

158 2639 211 2687 et
234 2631 327 2686 alii
369 2648 483 2699 ;ex
538 2639 691 2703 parte
740 2649 871 2689 vero
926 2634 1208 2690 Godefridi
1260 2635 1435 2690 multo
1462 2634 1650 2704 plures
1681 2652 1696 2701 ;
1726 2641 1782 2690 et

156 2721 269 2793 ipse
294 2722 634 2779 Godefridus
656 2724 845 2779 lancea
872 2722 1156 2794 perfossus
1196 2723 1264 2778 ad
1293 2732 1494 2778 terram
1528 2724 1728 2779 cecidit
1761 2741 1775 2790 ;

155 2814 383 2869 tandem
415 2830 447 2867 a
478 2814 593 2868 suis
622 2822 744 2885 post
775 2812 909 2868 solis
932 2829 1185 2868 occasum
1199 2822 1498 2886 utcumque
1527 2814 1779 2869 sublatus

152 2906 589 2978 deportatusque
618 2912 721 2961 est.
754 2905 852 2971 Qui
901 2915 1091 2976 postea
1116 2922 1217 2977 per
1261 2907 1439 2979 Spatia
1469 2914 1778 2978 temporum

151 2996 306 3063 vixit,
373 2995 480 3051 sed
540 3011 840 3067 numquam
889 2995 1137 3066 pristinae
1192 2997 1411 3053 sanitati
1459 2997 1779 3067 plenissime

152 3089 446 3143 restitutus
473 3086 594 3142 fuit.
626 3086 883 3142 Arnuli‘us
913 3088 1145 3159 quippe,
1168 3094 1229 3142 ut
1259 3087 1444 3143 ferunt
1503 3088 1777 3157 nonnulli,

1879 1915 2010 1955 vero
2055 1900 2273 1970 paschae
2306 1897 2544 1970 primum
2600 1899 2690 1933 ¹⁰⁹⁶
2742 1900 2797 1952 in
2854 1899 3076 1970 propria
3105 1899 3313 1954 resedit
3344 1899 3496 1954 sede.

1880 1991 2144 2047 Hadulqu
2178 1991 2564 2047 Noviomensis
2616 1992 2932 2063 episcopus,
2989 1993 3269 2048 nativitate
3327 1992 3502 2047 sancti

1880 2080 2092 2152 prolixo
2127 2080 2350 2151 paralisi
2378 2080 2621 2152 pessime
2651 2096 2974 2151 percussus,
3004 2079 3291 2136 nativitatc
3323 2081 3500 2137 sancti

1877 2177 2148 2233 Johannis
2166 2179 2438 2248 Baptistae,
2473 2194 2595 2249 quae
2614 2183 2726 2231 tum
2752 2177 3017 2247 temporis
3050 2176 3327 2231 dominica
3346 2177 3499 2231 acci-

1880 2269 1959 2324 dit
1989 2268 2099 2335 die,
2132 2269 2390 2340 spiritum
2446 2268 2720 2324 exhalavit
2778 2268 2887 2319 1°97.
2924 2267 3048 2338 ipso
3077 2284 3221 2323 anno
3252 2278 3500 2338 tempore

1876 2360 2169 2418 vindemiae
2196 2376 2396 2432 magna
2444 2358 2544 2414 fuit
2590 2358 2751 2429 copia
2798 2359 2932 2424 vini,
2968 2359 3022 2412 in
3056 2367 3264 2413 tantum
3298 2366 3357 2414 ut
3388 2375 3499 2414 non

1878 2450 2115 2521 amplius
2146 2466 2243 2521 pro
2270 2465 2379 2504 uno
2426 2447 2539 2501 vini
2587 2448 2677 2482 ¹⁰θ⁸
2716 2448 2901 2504 modio
2931 2448 3249 2503 venditores
3268 2448 3369 2502 nisi
3404 2456 3500 2502 aut
3590 2492 3593 2497 .

1879 2540 2126 2613 quinque
2148 2549 2240 2595 aut
2265 2547 2525 2611 quattuor
2544 2552 2644 2591 seu
2672 2538 2885 2593 tres1099
2903 2537 3163 2593 denarios
3193 2538 3261 2591 ab
3289 2546 3500 2609 empto-
3518 2576 3532 2590 .

1882 2638 2034 2693 ribus
2050 2635 2420 2707 accipiebant.

1952 2731 2107 2784 Auno
2158 2727 2265 2783 978
2305 2727 2385 2782 vir
2428 2726 2646 2782 Domini
2705 2725 3057 2781 Malcallanus
3109 2728 3222 2794 "0°,
3271 2726 3497 2783 natione

1878 2820 2225 2886 Hibernicus,
2258 2819 2314 2873 in
2336 2817 2521 2889 vigilia
2550 2817 2724 2873 sancti
2774 2817 3247 2874 Vincentii'levitae
3270 2824 3324 2873 et
3353 2834 3499 2872 mar-

1882 2913 2000 2967 tiris
2016 2912 2185 2967 vitam
2204 2909 2597 2976 transitoriam,
2622 2925 2787 2980 quam
2815 2909 3060 2964 habebat
3114 2924 3335 2966 exosam
3387 2909 3497 2977 “0‘,

1881 3007 2150 3074 deseruit,
2183 3012 2237 3061 et
2257 3021 2380 3061 cum
2396 3005 2508 3060 Deo
2533 3004 2679 3071 vivo,
2731 3004 2818 3059 cui
2849 3006 2941 3038 ¹¹⁰²
2965 3004 3349 3059 indesinenter
3366 3004 3498 3058 dum

1880 3097 2060 3151 adhuc
2076 3095 2280 3151 viveret
2300 3092 2529 3149 servivit
2578 3094 2688 3160 “03,
2717 3093 2901 3147 vivere
2934 3093 3166 3149 teliciter
3194 3092 3492 3148 inchoavit.

150 3182 335 3259 fugam
366 3181 586 3240 tamdiu
610 3199 862 3239 remeans
913 3184 1108 3252 tenuit,
1168 3199 1459 3257 quousque
1491 3184 1543 3238 in
1565 3185 1789 3256 propria
1811 3189 1860 3258 C
1885 3188 1983 3255 Qui
2002 3188 2261 3259 praefatus
2285 3187 2469 3243 abbas.
2506 3186 2562 3240 in
2587 3185 2678 3220 “0‘
2704 3200 2933 3256 corpore
2954 3186 3229 3253 humatus,
3263 3185 3502 3258 quiescit

146 3279 406 3346 veniens,
441 3277 732 3350 quiescere
758 3276 935 3350 quivit
983 3278 1107 3348 Ipso
1138 3278 1193 3332 in
1217 3293 1361 3334 anno
1384 3279 1542 3334 tertia
1569 3278 1785 3333 decima
1886 3284 1940 3338 in
1967 3282 2214 3339 aacclesia
2243 3282 2389 3337 beati
2447 3280 2730 3336 Michaelis
2773 3280 3115 3355 archangeli;
3145 3281 3301 3349 cujus
3325 3280 3499 3335 abba-

148 3367 431 3424 Kalendas
458 3368 706 3423 Januarii
733 3369 933 3440 praesul
965 3368 1163 3423 Rorieo
1217 3375 1424 3422 sanctae
1448 3368 1785 3423 Laudunen-
1884 3373 2038 3440 tiam,
2061 3373 2188 3427 dum
2215 3371 2577 3443 corporaliter
2622 3370 2679 3423 in
2729 3370 2834 3425 hoc
2886 3370 3074 3426 seculo
3116 3371 3307 3425 vivens
3336 3385 3499 3423 man-

144 3462 221 3516 sis
249 3462 556 3529 aecclesize,
588 3461 681 3534 qui
739 3471 855 3517 erat
908 3461 1132 3536 langore
1165 3460 1256 3495 ¹⁰⁸⁹
1286 3459 1505 3531 paralisi
1536 3459 1628 3494 ¹⁰⁹⁰
1656 3476 1782 3516 cor-
1884 3464 2083 3531 sit“°5,
2115 3464 2207 3537 pio
2234 3462 2610 3519 moderamine
2644 3461 2798 3516 rexit.

136 3561 359 3624 reptas,
389 3559 522 3625 post
552 3553 752 3609 multas
781 3568 846 3608 ac
875 3551 1091 3608 debitas
1120 3552 1231 3608 Deo
1260 3568 1359 3624 pro
1404 3552 1523 3624 ipsa
1549 3551 1784 3608 inﬁrmi-

1696 3706 1984 3785 Emplicit.

1519 3845 1739 3901 VARIAE
1771 3844 2149 3901 LECTIONES.

208 3963 369 4006 ’ω’-⁸
408 3965 557 4037 Hinc
595 3965 838 4021 dimidia:
864 3967 1085 4036 pagina:
1138 3968 1377 4037 spatium
1432 3972 1586 4021 vocat
1618 3967 1665 4021 1.
1710 3967 1801 4002 ¹⁰δδ
1861 3969 1960 4022 Hic
2023 3964 2201 4037 deﬁcit
2234 3963 2385 4037 codd.
2418 3961 2542 4037 2a.
2576 3948 3109 4037 1unadrag‘esimo
3142 3957 3198 4037 3A.
3227 3954 3497 4037 ‘O‘f'n’hiandi-

135 4037 329 4113 ctione
369 4037 451 4113 _3.
476 4107 488 4113 _
524 4036 616 4071 ¹⁰³⁸
647 4038 720 4113 Ad,
766 4027 979 4113 Abetdo
1028 4038 1079 4093 3.
1140 4027 1246 4113 mi
1275 4039 1559 4113 languore
1590 4040 1655 4113 2,,
1708 4027 2126 4113 ¹⁰ίξίξηρεὶίιὴ1ἱδίέ⁸
2151 4036 2348 4113 3._
2399 4031 2683 4113 adalberto
2705 4027 2719 4032 ⁷
2740 4032 2792 4086 2.
2816 4027 3137 4113 λδίῖςρὶοῐιο,
3168 4027 3221 4082 3.
3256 4027 3499 4113 10:159-

134 4109 315 4178 ptimo
348 4107 586 4164 decimo
643 4098 717 4163 3f
766 4109 821 4164 b.
866 4108 959 4142 ¹⁰θ³
1016 4125 1163 4166 nona
1220 4110 1273 4165 3.
1336 4098 1486 4165 οἷηο
1535 4109 1587 4164 3.
1632 4098 1698 4164 'b.
1760 4098 1872 4144 ‘09“
1902 4112 2043 4163 deest
2096 4106 2148 4163 3.
2194 4106 2283 4140 ¹⁰⁹⁵
2314 4105 2501 4178 Remis
2533 4102 2771 4178 denique
2815 4101 2871 4178 3._
2914 4099 3290 4178 “miliarium?
3318 4102 3346 4153 ?
3374 4098 3499 4178 3b.

134 4169 224 4251 3°“
258 4180 524 4236 cxalaxit
570 4180 623 4236 3.
677 4180 797 4251 ¹⁰⁹⁸ν
831 4179 942 4234 vini
990 4196 1101 4235 uno
1153 4179 1205 4234 3.
1268 4181 1359 4215 ¹⁰⁹⁹
1391 4197 1445 4251 q.
1488 4196 1712 4237 severos
1775 4182 1829 4235 d.
1872 4182 1922 4235 3.
1961 4179 2052 4215 ¹¹⁰⁰
2096 4177 2437 4251 Malcallinus
2465 4176 2497 4229 3
2541 4169 2880 4231 malcanusii
2913 4174 2965 4228 b.
3011 4169 3097 4208 ¹¹θ¹
3148 4169 3492 4226 ρχοςδαιηὲ.

135 4250 230 4285 ¹²⁰²
260 4268 405 4308 cum
455 4251 692 4307 Domino
716 4250 874 4321 cujus
902 4251 953 4307 3.
991 4253 1080 4287 “03
1112 4248 1424 4309 serviverat
1446 4252 1499 4319 3,
1546 4254 1797 4309 “o‘dccst
1849 4254 1902 4308 2.
1934 4252 2025 4286 ¹¹⁰⁵
2056 4268 2101 4305 s.
2137 4256 2383 4305 maneret
2414 4248 2467 4302 3.

1734 4514 1941 4571 ΝΟΤᾸΞ.

196 4657 364 4730 (143)
399 4655 612 4713 Filium
645 4655 931 4725 Ludovici,
964 4655 1188 4712 fratrem
1224 4656 1492 4725 Lotharii,
1516 4671 1733 4730 regum.

1613 5081 2071 5117 “104%-

508 5802 806 5863 PATROL.
860 5798 1195 5863 CXXXV.
3164 5790 3236 5852 16
