  <div class='ocr_page' id='page_1' title='image "/cluster/home/n/w/nwhite01/storage/ocr_20150623/135/hvd.32044054759956/252.png"; bbox 0 0 3960 6160; ppageno 0'>
   <div class='ocr_carea' id='block_1_1' title="bbox 204 304 3525 367">
    <p class='ocr_par' dir='ltr' id='par_1_1' title="bbox 204 304 3525 367">
     <span class='ocr_line' id='line_1_1' title="bbox 204 304 3525 367; baseline -0 -3"><span class='ocrx_word' id='word_1_1' title='bbox 204 306 296 367; x_wconf 70' lang='grc'><strong>493</strong></span> <span class='ocrx_word' id='word_1_2' title='bbox 705 308 785 362; x_wconf 81' lang='lat' dir='ltr'><strong>DE</strong></span> <span class='ocrx_word' id='word_1_3' title='bbox 824 309 1187 364; x_wconf 76' lang='lat' dir='ltr'><strong>TRlUMPHIS</strong></span> <span class='ocrx_word' id='word_1_4' title='bbox 1227 307 1487 364; x_wconf 78' lang='lat' dir='ltr'><strong>CHRISTI</strong></span> <span class='ocrx_word' id='word_1_5' title='bbox 1531 307 1610 362; x_wconf 80' lang='lat' dir='ltr'><strong>ET</strong></span> <span class='ocrx_word' id='word_1_6' title='bbox 1652 306 1743 361; x_wconf 91' lang='lat' dir='ltr'><strong>SS.</strong></span> <span class='ocrx_word' id='word_1_7' title='bbox 1788 304 2193 360; x_wconf 64' lang='lat' dir='ltr'><strong>PALAESTINAE</strong></span> <span class='ocrx_word' id='word_1_8' title='bbox 2231 305 2409 359; x_wconf 78' lang='lat' dir='ltr'><strong>LIBRI</strong></span> <span class='ocrx_word' id='word_1_9' title='bbox 2451 304 2637 362; x_wconf 81' lang='lat' dir='ltr'><strong>TRES.</strong></span> <span class='ocrx_word' id='word_1_10' title='bbox 2679 335 2747 345; x_wconf 90' lang='lat'><strong>--</strong></span> <span class='ocrx_word' id='word_1_11' title='bbox 2790 304 2916 361; x_wconf 89' lang='lat' dir='ltr'><strong>LIB.</strong></span> <span class='ocrx_word' id='word_1_12' title='bbox 2962 306 3003 362; x_wconf 89' lang='grc' dir='ltr'><strong>Ι.</strong></span> <span class='ocrx_word' id='word_1_13' title='bbox 3098 358 3103 365; x_wconf 88' lang='grc'>,</span> <span class='ocrx_word' id='word_1_14' title='bbox 3412 307 3525 363; x_wconf 73' lang='grc'><strong>494</strong></span> 
     </span>
    </p>
   </div>
   <div class='ocr_carea' id='block_1_2' title="bbox 204 427 2955 509">
    <p class='ocr_par' dir='ltr' id='par_1_2' title="bbox 204 427 2955 509">
     <span class='ocr_line' id='line_1_2' title="bbox 204 427 2955 509; baseline -0.002 -19"><span class='ocrx_word' id='word_1_15' title='bbox 204 433 633 509; x_wconf 76' lang='lat' dir='ltr'><strong>Angelicodoctis</strong></span> <span class='ocrx_word' id='word_1_16' title='bbox 654 432 864 487; x_wconf 91' lang='lat' dir='ltr'><strong>monitu</strong></span> <span class='ocrx_word' id='word_1_17' title='bbox 896 432 1229 505; x_wconf 74' lang='lat' dir='ltr'><strong>pastoribus.</strong></span> <span class='ocrx_word' id='word_1_18' title='bbox 1264 436 1325 489; x_wconf 88' lang='lat' dir='ltr'><strong>In</strong></span> <span class='ocrx_word' id='word_1_19' title='bbox 1349 440 1401 489; x_wconf 92' lang='lat' dir='ltr'><strong>te</strong></span> <span class='ocrx_word' id='word_1_20' title='bbox 1831 437 1882 505; x_wconf 82' lang='grc' dir='ltr'>Α</span> <span class='ocrx_word' id='word_1_21' title='bbox 1911 427 2292 495; x_wconf 81' lang='lat' dir='ltr'><strong>OJerusalem,</strong></span> <span class='ocrx_word' id='word_1_22' title='bbox 2313 427 2467 499; x_wconf 83' lang='lat' dir='ltr'><strong>pacis</strong></span> <span class='ocrx_word' id='word_1_23' title='bbox 2496 445 2619 499; x_wconf 62' lang='lat' dir='ltr'><strong>quas</strong></span> <span class='ocrx_word' id='word_1_24' title='bbox 2647 429 2786 484; x_wconf 80' lang='lat' dir='ltr'><strong>visio</strong></span> <span class='ocrx_word' id='word_1_25' title='bbox 2806 430 2955 485; x_wconf 91' lang='lat' dir='ltr'><strong>dicta</strong></span> 
     </span>
    </p>
   </div>
   <div class='ocr_carea' id='block_1_3' title="bbox 205 515 3310 599">
    <p class='ocr_par' dir='ltr' id='par_1_3' title="bbox 205 515 3310 599">
     <span class='ocr_line' id='line_1_3' title="bbox 205 515 3310 599; baseline -0.002 -19"><span class='ocrx_word' id='word_1_26' title='bbox 205 526 416 581; x_wconf 72' lang='lat' dir='ltr'><strong>leicus</strong></span> <span class='ocrx_word' id='word_1_27' title='bbox 436 532 694 581; x_wconf 76' lang='lat' dir='ltr'><strong>ostensus</strong></span> <span class='ocrx_word' id='word_1_28' title='bbox 721 524 881 596; x_wconf 91' lang='lat' dir='ltr'><strong>panis</strong></span> <span class='ocrx_word' id='word_1_29' title='bbox 912 540 1022 597; x_wconf 87' lang='lat' dir='ltr'><strong>quo</strong></span> <span class='ocrx_word' id='word_1_30' title='bbox 1054 525 1239 581; x_wconf 83' lang='lat' dir='ltr'><strong>vivere</strong></span> <span class='ocrx_word' id='word_1_31' title='bbox 1257 524 1507 599; x_wconf 81' lang='lat' dir='ltr'><strong>gaudent</strong></span> <span class='ocrx_word' id='word_1_32' title='bbox 1911 515 2203 572; x_wconf 81' lang='lat' dir='ltr'><strong>Paciﬂcum</strong></span> <span class='ocrx_word' id='word_1_33' title='bbox 2243 531 2430 591; x_wconf 80' lang='lat' dir='ltr'><strong>regem</strong></span> <span class='ocrx_word' id='word_1_34' title='bbox 2460 517 2677 587; x_wconf 83' lang='lat' dir='ltr'><strong>spernis</strong></span> <span class='ocrx_word' id='word_1_35' title='bbox 2705 517 2717 572; x_wconf 92' lang='lat' dir='ltr'><strong>l</strong></span> <span class='ocrx_word' id='word_1_36' title='bbox 2747 519 2885 584; x_wconf 86' lang='lat' dir='ltr'><strong>Quid</strong></span> <span class='ocrx_word' id='word_1_37' title='bbox 2928 520 3117 575; x_wconf 90' lang='lat' dir='ltr'><strong>munia</strong></span> <span class='ocrx_word' id='word_1_38' title='bbox 3155 519 3310 591; x_wconf 88' lang='lat' dir='ltr'><strong>pacis</strong></span> 
     </span>
    </p>
   </div>
   <div class='ocr_carea' id='block_1_4' title="bbox 202 608 3223 691">
    <p class='ocr_par' dir='ltr' id='par_1_4' title="bbox 202 608 3223 691">
     <span class='ocr_line' id='line_1_4' title="bbox 202 608 3223 691; baseline -0.003 -16"><span class='ocrx_word' id='word_1_39' title='bbox 202 617 411 689; x_wconf 80' lang='lat' dir='ltr'><strong>Agmina</strong></span> <span class='ocrx_word' id='word_1_40' title='bbox 440 617 589 673; x_wconf 83' lang='lat' dir='ltr'><strong>celsa</strong></span> <span class='ocrx_word' id='word_1_41' title='bbox 608 617 744 689; x_wconf 89' lang='lat' dir='ltr'><strong>poli,</strong></span> <span class='ocrx_word' id='word_1_42' title='bbox 776 617 982 689; x_wconf 81' lang='lat' dir='ltr'><strong>gaudet</strong></span> <span class='ocrx_word' id='word_1_43' title='bbox 1007 633 1117 691; x_wconf 90' lang='lat' dir='ltr'><strong>quo</strong></span> <span class='ocrx_word' id='word_1_44' title='bbox 1148 617 1331 673; x_wconf 87' lang='lat' dir='ltr'><strong>vivere</strong></span> <span class='ocrx_word' id='word_1_45' title='bbox 1363 615 1621 684; x_wconf 88' lang='lat' dir='ltr'><strong>mundus,</strong></span> <span class='ocrx_word' id='word_1_46' title='bbox 1905 608 2142 675; x_wconf 79' lang='lat' dir='ltr'><strong>Amittis,</strong></span> <span class='ocrx_word' id='word_1_47' title='bbox 2176 609 2385 681; x_wconf 88' lang='lat' dir='ltr'><strong>preprii</strong></span> <span class='ocrx_word' id='word_1_48' title='bbox 2416 609 2691 665; x_wconf 89' lang='lat' dir='ltr'><strong>contraria</strong></span> <span class='ocrx_word' id='word_1_49' title='bbox 2721 610 2984 680; x_wconf 88' lang='lat' dir='ltr'><strong>nominis,</strong></span> <span class='ocrx_word' id='word_1_50' title='bbox 3012 612 3223 668; x_wconf 87' lang='lat' dir='ltr'><strong>audens</strong></span> 
     </span>
    </p>
   </div>
   <div class='ocr_carea' id='block_1_5' title="bbox 202 701 3132 778">
    <p class='ocr_par' dir='ltr' id='par_1_5' title="bbox 202 701 3132 778">
     <span class='ocr_line' id='line_1_5' title="bbox 202 701 3132 778; baseline 0.001 -17"><span class='ocrx_word' id='word_1_51' title='bbox 202 707 330 778; x_wconf 67' lang='grc'><strong>(146)</strong></span> <span class='ocrx_word' id='word_1_52' title='bbox 363 706 621 762; x_wconf 84' lang='lat' dir='ltr'><strong>Primitiis</strong></span> <span class='ocrx_word' id='word_1_53' title='bbox 647 708 872 774; x_wconf 84' lang='lat' dir='ltr'><strong>nostris,</strong></span> <span class='ocrx_word' id='word_1_54' title='bbox 901 706 957 761; x_wconf 91' lang='lat' dir='ltr'><strong>in</strong></span> <span class='ocrx_word' id='word_1_55' title='bbox 976 715 1027 762; x_wconf 92' lang='lat' dir='ltr'><strong>te</strong></span> <span class='ocrx_word' id='word_1_56' title='bbox 1053 707 1281 762; x_wconf 85' lang='lat' dir='ltr'><strong>salvatio</strong></span> <span class='ocrx_word' id='word_1_57' title='bbox 1308 713 1492 761; x_wconf 90' lang='lat' dir='ltr'><strong>nostra</strong></span> <span class='ocrx_word' id='word_1_58' title='bbox 1906 701 2197 756; x_wconf 80' lang='lat' dir='ltr'><strong>Auctorem</strong></span> <span class='ocrx_word' id='word_1_59' title='bbox 2228 701 2401 772; x_wconf 71' lang='lat' dir='ltr'><strong>pacis.</strong></span> <span class='ocrx_word' id='word_1_60' title='bbox 2423 702 2517 772; x_wconf 84' lang='lat' dir='ltr'><strong>qui</strong></span> <span class='ocrx_word' id='word_1_61' title='bbox 2556 702 2851 757; x_wconf 70' lang='lat' dir='ltr'><strong>CODCilial‘c</strong></span> <span class='ocrx_word' id='word_1_62' title='bbox 2873 705 3132 776; x_wconf 81' lang='lat' dir='ltr'><strong>supernis</strong></span> 
     </span>
    </p>
   </div>
   <div class='ocr_carea' id='block_1_6' title="bbox 204 791 3451 872">
    <p class='ocr_par' dir='ltr' id='par_1_6' title="bbox 204 791 3451 872">
     <span class='ocr_line' id='line_1_6' title="bbox 204 791 3451 872; baseline 0 -18"><span class='ocrx_word' id='word_1_63' title='bbox 204 799 334 861; x_wconf 88' lang='lat' dir='ltr'><strong>Visa,</strong></span> <span class='ocrx_word' id='word_1_64' title='bbox 365 799 599 854; x_wconf 84' lang='lat' dir='ltr'><strong>docente</strong></span> <span class='ocrx_word' id='word_1_65' title='bbox 625 808 793 867; x_wconf 91' lang='lat' dir='ltr'><strong>astro,</strong></span> <span class='ocrx_word' id='word_1_66' title='bbox 824 799 1138 872; x_wconf 86' lang='lat' dir='ltr'><strong>donataque</strong></span> <span class='ocrx_word' id='word_1_67' title='bbox 1155 815 1387 854; x_wconf 90' lang='lat' dir='ltr'><strong>munere</strong></span> <span class='ocrx_word' id='word_1_68' title='bbox 1417 798 1606 872; x_wconf 89' lang='lat' dir='ltr'><strong>digno,</strong></span> <span class='ocrx_word' id='word_1_69' title='bbox 1906 792 2013 846; x_wconf 84' lang='lat' dir='ltr'><strong>Res</strong></span> <span class='ocrx_word' id='word_1_70' title='bbox 2040 791 2177 862; x_wconf 88' lang='lat' dir='ltr'><strong>petit</strong></span> <span class='ocrx_word' id='word_1_71' title='bbox 2206 794 2498 859; x_wconf 88' lang='lat' dir='ltr'><strong>humanas,</strong></span> <span class='ocrx_word' id='word_1_72' title='bbox 2532 794 2910 864; x_wconf 83' lang='lat' dir='ltr'><strong>pessumdare.</strong></span> <span class='ocrx_word' id='word_1_73' title='bbox 2950 796 3168 851; x_wconf 86' lang='lat' dir='ltr'><strong>Perdita</strong></span> <span class='ocrx_word' id='word_1_74' title='bbox 3198 814 3451 869; x_wconf 74' lang='lat' dir='ltr'><strong>quzerens</strong></span> 
     </span>
    </p>
   </div>
   <div class='ocr_carea' id='block_1_7' title="bbox 205 883 3231 963">
    <p class='ocr_par' dir='ltr' id='par_1_7' title="bbox 205 883 3231 963">
     <span class='ocr_line' id='line_1_7' title="bbox 205 883 3231 963; baseline 0 -23"><span class='ocrx_word' id='word_1_75' title='bbox 205 891 394 963; x_wconf 81' lang='lat' dir='ltr'><strong>Hisque</strong></span> <span class='ocrx_word' id='word_1_76' title='bbox 421 890 560 946; x_wconf 82' lang='lat' dir='ltr'><strong>ﬁdes</strong></span> <span class='ocrx_word' id='word_1_77' title='bbox 591 899 705 948; x_wconf 79' lang='grc' dir='ltr'><strong>ιοιο</strong></span> <span class='ocrx_word' id='word_1_78' title='bbox 735 901 794 948; x_wconf 71' lang='lat' dir='ltr'><strong>ut</strong></span> <span class='ocrx_word' id='word_1_79' title='bbox 821 901 1041 948; x_wconf 69' lang='lat' dir='ltr'><strong>maneat</strong></span> <span class='ocrx_word' id='word_1_80' title='bbox 1070 894 1320 949; x_wconf 73' lang='grc' dir='ltr'><strong>ἀργοιίοι-</strong></span> <span class='ocrx_word' id='word_1_81' title='bbox 1347 909 1485 961; x_wconf 57' lang='lat' dir='ltr'><strong>gem,</strong></span> <span class='ocrx_word' id='word_1_82' title='bbox 1904 883 2156 937; x_wconf 86' lang='lat' dir='ltr'><strong>Terribili</strong></span> <span class='ocrx_word' id='word_1_83' title='bbox 2191 893 2410 955; x_wconf 78' lang='lat' dir='ltr'><strong>spectas</strong></span> <span class='ocrx_word' id='word_1_84' title='bbox 2432 884 2759 941; x_wconf 90' lang='lat' dir='ltr'><strong>morientem</strong></span> <span class='ocrx_word' id='word_1_85' title='bbox 2790 888 3031 958; x_wconf 85' lang='lat' dir='ltr'><strong>pessima</strong></span> <span class='ocrx_word' id='word_1_86' title='bbox 3054 890 3231 944; x_wconf 91' lang='lat' dir='ltr'><strong>vultu.</strong></span> 
     </span>
    </p>
   </div>
   <div class='ocr_carea' id='block_1_8' title="bbox 202 975 3309 1058">
    <p class='ocr_par' dir='ltr' id='par_1_8' title="bbox 202 975 3309 1058">
     <span class='ocr_line' id='line_1_8' title="bbox 202 975 3309 1058; baseline 0.002 -27"><span class='ocrx_word' id='word_1_87' title='bbox 202 983 424 1057; x_wconf 74' lang='lat' dir='ltr'><strong>Virginis</strong></span> <span class='ocrx_word' id='word_1_88' title='bbox 450 1000 515 1039; x_wconf 79' lang='lat' dir='ltr'><strong>ex</strong></span> <span class='ocrx_word' id='word_1_89' title='bbox 550 986 749 1040; x_wconf 64' lang='lat' dir='ltr'><strong>haustu</strong></span> <span class='ocrx_word' id='word_1_90' title='bbox 772 986 968 1041; x_wconf 55' lang='lat' dir='ltr'><strong>sacrati</strong></span> <span class='ocrx_word' id='word_1_91' title='bbox 991 987 1108 1042; x_wconf 54' lang='lat' dir='ltr'><strong>haec</strong></span> <span class='ocrx_word' id='word_1_92' title='bbox 1131 986 1250 1058; x_wconf 78' lang='lat' dir='ltr'><strong>ipsa</strong></span> <span class='ocrx_word' id='word_1_93' title='bbox 1280 985 1459 1040; x_wconf 58' lang='lat' dir='ltr'><strong>Mal-im</strong></span> <span class='ocrx_word' id='word_1_94' title='bbox 1900 975 2054 1040; x_wconf 86' lang='lat' dir='ltr'><strong>Quod</strong></span> <span class='ocrx_word' id='word_1_95' title='bbox 2071 976 2353 1047; x_wconf 81' lang='lat' dir='ltr'><strong>pavefacta</strong></span> <span class='ocrx_word' id='word_1_96' title='bbox 2375 986 2524 1034; x_wconf 90' lang='lat' dir='ltr'><strong>metu</strong></span> <span class='ocrx_word' id='word_1_97' title='bbox 2557 978 3059 1053; x_wconf 84' lang='lat' dir='ltr'><strong>fugiuntelementa</strong></span> <span class='ocrx_word' id='word_1_98' title='bbox 3090 982 3309 1037; x_wconf 87' lang='lat' dir='ltr'><strong>viderel</strong></span> 
     </span>
    </p>
   </div>
   <div class='ocr_carea' id='block_1_9' title="bbox 201 1069 3225 1151">
    <p class='ocr_par' dir='ltr' id='par_1_9' title="bbox 201 1069 3225 1151">
     <span class='ocr_line' id='line_1_9' title="bbox 201 1069 3225 1151; baseline 0.001 -23"><span class='ocrx_word' id='word_1_99' title='bbox 201 1074 359 1128; x_wconf 87' lang='lat' dir='ltr'><strong>Stella</strong></span> <span class='ocrx_word' id='word_1_100' title='bbox 381 1074 568 1128; x_wconf 90' lang='lat' dir='ltr'><strong>nitens</strong></span> <span class='ocrx_word' id='word_1_101' title='bbox 597 1074 751 1145; x_wconf 90' lang='lat' dir='ltr'><strong>putei</strong></span> <span class='ocrx_word' id='word_1_102' title='bbox 781 1074 1034 1149; x_wconf 83' lang='lat' dir='ltr'><strong>signatur</strong></span> <span class='ocrx_word' id='word_1_103' title='bbox 1062 1074 1215 1131; x_wconf 88' lang='lat' dir='ltr'><strong>fonte</strong></span> <span class='ocrx_word' id='word_1_104' title='bbox 1245 1075 1411 1143; x_wconf 79' lang='lat' dir='ltr'><strong>tueri,</strong></span> <span class='ocrx_word' id='word_1_105' title='bbox 1897 1069 2059 1124; x_wconf 86' lang='lat' dir='ltr'><strong>Terra</strong></span> <span class='ocrx_word' id='word_1_106' title='bbox 2086 1072 2289 1138; x_wconf 91' lang='lat' dir='ltr'><strong>tremit,</strong></span> <span class='ocrx_word' id='word_1_107' title='bbox 2333 1073 2515 1129; x_wconf 91' lang='lat' dir='ltr'><strong>radios</strong></span> <span class='ocrx_word' id='word_1_108' title='bbox 2542 1074 2730 1130; x_wconf 86' lang='lat' dir='ltr'><strong>condit</strong></span> <span class='ocrx_word' id='word_1_109' title='bbox 2768 1075 2848 1130; x_wconf 92' lang='lat' dir='ltr'><strong>sol</strong></span> <span class='ocrx_word' id='word_1_110' title='bbox 2876 1075 2998 1131; x_wconf 89' lang='lat' dir='ltr'><strong>luce</strong></span> <span class='ocrx_word' id='word_1_111' title='bbox 3022 1076 3225 1151; x_wconf 88' lang='lat' dir='ltr'><strong>fugata,</strong></span> 
     </span>
    </p>
   </div>
   <div class='ocr_carea' id='block_1_10' title="bbox 200 1158 3531 1238">
    <p class='ocr_par' dir='ltr' id='par_1_10' title="bbox 200 1158 3531 1238">
     <span class='ocr_line' id='line_1_10' title="bbox 200 1158 3531 1238; baseline -0.001 -17"><span class='ocrx_word' id='word_1_112' title='bbox 200 1165 456 1221; x_wconf 86' lang='lat' dir='ltr'><strong>Omnibus</strong></span> <span class='ocrx_word' id='word_1_113' title='bbox 482 1165 627 1221; x_wconf 90' lang='lat' dir='ltr'><strong>haud</strong></span> <span class='ocrx_word' id='word_1_114' title='bbox 658 1167 883 1238; x_wconf 91' lang='lat' dir='ltr'><strong>passim,</strong></span> <span class='ocrx_word' id='word_1_115' title='bbox 916 1167 1139 1222; x_wconf 89' lang='lat' dir='ltr'><strong>mundis</strong></span> <span class='ocrx_word' id='word_1_116' title='bbox 1157 1168 1326 1223; x_wconf 90' lang='lat' dir='ltr'><strong>modo</strong></span> <span class='ocrx_word' id='word_1_117' title='bbox 1376 1165 1563 1233; x_wconf 90' lang='lat' dir='ltr'><strong>corde,</strong></span> <span class='ocrx_word' id='word_1_118' title='bbox 1596 1172 1803 1221; x_wconf 90' lang='lat' dir='ltr'><strong>retecta</strong></span> <span class='ocrx_word' id='word_1_119' title='bbox 1900 1158 2037 1213; x_wconf 81' lang='lat' dir='ltr'><strong>Saxa</strong></span> <span class='ocrx_word' id='word_1_120' title='bbox 2094 1167 2342 1231; x_wconf 87' lang='lat' dir='ltr'><strong>crepant,</strong></span> <span class='ocrx_word' id='word_1_121' title='bbox 2400 1169 2759 1219; x_wconf 88' lang='lat' dir='ltr'><strong>nomumenta</strong></span> <span class='ocrx_word' id='word_1_122' title='bbox 2837 1170 3047 1235; x_wconf 91' lang='lat' dir='ltr'><strong>patent,</strong></span> <span class='ocrx_word' id='word_1_123' title='bbox 3106 1171 3235 1219; x_wconf 89' lang='lat' dir='ltr'><strong>sunt</strong></span> <span class='ocrx_word' id='word_1_124' title='bbox 3303 1167 3531 1222; x_wconf 88' lang='lat' dir='ltr'><strong>carbasa</strong></span> 
     </span>
    </p>
   </div>
   <div class='ocr_carea' id='block_1_11' title="bbox 199 1254 3422 1332">
    <p class='ocr_par' dir='ltr' id='par_1_11' title="bbox 199 1254 3422 1332">
     <span class='ocr_line' id='line_1_11' title="bbox 199 1254 3422 1332; baseline 0.001 -22"><span class='ocrx_word' id='word_1_125' title='bbox 199 1255 317 1320; x_wconf 68' lang='lat' dir='ltr'><strong>Quae</strong></span> <span class='ocrx_word' id='word_1_126' title='bbox 356 1254 654 1311; x_wconf 88' lang='lat' dir='ltr'><strong>tenebrosa</strong></span> <span class='ocrx_word' id='word_1_127' title='bbox 689 1256 808 1323; x_wconf 88' lang='lat' dir='ltr'><strong>diu,</strong></span> <span class='ocrx_word' id='word_1_128' title='bbox 841 1273 963 1329; x_wconf 72' lang='lat' dir='ltr'><strong>quae</strong></span> <span class='ocrx_word' id='word_1_129' title='bbox 993 1255 1204 1329; x_wconf 89' lang='lat' dir='ltr'><strong>perﬁda</strong></span> <span class='ocrx_word' id='word_1_130' title='bbox 1225 1257 1389 1313; x_wconf 89' lang='lat' dir='ltr'><strong>corda</strong></span> <span class='ocrx_word' id='word_1_131' title='bbox 1404 1256 1658 1332; x_wconf 80' lang='lat' dir='ltr'><strong>gerebas,</strong></span> <span class='ocrx_word' id='word_1_132' title='bbox 3197 1257 3422 1328; x_wconf 89' lang='lat' dir='ltr'><strong>[scissa;</strong></span> 
     </span>
    </p>
   </div>
   <div class='ocr_carea' id='block_1_12' title="bbox 201 1341 3228 1424">
    <p class='ocr_par' dir='ltr' id='par_1_12' title="bbox 201 1341 3228 1424">
     <span class='ocr_line' id='line_1_12' title="bbox 201 1341 3228 1424; baseline 0.001 -26"><span class='ocrx_word' id='word_1_133' title='bbox 201 1348 523 1405; x_wconf 65' lang='lat' dir='ltr'><strong>leilumeu</strong></span> <span class='ocrx_word' id='word_1_134' title='bbox 555 1349 710 1405; x_wconf 85' lang='lat' dir='ltr'><strong>humi</strong></span> <span class='ocrx_word' id='word_1_135' title='bbox 731 1349 958 1405; x_wconf 70' lang='lat' dir='ltr'><strong>latitans</strong></span> <span class='ocrx_word' id='word_1_136' title='bbox 993 1349 1221 1424; x_wconf 61' lang='lat' dir='ltr'><strong>[Egypte</strong></span> <span class='ocrx_word' id='word_1_137' title='bbox 1254 1365 1523 1405; x_wconf 76' lang='lat' dir='ltr'><strong>reservas,</strong></span> <span class='ocrx_word' id='word_1_138' title='bbox 1911 1341 2108 1397; x_wconf 90' lang='lat' dir='ltr'><strong>Durior</strong></span> <span class='ocrx_word' id='word_1_139' title='bbox 2129 1349 2183 1398; x_wconf 92' lang='lat' dir='ltr'><strong>et</strong></span> <span class='ocrx_word' id='word_1_140' title='bbox 2211 1343 2355 1398; x_wconf 87' lang='lat' dir='ltr'><strong>saxis</strong></span> <span class='ocrx_word' id='word_1_141' title='bbox 2384 1345 2567 1400; x_wconf 88' lang='lat' dir='ltr'><strong>nescis</strong></span> <span class='ocrx_word' id='word_1_142' title='bbox 2603 1342 2717 1400; x_wconf 90' lang='lat' dir='ltr'><strong>fera</strong></span> <span class='ocrx_word' id='word_1_143' title='bbox 2737 1345 2989 1402; x_wconf 90' lang='lat' dir='ltr'><strong>scindere</strong></span> <span class='ocrx_word' id='word_1_144' title='bbox 3016 1347 3182 1413; x_wconf 85' lang='lat' dir='ltr'><strong>corda</strong></span> <span class='ocrx_word' id='word_1_145' title='bbox 3216 1346 3228 1401; x_wconf 87' lang='lat'><strong>!</strong></span> 
     </span>
    </p>
   </div>
   <div class='ocr_carea' id='block_1_13' title="bbox 197 1429 3104 1522">
    <p class='ocr_par' dir='ltr' id='par_1_13' title="bbox 197 1429 3104 1522">
     <span class='ocr_line' id='line_1_13' title="bbox 197 1429 3104 1522; baseline 0.001 -22"><span class='ocrx_word' id='word_1_146' title='bbox 197 1444 414 1513; x_wconf 85' lang='lat' dir='ltr'><strong>Nazara,</strong></span> <span class='ocrx_word' id='word_1_147' title='bbox 444 1444 741 1522; x_wconf 88' lang='lat' dir='ltr'><strong>magniﬁco</strong></span> <span class='ocrx_word' id='word_1_148' title='bbox 778 1444 909 1500; x_wconf 84' lang='lat' dir='ltr'><strong>felix</strong></span> <span class='ocrx_word' id='word_1_149' title='bbox 939 1444 1286 1516; x_wconf 88' lang='lat' dir='ltr'><strong>splendescis</strong></span> <span class='ocrx_word' id='word_1_150' title='bbox 1316 1444 1539 1500; x_wconf 90' lang='lat' dir='ltr'><strong>alumno</strong></span> <span class='ocrx_word' id='word_1_151' title='bbox 1910 1429 2177 1519; x_wconf 45' lang='lat' dir='ltr'><strong>Fundit!”</strong></span> <span class='ocrx_word' id='word_1_152' title='bbox 2204 1448 2475 1501; x_wconf 67' lang='lat' dir='ltr'><strong>eversam:</strong></span> <span class='ocrx_word' id='word_1_153' title='bbox 2507 1450 2616 1505; x_wconf 76' lang='lat' dir='ltr'><strong>quo</strong></span> <span class='ocrx_word' id='word_1_154' title='bbox 2645 1435 2917 1506; x_wconf 69' lang='grc' dir='ltr'><strong>Ρτοάοηῑθ</strong></span> <span class='ocrx_word' id='word_1_155' title='bbox 2948 1442 3104 1490; x_wconf 54' lang='lat' dir='ltr'><strong>reatu</strong></span> 
     </span>
    </p>
   </div>
   <div class='ocr_carea' id='block_1_14' title="bbox 199 1525 3286 1605">
    <p class='ocr_par' dir='ltr' id='par_1_14' title="bbox 199 1525 3286 1605">
     <span class='ocr_line' id='line_1_14' title="bbox 199 1525 3286 1605; baseline 0.002 -18"><span class='ocrx_word' id='word_1_156' title='bbox 199 1532 291 1597; x_wconf 93' lang='lat' dir='ltr'><strong>Qui</strong></span> <span class='ocrx_word' id='word_1_157' title='bbox 320 1532 765 1600; x_wconf 88' lang='lat' dir='ltr'><strong>terrenafovens,</strong></span> <span class='ocrx_word' id='word_1_158' title='bbox 795 1533 1045 1589; x_wconf 68' lang='lat' dir='ltr'><strong>caelestia</strong></span> <span class='ocrx_word' id='word_1_159' title='bbox 1074 1533 1195 1589; x_wconf 91' lang='lat' dir='ltr'><strong>luce</strong></span> <span class='ocrx_word' id='word_1_160' title='bbox 1213 1540 1452 1600; x_wconf 88' lang='lat' dir='ltr'><strong>serenat,</strong></span> <span class='ocrx_word' id='word_1_161' title='bbox 1909 1525 2188 1594; x_wconf 66' lang='grc' dir='ltr'><strong>Νονίηιιιεν</strong></span> <span class='ocrx_word' id='word_1_162' title='bbox 2222 1534 2276 1584; x_wconf 68' lang='grc' dir='ltr'>ει</span> <span class='ocrx_word' id='word_1_163' title='bbox 2302 1528 2499 1605; x_wconf 79' lang='lat' dir='ltr'><strong>dignas</strong></span> <span class='ocrx_word' id='word_1_164' title='bbox 2529 1530 2759 1586; x_wconf 69' lang='lat' dir='ltr'><strong>SOlViSSG</strong></span> <span class='ocrx_word' id='word_1_165' title='bbox 2790 1530 3034 1602; x_wconf 76' lang='lat' dir='ltr'><strong>piamine</strong></span> <span class='ocrx_word' id='word_1_166' title='bbox 3075 1546 3286 1602; x_wconf 63' lang='lat' dir='ltr'><strong>pmnas.</strong></span> 
     </span>
    </p>
   </div>
   <div class='ocr_carea' id='block_1_15' title="bbox 200 1621 3257 1700">
    <p class='ocr_par' dir='ltr' id='par_1_15' title="bbox 200 1621 3257 1700">
     <span class='ocr_line' id='line_1_15' title="bbox 200 1621 3257 1700; baseline 0.001 -21"><span class='ocrx_word' id='word_1_167' title='bbox 200 1624 583 1697; x_wconf 84' lang='lat' dir='ltr'><strong>Humanasque</strong></span> <span class='ocrx_word' id='word_1_168' title='bbox 600 1621 810 1680; x_wconf 87' lang='lat' dir='ltr'><strong>animas</strong></span> <span class='ocrx_word' id='word_1_169' title='bbox 836 1641 1039 1696; x_wconf 89' lang='lat' dir='ltr'><strong>supero</strong></span> <span class='ocrx_word' id='word_1_170' title='bbox 1063 1624 1277 1700; x_wconf 79' lang='lat' dir='ltr'><strong>fulgore</strong></span> <span class='ocrx_word' id='word_1_171' title='bbox 1316 1624 1606 1680; x_wconf 89' lang='lat' dir='ltr'><strong>decorans.</strong></span> <span class='ocrx_word' id='word_1_172' title='bbox 1910 1624 1974 1676; x_wconf 85' lang='lat' dir='ltr'><strong>At</strong></span> <span class='ocrx_word' id='word_1_173' title='bbox 2004 1638 2152 1678; x_wconf 91' lang='lat' dir='ltr'><strong>nunc</strong></span> <span class='ocrx_word' id='word_1_174' title='bbox 2178 1624 2235 1678; x_wconf 91' lang='lat' dir='ltr'><strong>in</strong></span> <span class='ocrx_word' id='word_1_175' title='bbox 2265 1626 2464 1681; x_wconf 90' lang='lat' dir='ltr'><strong>melius</strong></span> <span class='ocrx_word' id='word_1_176' title='bbox 2488 1632 2737 1697; x_wconf 89' lang='lat' dir='ltr'><strong>reparata</strong></span> <span class='ocrx_word' id='word_1_177' title='bbox 2767 1626 2973 1693; x_wconf 89' lang='lat' dir='ltr'><strong>nitens,</strong></span> <span class='ocrx_word' id='word_1_178' title='bbox 3002 1627 3257 1699; x_wconf 67' lang='lat' dir='ltr'><strong>pretiosas</strong></span> 
     </span>
    </p>
   </div>
   <div class='ocr_carea' id='block_1_16' title="bbox 199 1713 3384 1796">
    <p class='ocr_par' dir='ltr' id='par_1_16' title="bbox 199 1713 3384 1796">
     <span class='ocr_line' id='line_1_16' title="bbox 199 1713 3384 1796; baseline 0.003 -27"><span class='ocrx_word' id='word_1_179' title='bbox 199 1715 267 1769; x_wconf 89' lang='lat' dir='ltr'><strong>De</strong></span> <span class='ocrx_word' id='word_1_180' title='bbox 292 1714 520 1786; x_wconf 88' lang='lat' dir='ltr'><strong>propria</strong></span> <span class='ocrx_word' id='word_1_181' title='bbox 555 1715 759 1791; x_wconf 3' lang='lat' dir='ltr'><strong>virtute,</strong></span> <span class='ocrx_word' id='word_1_182' title='bbox 781 1715 865 1770; x_wconf 89' lang='lat' dir='ltr'><strong>sui</strong></span> <span class='ocrx_word' id='word_1_183' title='bbox 890 1715 1036 1771; x_wconf 92' lang='lat' dir='ltr'><strong>bona</strong></span> <span class='ocrx_word' id='word_1_184' title='bbox 1066 1724 1265 1770; x_wconf 91' lang='lat' dir='ltr'><strong>cuncta</strong></span> <span class='ocrx_word' id='word_1_185' title='bbox 1293 1713 1590 1768; x_wconf 88' lang='lat' dir='ltr'><strong>ministrat.</strong></span> <span class='ocrx_word' id='word_1_186' title='bbox 1829 1783 1876 1796; x_wconf 46' lang='lat' dir='ltr'><strong>ﬁ</strong></span> <span class='ocrx_word' id='word_1_187' title='bbox 1912 1716 2080 1791; x_wconf 85' lang='lat' dir='ltr'><strong>Ligna</strong></span> <span class='ocrx_word' id='word_1_188' title='bbox 2109 1720 2288 1776; x_wconf 90' lang='lat' dir='ltr'><strong>crucis</strong></span> <span class='ocrx_word' id='word_1_189' title='bbox 2319 1737 2528 1789; x_wconf 85' lang='lat' dir='ltr'><strong>servas,</strong></span> <span class='ocrx_word' id='word_1_190' title='bbox 2571 1728 2628 1777; x_wconf 92' lang='lat' dir='ltr'><strong>et</strong></span> <span class='ocrx_word' id='word_1_191' title='bbox 2657 1722 2805 1777; x_wconf 92' lang='lat' dir='ltr'><strong>celsa</strong></span> <span class='ocrx_word' id='word_1_192' title='bbox 2838 1729 3045 1794; x_wconf 75' lang='lat' dir='ltr'><strong>tropaea</strong></span> <span class='ocrx_word' id='word_1_193' title='bbox 3074 1723 3384 1796; x_wconf 82' lang='lat' dir='ltr'><strong>resignans,</strong></span> 
     </span>
    </p>
   </div>
   <div class='ocr_carea' id='block_1_17' title="bbox 197 1783 3529 1890">
    <p class='ocr_par' dir='ltr' id='par_1_17' title="bbox 197 1783 3529 1890">
     <span class='ocr_line' id='line_1_17' title="bbox 197 1783 3529 1890; baseline 0.002 -22"><span class='ocrx_word' id='word_1_194' title='bbox 197 1783 318 1868; x_wconf 58' lang='lat' dir='ltr'><strong>Quas</strong></span> <span class='ocrx_word' id='word_1_195' title='bbox 350 1783 565 1875; x_wconf 72' lang='lat' dir='ltr'><strong>pridem</strong></span> <span class='ocrx_word' id='word_1_196' title='bbox 599 1784 844 1859; x_wconf 74' lang='lat' dir='ltr'><strong>tenebris</strong></span> <span class='ocrx_word' id='word_1_197' title='bbox 868 1820 1078 1871; x_wconf 83' lang='lat' dir='ltr'><strong>errans,</strong></span> <span class='ocrx_word' id='word_1_198' title='bbox 1111 1803 1350 1871; x_wconf 80' lang='lat' dir='ltr'><strong>Galilaea.</strong></span> <span class='ocrx_word' id='word_1_199' title='bbox 1383 1803 1615 1867; x_wconf 64' lang='lat' dir='ltr'><strong>latebas,</strong></span> <span class='ocrx_word' id='word_1_200' title='bbox 1829 1783 1881 1852; x_wconf 83' lang='grc' dir='ltr'><strong>Β</strong></span> <span class='ocrx_word' id='word_1_201' title='bbox 1907 1783 2040 1867; x_wconf 67' lang='lat' dir='ltr'><strong>Duin</strong></span> <span class='ocrx_word' id='word_1_202' title='bbox 2054 1813 2166 1883; x_wconf 87' lang='lat' dir='ltr'><strong>jam</strong></span> <span class='ocrx_word' id='word_1_203' title='bbox 2198 1783 2574 1871; x_wconf 28' lang='lat' dir='ltr'><strong>Christiferu&#39;m</strong></span> <span class='ocrx_word' id='word_1_204' title='bbox 2623 1818 2903 1888; x_wconf 87' lang='lat' dir='ltr'><strong>placamus</strong></span> <span class='ocrx_word' id='word_1_205' title='bbox 2918 1783 3159 1885; x_wconf 61' lang='lat' dir='ltr'><strong>:honore</strong></span> <span class='ocrx_word' id='word_1_206' title='bbox 3187 1783 3529 1890; x_wconf 64' lang='lat' dir='ltr'><strong>sepulcrum,</strong></span> 
     </span>
    </p>
   </div>
   <div class='ocr_carea' id='block_1_18' title="bbox 198 1895 3287 1984">
    <p class='ocr_par' dir='ltr' id='par_1_18' title="bbox 198 1895 3287 1984">
     <span class='ocr_line' id='line_1_18' title="bbox 198 1895 3287 1984; baseline 0.005 -35"><span class='ocrx_word' id='word_1_207' title='bbox 198 1896 423 1967; x_wconf 87' lang='lat' dir='ltr'><strong>Suspice</strong></span> <span class='ocrx_word' id='word_1_208' title='bbox 458 1911 809 1971; x_wconf 87' lang='lat' dir='ltr'><strong>progressum</strong></span> <span class='ocrx_word' id='word_1_209' title='bbox 841 1895 1029 1950; x_wconf 91' lang='lat' dir='ltr'><strong>lumen</strong></span> <span class='ocrx_word' id='word_1_210' title='bbox 1053 1895 1121 1950; x_wconf 89' lang='lat' dir='ltr'><strong>de</strong></span> <span class='ocrx_word' id='word_1_211' title='bbox 1154 1895 1364 1950; x_wconf 87' lang='lat' dir='ltr'><strong>lumine</strong></span> <span class='ocrx_word' id='word_1_212' title='bbox 1389 1910 1600 1949; x_wconf 73' lang='lat' dir='ltr'><strong>verum.</strong></span> <span class='ocrx_word' id='word_1_213' title='bbox 1912 1904 2067 1959; x_wconf 90' lang='lat' dir='ltr'><strong>Unde</strong></span> <span class='ocrx_word' id='word_1_214' title='bbox 2096 1904 2311 1961; x_wconf 89' lang='lat' dir='ltr'><strong>inferna</strong></span> <span class='ocrx_word' id='word_1_215' title='bbox 2339 1917 2536 1979; x_wconf 88' lang='lat' dir='ltr'><strong>petens</strong></span> <span class='ocrx_word' id='word_1_216' title='bbox 2564 1915 2749 1979; x_wconf 90' lang='lat' dir='ltr'><strong>portas</strong></span> <span class='ocrx_word' id='word_1_217' title='bbox 2789 1908 3063 1984; x_wconf 81' lang='lat' dir='ltr'><strong>confregit</strong></span> <span class='ocrx_word' id='word_1_218' title='bbox 3090 1911 3287 1965; x_wconf 81' lang='lat' dir='ltr'><strong>Averni</strong></span> 
     </span>
    </p>
   </div>
   <div class='ocr_carea' id='block_1_19' title="bbox 197 1986 3419 2077">
    <p class='ocr_par' dir='ltr' id='par_1_19' title="bbox 197 1986 3419 2077">
     <span class='ocr_line' id='line_1_19' title="bbox 197 1986 3419 2077; baseline 0.003 -26"><span class='ocrx_word' id='word_1_219' title='bbox 197 1987 267 2043; x_wconf 77' lang='lat' dir='ltr'><strong>Tu</strong></span> <span class='ocrx_word' id='word_1_220' title='bbox 298 2002 546 2059; x_wconf 73' lang='lat' dir='ltr'><strong>quoque.</strong></span> <span class='ocrx_word' id='word_1_221' title='bbox 579 1987 748 2063; x_wconf 82' lang='lat' dir='ltr'><strong>digna</strong></span> <span class='ocrx_word' id='word_1_222' title='bbox 770 1986 933 2055; x_wconf 61' lang='lat' dir='ltr'><strong>Cana;</strong></span> <span class='ocrx_word' id='word_1_223' title='bbox 954 1995 1109 2061; x_wconf 73' lang='lat' dir='ltr'><strong>grato</strong></span> <span class='ocrx_word' id='word_1_224' title='bbox 1144 1988 1328 2041; x_wconf 67' lang='grc' dir='ltr'><strong>Ιεεῐδτθ</strong></span> <span class='ocrx_word' id='word_1_225' title='bbox 1359 1986 1560 2041; x_wconf 61' lang='grc' dir='ltr'><strong>ἀείδοΓο</strong></span> <span class='ocrx_word' id='word_1_226' title='bbox 1910 1998 2114 2073; x_wconf 84' lang='lat' dir='ltr'><strong>Agnus,</strong></span> <span class='ocrx_word' id='word_1_227' title='bbox 2138 2008 2191 2055; x_wconf 93' lang='lat' dir='ltr'><strong>et</strong></span> <span class='ocrx_word' id='word_1_228' title='bbox 2220 2017 2521 2077; x_wconf 87' lang='lat' dir='ltr'><strong>exsurgens</strong></span> <span class='ocrx_word' id='word_1_229' title='bbox 2538 2003 2747 2059; x_wconf 90' lang='lat' dir='ltr'><strong>tumulo</strong></span> <span class='ocrx_word' id='word_1_230' title='bbox 2775 2003 2952 2075; x_wconf 91' lang='lat' dir='ltr'><strong>spolia</strong></span> <span class='ocrx_word' id='word_1_231' title='bbox 2976 2004 3156 2075; x_wconf 87' lang='lat' dir='ltr'><strong>ampla</strong></span> <span class='ocrx_word' id='word_1_232' title='bbox 3187 2005 3419 2062; x_wconf 84' lang='lat' dir='ltr'><strong>reduxit.</strong></span> 
     </span>
    </p>
   </div>
   <div class='ocr_carea' id='block_1_20' title="bbox 198 2079 1762 2168">
    <p class='ocr_par' dir='ltr' id='par_1_20' title="bbox 198 2079 1567 2152">
     <span class='ocr_line' id='line_1_20' title="bbox 198 2079 1567 2152; baseline -0.001 -19"><span class='ocrx_word' id='word_1_233' title='bbox 198 2079 306 2143; x_wconf 88' lang='lat' dir='ltr'><strong>Quo</strong></span> <span class='ocrx_word' id='word_1_234' title='bbox 334 2080 580 2135; x_wconf 85' lang='lat' dir='ltr'><strong>validum</strong></span> <span class='ocrx_word' id='word_1_235' title='bbox 600 2080 716 2136; x_wconf 89' lang='lat' dir='ltr'><strong>vini</strong></span> <span class='ocrx_word' id='word_1_236' title='bbox 745 2082 999 2152; x_wconf 88' lang='lat' dir='ltr'><strong>concepit</strong></span> <span class='ocrx_word' id='word_1_237' title='bbox 1029 2081 1255 2152; x_wconf 78' lang='lat' dir='ltr'><strong>lympha</strong></span> <span class='ocrx_word' id='word_1_238' title='bbox 1293 2095 1567 2151; x_wconf 88' lang='lat' dir='ltr'><strong>saporem.</strong></span> 
     </span>
    </p>
   </div>
   <div class='ocr_carea' id='block_1_21' title="bbox 1547 2079 3111 2168">
    <p class='ocr_par' dir='ltr' id='par_1_21' title="bbox 1556 2095 3111 2168">
     <span class='ocr_line' id='line_1_21' title="bbox 1556 2095 3111 2168; baseline 0.006 -21"><span class='ocrx_word' id='word_1_239' title='bbox 1556 2119 1567 2131; x_wconf 91' lang='lat'><strong>-</strong></span> <span class='ocrx_word' id='word_1_240' title='bbox 1911 2095 2118 2167; x_wconf 85' lang='lat' dir='ltr'><strong>Inclyta</strong></span> <span class='ocrx_word' id='word_1_241' title='bbox 2146 2114 2253 2168; x_wconf 89' lang='lat' dir='ltr'><strong>qua</strong></span> <span class='ocrx_word' id='word_1_242' title='bbox 2280 2098 2440 2154; x_wconf 87' lang='lat' dir='ltr'><strong>niveo</strong></span> <span class='ocrx_word' id='word_1_243' title='bbox 2470 2100 2634 2154; x_wconf 88' lang='lat' dir='ltr'><strong>tellus</strong></span> <span class='ocrx_word' id='word_1_244' title='bbox 2663 2100 2872 2155; x_wconf 88' lang='lat' dir='ltr'><strong>radiata</strong></span> <span class='ocrx_word' id='word_1_245' title='bbox 2893 2101 3111 2164; x_wconf 88' lang='lat' dir='ltr'><strong>decore.</strong></span> 
     </span>
    </p>
   </div>
   <div class='ocr_carea' id='block_1_22' title="bbox 197 2167 3179 2270">
    <p class='ocr_par' dir='ltr' id='par_1_22' title="bbox 197 2167 3179 2270">
     <span class='ocr_line' id='line_1_22' title="bbox 197 2167 3179 2270; baseline 0.001 -49"><span class='ocrx_word' id='word_1_246' title='bbox 197 2167 413 2224; x_wconf 84' lang='lat' dir='ltr'><strong>Finbria</strong></span> <span class='ocrx_word' id='word_1_247' title='bbox 440 2176 722 2225; x_wconf 89' lang='lat' dir='ltr'><strong>contactos</strong></span> <span class='ocrx_word' id='word_1_248' title='bbox 750 2170 1083 2225; x_wconf 90' lang='lat' dir='ltr'><strong>medicantis</strong></span> <span class='ocrx_word' id='word_1_249' title='bbox 1107 2170 1506 2224; x_wconf 86' lang='lat' dir='ltr'><strong>Gennesareos.</strong></span> <span class='ocrx_word' id='word_1_250' title='bbox 1911 2167 2253 2261; x_wconf 9' lang='lat' dir='ltr'><strong>corporis,“</strong></span> <span class='ocrx_word' id='word_1_251' title='bbox 2278 2194 2477 2248; x_wconf 66' lang='lat' dir='ltr'><strong>summi</strong></span> <span class='ocrx_word' id='word_1_252' title='bbox 2512 2202 2687 2250; x_wconf 50' lang='lat' dir='ltr'><strong>tactus</strong></span> <span class='ocrx_word' id='word_1_253' title='bbox 2711 2197 2935 2267; x_wconf 46' lang='lat' dir='ltr'><strong>oppleta</strong></span> <span class='ocrx_word' id='word_1_254' title='bbox 2962 2196 3179 2270; x_wconf 55' lang='lat' dir='ltr'><strong>vigore,</strong></span> 
     </span>
    </p>
   </div>
   <div class='ocr_carea' id='block_1_23' title="bbox 195 2260 1759 2360">
    <p class='ocr_par' dir='ltr' id='par_1_23' title="bbox 195 2260 1564 2336">
     <span class='ocr_line' id='line_1_23' title="bbox 195 2260 1564 2336; baseline 0 -21"><span class='ocrx_word' id='word_1_255' title='bbox 195 2260 504 2316; x_wconf 75' lang='lat' dir='ltr'><strong>Morborum</strong></span> <span class='ocrx_word' id='word_1_256' title='bbox 543 2270 800 2336; x_wconf 62' lang='lat' dir='ltr'><strong>aegrotos,</strong></span> <span class='ocrx_word' id='word_1_257' title='bbox 835 2261 994 2333; x_wconf 91' lang='lat' dir='ltr'><strong>pulso</strong></span> <span class='ocrx_word' id='word_1_258' title='bbox 1026 2262 1117 2317; x_wconf 91' lang='lat' dir='ltr'><strong>dat</strong></span> <span class='ocrx_word' id='word_1_259' title='bbox 1145 2262 1367 2317; x_wconf 90' lang='lat' dir='ltr'><strong>turbine</strong></span> <span class='ocrx_word' id='word_1_260' title='bbox 1390 2261 1564 2316; x_wconf 74' lang='lat' dir='ltr'><strong>laetos.</strong></span> 
     </span>
    </p>
   </div>
   <div class='ocr_carea' id='block_1_24' title="bbox 1817 2260 3381 2360">
    <p class='ocr_par' dir='ltr' id='par_1_24' title="bbox 1910 2280 3381 2357">
     <span class='ocr_line' id='line_1_24' title="bbox 1910 2280 3381 2357; baseline 0.005 -23"><span class='ocrx_word' id='word_1_261' title='bbox 1910 2280 2107 2335; x_wconf 83' lang='lat' dir='ltr'><strong>Hausta</strong></span> <span class='ocrx_word' id='word_1_262' title='bbox 2140 2284 2316 2353; x_wconf 87' lang='lat' dir='ltr'><strong>replet</strong></span> <span class='ocrx_word' id='word_1_263' title='bbox 2344 2285 2507 2339; x_wconf 69' lang='lat' dir='ltr'><strong>varia:</strong></span> <span class='ocrx_word' id='word_1_264' title='bbox 2538 2285 2803 2339; x_wconf 90' lang='lat' dir='ltr'><strong>mundum</strong></span> <span class='ocrx_word' id='word_1_265' title='bbox 2832 2286 3130 2357; x_wconf 85' lang='lat' dir='ltr'><strong>splendore</strong></span> <span class='ocrx_word' id='word_1_266' title='bbox 3153 2286 3335 2342; x_wconf 79' lang='lat' dir='ltr'><strong>nitelae</strong></span> <span class='ocrx_word' id='word_1_267' title='bbox 3369 2305 3381 2341; x_wconf 95' lang='lat'>:</span> 
     </span>
    </p>
   </div>
   <div class='ocr_carea' id='block_1_25' title="bbox 193 2350 1757 2450">
    <p class='ocr_par' dir='ltr' id='par_1_25' title="bbox 193 2350 1594 2426">
     <span class='ocr_line' id='line_1_25' title="bbox 193 2350 1594 2426; baseline 0.001 -23"><span class='ocrx_word' id='word_1_268' title='bbox 193 2350 326 2406; x_wconf 73' lang='lat' dir='ltr'><strong>Villa</strong></span> <span class='ocrx_word' id='word_1_269' title='bbox 358 2351 760 2422; x_wconf 87' lang='lat' dir='ltr'><strong>Capharnaum.</strong></span> <span class='ocrx_word' id='word_1_270' title='bbox 794 2351 1059 2406; x_wconf 88' lang='lat' dir='ltr'><strong>virtutum</strong></span> <span class='ocrx_word' id='word_1_271' title='bbox 1090 2366 1319 2406; x_wconf 92' lang='lat' dir='ltr'><strong>munere</strong></span> <span class='ocrx_word' id='word_1_272' title='bbox 1350 2350 1594 2426; x_wconf 83' lang='lat' dir='ltr'><strong>pinguis,</strong></span> 
     </span>
    </p>
   </div>
   <div class='ocr_carea' id='block_1_26' title="bbox 1963 2350 3527 2450">
    <p class='ocr_par' dir='ltr' id='par_1_26' title="bbox 1963 2372 3527 2447">
     <span class='ocr_line' id='line_1_26' title="bbox 1963 2372 3527 2447; baseline 0.001 -21"><span class='ocrx_word' id='word_1_273' title='bbox 1963 2372 2156 2427; x_wconf 88' lang='lat' dir='ltr'><strong>orbida</strong></span> <span class='ocrx_word' id='word_1_274' title='bbox 2185 2374 2435 2429; x_wconf 87' lang='lat' dir='ltr'><strong>membra</strong></span> <span class='ocrx_word' id='word_1_275' title='bbox 2487 2375 2696 2443; x_wconf 86' lang='lat' dir='ltr'><strong>levans,</strong></span> <span class='ocrx_word' id='word_1_276' title='bbox 2724 2383 2889 2447; x_wconf 88' lang='lat' dir='ltr'><strong>atque</strong></span> <span class='ocrx_word' id='word_1_277' title='bbox 2935 2383 3051 2433; x_wconf 88' lang='lat' dir='ltr'><strong>atra</strong></span> <span class='ocrx_word' id='word_1_278' title='bbox 3089 2392 3305 2433; x_wconf 88' lang='lat' dir='ltr'><strong>venena</strong></span> <span class='ocrx_word' id='word_1_279' title='bbox 3346 2374 3527 2446; x_wconf 88' lang='lat' dir='ltr'><strong>repel-</strong></span> 
     </span>
    </p>
   </div>
   <div class='ocr_carea' id='block_1_27' title="bbox 190 2439 3418 2538">
    <p class='ocr_par' dir='ltr' id='par_1_27' title="bbox 190 2439 3418 2538">
     <span class='ocr_line' id='line_1_27' title="bbox 190 2439 3418 2538; baseline 0.006 -45"><span class='ocrx_word' id='word_1_280' title='bbox 190 2440 477 2496; x_wconf 87' lang='lat' dir='ltr'><strong>Ditescens</strong></span> <span class='ocrx_word' id='word_1_281' title='bbox 506 2441 696 2494; x_wconf 90' lang='lat' dir='ltr'><strong>harum</strong></span> <span class='ocrx_word' id='word_1_282' title='bbox 728 2439 837 2495; x_wconf 88' lang='lat' dir='ltr'><strong>late</strong></span> <span class='ocrx_word' id='word_1_283' title='bbox 856 2440 1135 2516; x_wconf 82' lang='lat' dir='ltr'><strong>respergis</strong></span> <span class='ocrx_word' id='word_1_284' title='bbox 1156 2442 1405 2508; x_wconf 91' lang='lat' dir='ltr'><strong>odorem,</strong></span> <span class='ocrx_word' id='word_1_285' title='bbox 2682 2439 2690 2443; x_wconf 63' lang='grc'><em>’</em></span> <span class='ocrx_word' id='word_1_286' title='bbox 2797 2439 2814 2447; x_wconf 75' lang='grc'><em>’</em></span> <span class='ocrx_word' id='word_1_287' title='bbox 3259 2439 3418 2538; x_wconf 51' lang='lat' dir='ltr'><strong>ﬂens:</strong></span> 
     </span>
    </p>
   </div>
   <div class='ocr_carea' id='block_1_28' title="bbox 189 2533 3219 2612">
    <p class='ocr_par' dir='ltr' id='par_1_28' title="bbox 189 2533 3219 2612">
     <span class='ocr_line' id='line_1_28' title="bbox 189 2533 3219 2612; baseline 0.001 -22"><span class='ocrx_word' id='word_1_288' title='bbox 189 2536 302 2601; x_wconf 89' lang='lat' dir='ltr'><strong>Quo</strong></span> <span class='ocrx_word' id='word_1_289' title='bbox 330 2535 505 2590; x_wconf 90' lang='lat' dir='ltr'><strong>variis</strong></span> <span class='ocrx_word' id='word_1_290' title='bbox 533 2541 832 2607; x_wconf 87' lang='lat' dir='ltr'><strong>properant</strong></span> <span class='ocrx_word' id='word_1_291' title='bbox 861 2542 1057 2610; x_wconf 89' lang='lat' dir='ltr'><strong>gentes</strong></span> <span class='ocrx_word' id='word_1_292' title='bbox 1094 2535 1419 2609; x_wconf 86' lang='lat' dir='ltr'><strong>regionibus</strong></span> <span class='ocrx_word' id='word_1_293' title='bbox 1446 2534 1525 2590; x_wconf 90' lang='lat' dir='ltr'><strong>uti</strong></span> <span class='ocrx_word' id='word_1_294' title='bbox 1909 2533 2084 2598; x_wconf 84' lang='lat' dir='ltr'><strong>Quare</strong></span> <span class='ocrx_word' id='word_1_295' title='bbox 2107 2550 2252 2589; x_wconf 89' lang='lat' dir='ltr'><strong>nunc</strong></span> <span class='ocrx_word' id='word_1_296' title='bbox 2280 2536 2457 2612; x_wconf 88' lang='lat' dir='ltr'><strong>magis</strong></span> <span class='ocrx_word' id='word_1_297' title='bbox 2487 2553 2547 2592; x_wconf 92' lang='lat' dir='ltr'><strong>es</strong></span> <span class='ocrx_word' id='word_1_298' title='bbox 2573 2543 2687 2594; x_wconf 90' lang='lat' dir='ltr'><strong>toto</strong></span> <span class='ocrx_word' id='word_1_299' title='bbox 2715 2538 3052 2595; x_wconf 86' lang='lat' dir='ltr'><strong>venerabilis</strong></span> <span class='ocrx_word' id='word_1_300' title='bbox 3082 2538 3219 2593; x_wconf 90' lang='lat' dir='ltr'><strong>orbe</strong></span> 
     </span>
    </p>
   </div>
   <div class='ocr_carea' id='block_1_29' title="bbox 189 2623 3329 2703">
    <p class='ocr_par' dir='ltr' id='par_1_29' title="bbox 189 2623 3329 2703">
     <span class='ocr_line' id='line_1_29' title="bbox 189 2623 3329 2703; baseline 0.001 -23"><span class='ocrx_word' id='word_1_301' title='bbox 189 2626 249 2680; x_wconf 82' lang='lat' dir='ltr'><strong>Et</strong></span> <span class='ocrx_word' id='word_1_302' title='bbox 276 2625 483 2680; x_wconf 85' lang='lat' dir='ltr'><strong>ﬂamen</strong></span> <span class='ocrx_word' id='word_1_303' title='bbox 504 2625 631 2681; x_wconf 64' lang='lat' dir='ltr'><strong>vita?</strong></span> <span class='ocrx_word' id='word_1_304' title='bbox 661 2640 828 2680; x_wconf 90' lang='lat' dir='ltr'><strong>sensu</strong></span> <span class='ocrx_word' id='word_1_305' title='bbox 858 2632 1082 2696; x_wconf 86' lang='lat' dir='ltr'><strong>captare</strong></span> <span class='ocrx_word' id='word_1_306' title='bbox 1114 2623 1265 2679; x_wconf 89' lang='lat' dir='ltr'><strong>ﬁdeli</strong></span> <span class='ocrx_word' id='word_1_307' title='bbox 1909 2624 2078 2687; x_wconf 87' lang='lat' dir='ltr'><strong>Quam</strong></span> <span class='ocrx_word' id='word_1_308' title='bbox 2105 2625 2381 2696; x_wconf 90' lang='lat' dir='ltr'><strong>quondam</strong></span> <span class='ocrx_word' id='word_1_309' title='bbox 2413 2626 2578 2682; x_wconf 88' lang='lat' dir='ltr'><strong>unius</strong></span> <span class='ocrx_word' id='word_1_310' title='bbox 2608 2644 2805 2683; x_wconf 88' lang='lat' dir='ltr'><strong>curans</strong></span> <span class='ocrx_word' id='word_1_311' title='bbox 2826 2627 3098 2684; x_wconf 90' lang='lat' dir='ltr'><strong>solemnia</strong></span> <span class='ocrx_word' id='word_1_312' title='bbox 3125 2629 3329 2703; x_wconf 89' lang='lat' dir='ltr'><strong>gentis,</strong></span> 
     </span>
    </p>
   </div>
   <div class='ocr_carea' id='block_1_30' title="bbox 188 2716 3418 2799">
    <p class='ocr_par' dir='ltr' id='par_1_30' title="bbox 188 2716 3418 2799">
     <span class='ocr_line' id='line_1_30' title="bbox 188 2716 3418 2799; baseline 0.002 -25"><span class='ocrx_word' id='word_1_313' title='bbox 188 2717 413 2774; x_wconf 88' lang='lat' dir='ltr'><strong>Sidonis</strong></span> <span class='ocrx_word' id='word_1_314' title='bbox 432 2716 695 2789; x_wconf 82' lang='lat' dir='ltr'><strong>Tyriique</strong></span> <span class='ocrx_word' id='word_1_315' title='bbox 724 2716 848 2781; x_wconf 90' lang='lat' dir='ltr'><strong>viri,</strong></span> <span class='ocrx_word' id='word_1_316' title='bbox 882 2717 1165 2789; x_wconf 59' lang='lat' dir='ltr'><strong>Syriaeque</strong></span> <span class='ocrx_word' id='word_1_317' title='bbox 1185 2717 1387 2783; x_wconf 91' lang='lat' dir='ltr'><strong>coloni,</strong></span> <span class='ocrx_word' id='word_1_318' title='bbox 1906 2718 2061 2774; x_wconf 84' lang='lat' dir='ltr'><strong>Mons</strong></span> <span class='ocrx_word' id='word_1_319' title='bbox 2089 2720 2245 2787; x_wconf 89' lang='lat' dir='ltr'><strong>uber,</strong></span> <span class='ocrx_word' id='word_1_320' title='bbox 2275 2737 2436 2777; x_wconf 84' lang='lat' dir='ltr'><strong>mons</strong></span> <span class='ocrx_word' id='word_1_321' title='bbox 2463 2722 2761 2791; x_wconf 87' lang='lat' dir='ltr'><strong>exsultans,</strong></span> <span class='ocrx_word' id='word_1_322' title='bbox 2803 2738 2963 2779; x_wconf 90' lang='lat' dir='ltr'><strong>mons</strong></span> <span class='ocrx_word' id='word_1_323' title='bbox 2991 2723 3217 2799; x_wconf 87' lang='lat' dir='ltr'><strong>pinguis</strong></span> <span class='ocrx_word' id='word_1_324' title='bbox 3240 2723 3418 2791; x_wconf 79' lang='lat' dir='ltr'><strong>olivae,</strong></span> 
     </span>
    </p>
   </div>
   <div class='ocr_carea' id='block_1_31' title="bbox 192 2807 3038 2890">
    <p class='ocr_par' dir='ltr' id='par_1_31' title="bbox 192 2807 3038 2890">
     <span class='ocr_line' id='line_1_31' title="bbox 192 2807 3038 2890; baseline 0.001 -23"><span class='ocrx_word' id='word_1_325' title='bbox 192 2811 391 2867; x_wconf 85' lang='lat' dir='ltr'><strong>Plebes</strong></span> <span class='ocrx_word' id='word_1_326' title='bbox 404 2809 723 2881; x_wconf 63' lang='lat' dir='ltr'><strong>Iudaeaque</strong></span> <span class='ocrx_word' id='word_1_327' title='bbox 754 2807 1199 2882; x_wconf 88' lang='lat' dir='ltr'><strong>Samaritumque</strong></span> <span class='ocrx_word' id='word_1_328' title='bbox 1221 2816 1473 2866; x_wconf 72' lang='lat' dir='ltr'><strong>catervae.</strong></span> <span class='ocrx_word' id='word_1_329' title='bbox 1908 2810 2356 2867; x_wconf 85' lang='lat' dir='ltr'><strong>lmmarcescibili</strong></span> <span class='ocrx_word' id='word_1_330' title='bbox 2385 2814 2631 2869; x_wconf 88' lang='lat' dir='ltr'><strong>retinens</strong></span> <span class='ocrx_word' id='word_1_331' title='bbox 2651 2814 2883 2890; x_wconf 87' lang='lat' dir='ltr'><strong>vestigia</strong></span> <span class='ocrx_word' id='word_1_332' title='bbox 2911 2814 3038 2871; x_wconf 87' lang='lat' dir='ltr'><strong>feno</strong></span> 
     </span>
    </p>
   </div>
   <div class='ocr_carea' id='block_1_32' title="bbox 188 2902 3257 2979">
    <p class='ocr_par' dir='ltr' id='par_1_32' title="bbox 188 2902 3257 2979">
     <span class='ocr_line' id='line_1_32' title="bbox 188 2902 3257 2979; baseline -0 -16"><span class='ocrx_word' id='word_1_333' title='bbox 188 2904 472 2963; x_wconf 73' lang='lat' dir='ltr'><strong>Bethaniae</strong></span> <span class='ocrx_word' id='word_1_334' title='bbox 498 2903 677 2969; x_wconf 91' lang='lat' dir='ltr'><strong>tellus,</strong></span> <span class='ocrx_word' id='word_1_335' title='bbox 698 2903 919 2977; x_wconf 88' lang='lat' dir='ltr'><strong>gemina</strong></span> <span class='ocrx_word' id='word_1_336' title='bbox 948 2904 1147 2959; x_wconf 88' lang='lat' dir='ltr'><strong>virtute</strong></span> <span class='ocrx_word' id='word_1_337' title='bbox 1178 2902 1418 2979; x_wconf 86' lang='lat' dir='ltr'><strong>refulges</strong></span> <span class='ocrx_word' id='word_1_338' title='bbox 1451 2921 1464 2958; x_wconf 92' lang='lat'><strong>:</strong></span> <span class='ocrx_word' id='word_1_339' title='bbox 1906 2902 2076 2967; x_wconf 87' lang='lat' dir='ltr'><strong>Felix,</strong></span> <span class='ocrx_word' id='word_1_340' title='bbox 2101 2920 2223 2976; x_wconf 82' lang='lat' dir='ltr'><strong>quae</strong></span> <span class='ocrx_word' id='word_1_341' title='bbox 2253 2905 2491 2974; x_wconf 89' lang='lat' dir='ltr'><strong>Domini,</strong></span> <span class='ocrx_word' id='word_1_342' title='bbox 2524 2905 2698 2962; x_wconf 89' lang='lat' dir='ltr'><strong>Patris</strong></span> <span class='ocrx_word' id='word_1_343' title='bbox 2723 2906 2921 2963; x_wconf 90' lang='lat' dir='ltr'><strong>solium</strong></span> <span class='ocrx_word' id='word_1_344' title='bbox 2946 2906 3257 2976; x_wconf 89' lang='lat' dir='ltr'><strong>subeuntis,</strong></span> 
     </span>
    </p>
   </div>
   <div class='ocr_carea' id='block_1_33' title="bbox 182 2994 3205 3081">
    <p class='ocr_par' dir='ltr' id='par_1_33' title="bbox 182 2994 3205 3081">
     <span class='ocr_line' id='line_1_33' title="bbox 182 2994 3205 3081; baseline 0.001 -27"><span class='ocrx_word' id='word_1_345' title='bbox 182 3000 307 3056; x_wconf 78' lang='lat' dir='ltr'><strong>Aret</strong></span> <span class='ocrx_word' id='word_1_346' title='bbox 332 3017 446 3073; x_wconf 88' lang='lat' dir='ltr'><strong>qua</strong></span> <span class='ocrx_word' id='word_1_347' title='bbox 474 2994 702 3069; x_wconf 85' lang='lat' dir='ltr'><strong>sterilis,</strong></span> <span class='ocrx_word' id='word_1_348' title='bbox 735 3003 913 3078; x_wconf 88' lang='lat' dir='ltr'><strong>surgit</strong></span> <span class='ocrx_word' id='word_1_349' title='bbox 944 3004 1014 3060; x_wconf 94' lang='lat' dir='ltr'><strong>de</strong></span> <span class='ocrx_word' id='word_1_350' title='bbox 1045 3011 1225 3061; x_wconf 89' lang='lat' dir='ltr'><strong>morte</strong></span> <span class='ocrx_word' id='word_1_351' title='bbox 1258 3002 1457 3061; x_wconf 87' lang='lat' dir='ltr'><strong>ﬁdelis.</strong></span> <span class='ocrx_word' id='word_1_352' title='bbox 1784 3076 1791 3081; x_wconf 22' lang='grc' dir='ltr'>δ</span> <span class='ocrx_word' id='word_1_353' title='bbox 1908 2998 2245 3072; x_wconf 83' lang='lat' dir='ltr'><strong>Impressere</strong></span> <span class='ocrx_word' id='word_1_354' title='bbox 2276 3001 2469 3074; x_wconf 89' lang='lat' dir='ltr'><strong>pedes,</strong></span> <span class='ocrx_word' id='word_1_355' title='bbox 2502 3002 2628 3059; x_wconf 78' lang='lat' dir='ltr'><strong>cceli</strong></span> <span class='ocrx_word' id='word_1_356' title='bbox 2666 3018 2911 3061; x_wconf 83' lang='lat' dir='ltr'><strong>convexa</strong></span> <span class='ocrx_word' id='word_1_357' title='bbox 2933 3009 3205 3075; x_wconf 89' lang='lat' dir='ltr'><strong>petentes.</strong></span> 
     </span>
    </p>
   </div>
   <div class='ocr_carea' id='block_1_34' title="bbox 184 3088 1664 3169">
    <p class='ocr_par' dir='ltr' id='par_1_34' title="bbox 184 3088 1664 3169">
     <span class='ocr_line' id='line_1_34' title="bbox 184 3088 1664 3169; baseline 0.002 -25"><span class='ocrx_word' id='word_1_358' title='bbox 184 3088 223 3144; x_wconf 90' lang='grc'>0</span> <span class='ocrx_word' id='word_1_359' title='bbox 240 3089 482 3162; x_wconf 65' lang='lat' dir='ltr'><strong>Solymm</strong></span> <span class='ocrx_word' id='word_1_360' title='bbox 505 3106 730 3161; x_wconf 90' lang='lat' dir='ltr'><strong>nomen,</strong></span> <span class='ocrx_word' id='word_1_361' title='bbox 750 3091 1011 3165; x_wconf 88' lang='lat' dir='ltr'><strong>quoniam</strong></span> <span class='ocrx_word' id='word_1_362' title='bbox 1038 3099 1091 3148; x_wconf 91' lang='lat' dir='ltr'><strong>te</strong></span> <span class='ocrx_word' id='word_1_363' title='bbox 1111 3092 1357 3149; x_wconf 90' lang='lat' dir='ltr'><strong>carmine</strong></span> <span class='ocrx_word' id='word_1_364' title='bbox 1389 3109 1624 3169; x_wconf 86' lang='lat' dir='ltr'><strong>pangam</strong></span> <span class='ocrx_word' id='word_1_365' title='bbox 1651 3092 1664 3147; x_wconf 86' lang='lat' dir='ltr'><strong>l</strong></span> 
     </span>
    </p>
   </div>
   <div class='ocr_carea' id='block_1_35' title="bbox 1695 3211 2017 3270">
    <p class='ocr_par' dir='ltr' id='par_1_35' title="bbox 1695 3211 2017 3270">
     <span class='ocr_line' id='line_1_35' title="bbox 1695 3211 2017 3270; baseline 0.006 -2"><span class='ocrx_word' id='word_1_366' title='bbox 1695 3211 1905 3270; x_wconf 84' lang='lat' dir='ltr'><strong>CAPUT</strong></span> <span class='ocrx_word' id='word_1_367' title='bbox 1951 3215 2017 3270; x_wconf 89' lang='lat' dir='ltr'><strong>ll.</strong></span> 
     </span>
    </p>
   </div>
   <div class='ocr_carea' id='block_1_36' title="bbox 1323 3342 2357 3424">
    <p class='ocr_par' dir='ltr' id='par_1_36' title="bbox 1323 3342 2357 3424">
     <span class='ocr_line' id='line_1_36' title="bbox 1323 3342 2357 3424; baseline 0.001 -21"><span class='ocrx_word' id='word_1_368' title='bbox 1323 3342 1403 3403; x_wconf 86' lang='lat' dir='ltr'><strong>De</strong></span> <span class='ocrx_word' id='word_1_369' title='bbox 1431 3344 1676 3405; x_wconf 79' lang='lat' dir='ltr'><strong>ecclesia</strong></span> <span class='ocrx_word' id='word_1_370' title='bbox 1706 3345 1874 3406; x_wconf 85' lang='lat' dir='ltr'><strong>beata</strong></span> <span class='ocrx_word' id='word_1_371' title='bbox 1908 3344 2116 3406; x_wconf 64' lang='lat' dir='ltr'><strong>Marios</strong></span> <span class='ocrx_word' id='word_1_372' title='bbox 2161 3342 2357 3424; x_wconf 84' lang='grc'><strong>(147).</strong></span> 
     </span>
    </p>
   </div>
   <div class='ocr_carea' id='block_1_37' title="bbox 182 3475 3135 3554">
    <p class='ocr_par' dir='ltr' id='par_1_37' title="bbox 182 3475 3135 3554">
     <span class='ocr_line' id='line_1_37' title="bbox 182 3475 3135 3554; baseline -0 -20"><span class='ocrx_word' id='word_1_373' title='bbox 182 3477 333 3535; x_wconf 85' lang='lat' dir='ltr'><strong>Felix</strong></span> <span class='ocrx_word' id='word_1_374' title='bbox 364 3493 401 3534; x_wconf 93' lang='lat' dir='ltr'><strong>o</strong></span> <span class='ocrx_word' id='word_1_375' title='bbox 428 3475 591 3534; x_wconf 83' lang='lat' dir='ltr'><strong>vallis</strong></span> <span class='ocrx_word' id='word_1_376' title='bbox 617 3476 898 3549; x_wconf 82' lang='lat' dir='ltr'><strong>Josaphat,</strong></span> <span class='ocrx_word' id='word_1_377' title='bbox 940 3491 1063 3549; x_wconf 67' lang='lat' dir='ltr'><strong>qua:</strong></span> <span class='ocrx_word' id='word_1_378' title='bbox 1096 3476 1343 3532; x_wconf 89' lang='lat' dir='ltr'><strong>membra</strong></span> <span class='ocrx_word' id='word_1_379' title='bbox 1381 3476 1557 3534; x_wconf 68' lang='lat' dir='ltr'><strong>beata:</strong></span> <span class='ocrx_word' id='word_1_380' title='bbox 1833 3482 1883 3551; x_wconf 62' lang='grc' dir='ltr'><strong>(ς</strong></span> <span class='ocrx_word' id='word_1_381' title='bbox 1904 3479 2015 3534; x_wconf 83' lang='lat' dir='ltr'><strong>Arti</strong></span> <span class='ocrx_word' id='word_1_382' title='bbox 2055 3479 2188 3550; x_wconf 92' lang='lat' dir='ltr'><strong>quid</strong></span> <span class='ocrx_word' id='word_1_383' title='bbox 2200 3478 2415 3554; x_wconf 82' lang='lat' dir='ltr'><strong>jungat,</strong></span> <span class='ocrx_word' id='word_1_384' title='bbox 2448 3479 2653 3535; x_wconf 88' lang='lat' dir='ltr'><strong>divinis</strong></span> <span class='ocrx_word' id='word_1_385' title='bbox 2683 3484 2862 3534; x_wconf 90' lang='lat' dir='ltr'><strong>terrea</strong></span> <span class='ocrx_word' id='word_1_386' title='bbox 2893 3480 3095 3534; x_wconf 89' lang='lat' dir='ltr'><strong>cedant</strong></span> <span class='ocrx_word' id='word_1_387' title='bbox 3121 3496 3135 3532; x_wconf 90' lang='lat'><strong>:</strong></span> 
     </span>
    </p>
   </div>
   <div class='ocr_carea' id='block_1_38' title="bbox 184 3568 3261 3645">
    <p class='ocr_par' dir='ltr' id='par_1_38' title="bbox 184 3568 3261 3645">
     <span class='ocr_line' id='line_1_38' title="bbox 184 3568 3261 3645; baseline -0 -21"><span class='ocrx_word' id='word_1_388' title='bbox 184 3570 433 3645; x_wconf 76' lang='lat' dir='ltr'><strong>Virginis</strong></span> <span class='ocrx_word' id='word_1_389' title='bbox 460 3575 625 3640; x_wconf 91' lang='lat' dir='ltr'><strong>atque</strong></span> <span class='ocrx_word' id='word_1_390' title='bbox 642 3569 737 3624; x_wconf 89' lang='lat' dir='ltr'><strong>Dei</strong></span> <span class='ocrx_word' id='word_1_391' title='bbox 758 3569 1045 3644; x_wconf 84' lang='lat' dir='ltr'><strong>genitricis</strong></span> <span class='ocrx_word' id='word_1_392' title='bbox 1074 3568 1279 3624; x_wconf 91' lang='lat' dir='ltr'><strong>habere</strong></span> <span class='ocrx_word' id='word_1_393' title='bbox 1300 3569 1477 3625; x_wconf 88' lang='lat' dir='ltr'><strong>locata</strong></span> <span class='ocrx_word' id='word_1_394' title='bbox 1906 3570 1947 3622; x_wconf 84' lang='lat' dir='ltr'><strong>A</strong></span> <span class='ocrx_word' id='word_1_395' title='bbox 1977 3568 2169 3625; x_wconf 89' lang='lat' dir='ltr'><strong>ferulis</strong></span> <span class='ocrx_word' id='word_1_396' title='bbox 2197 3584 2398 3640; x_wconf 89' lang='lat' dir='ltr'><strong>pueros</strong></span> <span class='ocrx_word' id='word_1_397' title='bbox 2420 3578 2529 3625; x_wconf 90' lang='lat' dir='ltr'><strong>tres</strong></span> <span class='ocrx_word' id='word_1_398' title='bbox 2567 3575 2780 3635; x_wconf 83' lang='lat' dir='ltr'><strong>evocet,</strong></span> <span class='ocrx_word' id='word_1_399' title='bbox 2800 3570 3017 3640; x_wconf 89' lang='lat' dir='ltr'><strong>hacque</strong></span> <span class='ocrx_word' id='word_1_400' title='bbox 3035 3569 3261 3638; x_wconf 88' lang='lat' dir='ltr'><strong>juvetur</strong></span> 
     </span>
    </p>
   </div>
   <div class='ocr_carea' id='block_1_39' title="bbox 185 3657 3364 3737">
    <p class='ocr_par' dir='ltr' id='par_1_39' title="bbox 185 3657 3364 3737">
     <span class='ocr_line' id='line_1_39' title="bbox 185 3657 3364 3737; baseline 0 -22"><span class='ocrx_word' id='word_1_401' title='bbox 185 3661 363 3737; x_wconf 84' lang='lat' dir='ltr'><strong>Digna</strong></span> <span class='ocrx_word' id='word_1_402' title='bbox 397 3667 621 3732; x_wconf 90' lang='lat' dir='ltr'><strong>reperta</strong></span> <span class='ocrx_word' id='word_1_403' title='bbox 661 3658 909 3730; x_wconf 89' lang='lat' dir='ltr'><strong>quidem,</strong></span> <span class='ocrx_word' id='word_1_404' title='bbox 949 3658 1048 3713; x_wconf 88' lang='lat' dir='ltr'><strong>sed</strong></span> <span class='ocrx_word' id='word_1_405' title='bbox 1094 3674 1203 3714; x_wconf 92' lang='lat' dir='ltr'><strong>non</strong></span> <span class='ocrx_word' id='word_1_406' title='bbox 1227 3657 1571 3714; x_wconf 88' lang='lat' dir='ltr'><strong>abscondere</strong></span> <span class='ocrx_word' id='word_1_407' title='bbox 1616 3657 1805 3713; x_wconf 89' lang='lat' dir='ltr'><strong>mundi</strong></span> <span class='ocrx_word' id='word_1_408' title='bbox 1910 3664 2154 3717; x_wconf 84' lang='lat' dir='ltr'><strong>innocua</strong></span> <span class='ocrx_word' id='word_1_409' title='bbox 2174 3661 2458 3717; x_wconf 88' lang='lat' dir='ltr'><strong>annitente</strong></span> <span class='ocrx_word' id='word_1_410' title='bbox 2487 3677 2654 3716; x_wconf 89' lang='lat' dir='ltr'><strong>manu</strong></span> <span class='ocrx_word' id='word_1_411' title='bbox 2687 3679 2700 3727; x_wconf 90' lang='lat'><strong>;</strong></span> <span class='ocrx_word' id='word_1_412' title='bbox 2733 3670 3070 3733; x_wconf 86' lang='lat' dir='ltr'><strong>superetque</strong></span> <span class='ocrx_word' id='word_1_413' title='bbox 3098 3661 3364 3716; x_wconf 89' lang='lat' dir='ltr'><strong>laborem.</strong></span> 
     </span>
    </p>
   </div>
   <div class='ocr_carea' id='block_1_40' title="bbox 182 3749 3176 3829">
    <p class='ocr_par' dir='ltr' id='par_1_40' title="bbox 182 3749 3176 3829">
     <span class='ocr_line' id='line_1_40' title="bbox 182 3749 3176 3829; baseline 0 -22"><span class='ocrx_word' id='word_1_414' title='bbox 182 3753 361 3827; x_wconf 82' lang='lat' dir='ltr'><strong>Digna</strong></span> <span class='ocrx_word' id='word_1_415' title='bbox 392 3752 489 3807; x_wconf 90' lang='lat' dir='ltr'><strong>diu</strong></span> <span class='ocrx_word' id='word_1_416' title='bbox 518 3750 756 3819; x_wconf 89' lang='lat' dir='ltr'><strong>stellam,</strong></span> <span class='ocrx_word' id='word_1_417' title='bbox 785 3749 956 3806; x_wconf 90' lang='lat' dir='ltr'><strong>divini</strong></span> <span class='ocrx_word' id='word_1_418' title='bbox 977 3750 1199 3805; x_wconf 90' lang='lat' dir='ltr'><strong>luminis</strong></span> <span class='ocrx_word' id='word_1_419' title='bbox 1228 3751 1430 3817; x_wconf 89' lang='lat' dir='ltr'><strong>aulam,</strong></span> <span class='ocrx_word' id='word_1_420' title='bbox 1909 3753 2116 3808; x_wconf 83' lang='lat' dir='ltr'><strong>Mature</strong></span> <span class='ocrx_word' id='word_1_421' title='bbox 2144 3769 2378 3829; x_wconf 87' lang='lat' dir='ltr'><strong>surgens</strong></span> <span class='ocrx_word' id='word_1_422' title='bbox 2398 3753 2640 3808; x_wconf 90' lang='lat' dir='ltr'><strong>monitus</strong></span> <span class='ocrx_word' id='word_1_423' title='bbox 2671 3752 2762 3807; x_wconf 91' lang='lat' dir='ltr'><strong>ille</strong></span> <span class='ocrx_word' id='word_1_424' title='bbox 2803 3753 2970 3808; x_wconf 87' lang='lat' dir='ltr'><strong>edere</strong></span> <span class='ocrx_word' id='word_1_425' title='bbox 3001 3760 3176 3808; x_wconf 90' lang='lat' dir='ltr'><strong>certat</strong></span> 
     </span>
    </p>
   </div>
   <div class='ocr_carea' id='block_1_41' title="bbox 186 3840 3389 3919">
    <p class='ocr_par' dir='ltr' id='par_1_41' title="bbox 186 3840 3389 3919">
     <span class='ocr_line' id='line_1_41' title="bbox 186 3840 3389 3919; baseline -0.003 -17"><span class='ocrx_word' id='word_1_426' title='bbox 186 3849 328 3905; x_wconf 84' lang='lat' dir='ltr'><strong>Luce</strong></span> <span class='ocrx_word' id='word_1_427' title='bbox 350 3854 761 3914; x_wconf 88' lang='lat' dir='ltr'><strong>coruscantem,</strong></span> <span class='ocrx_word' id='word_1_428' title='bbox 790 3863 954 3919; x_wconf 91' lang='lat' dir='ltr'><strong>quam</strong></span> <span class='ocrx_word' id='word_1_429' title='bbox 985 3847 1276 3918; x_wconf 89' lang='lat' dir='ltr'><strong>splendida</strong></span> <span class='ocrx_word' id='word_1_430' title='bbox 1295 3846 1412 3901; x_wconf 88' lang='lat' dir='ltr'><strong>lilia</strong></span> <span class='ocrx_word' id='word_1_431' title='bbox 1434 3846 1657 3917; x_wconf 87' lang='lat' dir='ltr'><strong>vallant,</strong></span> <span class='ocrx_word' id='word_1_432' title='bbox 1911 3842 2269 3913; x_wconf 89' lang='lat' dir='ltr'><strong>Pusiolosque</strong></span> <span class='ocrx_word' id='word_1_433' title='bbox 2305 3842 2493 3898; x_wconf 88' lang='lat' dir='ltr'><strong>schola</strong></span> <span class='ocrx_word' id='word_1_434' title='bbox 2522 3849 2635 3896; x_wconf 91' lang='lat' dir='ltr'><strong>tres</strong></span> <span class='ocrx_word' id='word_1_435' title='bbox 2672 3841 2869 3907; x_wconf 89' lang='lat' dir='ltr'><strong>acciet,</strong></span> <span class='ocrx_word' id='word_1_436' title='bbox 2910 3849 3078 3913; x_wconf 90' lang='lat' dir='ltr'><strong>utque</strong></span> <span class='ocrx_word' id='word_1_437' title='bbox 3117 3840 3389 3912; x_wconf 88' lang='lat' dir='ltr'><strong>probetur</strong></span> 
     </span>
    </p>
   </div>
   <div class='ocr_carea' id='block_1_42' title="bbox 187 3929 3295 4016">
    <p class='ocr_par' dir='ltr' id='par_1_42' title="bbox 187 3929 3295 4016">
     <span class='ocr_line' id='line_1_42' title="bbox 187 3929 3295 4016; baseline -0.003 -22"><span class='ocrx_word' id='word_1_438' title='bbox 187 3942 442 3998; x_wconf 81' lang='lat' dir='ltr'><strong>Humano</strong></span> <span class='ocrx_word' id='word_1_439' title='bbox 479 3940 695 4016; x_wconf 85' lang='lat' dir='ltr'><strong>generi,</strong></span> <span class='ocrx_word' id='word_1_440' title='bbox 720 3940 955 3996; x_wconf 85' lang='lat' dir='ltr'><strong>rutilans</strong></span> <span class='ocrx_word' id='word_1_441' title='bbox 970 3957 1091 4012; x_wconf 58' lang='lat' dir='ltr'><strong>qua</strong></span> <span class='ocrx_word' id='word_1_442' title='bbox 1115 3941 1287 4009; x_wconf 82' lang='lat' dir='ltr'><strong>janua</strong></span> <span class='ocrx_word' id='word_1_443' title='bbox 1316 3940 1457 3996; x_wconf 86' lang='lat' dir='ltr'><strong>lucis</strong></span> <span class='ocrx_word' id='word_1_444' title='bbox 1734 3983 1743 3991; x_wconf 73' lang='grc'>,</span> <span class='ocrx_word' id='word_1_445' title='bbox 1913 3931 2275 4003; x_wconf 77' lang='lat' dir='ltr'><strong>Simplicitate</strong></span> <span class='ocrx_word' id='word_1_446' title='bbox 2298 3931 2468 3985; x_wconf 91' lang='lat' dir='ltr'><strong>Deum</strong></span> <span class='ocrx_word' id='word_1_447' title='bbox 2497 3930 2760 4005; x_wconf 88' lang='lat' dir='ltr'><strong>gaudere,</strong></span> <span class='ocrx_word' id='word_1_448' title='bbox 2794 3937 3040 4001; x_wconf 88' lang='lat' dir='ltr'><strong>patratur</strong></span> <span class='ocrx_word' id='word_1_449' title='bbox 3073 3929 3128 3983; x_wconf 91' lang='lat' dir='ltr'><strong>in</strong></span> <span class='ocrx_word' id='word_1_450' title='bbox 3160 3930 3295 3985; x_wconf 87' lang='lat' dir='ltr'><strong>hora</strong></span> 
     </span>
    </p>
   </div>
   <div class='ocr_carea' id='block_1_43' title="bbox 186 4022 3531 4100">
    <p class='ocr_par' dir='ltr' id='par_1_43' title="bbox 186 4022 3531 4100">
     <span class='ocr_line' id='line_1_43' title="bbox 186 4022 3531 4100; baseline -0.002 -16"><span class='ocrx_word' id='word_1_451' title='bbox 186 4029 425 4096; x_wconf 81' lang='lat' dir='ltr'><strong>Eﬁ‘ulsit,</strong></span> <span class='ocrx_word' id='word_1_452' title='bbox 457 4028 693 4100; x_wconf 67' lang='lat' dir='ltr'><strong>oculique</strong></span> <span class='ocrx_word' id='word_1_453' title='bbox 734 4028 934 4100; x_wconf 89' lang='lat' dir='ltr'><strong>palatia</strong></span> <span class='ocrx_word' id='word_1_454' title='bbox 966 4028 1112 4083; x_wconf 89' lang='lat' dir='ltr'><strong>celsa</strong></span> <span class='ocrx_word' id='word_1_455' title='bbox 1140 4028 1383 4083; x_wconf 90' lang='lat' dir='ltr'><strong>reclusit.</strong></span> <span class='ocrx_word' id='word_1_456' title='bbox 1914 4025 2005 4080; x_wconf 82' lang='lat' dir='ltr'><strong>liis</strong></span> <span class='ocrx_word' id='word_1_457' title='bbox 2034 4025 2182 4098; x_wconf 90' lang='lat' dir='ltr'><strong>quod</strong></span> <span class='ocrx_word' id='word_1_458' title='bbox 2222 4024 2393 4079; x_wconf 89' lang='lat' dir='ltr'><strong>multa</strong></span> <span class='ocrx_word' id='word_1_459' title='bbox 2421 4023 2599 4080; x_wconf 91' lang='lat' dir='ltr'><strong>virum</strong></span> <span class='ocrx_word' id='word_1_460' title='bbox 2656 4040 2853 4079; x_wconf 88' lang='lat' dir='ltr'><strong>manus</strong></span> <span class='ocrx_word' id='word_1_461' title='bbox 2891 4030 3007 4079; x_wconf 90' lang='lat' dir='ltr'><strong>arte</strong></span> <span class='ocrx_word' id='word_1_462' title='bbox 3065 4038 3330 4095; x_wconf 88' lang='lat' dir='ltr'><strong>moraque</strong></span> <span class='ocrx_word' id='word_1_463' title='bbox 3362 4022 3531 4095; x_wconf 91' lang='lat' dir='ltr'><strong>nequi</strong></span> 
     </span>
    </p>
   </div>
   <div class='ocr_carea' id='block_1_44' title="bbox 182 4112 3425 4197">
    <p class='ocr_par' dir='ltr' id='par_1_44' title="bbox 182 4112 3425 4197">
     <span class='ocr_line' id='line_1_44' title="bbox 182 4112 3425 4197; baseline 0 -17"><span class='ocrx_word' id='word_1_464' title='bbox 182 4126 549 4183; x_wconf 84' lang='lat' dir='ltr'><strong>Constantino</strong></span> <span class='ocrx_word' id='word_1_465' title='bbox 576 4125 755 4181; x_wconf 88' lang='lat' dir='ltr'><strong>aulam</strong></span> <span class='ocrx_word' id='word_1_466' title='bbox 794 4126 950 4196; x_wconf 90' lang='lat' dir='ltr'><strong>cujus</strong></span> <span class='ocrx_word' id='word_1_467' title='bbox 980 4124 1280 4182; x_wconf 82' lang='lat' dir='ltr'><strong>fabricante</strong></span> <span class='ocrx_word' id='word_1_468' title='bbox 1311 4125 1633 4197; x_wconf 89' lang='lat' dir='ltr'><strong>parandam,</strong></span> <span class='ocrx_word' id='word_1_469' title='bbox 3309 4112 3425 4184; x_wconf 68' lang='grc' dir='ltr'><strong>[νίιι</strong></span> 
     </span>
    </p>
   </div>
   <div class='ocr_carea' id='block_1_45' title="bbox 183 4200 1747 4292">
    <p class='ocr_par' dir='ltr' id='par_1_45' title="bbox 183 4220 1668 4292">
     <span class='ocr_line' id='line_1_45' title="bbox 183 4220 1668 4292; baseline -0.001 -15"><span class='ocrx_word' id='word_1_470' title='bbox 183 4222 444 4279; x_wconf 82' lang='lat' dir='ltr'><strong>Traditur</strong></span> <span class='ocrx_word' id='word_1_471' title='bbox 475 4223 583 4278; x_wconf 91' lang='lat' dir='ltr'><strong>huc</strong></span> <span class='ocrx_word' id='word_1_472' title='bbox 606 4227 786 4277; x_wconf 87' lang='lat' dir='ltr'><strong>vastas</strong></span> <span class='ocrx_word' id='word_1_473' title='bbox 814 4220 975 4276; x_wconf 89' lang='lat' dir='ltr'><strong>illum</strong></span> <span class='ocrx_word' id='word_1_474' title='bbox 1004 4221 1341 4292; x_wconf 89' lang='lat' dir='ltr'><strong>applicuisse</strong></span> <span class='ocrx_word' id='word_1_475' title='bbox 1380 4220 1668 4276; x_wconf 88' lang='lat' dir='ltr'><strong>columnas</strong></span> 
     </span>
    </p>
   </div>
   <div class='ocr_carea' id='block_1_46' title="bbox 1820 4200 3384 4292">
    <p class='ocr_par' dir='ltr' id='par_1_46' title="bbox 1909 4200 3384 4275">
     <span class='ocr_line' id='line_1_46' title="bbox 1909 4200 3384 4275; baseline -0.001 -16"><span class='ocrx_word' id='word_1_476' title='bbox 1909 4204 2068 4259; x_wconf 88' lang='lat' dir='ltr'><strong>Alma</strong></span> <span class='ocrx_word' id='word_1_477' title='bbox 2089 4202 2312 4275; x_wconf 87' lang='lat' dir='ltr'><strong>quidem</strong></span> <span class='ocrx_word' id='word_1_478' title='bbox 2335 4218 2508 4274; x_wconf 91' lang='lat' dir='ltr'><strong>puero</strong></span> <span class='ocrx_word' id='word_1_479' title='bbox 2537 4218 2660 4275; x_wconf 72' lang='lat' dir='ltr'><strong>quas</strong></span> <span class='ocrx_word' id='word_1_480' title='bbox 2692 4201 2928 4274; x_wconf 72' lang='lat' dir='ltr'><strong>praebuit</strong></span> <span class='ocrx_word' id='word_1_481' title='bbox 2957 4200 3130 4257; x_wconf 90' lang='lat' dir='ltr'><strong>ubera</strong></span> <span class='ocrx_word' id='word_1_482' title='bbox 3151 4200 3384 4265; x_wconf 88' lang='lat' dir='ltr'><strong>Christo,</strong></span> 
     </span>
    </p>
   </div>
   <div class='ocr_carea' id='block_1_47' title="bbox 182 4294 1746 4396">
    <p class='ocr_par' dir='ltr' id='par_1_47' title="bbox 182 4313 1507 4388">
     <span class='ocr_line' id='line_1_47' title="bbox 182 4313 1507 4388; baseline 0.001 -19"><span class='ocrx_word' id='word_1_483' title='bbox 182 4316 474 4388; x_wconf 76' lang='lat' dir='ltr'><strong>Aptandas</strong></span> <span class='ocrx_word' id='word_1_484' title='bbox 500 4314 678 4387; x_wconf 86' lang='lat' dir='ltr'><strong>operi,</strong></span> <span class='ocrx_word' id='word_1_485' title='bbox 701 4323 814 4371; x_wconf 90' lang='lat' dir='ltr'><strong>tum</strong></span> <span class='ocrx_word' id='word_1_486' title='bbox 848 4313 1062 4369; x_wconf 89' lang='lat' dir='ltr'><strong>nisibus</strong></span> <span class='ocrx_word' id='word_1_487' title='bbox 1090 4313 1289 4369; x_wconf 89' lang='lat' dir='ltr'><strong>ordine</strong></span> <span class='ocrx_word' id='word_1_488' title='bbox 1318 4314 1507 4385; x_wconf 89' lang='lat' dir='ltr'><strong>plures</strong></span> 
     </span>
    </p>
   </div>
   <div class='ocr_carea' id='block_1_48' title="bbox 1614 4294 3178 4396">
    <p class='ocr_par' dir='ltr' id='par_1_48' title="bbox 1912 4294 3178 4369">
     <span class='ocr_line' id='line_1_48' title="bbox 1912 4294 3178 4369; baseline -0.002 -18"><span class='ocrx_word' id='word_1_489' title='bbox 1912 4296 2039 4351; x_wconf 91' lang='lat' dir='ltr'><strong>Sola</strong></span> <span class='ocrx_word' id='word_1_490' title='bbox 2067 4294 2164 4350; x_wconf 91' lang='lat' dir='ltr'><strong>Dei</strong></span> <span class='ocrx_word' id='word_1_491' title='bbox 2193 4294 2449 4369; x_wconf 88' lang='lat' dir='ltr'><strong>genitrix,</strong></span> <span class='ocrx_word' id='word_1_492' title='bbox 2475 4301 2531 4350; x_wconf 93' lang='lat' dir='ltr'><strong>et</strong></span> <span class='ocrx_word' id='word_1_493' title='bbox 2558 4294 2712 4368; x_wconf 84' lang='lat' dir='ltr'><strong>virgo</strong></span> <span class='ocrx_word' id='word_1_494' title='bbox 2744 4309 3018 4366; x_wconf 86' lang='lat' dir='ltr'><strong>puerpera</strong></span> <span class='ocrx_word' id='word_1_495' title='bbox 3042 4294 3178 4358; x_wconf 87' lang='lat' dir='ltr'><strong>sola,</strong></span> 
     </span>
    </p>
   </div>
   <div class='ocr_carea' id='block_1_49' title="bbox 186 4385 1750 4475">
    <p class='ocr_par' dir='ltr' id='par_1_49' title="bbox 186 4385 1450 4475">
     <span class='ocr_line' id='line_1_49' title="bbox 186 4385 1450 4475; baseline -0.002 -14"><span class='ocrx_word' id='word_1_496' title='bbox 186 4385 443 4465; x_wconf 80' lang='lat' dir='ltr'><strong>Artifices</strong></span> <span class='ocrx_word' id='word_1_497' title='bbox 467 4385 685 4462; x_wconf 82' lang='lat' dir='ltr'><strong>trivisse</strong></span> <span class='ocrx_word' id='word_1_498' title='bbox 714 4406 856 4473; x_wconf 85' lang='lat' dir='ltr'><strong>dies,</strong></span> <span class='ocrx_word' id='word_1_499' title='bbox 888 4405 1039 4461; x_wconf 89' lang='lat' dir='ltr'><strong>nulla</strong></span> <span class='ocrx_word' id='word_1_500' title='bbox 1066 4412 1184 4461; x_wconf 89' lang='lat' dir='ltr'><strong>arte</strong></span> <span class='ocrx_word' id='word_1_501' title='bbox 1204 4404 1450 4475; x_wconf 85' lang='lat' dir='ltr'><strong>juvante.</strong></span> 
     </span>
    </p>
   </div>
   <div class='ocr_carea' id='block_1_50' title="bbox 1538 4385 3102 4475">
    <p class='ocr_par' dir='ltr' id='par_1_50' title="bbox 1910 4385 3102 4461">
     <span class='ocr_line' id='line_1_50' title="bbox 1910 4385 3102 4461; baseline 0 -21"><span class='ocrx_word' id='word_1_502' title='bbox 1910 4386 2037 4451; x_wconf 66' lang='lat' dir='ltr'><strong>Quae</strong></span> <span class='ocrx_word' id='word_1_503' title='bbox 2068 4385 2193 4441; x_wconf 65' lang='lat' dir='ltr'><strong>caeli</strong></span> <span class='ocrx_word' id='word_1_504' title='bbox 2221 4385 2355 4441; x_wconf 85' lang='lat' dir='ltr'><strong>tovit</strong></span> <span class='ocrx_word' id='word_1_505' title='bbox 2386 4385 2531 4461; x_wconf 90' lang='lat' dir='ltr'><strong>regis</strong></span> <span class='ocrx_word' id='word_1_506' title='bbox 2556 4385 2795 4457; x_wconf 70' lang='lat' dir='ltr'><strong>puerilia</strong></span> <span class='ocrx_word' id='word_1_507' title='bbox 2835 4385 3102 4453; x_wconf 90' lang='lat' dir='ltr'><strong>membra,</strong></span> 
     </span>
    </p>
   </div>
   <div class='ocr_carea' id='block_1_51' title="bbox 187 4480 3178 4571">
    <p class='ocr_par' dir='ltr' id='par_1_51' title="bbox 187 4480 3178 4571">
     <span class='ocr_line' id='line_1_51' title="bbox 187 4480 3178 4571; baseline -0.007 -17"><span class='ocrx_word' id='word_1_508' title='bbox 187 4496 415 4554; x_wconf 82' lang='lat' dir='ltr'><strong>Cassato</strong></span> <span class='ocrx_word' id='word_1_509' title='bbox 446 4496 672 4552; x_wconf 87' lang='lat' dir='ltr'><strong>tandem</strong></span> <span class='ocrx_word' id='word_1_510' title='bbox 704 4495 914 4571; x_wconf 86' lang='lat' dir='ltr'><strong>ingenii</strong></span> <span class='ocrx_word' id='word_1_511' title='bbox 952 4495 1241 4551; x_wconf 85' lang='lat' dir='ltr'><strong>conamine</strong></span> <span class='ocrx_word' id='word_1_512' title='bbox 1268 4503 1487 4562; x_wconf 90' lang='lat' dir='ltr'><strong>cuncto,</strong></span> <span class='ocrx_word' id='word_1_513' title='bbox 1910 4481 2208 4537; x_wconf 83' lang='lat' dir='ltr'><strong>Parvorum</strong></span> <span class='ocrx_word' id='word_1_514' title='bbox 2229 4480 2428 4535; x_wconf 89' lang='lat' dir='ltr'><strong>rectrix</strong></span> <span class='ocrx_word' id='word_1_515' title='bbox 2454 4489 2510 4534; x_wconf 92' lang='lat' dir='ltr'><strong>et</strong></span> <span class='ocrx_word' id='word_1_516' title='bbox 2537 4480 2910 4551; x_wconf 87' lang='lat' dir='ltr'><strong>simplicitatis</strong></span> <span class='ocrx_word' id='word_1_517' title='bbox 2942 4480 3178 4535; x_wconf 86' lang='lat' dir='ltr'><strong>amatrix</strong></span> 
     </span>
    </p>
   </div>
   <div class='ocr_carea' id='block_1_52' title="bbox 186 4576 1750 4667">
    <p class='ocr_par' dir='ltr' id='par_1_52' title="bbox 186 4586 1638 4667">
     <span class='ocr_line' id='line_1_52' title="bbox 186 4586 1638 4667; baseline -0.001 -24"><span class='ocrx_word' id='word_1_518' title='bbox 186 4590 356 4667; x_wconf 76' lang='lat' dir='ltr'><strong>Virgo</strong></span> <span class='ocrx_word' id='word_1_519' title='bbox 373 4590 621 4663; x_wconf 83' lang='lat' dir='ltr'><strong>benigna</strong></span> <span class='ocrx_word' id='word_1_520' title='bbox 646 4588 811 4645; x_wconf 86' lang='lat' dir='ltr'><strong>docet</strong></span> <span class='ocrx_word' id='word_1_521' title='bbox 837 4604 946 4660; x_wconf 88' lang='lat' dir='ltr'><strong>qua</strong></span> <span class='ocrx_word' id='word_1_522' title='bbox 973 4587 1085 4643; x_wconf 89' lang='lat' dir='ltr'><strong>sint</strong></span> <span class='ocrx_word' id='word_1_523' title='bbox 1114 4588 1317 4644; x_wconf 91' lang='lat' dir='ltr'><strong>virtute</strong></span> <span class='ocrx_word' id='word_1_524' title='bbox 1346 4586 1593 4644; x_wconf 51' lang='lat' dir='ltr'><strong>locanda).</strong></span> <span class='ocrx_word' id='word_1_525' title='bbox 1624 4604 1638 4640; x_wconf 89' lang='lat'><strong>:</strong></span> 
     </span>
    </p>
   </div>
   <div class='ocr_carea' id='block_1_53' title="bbox 1771 4576 3335 4667">
    <p class='ocr_par' dir='ltr' id='par_1_53' title="bbox 1843 4576 3335 4667">
     <span class='ocr_line' id='line_1_53' title="bbox 1843 4576 3335 4667; baseline 0.001 -37"><span class='ocrx_word' id='word_1_526' title='bbox 1843 4576 2111 4667; x_wconf 62' lang='lat' dir='ltr'><strong>“Enitet,</strong></span> <span class='ocrx_word' id='word_1_527' title='bbox 2142 4576 2517 4648; x_wconf 84' lang='lat' dir='ltr'><strong>exemplisque</strong></span> <span class='ocrx_word' id='word_1_528' title='bbox 2543 4576 2736 4647; x_wconf 87' lang='lat' dir='ltr'><strong>probat</strong></span> <span class='ocrx_word' id='word_1_529' title='bbox 2766 4592 2826 4631; x_wconf 91' lang='lat' dir='ltr'><strong>se</strong></span> <span class='ocrx_word' id='word_1_530' title='bbox 2859 4590 3090 4632; x_wconf 89' lang='lat' dir='ltr'><strong>noscere</strong></span> <span class='ocrx_word' id='word_1_531' title='bbox 3117 4592 3335 4648; x_wconf 84' lang='lat' dir='ltr'><strong>parvos.</strong></span> 
     </span>
    </p>
   </div>
   <div class='ocr_carea' id='block_1_54' title="bbox 190 4650 1904 4751">
    <p class='ocr_par' dir='ltr' id='par_1_54' title="bbox 190 4650 1904 4751">
     <span class='ocr_line' id='line_1_54' title="bbox 190 4650 1904 4751; baseline -0.003 -17"><span class='ocrx_word' id='word_1_532' title='bbox 190 4650 478 4737; x_wconf 63' lang='lat' dir='ltr'><strong>Admonet</strong></span> <span class='ocrx_word' id='word_1_533' title='bbox 505 4650 815 4748; x_wconf 54' lang='lat' dir='ltr'><strong>gadicolam,</strong></span> <span class='ocrx_word' id='word_1_534' title='bbox 848 4650 973 4750; x_wconf 82' lang='lat' dir='ltr'><strong>post</strong></span> <span class='ocrx_word' id='word_1_535' title='bbox 1000 4677 1154 4734; x_wconf 84' lang='lat' dir='ltr'><strong>irrita</strong></span> <span class='ocrx_word' id='word_1_536' title='bbox 1178 4684 1359 4750; x_wconf 71' lang='lat' dir='ltr'><strong>erepta</strong></span> <span class='ocrx_word' id='word_1_537' title='bbox 1387 4691 1674 4751; x_wconf 90' lang='lat' dir='ltr'><strong>soporum,</strong></span> <span class='ocrx_word' id='word_1_538' title='bbox 1843 4650 1904 4720; x_wconf 82' lang='lat' dir='ltr'><strong>D</strong></span> 
     </span>
    </p>
   </div>
   <div class='ocr_carea' id='block_1_55' title="bbox 1702 4806 2043 4866">
    <p class='ocr_par' dir='ltr' id='par_1_55' title="bbox 1702 4806 2043 4866">
     <span class='ocr_line' id='line_1_55' title="bbox 1702 4806 2043 4866; baseline -0.015 0"><span class='ocrx_word' id='word_1_539' title='bbox 1702 4808 1910 4866; x_wconf 86' lang='lat' dir='ltr'><strong>CAPUT</strong></span> <span class='ocrx_word' id='word_1_540' title='bbox 1952 4806 2043 4862; x_wconf 90' lang='lat' dir='ltr'><strong>lll.</strong></span> 
     </span>
    </p>
   </div>
   <div class='ocr_carea' id='block_1_56' title="bbox 1306 4936 2414 5027">
    <p class='ocr_par' dir='ltr' id='par_1_56' title="bbox 1306 4936 2414 5027">
     <span class='ocr_line' id='line_1_56' title="bbox 1306 4936 2414 5027; baseline -0.011 -17"><span class='ocrx_word' id='word_1_541' title='bbox 1306 4949 1387 5009; x_wconf 82' lang='lat' dir='ltr'><strong>De</strong></span> <span class='ocrx_word' id='word_1_542' title='bbox 1408 4963 1597 5027; x_wconf 77' lang='lat' dir='ltr'><strong>puero</strong></span> <span class='ocrx_word' id='word_1_543' title='bbox 1627 4947 1698 5007; x_wconf 87' lang='lat' dir='ltr'><strong>ab</strong></span> <span class='ocrx_word' id='word_1_544' title='bbox 1730 4948 1869 5023; x_wconf 73' lang='lat' dir='ltr'><strong>igne</strong></span> <span class='ocrx_word' id='word_1_545' title='bbox 1900 4943 2149 5004; x_wconf 72' lang='lat' dir='ltr'><strong>liberato</strong></span> <span class='ocrx_word' id='word_1_546' title='bbox 2178 4936 2414 5017; x_wconf 74' lang='grc'><strong>(147³⁸).</strong></span> 
     </span>
    </p>
   </div>
   <div class='ocr_carea' id='block_1_57' title="bbox 186 5072 3334 5154">
    <p class='ocr_par' dir='ltr' id='par_1_57' title="bbox 186 5072 3334 5154">
     <span class='ocr_line' id='line_1_57' title="bbox 186 5072 3334 5154; baseline 0 -22"><span class='ocrx_word' id='word_1_547' title='bbox 186 5075 297 5133; x_wconf 79' lang='lat' dir='ltr'><strong>Sic</strong></span> <span class='ocrx_word' id='word_1_548' title='bbox 325 5093 552 5150; x_wconf 88' lang='lat' dir='ltr'><strong>puerum</strong></span> <span class='ocrx_word' id='word_1_549' title='bbox 572 5076 811 5136; x_wconf 89' lang='lat' dir='ltr'><strong>truciore</strong></span> <span class='ocrx_word' id='word_1_550' title='bbox 840 5094 975 5154; x_wconf 87' lang='lat' dir='ltr'><strong>rogo</strong></span> <span class='ocrx_word' id='word_1_551' title='bbox 1003 5078 1297 5151; x_wconf 89' lang='lat' dir='ltr'><strong>Babylonis</strong></span> <span class='ocrx_word' id='word_1_552' title='bbox 1324 5079 1598 5147; x_wconf 90' lang='lat' dir='ltr'><strong>adactum,</strong></span> <span class='ocrx_word' id='word_1_553' title='bbox 1918 5073 2171 5130; x_wconf 85' lang='lat' dir='ltr'><strong>Mollibus</strong></span> <span class='ocrx_word' id='word_1_554' title='bbox 2210 5078 2269 5128; x_wconf 93' lang='lat' dir='ltr'><strong>ut</strong></span> <span class='ocrx_word' id='word_1_555' title='bbox 2291 5072 2517 5144; x_wconf 88' lang='lat' dir='ltr'><strong>plumis,</strong></span> <span class='ocrx_word' id='word_1_556' title='bbox 2557 5073 2733 5128; x_wconf 90' lang='lat' dir='ltr'><strong>roseis</strong></span> <span class='ocrx_word' id='word_1_557' title='bbox 2755 5073 3100 5131; x_wconf 88' lang='lat' dir='ltr'><strong>discumbere</strong></span> <span class='ocrx_word' id='word_1_558' title='bbox 3140 5077 3334 5148; x_wconf 85' lang='lat' dir='ltr'><strong>prunis</strong></span> 
     </span>
    </p>
   </div>
   <div class='ocr_carea' id='block_1_58' title="bbox 189 5163 3254 5241">
    <p class='ocr_par' dir='ltr' id='par_1_58' title="bbox 189 5163 3254 5241">
     <span class='ocr_line' id='line_1_58' title="bbox 189 5163 3254 5241; baseline -0 -19"><span class='ocrx_word' id='word_1_559' title='bbox 189 5168 376 5232; x_wconf 85' lang='lat' dir='ltr'><strong>Quem</strong></span> <span class='ocrx_word' id='word_1_560' title='bbox 403 5177 575 5240; x_wconf 89' lang='lat' dir='ltr'><strong>pater,</strong></span> <span class='ocrx_word' id='word_1_561' title='bbox 605 5169 1005 5241; x_wconf 88' lang='lat' dir='ltr'><strong>aspidibusque</strong></span> <span class='ocrx_word' id='word_1_562' title='bbox 1038 5168 1283 5241; x_wconf 82' lang='lat' dir='ltr'><strong>ferisque</strong></span> <span class='ocrx_word' id='word_1_563' title='bbox 1314 5168 1555 5225; x_wconf 86' lang='lat' dir='ltr'><strong>ferocior</strong></span> <span class='ocrx_word' id='word_1_564' title='bbox 1585 5169 1683 5237; x_wconf 89' lang='lat' dir='ltr'><strong>ira,</strong></span> <span class='ocrx_word' id='word_1_565' title='bbox 1923 5164 2193 5228; x_wconf 84' lang='lat' dir='ltr'><strong>Cernitur,</strong></span> <span class='ocrx_word' id='word_1_566' title='bbox 2225 5171 2280 5219; x_wconf 91' lang='lat' dir='ltr'><strong>et</strong></span> <span class='ocrx_word' id='word_1_567' title='bbox 2309 5170 2496 5234; x_wconf 92' lang='lat' dir='ltr'><strong>raptus</strong></span> <span class='ocrx_word' id='word_1_568' title='bbox 2527 5163 2717 5234; x_wconf 90' lang='lat' dir='ltr'><strong>populi</strong></span> <span class='ocrx_word' id='word_1_569' title='bbox 2757 5165 2997 5236; x_wconf 89' lang='lat' dir='ltr'><strong>stipante</strong></span> <span class='ocrx_word' id='word_1_570' title='bbox 3027 5181 3254 5236; x_wconf 89' lang='lat' dir='ltr'><strong>corona,</strong></span> 
     </span>
    </p>
   </div>
   <div class='ocr_carea' id='block_1_59' title="bbox 197 5254 3399 5332">
    <p class='ocr_par' dir='ltr' id='par_1_59' title="bbox 197 5254 3399 5332">
     <span class='ocr_line' id='line_1_59' title="bbox 197 5254 3399 5332; baseline -0.002 -16"><span class='ocrx_word' id='word_1_571' title='bbox 197 5258 436 5331; x_wconf 74' lang='lat' dir='ltr'><strong>Ignibus</strong></span> <span class='ocrx_word' id='word_1_572' title='bbox 457 5261 742 5329; x_wconf 87' lang='lat' dir='ltr'><strong>injectum.</strong></span> <span class='ocrx_word' id='word_1_573' title='bbox 767 5261 1147 5332; x_wconf 88' lang='lat' dir='ltr'><strong>superaddens</strong></span> <span class='ocrx_word' id='word_1_574' title='bbox 1177 5261 1377 5317; x_wconf 92' lang='lat' dir='ltr'><strong>robora</strong></span> <span class='ocrx_word' id='word_1_575' title='bbox 1405 5260 1661 5327; x_wconf 85' lang='lat' dir='ltr'><strong>ﬂammis,</strong></span> <span class='ocrx_word' id='word_1_576' title='bbox 1926 5254 2199 5319; x_wconf 65' lang='lat' dir='ltr'><strong>Quaeritur</strong></span> <span class='ocrx_word' id='word_1_577' title='bbox 2227 5261 2288 5308; x_wconf 92' lang='lat' dir='ltr'><strong>ut</strong></span> <span class='ocrx_word' id='word_1_578' title='bbox 2308 5259 2533 5324; x_wconf 90' lang='lat' dir='ltr'><strong>superet</strong></span> <span class='ocrx_word' id='word_1_579' title='bbox 2565 5262 2671 5307; x_wconf 90' lang='lat' dir='ltr'><strong>tam</strong></span> <span class='ocrx_word' id='word_1_580' title='bbox 2704 5261 2855 5309; x_wconf 87' lang='lat' dir='ltr'><strong>vasta</strong></span> <span class='ocrx_word' id='word_1_581' title='bbox 2882 5255 3139 5310; x_wconf 89' lang='lat' dir='ltr'><strong>incendia</strong></span> <span class='ocrx_word' id='word_1_582' title='bbox 3166 5257 3346 5311; x_wconf 88' lang='lat' dir='ltr'><strong>salvus</strong></span> <span class='ocrx_word' id='word_1_583' title='bbox 3370 5257 3399 5311; x_wconf 68' lang='grc' dir='ltr'><strong>ἲ)</strong></span> 
     </span>
    </p>
   </div>
   <div class='ocr_carea' id='block_1_60' title="bbox 196 5343 3312 5426">
    <p class='ocr_par' dir='ltr' id='par_1_60' title="bbox 196 5343 3312 5426">
     <span class='ocr_line' id='line_1_60' title="bbox 196 5343 3312 5426; baseline 0.001 -27"><span class='ocrx_word' id='word_1_584' title='bbox 196 5346 363 5402; x_wconf 83' lang='lat' dir='ltr'><strong>Pane</strong></span> <span class='ocrx_word' id='word_1_585' title='bbox 379 5349 484 5419; x_wconf 89' lang='lat' dir='ltr'><strong>poli</strong></span> <span class='ocrx_word' id='word_1_586' title='bbox 517 5358 735 5420; x_wconf 87' lang='lat' dir='ltr'><strong>pastum</strong></span> <span class='ocrx_word' id='word_1_587' title='bbox 767 5349 985 5419; x_wconf 91' lang='lat' dir='ltr'><strong>clausit,</strong></span> <span class='ocrx_word' id='word_1_588' title='bbox 1012 5348 1280 5426; x_wconf 84' lang='lat' dir='ltr'><strong>flagrante</strong></span> <span class='ocrx_word' id='word_1_589' title='bbox 1321 5349 1561 5417; x_wconf 90' lang='lat' dir='ltr'><strong>camino,</strong></span> <span class='ocrx_word' id='word_1_590' title='bbox 1931 5346 2047 5413; x_wconf 88' lang='lat' dir='ltr'><strong>llla,</strong></span> <span class='ocrx_word' id='word_1_591' title='bbox 2077 5343 2220 5413; x_wconf 83' lang='lat' dir='ltr'><strong>infit,</strong></span> <span class='ocrx_word' id='word_1_592' title='bbox 2242 5344 2441 5399; x_wconf 90' lang='lat' dir='ltr'><strong>mulier</strong></span> <span class='ocrx_word' id='word_1_593' title='bbox 2470 5344 2729 5399; x_wconf 85' lang='lat' dir='ltr'><strong>cathedra</strong></span> <span class='ocrx_word' id='word_1_594' title='bbox 2757 5362 2878 5417; x_wconf 75' lang='lat' dir='ltr'><strong>quae</strong></span> <span class='ocrx_word' id='word_1_595' title='bbox 2910 5347 3067 5402; x_wconf 90' lang='lat' dir='ltr'><strong>sedet</strong></span> <span class='ocrx_word' id='word_1_596' title='bbox 3098 5347 3151 5400; x_wconf 90' lang='lat' dir='ltr'><strong>in</strong></span> <span class='ocrx_word' id='word_1_597' title='bbox 3187 5349 3312 5403; x_wconf 91' lang='lat' dir='ltr'><strong>aula</strong></span> 
     </span>
    </p>
   </div>
   <div class='ocr_carea' id='block_1_61' title="bbox 200 5435 1764 5518">
    <p class='ocr_par' dir='ltr' id='par_1_61' title="bbox 200 5441 1437 5518">
     <span class='ocr_line' id='line_1_61' title="bbox 200 5441 1437 5518; baseline 0.005 -24"><span class='ocrx_word' id='word_1_598' title='bbox 200 5441 504 5500; x_wconf 87' lang='lat' dir='ltr'><strong>Contutum</strong></span> <span class='ocrx_word' id='word_1_599' title='bbox 544 5446 741 5518; x_wconf 88' lang='lat' dir='ltr'><strong>patriis</strong></span> <span class='ocrx_word' id='word_1_600' title='bbox 766 5446 944 5502; x_wconf 89' lang='lat' dir='ltr'><strong>vetuit</strong></span> <span class='ocrx_word' id='word_1_601' title='bbox 971 5445 1290 5502; x_wconf 86' lang='lat' dir='ltr'><strong>fornacibus</strong></span> <span class='ocrx_word' id='word_1_602' title='bbox 1315 5446 1398 5501; x_wconf 90' lang='lat' dir='ltr'><strong>uri</strong></span> <span class='ocrx_word' id='word_1_603' title='bbox 1424 5463 1437 5501; x_wconf 89' lang='lat'><strong>:</strong></span> 
     </span>
    </p>
   </div>
   <div class='ocr_carea' id='block_1_62' title="bbox 1871 5435 3435 5518">
    <p class='ocr_par' dir='ltr' id='par_1_62' title="bbox 1931 5435 3435 5512">
     <span class='ocr_line' id='line_1_62' title="bbox 1931 5435 3435 5512; baseline 0.003 -23"><span class='ocrx_word' id='word_1_604' title='bbox 1931 5436 2044 5501; x_wconf 85' lang='lat' dir='ltr'><strong>Qua</strong></span> <span class='ocrx_word' id='word_1_605' title='bbox 2073 5435 2282 5506; x_wconf 90' lang='lat' dir='ltr'><strong>sumpsi</strong></span> <span class='ocrx_word' id='word_1_606' title='bbox 2308 5450 2531 5505; x_wconf 89' lang='lat' dir='ltr'><strong>panem,</strong></span> <span class='ocrx_word' id='word_1_607' title='bbox 2564 5450 2797 5505; x_wconf 90' lang='lat' dir='ltr'><strong>puerum</strong></span> <span class='ocrx_word' id='word_1_608' title='bbox 2837 5435 3146 5491; x_wconf 90' lang='lat' dir='ltr'><strong>sinuamine</strong></span> <span class='ocrx_word' id='word_1_609' title='bbox 3186 5446 3435 5512; x_wconf 87' lang='lat' dir='ltr'><strong>gestans,</strong></span> 
     </span>
    </p>
   </div>
   <div class='ocr_carea' id='block_1_63' title="bbox 207 5529 3138 5614">
    <p class='ocr_par' dir='ltr' id='par_1_63' title="bbox 207 5529 3138 5614">
     <span class='ocr_line' id='line_1_63' title="bbox 207 5529 3138 5614; baseline 0.004 -27"><span class='ocrx_word' id='word_1_610' title='bbox 207 5532 326 5597; x_wconf 84' lang='lat' dir='ltr'><strong>Qui</strong></span> <span class='ocrx_word' id='word_1_611' title='bbox 354 5536 502 5606; x_wconf 88' lang='lat' dir='ltr'><strong>dum,</strong></span> <span class='ocrx_word' id='word_1_612' title='bbox 530 5546 706 5595; x_wconf 87' lang='lat' dir='ltr'><strong>matre</strong></span> <span class='ocrx_word' id='word_1_613' title='bbox 722 5546 1003 5614; x_wconf 84' lang='lat' dir='ltr'><strong>gemente,</strong></span> <span class='ocrx_word' id='word_1_614' title='bbox 1024 5539 1175 5596; x_wconf 92' lang='lat' dir='ltr'><strong>omni</strong></span> <span class='ocrx_word' id='word_1_615' title='bbox 1202 5538 1548 5595; x_wconf 89' lang='lat' dir='ltr'><strong>concurritur</strong></span> <span class='ocrx_word' id='word_1_616' title='bbox 1570 5536 1728 5605; x_wconf 88' lang='lat' dir='ltr'><strong>urbe,</strong></span> <span class='ocrx_word' id='word_1_617' title='bbox 1938 5529 2167 5586; x_wconf 78' lang='lat' dir='ltr'><strong>PalliOlO</strong></span> <span class='ocrx_word' id='word_1_618' title='bbox 2196 5546 2285 5584; x_wconf 76' lang='lat' dir='ltr'><strong>me</strong></span> <span class='ocrx_word' id='word_1_619' title='bbox 2315 5529 2559 5586; x_wconf 71' lang='lat' dir='ltr'><strong>CODleXil</strong></span> <span class='ocrx_word' id='word_1_620' title='bbox 2581 5544 2649 5585; x_wconf 77' lang='lat' dir='ltr'><strong>ne</strong></span> <span class='ocrx_word' id='word_1_621' title='bbox 2688 5540 2940 5606; x_wconf 66' lang='lat' dir='ltr'><strong>tangerel</strong></span> <span class='ocrx_word' id='word_1_622' title='bbox 2968 5532 3138 5603; x_wconf 79' lang='lat' dir='ltr'><strong>ignis-</strong></span> 
     </span>
    </p>
   </div>
   <div class='ocr_carea' id='block_1_64' title="bbox 304 5659 3166 5737">
    <p class='ocr_par' dir='ltr' id='par_1_64' title="bbox 304 5659 3166 5737">
     <span class='ocr_line' id='line_1_64' title="bbox 304 5659 3166 5737; baseline 0.001 -23"><span class='ocrx_word' id='word_1_623' title='bbox 304 5660 545 5737; x_wconf 51' lang='lat' dir='ltr'><strong>tltﬁﬂlic</strong></span> <span class='ocrx_word' id='word_1_624' title='bbox 572 5663 768 5735; x_wconf 89' lang='lat' dir='ltr'><strong>incipit</strong></span> <span class='ocrx_word' id='word_1_625' title='bbox 792 5664 967 5721; x_wconf 84' lang='lat' dir='ltr'><strong>codex</strong></span> <span class='ocrx_word' id='word_1_626' title='bbox 987 5680 1088 5723; x_wconf 88' lang='lat' dir='ltr'><strong>ms.</strong></span> <span class='ocrx_word' id='word_1_627' title='bbox 1120 5664 1466 5721; x_wconf 71' lang='lat' dir='ltr'><strong>bibliothecae</strong></span> <span class='ocrx_word' id='word_1_628' title='bbox 1484 5659 1835 5720; x_wconf 78' lang='lat' dir='ltr'><strong>S.Genovet‘ze</strong></span> <span class='ocrx_word' id='word_1_629' title='bbox 2009 5663 2025 5732; x_wconf 93' lang='lat'>(</span> <span class='ocrx_word' id='word_1_630' title='bbox 2042 5661 2347 5737; x_wconf 4' lang='lat' dir='ltr'><strong>I43&quot;),G_reg.</strong></span> <span class='ocrx_word' id='word_1_631' title='bbox 2381 5661 2580 5737; x_wconf 87' lang='lat' dir='ltr'><strong>T_uron.</strong></span> <span class='ocrx_word' id='word_1_632' title='bbox 2615 5661 2710 5737; x_wconf 78' lang='lat' dir='ltr'><strong>ubi</strong></span> <span class='ocrx_word' id='word_1_633' title='bbox 2730 5679 2929 5737; x_wconf 83' lang='lat' dir='ltr'><strong>supra,</strong></span> <span class='ocrx_word' id='word_1_634' title='bbox 2962 5678 3082 5734; x_wconf 88' lang='lat' dir='ltr'><strong>cap.</strong></span> <span class='ocrx_word' id='word_1_635' title='bbox 3114 5664 3166 5737; x_wconf 79' lang='lat'><strong>9.</strong></span> 
     </span>
    </p>
   </div>
   <div class='ocr_carea' id='block_1_65' title="bbox 210 5728 3232 5806">
    <p class='ocr_par' dir='ltr' id='par_1_65' title="bbox 210 5728 3232 5806">
     <span class='ocr_line' id='line_1_65' title="bbox 210 5728 3232 5806; baseline 0.002 -23"><span class='ocrx_word' id='word_1_636' title='bbox 210 5728 572 5791; x_wconf 85' lang='lat' dir='ltr'><strong>Parisiensis.</strong></span> <span class='ocrx_word' id='word_1_637' title='bbox 689 5728 705 5735; x_wconf 84' lang='grc'><em>’</em></span> <span class='ocrx_word' id='word_1_638' title='bbox 2009 5728 2180 5805; x_wconf 57' lang='lat'><strong>(147*)</strong></span> <span class='ocrx_word' id='word_1_639' title='bbox 2213 5728 2373 5806; x_wconf 73' lang='lat' dir='ltr'><strong>Gré&#39;g.</strong></span> <span class='ocrx_word' id='word_1_640' title='bbox 2406 5734 2609 5789; x_wconf 85' lang='lat' dir='ltr'><strong>Turon.</strong></span> <span class='ocrx_word' id='word_1_641' title='bbox 2651 5733 2742 5788; x_wconf 90' lang='lat' dir='ltr'><strong>ubi</strong></span> <span class='ocrx_word' id='word_1_642' title='bbox 2773 5728 2959 5804; x_wconf 80' lang='lat' dir='ltr'><strong>supra,</strong></span> <span class='ocrx_word' id='word_1_643' title='bbox 2990 5728 3111 5806; x_wconf 78' lang='lat' dir='ltr'><strong>cap.</strong></span> <span class='ocrx_word' id='word_1_644' title='bbox 3146 5735 3232 5789; x_wconf 83' lang='grc'><strong>10.</strong></span> 
     </span>
    </p>
   </div>
  </div>
