3938 6158
434 231 541 286 495
1191 228 1557 286 FLODOARDI
1598 230 1905 289 CANONICI
1946 235 2275 293 REMENSIS
2315 237 2653 296 OPUSCULA
2690 241 3003 303 METRICA.
3634 255 3723 313 496

1834 408 1837 409 ⁷
1930 391 2149 452 CAPUT
2196 395 2279 452 IV.

1834 408 1837 409 '
1930 393 2097 449 CAPU
2196 395 2279 452 IV.

1078 486 1158 547 De
1185 485 1488 561 beneﬁciis
1517 487 1880 565 quibusdam
1905 393 2190 567 praesti'fis
2217 508 2322 571 per
2349 493 2589 553 beatum
2622 492 2880 554 Mariam
2925 491 3119 574 (148),

439 629 653 703 Colligit
684 628 799 683 haec
827 642 1024 698 parvos
1053 626 1158 680 hac
1179 624 1529 696 simplicitate
1554 627 1812 694 nitentes,
2075 633 2127 700 Α
2158 628 2219 683 Et
2247 629 2406 700 stipis
2437 630 2681 702 indignis
2700 630 2877 686 victus
2916 631 3186 687 solamina
3213 631 3425 687 confert
3450 650 3464 686 :

433 725 576 789 Quos
597 722 916 792 ubicunque
940 726 1154 794 tegens,
1185 718 1393 773 mundo
1418 718 1626 773 solatur
1654 718 1707 772 in
1736 718 1907 775 omni.
2158 722 2358 778 Horrea
2385 722 2471 777 vel
2502 721 2700 778 subitze
2733 722 2956 795 replens
2986 721 3357 780 cumulamine
3388 723 3573 799 frugis,

432 820 471 873 E
500 818 704 891 quibus
730 816 783 872 in
806 815 1026 887 Solyma
1054 813 1240 885 plures
1273 819 1477 870 tutatur
1519 832 1532 879 ;
1565 820 1793 889 egentes
2153 816 2316 871 Sacra
2357 815 2442 873 vel
2468 815 2708 872 aureolis
2734 831 2974 873 onerans
3003 816 3195 872 altaria
3225 817 3436 872 massis.

428 907 692 977 Confovet
721 922 785 962 ac
811 904 938 961 vitae
963 901 1221 978 suffragia
1254 910 1473 975 praestat
1496 902 1735 958 alumnis
1765 921 1781 957 :

1949 1029 2159 1089 CAPUT
2196 1032 2256 1087 V.

1228 1169 1230 1171 ›
1284 1131 1654 1210 Dequodam
1683 1132 2080 1208 pignoraDei
2107 1132 2430 1194 Genitricis
2454 1134 2682 1213 ferente
2709 1135 2911 1217 (M9).

434 1272 616 1345 Ipsius
641 1270 770 1327 hinc
799 1267 1022 1341 quidam
1056 1281 1283 1321 sumens
1314 1265 1404 1336 pia
1435 1266 1692 1340 pignora,
1723 1265 1937 1321 morbo.
2159 1270 2633 1347 Prosubiguntquc
2688 1272 2873 1349 ﬂagris
2925 1283 3170 1346 captum,
3235 1273 3565 1348 plexumque
3590 1274 3739 1330 relin-

433 1367 622 1437 Leprae
652 1373 849 1421 exutus
879 1361 1037 1434 aquis
1069 1359 1267 1415 Christi
1298 1359 1627 1431 baptismate
1659 1359 1798 1415 sacri
3487 1367 3684 1440 [(Ιυιιῃι,

432 1460 613 1531 (Smpe
648 1458 854 1529 quibus
878 1455 968 1510 tali
1013 1455 1199 1526 plures
1237 1452 1415 1507 alabe
1442 1452 1741 1524 levantur),
2157 1452 2255 1507 Vix
2287 1453 2376 1508 ille
2416 1455 3009 1529 exsurgens,cinerum
3034 1461 3093 1511 ut
3121 1455 3364 1511 recidiva
3379 1464 3597 1527 recepta

433 1551 569 1605 Dum
602 1548 799 1621 repetit
828 1546 1083 1618 patriam,
1117 1545 1320 1600 deserti
1352 1545 1569 1599 interna
1599 1544 1842 1600 latrones
2162 1544 2427 1616 Respicit,
2459 1546 2705 1603 incensis
2726 1553 2929 1602 astrata
2951 1547 3216 1602 immunia
3247 1547 3458 1618 prunis,

433 1640 791 1695 Perscrutans
821 1636 1040 1707 patitur,
1059 1635 1286 1709 gerulus
1314 1634 1819 1701 nudatur-amictu,
2161 1635 2354 1691 Nescia
2385 1635 2639 1706 fervoris,
2669 1637 2937 1710 pretiosaf
2946 1639 3132 1709 jacere
3162 1639 3386 1704 talenta,

432 1735 655 1790 Munera
681 1749 846 1804 capsa
866 1738 1064 1803 tegens
1080 1730 1312 1801 rapitur,
1345 1728 1665 1801 fulvumque
1698 1736 1885 1800 putata
2162 1727 2693 1803 Ipsaquegdespecto
2724 1731 3021 1787 renitentia
3059 1731 3301 1805 tegmina
3344 1731 3492 1787 fumo
3532 1748 3546 1797 ;

433 1829 715 1885 Occultare
735 1827 945 1892 dolum,
969 1841 1123 1896 spem
1159 1823 1329 1879 fracta
1358 1823 1641 1895 intercipit
1669 1824 1784 1878 auri
1816 1840 1829 1888 ;
2157 1827 2274 1881 Non
2303 1826 2740 1901 sensisseignes,
2763 1844 2984 1885 omnem
3016 1828 3290 1900 sprevisse
3314 1843 3595 1899 vaporem.

432 1923 665 1994 Moxque
688 1936 821 1992 pyra
849 1934 1081 1975 accensa
1110 1917 1350 1972 ﬂammis
1381 1917 1603 1972 inventa
1635 1918 1944 1985 retrudunt,
2080 1983 2125 1994 Ἀ
2158 1918 2450 1975 Immemor
2478 1920 2608 1975 hinc
2635 1936 2811 1991 paenae
2850 1920 3100 1992 gaudens
3129 1921 3254 1975 data
3293 1919 3523 1992 praemia
3548 1918 3691 1986 tollit,

622 2025 628 2039 ι
691 1983 703 1992 ’
728 1983 743 1991 ’
1932 1983 1938 1985 ’
2079 1983 2132 2052 Β
2154 2006 2331 2062 Laetus
2360 2007 2471 2062 iter
2488 1983 2685 2080 carpit,
2717 1983 2898 2080 coepto
2930 2008 2985 2063 in
3016 2024 3113 2063 sua
3150 1983 3366 2063 tramite
3395 2008 3569 2064 ducit.

1938 2127 2145 2184 CAPUT
2196 2129 2283 2184 Vl.

1627 2233 1705 2294 De
1730 2234 1979 2308 ﬂuentis
2004 2232 2354 2295 Jordcmicis
2398 2233 2588 2313 (150).

440 2380 678 2436 Vulnera
708 2375 988 2450 praedictis
1007 2392 1115 2448 qua
1142 2374 1299 2447 plura
1330 2374 1579 2430 lavantur
1604 2372 1659 2428 in
1690 2373 1856 2429 undis
2158 2372 2448 2442 Marmora,
2481 2381 2719 2431 sacratas
2748 2374 3071 2450 contingere
3091 2389 3196 2431 nec
3233 2373 3376 2431 valet
3404 2374 3606 2441 undas,

439 2470 694 2542 Corporis
714 2476 878 2541 atque
904 2467 1125 2533 animae,
1157 2466 1359 2522 mulier
1387 2480 1524 2536 quas
1543 2463 1824 2519 moenibus
1854 2462 1984 2519 olim
2158 2462 2429 2519 Ulteriora
2468 2470 2664 2535 petens
2693 2464 2896 2533 amnis,
2927 2465 3300 2538 linquensque
3339 2473 3603 2522 meatum.

441 2559 806 2615 Iliericuntcis
832 2556 1023 2612 nimiis
1054 2554 1272 2611 addicta
1305 2553 1520 2626 piaclis,
2159 2553 2339 2609 Mirari
2369 2562 2590 2626 praestat
2618 2557 2874 2628 populos,
2903 2557 3176 2613 cdisserat
3201 2562 3359 2612 actus

441 2648 687 2705 Solemni
732 2648 800 2701 de
824 2661 979 2701 more
1010 2652 1228 2716 petens,
1259 2642 1522 2714 permista
1558 2640 1772 2712 piorum
2160 2640 2391 2698 Conscia
2421 2642 2609 2717 ﬂagilii
2642 2645 2903 2721 rogitant,
2932 2647 3066 2701 serit
3094 2646 3186 2701 illa
3215 2653 3429 2717 patrata

439 2736 786 2813 Agminibus,
810 2734 1011 2790 ﬂuctus
1039 2733 1169 2788 dum
1196 2731 1391 2787 nititur
1420 2730 1599 2785 amnis
1617 2728 1779 2797 inire,
2163 2733 2433 2805 Exposita:
2460 2751 2690 2791 narrans
2729 2745 2919 2809 partus
2959 2738 3159 2795 edente
3187 2745 3341 2794 reatu

440 2831 629 2887 Aversi
654 2830 890 2906 fugiunt.
914 2828 1125 2901 liquido
1165 2833 1433 2882 renuente
1466 2824 1701 2889 ﬂuento,
2162 2825 2414 2881 Admissa
2441 2833 2657 2883 octonae
2686 2827 2794 2883 sibi
2828 2829 3121 2900 parricidia
3159 2831 3353 2902 prolis.

439 2920 568 2975 Tam
596 2919 701 2974 diri
726 2918 952 2973 infando
974 2915 1203 2972 sceleris
1229 2913 1541 2970 cantamine
1566 2911 1737 2985 tangi.
2163 2912 2329 2983 Cujus
2355 2915 2484 2969 dum
2506 2915 2695 2987 plebes
2715 2917 2922 2973 scelera
2961 2919 3321 2994 expurgarier
3347 2925 3491 2990 orat,

443 3010 702 3083 Improba
735 3009 998 3065 cedentes
1027 3006 1280 3080 sequitur
1302 3020 1403 3077 per
1426 3001 1922 3075 limpidalymphas
1948 3048 1957 3061 .
2163 3002 2343 3060 Affusa
2376 3006 2492 3061 haec
2522 3006 2801 3078 precibus,
2834 3007 3049 3063 facinus
3076 3024 3146 3064 ne
3173 3008 3418 3081 duplicct
3440 3007 3614 3077 efﬂat,

1940 3126 2148 3184 CAPUT
2187 3130 2301 3186 VII.

1688 3234 1765 3293 De
1791 3240 1997 3294 sancto
2025 3232 2260 3295 Joanne
2287 3236 2536 3315 Baptist.

443 3379 610 3435 Vates
637 3391 746 3449 quo
778 3389 940 3431 nemo
974 3372 1026 3429 in
1055 3369 1350 3428 muliebria
1380 3368 1613 3443 pignora
1631 3366 1829 3436 major,
2088 3370 2139 3438 C
2169 3365 2231 3423 Et
2260 3377 2424 3440 caput
2453 3367 2691 3443 Egypti,
2723 3371 3043 3442 spectabilis
3072 3388 3295 3446 aequore
3321 3389 3545 3449 magno,

445 3470 543 3525 Hic
570 3467 736 3523 undis
761 3465 970 3538 primus
993 3463 1186 3520 docuit
1216 3467 1438 3533 peccata
1467 3457 1637 3513 lavari
1669 3474 1684 3523 ;
2167 3458 2375 3514 Clarior
2401 3460 2521 3529 ejus
2546 3459 2701 3516 adest
2721 3462 3004 3530 membris,
3036 3462 3130 3518 ubi
3152 3463 3382 3534 pmdita
3407 3462 3579 3537 fulget
3610 3480 3624 3516 :

444 3564 761 3620 Ablutorem
776 3560 928 3618 orbis
957 3560 1159 3635 dignus
1180 3572 1403 3630 quoque
1424 3554 1637 3629 tingere
1667 3549 1930 3622 lymphis,
2166 3551 2298 3608 Ossa
2326 3553 2627 3609 Paltestinse
2654 3553 2812 3623 cujus
2840 3553 3073 3611 collecta
3101 3555 3367 3624 Sebastze,

445 3659 679 3730 Insuper
700 3653 927 3711 assertis
955 3651 1206 3727 gaudens
1234 3665 1296 3704 se
1324 3646 1646 3718 impendere
1674 3643 1814 3712 veri,
2168 3644 2393 3719 Ignibus
2412 3651 2621 3717 erepta,
2652 3652 2707 3702 et
2739 3647 2977 3719 Solymis
2998 3647 3209 3719 perlata
3230 3647 3506 3721 Philippo,

446 3748 747 3821 Relliquias
777 3744 871 3818 qui
903 3743 1031 3799 almi
1057 3740 1269 3816 spargit
1294 3735 1698 3809 dumjcorporis
1723 3734 1866 3800 orbi,
2166 3740 2338 3796 Patris
2371 3740 2647 3796 Athanasii
2680 3742 2935 3802 sunthoc
2962 3741 3144 3818 legata
3170 3740 3325 3824 ﬁdei.

444 3845 710 3901 Panditur
738 3840 979 3916 egregiis
998 3837 1269 3894 mundum
1297 3836 1535 3892 lustrare
1562 3831 1807 3904 tropaeis.
2165 3832 2231 3887 At
2256 3838 2422 3904 caput
2451 3831 2636 3889 herois
2660 3833 2904 3905 positum
2927 3832 3249 3890 Phoenicide
3278 3848 3463 3890 messe

446 3934 586 3991 Urbs
603 3933 673 3990 ab
702 3930 1011 3989 Alexandro
1041 3929 1253 3985 ducens
1279 3926 1583 3983 clarissima
1604 3936 1832 3989 nomen,
2167 3921 2366 3977 Festivi
2397 3921 2580 3978 cultus
2602 3922 2762 3980 claro
2787 3922 3102 3980 celebratur
3126 3923 3363 3980 honore.

1933 4039 2141 4097 CAPUT
2183 4039 2319 4096 VIII.

1634 4145 1714 4205 De
1741 4142 2083 4221 apostolicis
2107 4141 2278 4201 Petro
2309 4148 2361 4200 et
2397 4137 2606 4201 Paulo.

452 4291 648 4358 Roma,
668 4297 835 4359 caput
855 4292 1120 4358 praestans
1148 4282 1300 4338 orbis
1343 4279 1603 4351 praeclara
1633 4276 1948 4348 triumphis,
2165 4276 2336 4342 Quem
2373 4282 2595 4331 vertens
2622 4276 3080 4348 cmloalloquitur
3104 4276 3293 4332 divina
3322 4282 3584 4347 potestas,

448 4381 568 4435 Iam
599 4394 756 4451 mage
779 4379 925 4432 celsa
962 4374 1074 4430 ﬁde
1102 4371 1299 4428 Christi
1325 4368 1640 4443 praeclarier
1668 4383 1792 4423 esse
2165 4370 2583 4442 Prorisicnsque
2614 4370 2724 4441 poli
2757 4370 3020 4441 cupidum
3047 4370 3117 4424 ad
3145 4369 3364 4443 fastigia
3394 4368 3564 4425 tollit:

450 4469 699 4540 Coepisti,
724 4466 854 4521 fidei
886 4463 1132 4536 patronis
1164 4461 1298 4517 fulta
1327 4460 1527 4524 beatze,
2167 4465 2226 4518 Et
2256 4463 2418 4519 docet
2449 4462 2505 4517 in
2536 4466 2713 4530 caelis,
2738 4470 2993 4519 terrenas
3023 4461 3172 4518 unde
3201 4461 3449 4527 doceret,

450 4562 876 4637 C(eliclavigero
904 4566 1178 4631 pastorum
1207 4554 1459 4627 principe
1490 4553 1651 4608 Petro
2170 4560 2507 4613 Pasceretac
2534 4567 2773 4625 mentes,
2804 4557 2944 4613 sacri
2975 4558 3070 4631 qui
3100 4557 3314 4615 semina
3351 4554 3510 4611 verbi

450 4655 833 4726 Doctrinzeque
862 4660 1012 4723 typo,
1044 4650 1328 4705 doctorum
1357 4644 1610 4717 praeduce
1623 4641 1810 4698 Paulo.
2086 4671 2146 4741 D
2168 4650 2308 4706 orbe
2335 4650 2473 4706 sem
2507 4657 3068 4722 [olorsanatquoqug
3094 4664 3331 4721 corpore
3370 4647 3593 4715 ηιιιιιοε,

451 4749 695 4805 Hebraeis
725 4761 956 4819 quorum
989 4747 1296 4814 praeceptor
1323 4737 1542 4793 deditur
1572 4735 1731 4802 alter,
1908 4800 1913 4803 τ
2086 4735 2132 4741 ”
2164 4745 2229 4801 Et
2249 4744 2510 4814 juvenem
2534 4742 2603 4797 de
2624 4748 2800 4798 morte
2826 4742 2990 4809 levat,
3032 4741 3131 4797 sed
3163 4740 3402 4813 plurima
3422 4738 3600 4796 corda.

449 4838 752 4893 Absolvens
779 4833 1063 4904 verboque
1089 4830 1269 4905 ligans
1292 4844 1353 4882 se
1375 4826 1561 4895 judice
1593 4830 1828 4887 mentes.
2165 4832 2226 4885 Ili
2253 4837 2306 4886 te
2336 4829 2591 4885 sublimis
2619 4830 2744 4886 caeli
2776 4846 2946 4901 super
2970 4838 3120 4885 astra
3146 4829 3409 4897 ferentes,

450 4929 667 4985 Arbiter
699 4924 979 4993 Ecclesiae,
1011 4923 1178 4978 dictat
1206 4937 1309 4976 ceu
1341 4918 1576 4989 Spiritus
1606 4914 1683 4968 illi
2164 4921 2532 4977 Instrumenta
2561 4920 2745 4977 ferum
2774 4920 2843 4975 de
2884 4927 2939 4975 ιο
2969 4936 3070 4991 ρει-
3101 4919 3321 4975 climata
3347 4916 3535 4974 mundi

450 5017 709 5074 Discretis
731 5031 922 5087 pinnas
944 5012 1179 5078 meritis,
1209 5011 1293 5065 vel
1326 5006 1550 5080 praemia
1568 5003 1827 5059 reddens.
2164 5011 2428 5066 Militibus
2450 5010 2629 5089 pacis,
2648 5027 2747 5083 per
2773 5027 2893 5082 quae
2918 5010 3151 5069 victoria
3164 5009 3365 5084 surgit,

451 5112 691 5167 Muneris
706 5110 832 5165 hinc
851 5106 1171 5184 propriifur
1193 5104 1411 5169 labitur,
1440 5116 1578 5156 uxor
1592 5109 1646 5155 et
1668 5099 1905 5165 haerens,
2165 5106 2426 5173 Quorum,
2472 5105 2648 5173 Petre,
2678 5119 2919 5172 crucem,
2960 5102 3228 5177 gladium,
3260 5101 3352 5172 pie
3381 5100 3563 5166 Paule,
3591 5095 3777 5149 Nero-

451 5208 637 5262 Simon
657 5203 848 5258 fraude
880 5201 1044 5272 perit,
1073 5197 1329 5252 Thabitas
1346 5195 1415 5249 de
1448 5193 1639 5248 funere
1666 5190 1862 5265 surgit,
3590 5186 3711 5257 [nis

453 5296 639 5371 Surgit
661 5303 714 5350 et
740 5295 957 5355 IEneas.
981 5299 1035 5347 et
1051 5307 1162 5347 non
1190 5283 1532 5344 numeranda
1553 5292 1789 5346 caterva.
2166 5286 2341 5353 Passi,
2359 5286 2647 5359 praecelsas
2671 5284 2950 5343 meruistis
2966 5284 3027 5339 in
3054 5285 3259 5340 aethere
3283 5283 3467 5339 sedes.

450 5385 726 5441 Alterarat
754 5383 1037 5452 verboque
1065 5375 1484 5450 repletgentilia
1515 5372 1682 5428 corda

521 5537 668 5609 (HS)
690 5536 850 5608 Greg.
871 5534 1072 5587 Turon.
1108 5530 1199 5585 ubi
1217 5545 1402 5600 supra,
1444 5542 1565 5598 cap.
1598 5526 1687 5580 -Il.-
2234 5521 2370 5593 (150,
2404 5519 2564 5595 Creg.
2607 5520 2812 5576 Turon.
2843 5517 2937 5573 ubi
2968 5531 3156 5589 supra,
3189 5530 3312 5586 cap.
3345 5515 3435 5571 88.

520 5626 664 5697 (149)
692 5623 853 5695 Greg.
880 5621 1082 5688 Turon,
1104 5617 1199 5674 ubi
1229 5633 1418 5689 supra,
1447 5629 1567 5686 cap.
1602 5614 1689 5668 I7.
3168 5650 3173 5651 ,
