3960 6160
222 348 313 403 497
736 346 819 401 DE
857 346 1220 406 TRIUMPIIIS
1261 348 1520 407 CHRISTI
1560 351 1639 408 ET
1678 353 1769 410 SS.
1811 353 2215 410 PALXESTINIE
2256 352 2429 409 LIBRI
2469 354 2653 411 TRES.
2696 387 2759 397 —
2802 355 2928 413 LIB.
2974 357 3013 413 Ι.
3437 361 3543 423 498

1703 508 1913 566 CAPUT
1956 511 2042 568 IX.

1464 615 1542 676 De
1575 616 1787 679 Jacobo
1814 617 2005 698 fratre
2032 619 2297 681 Domini.

217 747 345 805 Elia
374 764 540 815 nunc,
561 748 889 819 Jerusalem,
919 767 1044 824 quae
1072 767 1230 809 versa
1253 754 1465 811 vocaris
1844 762 1894 832 Α
1919 757 2130 816 ZEditus
2159 775 2191 814 a
2218 758 2386 816 sociis
2413 765 2467 815 te
2499 759 2707 832 primus
2729 760 3025 834 episcopus
3064 781 3289 834 ornans,

216 841 328 936 Jarn
354 846 638 936 renovata,
668 842 962 936 crucisque
993 861 1194 919 gerens
1231 846 1484 903 miranda
1513 854 1718 921 tropma
1922 855 2138 910 Arentis
2166 855 2346 927 plebis
2375 856 2468 929 qui
2498 863 2722 928 pectora
2757 858 2904 915 sicca
2929 860 3183 936 rigando,

219 930 427 1029 ςῒιΐίδιῖ,
460 935 1012 1029 δεῖνοξυηιεξιιεθὶυξ
1037 951 1301 1029 Vellem“?
1333 938 1607 1009 sepulcra.
1923 949 2171 1005 Luminis
2200 967 2231 1006 e
2260 949 2431 1007 radiis
2458 952 2749 1009 terebrans
2774 930 3050 1029 nigrantia
3069 930 3257 1025 corda,

218 1022 448 1087 Quorum
482 1031 609 1095 ροει
638 1023 932 1081 Dominum
986 1025 1227 1083 Iacobus
1255 1027 1351 1085 tibi
1406 1030 1655 1104 tegmina
1702 1031 1821 1103 pri-
1924 1040 2061 1095 Dum
2093 1042 2257 1099 docet
2277 1043 2493 1100 excelsa
2512 1061 2679 1116 super
2700 1022 3062 1103 astravsedere
3092 1022 3434 1122 magistrum.

1613 1122 1756 1195 [nats
1923 1127 2232 1187 Parietibus
2272 1132 2464 1204 templi
2504 1135 2753 1207 dejectus
2782 1142 2837 1193 et
2866 1136 3047 1192 hostia
3076 1135 3272 1202 factus,

216 1207 504 1301 Continuat
533 1207 685 1276 fidei,
715 1210 919 1285 legitur
947 1212 1042 1285 qui
1073 1212 1244 1269 frater
1272 1214 1390 1271 Iesu
1928 1219 2203 1293 Excipitur
2229 1224 2393 1294 ccelo,
2421 1226 2628 1299 populo
2649 1243 2875 1301 quoque
2907 1234 3042 1285 teste
3084 1228 3300 1283 beatus.

215 1299 452 1356 Sacratui
482 1300 598 1374 (sic)
627 1318 874 1374 servans,
904 1304 1090 1362 Justus
1120 1308 1452 1382 cegnomine
1478 1308 1681 1379 dictus,

1722 1441 1932 1500 CAPUT
1972 1445 2034 1501 X.

1436 1541 1516 1601 De
1542 1552 1746 1605 sancto
1773 1544 2008 1608 Joanne
2034 1549 2321 1627 apostolo.

212 1667 290 1759 Sic
318 1666 843 1759 CphesutnChristo
874 1668 1058 1725 dilecti
1091 1670 1337 1727 membra
1353 1672 1583 1730 Joannis
1932 1678 2123 1746 Fonte,
2152 1697 2318 1752 supra
2345 1689 2538 1754 pectus
2582 1682 2784 1759 dignus
2812 1681 3075 1738 recubare
3105 1682 3367 1757 Magistri.

212 1756 507 1827 Extollunt,
537 1758 697 1828 eujus
721 1766 943 1831 superat
962 1760 1221 1817 facundia
1250 1764 1538 1822 mundum.
1932 1773 1991 1826 ln
2021 1788 2187 1829 cruce
2223 1773 2468 1830 conﬁxus
2496 1756 2677 1843 matri,
2702 1791 2865 1847 quem
2899 1777 3120 1843 manda,
3153 1756 3350 1834 adesse

213 1850 301 1944 Qui
332 1858 491 1944 casto
518 1852 637 1935 zelo
658 1852 906 1944 praeclari
938 1853 1158 1944 velleris
1185 1855 1399 1928 Agnum
1928 1862 2092 1939 Virgo
2121 1880 2277 1921 sacer
2306 1881 2478 1921 sacrae
2506 1875 2694 1922 custos
2714 1875 2774 1922 ut
2798 1868 3037 1944 vlrginrs
3066 1875 3263 1925 exstet.

211 1939 465 1995 Zebedeo
489 1948 643 2012 patre
660 1941 910 2009 dimisso,
943 1958 1068 1999 cum
1095 1943 1522 2017 fratrevsecutue,
1929 1950 2141 2025 Quique
2181 1952 2291 2010 fide
2317 1952 2474 2011 fortis
2512 1954 2786 2012 violentos
2814 1939 3013 2028 passus
3039 1972 3267 2033 agones.

207 2034 304 2105 Ipsi
337 2052 455 2106 pra:
486 2036 712 2107 reliquis
757 2038 987 2109 speciali
1010 2039 1263 2115 jungitur
1291 2057 1436 2098 unus
1856 2042 2134 2121 _'Exsilio
2164 2054 2349 2103 trusus
2378 2047 2851 2121 didicitmysteria
2877 2048 3024 2116 cmli,

206 2126 433 2197 Aﬂ’ectu,
476 2130 705 2202 capiens
730 2138 937 2190 aeterno
975 2134 1233 2210 dogmata
1269 2135 1396 2192 vitae
1854 2114 1908 2184 Β
1931 2138 2031 2195 Ore
2055 2146 2272 2206 tonans,
2300 2136 2542 2193 animam
2570 2114 2780 2214 regnis,
2811 2137 2905 2194 dat
2934 2114 3183 2194 membra
3212 2138 3407 2212 quieti.

1708 2262 1917 2321 CAPUT
1956 2263 2047 2322 XI.

1348 2368 1430 2427 De
1454 2368 1668 2429 Jacobo
1696 2369 1894 2449 fratre
1920 2370 2119 2431 sancti
2145 2368 2424 2429 Joannis.

204 2504 260 2558 At
288 2503 478 2559 fratris
500 2504 712 2572 Jacobi,
746 2504 1019 2574 Callaecia,
1050 2524 1281 2582 corpore
1309 2509 1507 2583 fulges,
1930 2509 2236 2567 Clariﬁcum
2267 2507 2504 2582 propria:
2545 2508 2684 2564 lucis
2721 2516 3029 2565 monstrare
3060 2496 3296 2566 nitorem

205 2596 310 2660 Qua
338 2595 493 2667 capit
526 2604 827 2653 extremum
869 2598 1115 2670 locuples
1146 2600 1403 2672 Hispania
1434 2600 1620 2656 ﬁnem.
1931 2602 2221 2674 [)iscipulis
2250 2601 2434 2667 vellet,
2476 2600 2681 2672 quibus
2712 2600 2829 2657 haec
2867 2609 3118 2671 spectare
3140 2601 3406 2668 dedisset,

204 2687 474 2760 Prmeipui
502 2690 737 2761 pastoris
764 2697 880 2746 erat
930 2692 1025 2763 qui
1055 2689 1197 2747 fidus
1226 2692 1504 2757 alumnus,
1927 2695 2210 2752 Pollicitus
2238 2701 2471 2749 mortem
2506 2707 2617 2746 non
2659 2692 2745 2747 his
2775 2692 2929 2764 prius
2971 2709 3094 2749 esse
3123 2694 3440 2761 videndam,

204 2782 329 2837 Nam
362 2782 506 2838 vidit
532 2781 822 2839 Dominum
855 2784 1072 2855 qualem
1106 2801 1205 2857 per
1231 2786 1391 2841 ssecla
1428 2784 1679 2840 videbit:
1927 2786 2095 2853 Quam
2128 2785 2285 2841 daret
2308 2785 2393 2840 his
2421 2784 2610 2839 lumen
2637 2784 2857 2839 venturi
2886 2800 3117 2840 cernere
3156 2786 3332 2859 regni.

206 2869 494 2926 Excellens
520 2871 661 2927 adeo
688 2871 920 2939 meritis,
954 2880 1016 2929 ut
1042 2873 1240 2929 tertius
1268 2888 1391 2928 esse
1928 2875 2082 2931 Hunc
2110 2874 2294 2951 gladio
2324 2872 2586 2945 Solymis,
2620 2873 2865 2930 Herodes
2893 2890 3059 2941 saeve,
3088 2875 3321 2942 necasti,

204 2959 322 3030 Ipse
358 2967 666 3017 mereretur
698 2962 874 3029 testis,
904 2977 1026 3018 cum
1058 2961 1234 3038 gloria
1265 2962 1481 3020 Christi.
1908 2962 2031 3020 'Sed
2058 2970 2233 3020 metas
2261 2961 2432 3020 orbis.
2476 2969 2529 3017 te
2559 2963 2844 3031 damnato,
2874 2962 2967 3020 ille
2996 2964 3243 3022 decorat.

1696 3094 1906 3151 CAPUT
1951 3095 2064 3175 xu.

1574 3196 1656 3256 'Dc
1680 3205 1890 3258 sancto
1919 3195 2180 3257 Andrea.

200 3329 471 3395 Andreas,
497 3329 716 3400 pollens
736 3344 913 3403 Opere
942 3339 998 3386 et
1028 3344 1282 3387 sermone
1307 3331 1503 3398 virilis,
1851 3338 1900 3405 ί]
1929 3334 2007 3388 Ad
2039 3350 2201 3405 quam
2231 3349 2555 3408 germanum
2586 3334 2812 3391 deducit
2850 3350 3037 3392 amore
3066 3335 3373 3391 colendam.

201 3423 685 3498 Splendoremque
716 3427 904 3482 calens
930 3426 1133 3482 divinae
1163 3426 1343 3483 visere
1378 3427 1538 3495 lucis,
1928 3424 2024 3481 Hic
2045 3424 2280 3498 Scythiae
2306 3427 2528 3498 populis
2549 3427 2641 3481 ubi
2664 3425 2845 3482 dulcia
2873 3427 3045 3483 verba
3072 3426 3264 3483 salutis

202 3512 348 3569 Inter
375 3514 684 3586 discipulos
706 3516 979 3572 renitebat
1007 3524 1191 3571 mente
1216 3516 1464 3571 Joannis.
1925 3516 2191 3585 Tradidit,
2233 3517 2547 3589 exemplum
2608 3516 2859 3588 sequitur
2902 3532 3125 3589 quoque
3170 3516 3339 3571 Morte
3380 3514 3549 3588 Magi-

199 3606 385 3661 Audiit
414 3614 471 3662 at
499 3606 771 3663 Christum
798 3616 857 3664 ut
879 3609 1204 3680 peccamina
1238 3608 1433 3664 tollere
1463 3609 1655 3664 mundi
3363 3608 3476 3679 [tri,

201 3697 354 3756 nunc
384 3715 518 3755 mox
552 3708 635 3755 est
663 3699 904 3773 pedibus
934 3702 1098 3758 modo
1137 3717 1270 3770 non,
1304 3702 1437 3774 quin
1477 3702 1644 3759 corde
1664 3717 1825 3758 secu-
1927 3701 2062 3756 Dum
2092 3700 2271 3755 crucis
2298 3699 2587 3771 amplexus
2626 3699 2767 3755 votis
2796 3706 2880 3755 est
2904 3697 3088 3754 cordis
3115 3698 3367 3769 adeptus.

1094 3790 1097 3793 ’
1623 3794 1751 3866 [tus,
1925 3789 2059 3846 Ossa
2096 3790 2257 3844 beata
2287 3789 2462 3845 Patris
2491 3788 2767 3843 retinebat
2794 3787 3028 3843 Achaica
3054 3788 3238 3856 cujus,

198 3884 473 3959 Repperit
502 3893 558 3942 et
582 3901 766 3943 veram
799 3887 998 3951 lucem,
1031 3886 1349 3943 ﬂammante
1381 3887 1624 3954 lucerna,
1928 3879 2431 3952 Constantinopolis
2468 3895 2591 3952 quae
2616 3894 2766 3936 nunc
2794 3886 3125 3935 veneranter
3146 3878 3399 3934 honorat.

1682 4013 1891 4069 CAPUT
1940 4013 2077 4067 XIII.

1555 4117 1633 4177 De
1659 4129 1864 4177 sancto
1894 4115 2189 4175 Matt/tceo.

197 4252 426 4310 Justitia
449 4253 655 4311 donate
684 4256 803 4321 Dei,
829 4256 1099 4325 Mattbaae,
1132 4254 1392 4330 refulges,
1932 4250 2006 4306 Te
2039 4260 2352 4307 monstrans
2391 4249 2653 4316 hominis,
2692 4250 2901 4305 celsum
2934 4265 3102 4321 super
3146 4252 3349 4306 (ethera
3381 4258 3551 4307 trans-

200 4344 377 4409 Qnem
407 4346 481 4401 de
504 4346 784 4417 publicola
813 4353 1085 4413 sanctum,
1120 4347 1189 4401 de
1229 4345 1397 4400 divite
1426 4344 1658 4420 largum,
3333 4343 3476 4415 [fert,

196 4433 273 4489 De
302 4444 569 4491 exactore
601 4434 754 4506 pium
784 4435 1047 4491 Dominus
1073 4434 1228 4489 dedit
1263 4450 1385 4489 esse
1414 4434 1687 4500 datorem,
1932 4435 2032 4501 Qui
2053 4441 2362 4507 postquam,
2406 4433 2582 4488 lucem
2621 4432 2868 4488 tenebris
2905 4431 3110 4488 inferre
3137 4434 3402 4505 parando,

199 4523 261 4579 Et
292 4526 366 4581 de
389 4528 518 4595 jure
546 4525 649 4582 fori
674 4527 784 4598 juri
814 4527 938 4582 tulit
966 4525 1187 4582 mtheris
1218 4525 1331 4580 alti.
1925 4526 2238 4597 [EthiOpum
2261 4529 2511 4598 gentnm,
2530 4526 2757 4592 peccato
2788 4528 2843 4575 et
2871 4535 3102 4592 corpore
3134 4523 3366 4598 nigram,

195 4617 404 4674 Christi
433 4619 817 4693 Evangelicum
848 4620 1057 4690 primus
1086 4634 1340 4674 sermone
1372 4625 1599 4688 paterno
1929 4615 2229 4670 Candorem
2264 4612 2496 4666 nitidum
2524 4609 2760 4665 docuisti
2793 4624 3014 4664 sumere
3045 4610 3260 4667 Chrisui.

193 4705 435 4775 Scribis,
461 4716 520 4764 ut
545 4708 795 4763 excelsus
813 4708 1420 4764 servilesinduitartus.
1850 4716 1905 4785 Β
1931 4703 2169 4775 Martyrii
2200 4703 2433 4774 palmam
2465 4699 2703 4773 cmlique
2736 4700 2965 4755 mereris
3003 4701 3289 4758 honorem.

194 4801 477 4866 Quocirca
506 4801 675 4860 facies
706 4792 947 4861 caelestis
969 4803 1145 4879 gloria
1171 4818 1362 4859 currus

1684 4927 1892 4983 CAPUT
1942 4925 2072 4981 XIV.

1566 5037 1642 5097 De
1669 5043 1873 5096 sancto
1905 5033 2202 5109 Philippo.

192 5175 499 5231 Excellens
530 5176 738 5231 tumulo
767 5174 1071 5247 Hierapolis
1104 5181 1263 5232 aucta
1294 5174 1550 5247 Philippi,
1932 5168 2189 5240 Hancquc
2229 5163 2392 5220 fidem
2438 5163 2670 5236 Scythia:
2702 5163 2922 5234 populis
2957 5179 3223 5236 spargens
3269 5162 3395 5234 pius
3447 5162 3553 5216 im-

188 5268 303 5333 Qni
336 5266 505 5322 Verbi
536 5266 775 5335 Patrem,
805 5282 937 5323 vero
961 5267 1031 5322 de
1055 5266 1264 5322 lumine
1291 5281 1568 5339 quaerens,
3345 5250 3481 5322 [plet

187 5358 430 5413 Discere
462 5355 764 5426 promeruit
793 5355 1047 5411 Genitum
1088 5355 1360 5411 Genitoris
1388 5355 1592 5410 habere
1930 5347 2253 5419 Barbaricas
2280 5347 2431 5423 largo
2458 5346 2722 5403 doctrina;
2750 5345 2965 5400 semine
2996 5349 3191 5399 terras.

190 5449 527 5524 Fulgorem,
559 5449 719 5521 parili
748 5449 927 5505 lucem
953 5450 1022 5505 de
1051 5452 1176 5505 luee
1203 5449 1483 5517 micando,
1931 5438 2065 5492 Hinc
2092 5445 2215 5508 post
2244 5436 2508 5491 ecclesias
2545 5441 2798 5504 structas,
2841 5450 2976 5507 quas
3005 5434 3201 5489 ordine
3240 5446 3398 5489 sacro

188 5540 594 5611 Virtutemque
614 5538 791 5594 Patris
817 5539 937 5595 Nati
965 5540 1165 5595 virtute
1192 5540 1388 5595 nitere.
1930 5531 2203 5602 Disponit,
2225 5531 2392 5585 vastis
2422 5532 2682 5602 Asiaepia
2710 5531 2965 5602 dogmata
3005 5529 3152 5583 vitae.

190 5634 394 5702 Atque
423 5630 636 5685 Patrem
667 5630 722 5685 in
768 5631 927 5700 Nato,
957 5631 1258 5705 Natumque
1297 5632 1352 5686 in
1398 5631 1551 5688 Patre
1584 5646 1827 5697 manere,
1931 5627 2198 5699 Prodigus
2220 5642 2316 5681 ore
2336 5626 2485 5693 serit,
2511 5626 2750 5698 caelique
2781 5625 2835 5679 in
2868 5623 2999 5678 sede
3033 5622 3259 5680 locatur.

192 5725 265 5781 Et
310 5722 439 5780 viso
465 5723 622 5794 Nato,
654 5723 866 5780 Patrem
899 5740 1122 5798 quoque
1154 5726 1253 5782 rite
1281 5725 1475 5781 videri.
