3938 6158
415 212 518 269 499
1152 208 1521 265 FLODOARDI
1561 207 1868 265 CANONICI
1910 207 2239 264 REMENSIS
2280 204 2621 264 OPUSCULA
2660 203 2970 261 METRICA.

1892 342 2102 398 CAPUT
2149 342 2258 397 XV.

1777 441 1856 501 De
1882 451 2088 503 sancto
2125 440 2368 501 Thoma.

411 558 667 623 Thomas,
707 554 800 626 qui
836 553 1121 625 Didymus,
1155 552 1298 608 latus
1327 553 1662 610 inscrutatur
1690 560 1939 627 apertum

411 653 472 705 ln
501 665 665 705 cruce
691 646 888 704 conﬁxi
916 661 1182 701 mucrone
1221 646 1474 702 satellitis
1500 647 1672 722 Agni:

411 741 526 805 Quo
559 738 868 804 dubitante,
904 735 1042 790 fides
1070 734 1233 791 nobis
1257 734 1503 790 ﬁrmatur
1532 736 1747 803 herilis,

410 834 556 909 Lege
578 833 731 887 necis
762 830 1028 887 Christum
1060 830 1186 887 vitae
1230 846 1509 885 remeasse
1538 830 1742 896 soluta;

412 926 659 997 Dumque
687 922 972 978 cicatrices
1001 921 1158 994 digiti
1197 921 1576 977 moderamine
1616 928 1833 990 tractat,

412 1017 644 1072 Maxima
659 1024 925 1072 sanantur
956 1014 1259 1070 dubitantis
1287 1014 1511 1070 vulnere
1542 1014 1746 1081 cordis,

2053 564 2097 625 Α
2129 553 2317 609 Omnis
2353 559 2409 609 et
2437 553 2493 608 in
2522 559 2710 608 nostra
2739 557 2963 607 curatur
2989 556 3179 606 mente
3212 550 3455 619 cicatrix,

2131 649 2266 703 Dum
2296 649 2473 720 patuit
2501 647 2775 703 Christum
2805 662 2935 703 vera
2963 662 3087 702 cum
3118 661 3284 701 carne
3309 646 3529 701 redisse.

2132 742 2287 797 Hunc
2314 742 2409 796 ubi
2425 742 2536 811 jam
2568 741 2779 796 Parthis
2807 756 2872 795 ac
2889 739 3064 796 Medis
3101 740 3314 794 semina
3341 738 3494 795 verbi

2133 833 2441 908 Respergit,
2469 849 2570 905 pro
2604 849 2734 906 rege
2762 847 2863 887 suo
2888 832 3038 887 videt
3072 832 3226 887 India
3255 847 3497 903 passum,

2135 928 2287 983 Unde
2314 929 2499 999 probae
2525 928 2709 984 studio
2737 928 3058 983 translatum
3091 927 3270 998 plebis
3297 927 3571 981 Edessem.

2133 1019 2322 1075 Fertur
2350 1035 2553 1092 corpus
2583 1020 2750 1075 humo
2779 1018 2921 1074 coelo
2951 1033 3108 1073 mens
3127 1016 3337 1072 inditur
3364 1015 3494 1071 alto.

1891 1144 2098 1203 CAPUT
2144 1148 2276 1203 XVI.

1679 1247 1758 1306 De
1786 1257 1988 1309 sancto
2018 1250 2466 1310 Bartholomaeo.

414 1362 818 1436 SuSpendentis
847 1377 1020 1434 aquas
1049 1367 1235 1416 natum
1264 1378 1429 1433 quem
1468 1363 1643 1435 gratia
1675 1362 1822 1430 fecit,

413 1460 810 1515 Bartholomme
839 1473 1012 1525 sacer,
1043 1473 1186 1513 verae
1217 1464 1275 1512 tu
1306 1458 1430 1513 vitis
1458 1458 1680 1513 liaberis

414 1550 737 1608 Fructiﬁcus
766 1551 996 1622 palmes,
1037 1550 1169 1605 huic
1208 1551 1540 1607 indiscissus
1571 1552 1860 1607 adhaerens

414 1644 811 1715 Fecundosque
848 1642 1037 1698 ferens
1067 1649 1194 1712 apto
1225 1657 1322 1713 pro
1354 1651 1601 1714 tempore
1642 1643 1856 1711 botros,

418 1736 572 1791 Unde
600 1751 813 1790 merum
854 1733 985 1789 ﬁdei
1017 1734 1183 1809 longe
1222 1735 1442 1806 lateque
1472 1734 1796 1807 propinans,

420 1830 530 1885 Hoc
560 1827 762 1884 sobriis
790 1827 940 1904 large
970 1826 1207 1899 tribuis;
1250 1828 1400 1901 quod
1430 1835 1485 1884 et
1524 1828 1679 1883 india
1708 1828 1964 1899 sumpsit,

2141 1367 2199 1421 In
2231 1382 2341 1438 qua
2359 1364 2665 1441 gloriﬁcum
2698 1380 2798 1436 pro
2824 1364 3020 1420 Christi
3050 1362 3274 1418 nomine
3302 1377 3522 1418 cursum

2140 1459 2537 1514 Consummans
2568 1457 2770 1530 gladio,
2802 1457 2927 1512 caali
2957 1462 3170 1511 secreta
3209 1455 3413 1526 petisti.

2138 1550 2342 1615 Insula,
2374 1564 2537 1619 quam
2585 1546 2825 1618 Liparim
2851 1544 3049 1601 dictam
3090 1543 3258 1599 Siculi
3291 1543 3459 1598 maris
3486 1542 3636 1599 undre

2137 1643 2297 1708 Dant,
2324 1647 2422 1711 tua,
2441 1639 2683 1710 suscepit
2711 1644 2855 1693 terra
2886 1635 3189 1711 Gangetide
3228 1635 3497 1703 membra,

2138 1734 2389 1808 Insignes
2418 1732 2601 1788 valida
2621 1729 2883 1786 referenti
2899 1737 3110 1785 amorte
3135 1727 3469 1798 triumphos,

2139 1826 2267 1890 Qum
2299 1825 2748 1880 Beneventanam
2777 1827 3024 1877 tutantur
3059 1817 3304 1895 tegmine
3340 1818 3578 1890 plebem.

1887 1956 2096 2011 CAPUT
2140 1954 2298 2010 XVII.

1667 2061 1745 2121 De
1771 2059 1997 2121 sanctis
2025 2058 2268 2120 Simone
2299 2064 2351 2117 et
2374 2055 2556 2116 Juda.

424 2179 616 2234 Simon
647 2178 879 2244 Zelotes,
912 2175 1252 2231 Chananaeus
1292 2175 1551 2249 idemque
1582 2182 1795 2244 vocate,

422 2267 641 2323 Scilicet
667 2266 772 2321 hoc
801 2265 920 2321 vico
942 2265 1152 2319 ducens
1182 2279 1515 2339 cegnomen,
1547 2281 1814 2335 aquarum

423 2359 489 2414 In
521 2375 632 2431 quo
653 2357 930 2424 materies,
964 2357 1020 2410 in
1057 2356 1173 2411 vini
1212 2372 1371 2411 versa
1397 2357 1665 2430 vigorem,

424 2448 675 2503 Ostendit
724 2446 993 2503 Christum
1035 2462 1217 2501 rerum
1247 2446 1535 2501 Dominum
1578 2462 1701 2501 esse
1741 2452 2043 2518 potentem.

423 2538 709 2610 Aigyptus,
737 2542 986 2591 veterum
1020 2535 1192 2589 sacris
1222 2535 1493 2590 maculata
1520 2535 1772 2602 deorum,

423 2628 581 2683 Tetra
609 2627 775 2682 dente
803 2626 948 2697 capit
971 2627 1083 2679 vim
1115 2625 1277 2680 Verbi
1302 2626 1427 2694 jure
1458 2625 1739 2696 perennis.

425 2720 491 2770 At
518 2716 661 2769 Juda
692 2714 908 2781 Jacobi,
938 2714 1150 2769 Tadeus
1176 2729 1398 2785 quoque
1427 2714 1520 2786 qui
1552 2714 1808 2770 vocitaris

429 2810 637 2882 (Longe
667 2808 734 2862 ab
762 2824 829 2863 eo
872 2807 1083 2862 distans
1123 2808 1415 2862 Dominum
1445 2807 1539 2880 qui
1585 2807 1829 2880 prodidit
1860 2808 2047 2876 orbis),

432 2897 723 2952 Lebbaaum
748 2896 843 2951 sed
877 2896 1023 2950 enim
1056 2902 1396 2952 memorante
1437 2897 1601 2951 corde
1632 2904 1904 2963 vocatum,

432 2989 691 3046 Corculus
719 2989 776 3043 in
807 2994 993 3044 nostra
1022 2989 1188 3043 latum
1230 2989 1378 3060 quod
1414 3005 1551 3045 voce
1594 2989 1835 3058 sonabit,

433 3078 677 3135 Luminis
714 3078 997 3151 aspersisti
1028 3078 1174 3133 inter
1200 3079 1310 3134 duo
1337 3077 1567 3134 ﬂumina
1597 3094 1790 3133 semen

432 3176 510 3231 De
539 3175 724 3232 medio
749 3173 937 3247 patriw
955 3172 1246 3229 ﬂuviorum
1278 3189 1483 3232 nomen
1509 3173 1758 3231 habenti.

2071 2178 2123 2247 Β
2147 2176 2185 2230 Α
2215 2180 2434 2246 pastore
2475 2172 2621 2227 bono
2652 2186 2892 2243 vereque
2934 2174 3160 2242 potente
3190 2170 3452 2245 magistro

2147 2266 2323 2322 Ambo
2350 2265 2615 2321 doctrinm
2645 2262 2932 2334 capientes
2958 2278 3188 2318 munera
3216 2278 3407 2330 sacrae,

2148 2356 2235 2410 Sal
2270 2361 2430 2409 terrae
2460 2352 2607 2414 facti,
2641 2351 2871 2407 stolidas
2900 2351 3127 2406 condire
3167 2351 3342 2422 parati

2148 2446 2378 2512 Montes,
2399 2445 2490 2499 lux
2519 2442 2674 2512 dicti,
2701 2442 2959 2497 tenebras
2991 2440 3274 2514 depellere
3307 2441 3473 2498 docti.

2150 2541 2291 2606 Quas
2311 2539 2401 2594 ubi
2432 2538 2666 2594 diversis
2689 2536 3016 2614 regionibus
3037 2553 3131 2592 ore
3162 2536 3412 2610 fugastis,

2149 2634 2391 2690 Persidis
2428 2632 2665 2709 ingressi
2698 2631 3001 2704 penetralis
3039 2647 3208 2707 regna
3237 2632 3490 2698 minacis,

2150 2723 2304 2778 Sicut
2336 2738 2467 2778 oves
2498 2722 2737 2794 prompti
2760 2722 2816 2775 in
2847 2721 3032 2776 medio
3057 2737 3354 2793 properare
3382 2721 3655 2792 luporum,

2147 2813 2277 2869 Astu
2309 2811 2587 2885 serpentis
2605 2828 2727 2867 cum
2760 2811 3114 2884 simplicitate
3146 2812 3418 2870 columba

2152 2909 2443 2976 Callentes,
2472 2908 2567 2980 qui
2601 2908 2756 2979 plura
2788 2909 2901 2964 Deo
2931 2908 3059 2963 dum
3093 2908 3245 2964 lucra
3276 2911 3525 2981 parastis,

2152 3000 2446 3054 Innumero
2467 2996 2662 3053 Christi
2690 2997 2896 3069 populo
2921 2997 3015 3070 pia
3042 2998 3146 3054 sub
3169 2999 3305 3075 juga
3334 2998 3519 3066 ducto,

2150 3090 2385 3162 Martyrii
2416 3091 2637 3145 demum
2668 3089 2838 3166 digno
2869 3090 3174 3147 certamine
3204 3107 3426 3147 cursum

2152 3177 2469 3250 Explentes,
2489 3180 2702 3236 animas
2728 3179 2866 3237 coelo
2897 3179 3066 3250 datis,
3098 3195 3223 3238 ossa
3248 3180 3538 3254 sepulcris.

1890 3306 2096 3364 CAPUT
2134 3309 2317 3364 XVIII.

1789 3411 1869 3471 De
1895 3419 2103 3473 sancto
2136 3412 2410 3471 Matthia.

436 3526 658 3582 Matthia
681 3541 911 3582 numero
939 3525 1201 3597 splendes
1232 3526 1408 3582 electe
1439 3525 1725 3597 replendo,

434 3618 764 3675 Anteferens
788 3619 962 3689 justo,
996 3619 1214 3674 Domini
1245 3634 1407 3691 quem
1439 3618 1614 3694 gratia
1645 3619 1841 3687 sanxit,

437 3711 595 3766 Sorte
621 3710 912 3765 ministerii
940 3708 1188 3784 dignum,
1224 3724 1335 3781 quo
1364 3709 1567 3783 gaudia
1592 3708 1745 3780 pacis

436 3800 715 3857 Proferres
745 3800 974 3866 mundo,
1015 3798 1289 3855 duodenae
1327 3798 1479 3854 sedis
1514 3799 1750 3871 adeptus

439 3895 497 3949 In
538 3892 691 3948 ccelis
720 3892 954 3963 apicem,
988 3891 1191 3946 cecidit
1230 3907 1338 3963 qua
1367 3891 1620 3962 proditor
1646 3898 1797 3949 atrox

440 3987 708 4055 Auctoris,
740 3986 977 4058 propriae
1007 4000 1228 4057 quoque
1255 3985 1582 4057 perditionis
1615 3992 1845 4041 amator.

2087 3532 2136 3601 (ς
2160 3527 2397 3599 Spiritus
2428 3526 2655 3582 irradiat
2683 3532 2907 3582 sanctus
2933 3534 2987 3582 te
3020 3527 3253 3600 pignore
3281 3528 3495 3584 donans

2156 3619 2398 3675 Muneris
2423 3618 2629 3675 excelsi
2660 3625 2714 3674 et
2751 3635 2954 3691 supero
2985 3620 3314 3676 charismate
3342 3620 3580 3687 ﬁrmans,

2158 3712 2224 3768 Ut
2251 3712 2405 3768 testis
2442 3711 2661 3768 Domini
2689 3711 2862 3767 factus
2882 3712 2951 3767 de
2981 3720 3158 3769 morte
3191 3713 3492 3785 triumpho,

2161 3805 2285 3860 Visa
2313 3804 2456 3860 feras
2480 3805 2654 3860 oculis
2680 3804 2882 3876 passim
2912 3805 3173 3861 miracula
3213 3804 3436 3873 Christi,

2161 3898 2339 3971 thue
2360 3914 2523 3954 vocas
2538 3897 2694 3954 caelis
2719 3899 2922 3953 Judwae
2951 3899 3134 3974 gentis
3159 3899 3431 3964 alumnos,
3496 3930 3501 3935 ι

2163 3986 2408 4045 Caelestis
2427 3987 2552 4044 solii
2583 3995 2876 4060 provectus
2914 3988 3126 4046 honore
3156 3988 3421 4061 quiescis.

1909 4114 2118 4171 CAPUT
2167 4116 2312 4171 XIX.

1642 4213 1721 4272 De
1756 4218 1981 4276 caeteris
2014 4215 2241 4278 Christi
2282 4216 2566 4278 testitbus.

439 4334 669 4390 Culmen
711 4329 998 4403 apostolici
1022 4328 1389 4404 transegimus
1417 4327 1631 4384 ordinis
1655 4329 1846 4397 altum,

439 4423 680 4481 Eximios
701 4422 919 4480 modica
940 4421 1129 4477 titulos
1151 4419 1720 4489 recinente-Camena,

438 4516 672 4573 Nomina
693 4516 975 4590 signantes
1005 4512 1264 4568 duodeno
1291 4512 1508 4586 singula
1532 4529 1714 4568 versu.

439 4608 503 4661 At
528 4621 676 4661 nunc
714 4603 966 4660 militiam
998 4602 1122 4658 coeli
1149 4600 1390 4673 ﬁdeique
1417 4609 1645 4674 tr0paea,

438 4697 770 4769 Multiplices
799 4694 1009 4768 palmas
1029 4693 1440 4767 inﬁnibilesque
1467 4710 1720 4761 coronas,

439 4798 563 4848 Arte
593 4792 818 4864 quidem
845 4797 1032 4847 nostra
1062 4790 1232 4845 multo
1262 4790 1469 4859 majora
1500 4805 1783 4855 canamus,

440 4884 503 4942 Et
529 4900 651 4958 quae
670 4882 956 4940 Maeonium
995 4883 1212 4939 valeant
1252 4882 1506 4938 evincere
1532 4887 1710 4937 vatem

2162 4332 2406 4398 Materia,
2439 4331 2574 4405 quin
2605 4338 2660 4388 et
2690 4339 2937 4387 nostrum
2967 4347 3230 4404 superare
3260 4331 3561 4397 Maronem,

2163 4422 2312 4477 Bella
2351 4429 2533 4477 tamen
2568 4439 2691 4494 quae
2717 4422 2841 4494 quis
2867 4422 3035 4497 gessit
3073 4423 3331 4477 detexere
3358 4421 3532 4476 nostri

2161 4518 2277 4574 Non
2309 4526 2389 4575 est
2419 4518 2709 4590 propositi,
2743 4535 2865 4574 cum
2899 4534 3003 4574 nec
3031 4533 3322 4574 numerare
3352 4513 3657 4591 queamus’

2161 4609 2255 4664 Vel
2287 4608 2408 4664 loca
2436 4624 2549 4680 prae
2579 4608 2766 4664 stricto
2805 4615 2889 4663 sat
2919 4608 3020 4663 erit
3048 4607 3375 4679 meminisse
3394 4607 3570 4662 relatu

2162 4703 2418 4768 Quaedam
2452 4703 2780 4760 athletarum
2805 4703 3019 4760 Domini
3054 4701 3419 4758 celeberrima
3447 4700 3645 4766 bustis;

2164 4794 2311 4848 lnter
2336 4809 2458 4865 quae
2491 4793 2720 4865 reliquis
2756 4792 3060 4849 venerabili
3086 4792 3223 4848 jElia
3249 4797 3474 4864 praestat

2159 4880 2384 4937 Minﬁco
2412 4881 2576 4955 Regis
2612 4890 2975 4938 monumento
3015 4889 3213 4937 cuncta
3239 4878 3503 4956 regentis.

1918 5014 2136 5071 'CAPUT
2185 5015 2292 5070 XX.

1635 5114 1716 5174 De
1744 5114 1963 5189 David,
1995 5113 2273 5175 Simeone
2300 5121 2353 5174 et
2382 5113 2581 5175 Anna.

434 5238 533 5293 Hic
561 5236 845 5293 citharista
883 5242 1038 5292 catus
1066 5235 1235 5303 mitis,
1268 5234 1392 5306 pius
1419 5241 1582 5305 atque
1613 5232 1816 5302 fidelis,

432 5326 544 5381 Rex
577 5325 769 5392 David,
801 5325 960 5395 cujus
985 5323 1159 5379 voluit
1185 5323 1254 5379 de
1277 5325 1488 5380 semine
1510 5323 1775 5391 Christus,

425 5420 556 5475 Jure
584 5419 870 5491 pudicitiae
897 5433 1119 5474 sacrans
1156 5416 1263 5472 sibi
1296 5417 1534 5493 Virginis
1563 5417 1766 5481 alvum,

428 5509 661 5563 Sumere
699 5506 959 5563 mortales
989 5506 1212 5562 humani
1241 5507 1487 5579 corporis
1524 5514 1695 5575 artus,

423 5602 481 5657 In
504 5601 802 5661 mausolzeo
840 5600 1043 5676 legitur
1071 5599 1585 5673 locuplctclocatus
1610 5617 1625 5667 ;

2071 5238 2130 5307 1)
2157 5232 2266 5288 Sed
2297 5232 2532 5289 Domino
2558 5232 2999 5305 Phlegetontaeas
3028 5229 3305 5287 referente
3338 5229 3559 5302 rapinas

2156 5327 2387 5398 Raptus,
2418 5335 2473 5381 et
2501 5327 2742 5382 aztherea
2768 5327 3005 5382 donatus
3041 5324 3287 5383 creditur
3323 5324 3469 5380 aula.

2155 5418 2253 5474 Hic
2281 5419 2445 5473 etiam
2474 5417 2679 5490 plures,
2703 5434 2845 5490 quos
2867 5418 3068 5474 saecula
3096 5416 3275 5489 prisca
3299 5416 3560 5481 tulerunt,

2156 5507 2399 5563 lllustres
2431 5507 2601 5580 positi
2635 5523 2794 5582 reges
2834 5507 3126 5578 sanctique
3163 5506 3471 5578 prophetat.

2154 5599 2253 5655 Dic
2282 5600 2519 5671 Symeon
2542 5600 2745 5669 justus,
2770 5598 2922 5656 celso
2953 5599 3046 5671 qui
3091 5598 3337 5656 Flamine
3366 5598 3560 5662 clarus,
