  <div class='ocr_page' id='page_1' title='image "/cluster/home/n/w/nwhite01/storage/ocr_20150623/135/hvd.32044054759956/256.png"; bbox 0 0 3960 6160; ppageno 0'>
   <div class='ocr_carea' id='block_1_1' title="bbox 207 286 3543 359">
    <p class='ocr_par' dir='ltr' id='par_1_1' title="bbox 207 286 3543 359">
     <span class='ocr_line' id='line_1_1' title="bbox 207 286 3543 359; baseline -0.004 -2"><span class='ocrx_word' id='word_1_1' title='bbox 207 303 301 359; x_wconf 76' lang='grc'><strong>501</strong></span> <span class='ocrx_word' id='word_1_2' title='bbox 731 295 810 350; x_wconf 85' lang='lat' dir='ltr'><strong>DE</strong></span> <span class='ocrx_word' id='word_1_3' title='bbox 847 291 1207 347; x_wconf 80' lang='lat' dir='ltr'><strong>&#39;l‘RlUMPHlS</strong></span> <span class='ocrx_word' id='word_1_4' title='bbox 1246 291 1502 348; x_wconf 79' lang='lat' dir='ltr'><strong>CHRISTI</strong></span> <span class='ocrx_word' id='word_1_5' title='bbox 1545 292 1624 347; x_wconf 83' lang='lat' dir='ltr'><strong>ET</strong></span> <span class='ocrx_word' id='word_1_6' title='bbox 1665 289 1758 345; x_wconf 87' lang='lat' dir='ltr'><strong>SS.</strong></span> <span class='ocrx_word' id='word_1_7' title='bbox 1800 286 2205 343; x_wconf 66' lang='lat' dir='ltr'><strong>PALAESTINIE</strong></span> <span class='ocrx_word' id='word_1_8' title='bbox 2244 289 2417 344; x_wconf 80' lang='lat' dir='ltr'><strong>LIBRI</strong></span> <span class='ocrx_word' id='word_1_9' title='bbox 2459 291 2644 346; x_wconf 80' lang='lat' dir='ltr'><strong>TRES.</strong></span> <span class='ocrx_word' id='word_1_10' title='bbox 2684 321 2755 331; x_wconf 97' lang='lat'><strong>—</strong></span> <span class='ocrx_word' id='word_1_11' title='bbox 2796 288 2919 344; x_wconf 83' lang='lat' dir='ltr'><strong>LIB.</strong></span> <span class='ocrx_word' id='word_1_12' title='bbox 2963 289 3003 344; x_wconf 92' lang='lat' dir='ltr'><strong>l.</strong></span> <span class='ocrx_word' id='word_1_13' title='bbox 3437 289 3543 346; x_wconf 76' lang='lat'><strong>50?.</strong></span> 
     </span>
    </p>
   </div>
   <div class='ocr_carea' id='block_1_2' title="bbox 209 405 3255 500">
    <p class='ocr_par' dir='ltr' id='par_1_2' title="bbox 209 405 3255 500">
     <span class='ocr_line' id='line_1_2' title="bbox 209 405 3255 500; baseline -0.005 -14"><span class='ocrx_word' id='word_1_14' title='bbox 209 431 553 500; x_wconf 83' lang='lat' dir='ltr'><strong>Responsum</strong></span> <span class='ocrx_word' id='word_1_15' title='bbox 583 423 751 495; x_wconf 89' lang='lat' dir='ltr'><strong>capit,</strong></span> <span class='ocrx_word' id='word_1_16' title='bbox 781 420 928 476; x_wconf 86' lang='lat' dir='ltr'>haud</span> <span class='ocrx_word' id='word_1_17' title='bbox 959 435 1201 492; x_wconf 81' lang='lat' dir='ltr'><strong>unquam</strong></span> <span class='ocrx_word' id='word_1_18' title='bbox 1231 435 1292 474; x_wconf 91' lang='lat' dir='ltr'><strong>se</strong></span> <span class='ocrx_word' id='word_1_19' title='bbox 1335 429 1514 474; x_wconf 89' lang='lat' dir='ltr'><strong>morte</strong></span> <span class='ocrx_word' id='word_1_20' title='bbox 1535 417 1812 474; x_wconf 88' lang='lat' dir='ltr'><strong>obiturum</strong></span> <span class='ocrx_word' id='word_1_21' title='bbox 1844 417 1896 487; x_wconf 83' lang='grc' dir='ltr'>Α</span> <span class='ocrx_word' id='word_1_22' title='bbox 1925 413 2127 468; x_wconf 90' lang='lat' dir='ltr'><strong>Sedula</strong></span> <span class='ocrx_word' id='word_1_23' title='bbox 2153 430 2276 485; x_wconf 77' lang='lat' dir='ltr'><strong>quze</strong></span> <span class='ocrx_word' id='word_1_24' title='bbox 2300 417 2504 486; x_wconf 84' lang='lat' dir='ltr'><strong>templo</strong></span> <span class='ocrx_word' id='word_1_25' title='bbox 2543 415 2776 491; x_wconf 84' lang='lat' dir='ltr'><strong>degens,</strong></span> <span class='ocrx_word' id='word_1_26' title='bbox 2802 405 3019 485; x_wconf 88' lang='lat' dir='ltr'><strong>jejunia</strong></span> <span class='ocrx_word' id='word_1_27' title='bbox 3047 415 3255 472; x_wconf 92' lang='lat' dir='ltr'><strong>ducens</strong></span> 
     </span>
    </p>
   </div>
   <div class='ocr_carea' id='block_1_3' title="bbox 209 509 1463 576">
    <p class='ocr_par' dir='ltr' id='par_1_3' title="bbox 209 509 1463 576">
     <span class='ocr_line' id='line_1_3' title="bbox 209 509 1463 576; baseline -0.01 1"><span class='ocrx_word' id='word_1_28' title='bbox 209 523 496 576; x_wconf 76' lang='lat' dir='ltr'><strong>Auctorem</strong></span> <span class='ocrx_word' id='word_1_29' title='bbox 514 516 694 571; x_wconf 91' lang='lat' dir='ltr'><strong>donec</strong></span> <span class='ocrx_word' id='word_1_30' title='bbox 720 511 1010 566; x_wconf 91' lang='lat' dir='ltr'><strong>meruisset</strong></span> <span class='ocrx_word' id='word_1_31' title='bbox 1035 525 1267 565; x_wconf 89' lang='lat' dir='ltr'><strong>cernere</strong></span> <span class='ocrx_word' id='word_1_32' title='bbox 1302 509 1463 565; x_wconf 69' lang='lat' dir='ltr'><strong>vitae:</strong></span> 
     </span>
    </p>
   </div>
   <div class='ocr_carea' id='block_1_4' title="bbox 211 603 1476 679">
    <p class='ocr_par' dir='ltr' id='par_1_4' title="bbox 211 603 1476 679">
     <span class='ocr_line' id='line_1_4' title="bbox 211 603 1476 679; baseline -0.009 -12"><span class='ocrx_word' id='word_1_33' title='bbox 211 613 324 678; x_wconf 89' lang='lat' dir='ltr'><strong>Quo</strong></span> <span class='ocrx_word' id='word_1_34' title='bbox 364 611 479 664; x_wconf 87' lang='lat' dir='ltr'><strong>viso</strong></span> <span class='ocrx_word' id='word_1_35' title='bbox 504 607 644 679; x_wconf 92' lang='lat' dir='ltr'><strong>petit</strong></span> <span class='ocrx_word' id='word_1_36' title='bbox 663 605 873 660; x_wconf 89' lang='lat' dir='ltr'><strong>absolvi</strong></span> <span class='ocrx_word' id='word_1_37' title='bbox 903 603 1010 660; x_wconf 83' lang='lat' dir='ltr'><strong>sibi</strong></span> <span class='ocrx_word' id='word_1_38' title='bbox 1033 603 1250 660; x_wconf 90' lang='lat' dir='ltr'><strong>vincula</strong></span> <span class='ocrx_word' id='word_1_39' title='bbox 1275 603 1476 669; x_wconf 83' lang='lat' dir='ltr'><strong>carnis,</strong></span> 
     </span>
    </p>
   </div>
   <div class='ocr_carea' id='block_1_5' title="bbox 209 691 1749 768">
    <p class='ocr_par' dir='ltr' id='par_1_5' title="bbox 209 691 1749 768">
     <span class='ocr_line' id='line_1_5' title="bbox 209 691 1749 768; baseline -0.003 -19"><span class='ocrx_word' id='word_1_40' title='bbox 209 695 326 750; x_wconf 81' lang='lat' dir='ltr'><strong>Non</strong></span> <span class='ocrx_word' id='word_1_41' title='bbox 359 703 614 750; x_wconf 91' lang='lat' dir='ltr'><strong>metuens</strong></span> <span class='ocrx_word' id='word_1_42' title='bbox 652 701 903 756; x_wconf 85' lang='lat' dir='ltr'><strong>mortem,</strong></span> <span class='ocrx_word' id='word_1_43' title='bbox 946 693 1149 768; x_wconf 89' lang='lat' dir='ltr'><strong>dignus</strong></span> <span class='ocrx_word' id='word_1_44' title='bbox 1179 692 1307 764; x_wconf 84' lang='lat' dir='ltr'><strong>quia</strong></span> <span class='ocrx_word' id='word_1_45' title='bbox 1345 691 1527 746; x_wconf 84' lang='lat' dir='ltr'><strong>visere</strong></span> <span class='ocrx_word' id='word_1_46' title='bbox 1546 692 1749 765; x_wconf 81' lang='lat' dir='ltr'><strong>vitam;</strong></span> 
     </span>
    </p>
   </div>
   <div class='ocr_carea' id='block_1_6' title="bbox 208 783 1751 854">
    <p class='ocr_par' dir='ltr' id='par_1_6' title="bbox 208 783 1751 854">
     <span class='ocr_line' id='line_1_6' title="bbox 208 783 1751 854; baseline -0.001 -14"><span class='ocrx_word' id='word_1_47' title='bbox 208 785 325 840; x_wconf 77' lang='lat' dir='ltr'><strong>Non</strong></span> <span class='ocrx_word' id='word_1_48' title='bbox 358 785 550 840; x_wconf 91' lang='lat' dir='ltr'><strong>mortis</strong></span> <span class='ocrx_word' id='word_1_49' title='bbox 579 786 812 840; x_wconf 88' lang='lat' dir='ltr'><strong>horrens</strong></span> <span class='ocrx_word' id='word_1_50' title='bbox 841 783 1116 850; x_wconf 86' lang='lat' dir='ltr'><strong>umbram,</strong></span> <span class='ocrx_word' id='word_1_51' title='bbox 1138 784 1268 854; x_wconf 89' lang='lat' dir='ltr'><strong>quia</strong></span> <span class='ocrx_word' id='word_1_52' title='bbox 1290 799 1519 838; x_wconf 88' lang='lat' dir='ltr'><strong>noscere</strong></span> <span class='ocrx_word' id='word_1_53' title='bbox 1551 784 1751 850; x_wconf 89' lang='lat' dir='ltr'><strong>lucem,</strong></span> 
     </span>
    </p>
   </div>
   <div class='ocr_carea' id='block_1_7' title="bbox 213 875 1732 948">
    <p class='ocr_par' dir='ltr' id='par_1_7' title="bbox 213 875 1732 948">
     <span class='ocr_line' id='line_1_7' title="bbox 213 875 1732 948; baseline -0.001 -17"><span class='ocrx_word' id='word_1_54' title='bbox 213 878 463 948; x_wconf 88' lang='lat' dir='ltr'><strong>Paceque</strong></span> <span class='ocrx_word' id='word_1_55' title='bbox 481 883 800 948; x_wconf 89' lang='lat' dir='ltr'><strong>conspecta,</strong></span> <span class='ocrx_word' id='word_1_56' title='bbox 824 876 1055 946; x_wconf 90' lang='lat' dir='ltr'><strong>cupiunt</strong></span> <span class='ocrx_word' id='word_1_57' title='bbox 1084 875 1435 947; x_wconf 85' lang='lat' dir='ltr'><strong>requiescere</strong></span> <span class='ocrx_word' id='word_1_58' title='bbox 1461 875 1732 930; x_wconf 88' lang='lat' dir='ltr'><strong>membra.</strong></span> 
     </span>
    </p>
   </div>
   <div class='ocr_carea' id='block_1_8' title="bbox 210 969 1719 1042">
    <p class='ocr_par' dir='ltr' id='par_1_8' title="bbox 210 969 1719 1042">
     <span class='ocr_line' id='line_1_8' title="bbox 210 969 1719 1042; baseline 0 -17"><span class='ocrx_word' id='word_1_59' title='bbox 210 971 305 1026; x_wconf 82' lang='lat' dir='ltr'><strong>llic</strong></span> <span class='ocrx_word' id='word_1_60' title='bbox 335 973 580 1027; x_wconf 81' lang='lat' dir='ltr'><strong>Phanuel</strong></span> <span class='ocrx_word' id='word_1_61' title='bbox 615 971 820 1042; x_wconf 84' lang='lat' dir='ltr'><strong>proles,</strong></span> <span class='ocrx_word' id='word_1_62' title='bbox 862 969 1044 1025; x_wconf 87' lang='lat' dir='ltr'><strong>viduis</strong></span> <span class='ocrx_word' id='word_1_63' title='bbox 1069 985 1292 1042; x_wconf 90' lang='lat' dir='ltr'><strong>quoque</strong></span> <span class='ocrx_word' id='word_1_64' title='bbox 1321 970 1497 1025; x_wconf 89' lang='lat' dir='ltr'><strong>forma</strong></span> <span class='ocrx_word' id='word_1_65' title='bbox 1526 969 1719 1026; x_wconf 89' lang='lat' dir='ltr'><strong>salutis</strong></span> 
     </span>
    </p>
   </div>
   <div class='ocr_carea' id='block_1_9' title="bbox 207 1061 1582 1139">
    <p class='ocr_par' dir='ltr' id='par_1_9' title="bbox 207 1061 1582 1139">
     <span class='ocr_line' id='line_1_9' title="bbox 207 1061 1582 1139; baseline -0.004 -18"><span class='ocrx_word' id='word_1_66' title='bbox 207 1070 359 1121; x_wconf 81' lang='lat' dir='ltr'><strong>Anna</strong></span> <span class='ocrx_word' id='word_1_67' title='bbox 387 1065 754 1139; x_wconf 71' lang='lat' dir='ltr'><strong>prophetissa,</strong></span> <span class='ocrx_word' id='word_1_68' title='bbox 789 1063 955 1119; x_wconf 79' lang='lat' dir='ltr'><strong>tribui</strong></span> <span class='ocrx_word' id='word_1_69' title='bbox 987 1078 1111 1136; x_wconf 61' lang='lat' dir='ltr'><strong>qua:</strong></span> <span class='ocrx_word' id='word_1_70' title='bbox 1133 1062 1378 1118; x_wconf 89' lang='lat' dir='ltr'><strong>nascitur</strong></span> <span class='ocrx_word' id='word_1_71' title='bbox 1402 1061 1536 1116; x_wconf 86' lang='lat' dir='ltr'><strong>Aser</strong></span> <span class='ocrx_word' id='word_1_72' title='bbox 1565 1081 1582 1117; x_wconf 87' lang='lat'><strong><em>:</em></strong></span> 
     </span>
    </p>
   </div>
   <div class='ocr_carea' id='block_1_10' title="bbox 1923 502 3471 580">
    <p class='ocr_par' dir='ltr' id='par_1_10' title="bbox 1923 502 3471 580">
     <span class='ocr_line' id='line_1_10' title="bbox 1923 502 3471 580; baseline 0.003 -22"><span class='ocrx_word' id='word_1_73' title='bbox 1923 502 2143 570; x_wconf 86' lang='lat' dir='ltr'><strong>Crebra,</strong></span> <span class='ocrx_word' id='word_1_74' title='bbox 2185 506 2467 578; x_wconf 89' lang='lat' dir='ltr'><strong>Deumque</strong></span> <span class='ocrx_word' id='word_1_75' title='bbox 2498 521 2718 580; x_wconf 84' lang='lat' dir='ltr'><strong>rogans,</strong></span> <span class='ocrx_word' id='word_1_76' title='bbox 2759 507 2926 561; x_wconf 90' lang='lat' dir='ltr'><strong>servit</strong></span> <span class='ocrx_word' id='word_1_77' title='bbox 2956 507 3043 562; x_wconf 91' lang='lat' dir='ltr'><strong>cui</strong></span> <span class='ocrx_word' id='word_1_78' title='bbox 3075 513 3234 562; x_wconf 91' lang='lat' dir='ltr'><strong>nocte</strong></span> <span class='ocrx_word' id='word_1_79' title='bbox 3267 506 3471 579; x_wconf 91' lang='lat' dir='ltr'><strong>dieque</strong></span> 
     </span>
    </p>
   </div>
   <div class='ocr_carea' id='block_1_11' title="bbox 1923 598 3232 671">
    <p class='ocr_par' dir='ltr' id='par_1_11' title="bbox 1923 598 3232 671">
     <span class='ocr_line' id='line_1_11' title="bbox 1923 598 3232 671; baseline 0.001 -19"><span class='ocrx_word' id='word_1_80' title='bbox 1923 598 2072 653; x_wconf 88' lang='lat' dir='ltr'><strong>Dona</strong></span> <span class='ocrx_word' id='word_1_81' title='bbox 2105 599 2407 669; x_wconf 64' lang='lat' dir='ltr'><strong>prophetiae</strong></span> <span class='ocrx_word' id='word_1_82' title='bbox 2445 598 2567 654; x_wconf 63' lang='grc' dir='ltr'><strong>εαξιί</strong></span> <span class='ocrx_word' id='word_1_83' title='bbox 2597 599 2930 654; x_wconf 87' lang='lat' dir='ltr'><strong>charismata</strong></span> <span class='ocrx_word' id='word_1_84' title='bbox 2951 601 3186 671; x_wconf 90' lang='lat' dir='ltr'><strong>sumpsit</strong></span> <span class='ocrx_word' id='word_1_85' title='bbox 3220 617 3232 653; x_wconf 95' lang='lat'>:</span> 
     </span>
    </p>
   </div>
   <div class='ocr_carea' id='block_1_12' title="bbox 1926 687 3187 762">
    <p class='ocr_par' dir='ltr' id='par_1_12' title="bbox 1926 687 3187 762">
     <span class='ocr_line' id='line_1_12' title="bbox 1926 687 3187 762; baseline 0 -20"><span class='ocrx_word' id='word_1_86' title='bbox 1926 687 2246 742; x_wconf 86' lang='lat' dir='ltr'><strong>Emmanuel</strong></span> <span class='ocrx_word' id='word_1_87' title='bbox 2276 695 2462 742; x_wconf 88' lang='lat' dir='ltr'><strong>natum</strong></span> <span class='ocrx_word' id='word_1_88' title='bbox 2505 703 2613 742; x_wconf 90' lang='lat' dir='ltr'><strong>non</strong></span> <span class='ocrx_word' id='word_1_89' title='bbox 2643 688 2823 742; x_wconf 90' lang='lat' dir='ltr'><strong>solum</strong></span> <span class='ocrx_word' id='word_1_90' title='bbox 2855 689 3023 762; x_wconf 88' lang='lat' dir='ltr'><strong>digna</strong></span> <span class='ocrx_word' id='word_1_91' title='bbox 3045 688 3187 743; x_wconf 90' lang='lat' dir='ltr'><strong>tueri</strong></span> 
     </span>
    </p>
   </div>
   <div class='ocr_carea' id='block_1_13' title="bbox 1927 779 3255 850">
    <p class='ocr_par' dir='ltr' id='par_1_13' title="bbox 1927 779 3255 850">
     <span class='ocr_line' id='line_1_13' title="bbox 1927 779 3255 850; baseline 0.004 -19"><span class='ocrx_word' id='word_1_92' title='bbox 1927 779 2260 844; x_wconf 89' lang='lat' dir='ltr'><strong>Vaticinans,</strong></span> <span class='ocrx_word' id='word_1_93' title='bbox 2295 779 2349 833; x_wconf 90' lang='lat' dir='ltr'><strong>in</strong></span> <span class='ocrx_word' id='word_1_94' title='bbox 2380 794 2446 834; x_wconf 94' lang='lat' dir='ltr'><strong>eo</strong></span> <span class='ocrx_word' id='word_1_95' title='bbox 2469 779 2672 834; x_wconf 86' lang='lat' dir='ltr'><strong>meruit</strong></span> <span class='ocrx_word' id='word_1_96' title='bbox 2696 779 2829 850; x_wconf 92' lang='lat' dir='ltr'><strong>quin</strong></span> <span class='ocrx_word' id='word_1_97' title='bbox 2863 779 3066 834; x_wconf 89' lang='lat' dir='ltr'><strong>famina</strong></span> <span class='ocrx_word' id='word_1_98' title='bbox 3091 781 3255 847; x_wconf 84' lang='lat' dir='ltr'><strong>ferre,</strong></span> 
     </span>
    </p>
   </div>
   <div class='ocr_carea' id='block_1_14' title="bbox 1929 871 3263 943">
    <p class='ocr_par' dir='ltr' id='par_1_14' title="bbox 1929 871 3263 943">
     <span class='ocr_line' id='line_1_14' title="bbox 1929 871 3263 943; baseline 0.002 -18"><span class='ocrx_word' id='word_1_99' title='bbox 1929 871 2080 926; x_wconf 86' lang='lat' dir='ltr'><strong>Hunc</strong></span> <span class='ocrx_word' id='word_1_100' title='bbox 2113 872 2297 926; x_wconf 84' lang='lat' dir='ltr'><strong>multis</strong></span> <span class='ocrx_word' id='word_1_101' title='bbox 2316 872 2554 943; x_wconf 91' lang='lat' dir='ltr'><strong>positum</strong></span> <span class='ocrx_word' id='word_1_102' title='bbox 2577 871 2886 942; x_wconf 83' lang='lat' dir='ltr'><strong>praedicens</strong></span> <span class='ocrx_word' id='word_1_103' title='bbox 2920 889 3043 928; x_wconf 90' lang='lat' dir='ltr'><strong>esse</strong></span> <span class='ocrx_word' id='word_1_104' title='bbox 3067 874 3263 939; x_wconf 57' lang='lat' dir='ltr'><strong>ruinas,</strong></span> 
     </span>
    </p>
   </div>
   <div class='ocr_carea' id='block_1_15' title="bbox 1928 958 3332 1033">
    <p class='ocr_par' dir='ltr' id='par_1_15' title="bbox 1928 958 3332 1033">
     <span class='ocr_line' id='line_1_15' title="bbox 1928 958 3332 1033; baseline 0.003 -19"><span class='ocrx_word' id='word_1_105' title='bbox 1928 958 2271 1016; x_wconf 85' lang='lat' dir='ltr'><strong>Continuans</strong></span> <span class='ocrx_word' id='word_1_106' title='bbox 2301 961 2452 1033; x_wconf 89' lang='lat' dir='ltr'><strong>quod</strong></span> <span class='ocrx_word' id='word_1_107' title='bbox 2483 967 2537 1016; x_wconf 91' lang='lat' dir='ltr'><strong>et</strong></span> <span class='ocrx_word' id='word_1_108' title='bbox 2563 958 2793 1016; x_wconf 80' lang='lat' dir='ltr'><strong>advenis</strong></span> <span class='ocrx_word' id='word_1_109' title='bbox 2832 961 3102 1017; x_wconf 90' lang='lat' dir='ltr'><strong>surrectio</strong></span> <span class='ocrx_word' id='word_1_110' title='bbox 3127 961 3332 1018; x_wconf 91' lang='lat' dir='ltr'><strong>multis.</strong></span> 
     </span>
    </p>
   </div>
   <div class='ocr_carea' id='block_1_16' title="bbox 1695 1192 2080 1250">
    <p class='ocr_par' dir='ltr' id='par_1_16' title="bbox 1695 1192 2080 1250">
     <span class='ocr_line' id='line_1_16' title="bbox 1695 1192 2080 1250; baseline 0.003 -1"><span class='ocrx_word' id='word_1_111' title='bbox 1695 1192 1906 1250; x_wconf 85' lang='lat' dir='ltr'><strong>CAPUT</strong></span> <span class='ocrx_word' id='word_1_112' title='bbox 1948 1195 2080 1250; x_wconf 79' lang='lat' dir='ltr'><strong>XXI.</strong></span> 
     </span>
    </p>
   </div>
   <div class='ocr_carea' id='block_1_17' title="bbox 1544 1326 2228 1407">
    <p class='ocr_par' dir='ltr' id='par_1_17' title="bbox 1544 1326 2228 1407">
     <span class='ocr_line' id='line_1_17' title="bbox 1544 1326 2228 1407; baseline 0.004 -22"><span class='ocrx_word' id='word_1_113' title='bbox 1544 1326 1624 1386; x_wconf 86' lang='lat' dir='ltr'><strong>De</strong></span> <span class='ocrx_word' id='word_1_114' title='bbox 1663 1335 1869 1388; x_wconf 80' lang='lat' dir='ltr'><strong>sancto</strong></span> <span class='ocrx_word' id='word_1_115' title='bbox 1907 1327 2228 1407; x_wconf 78' lang='lat' dir='ltr'><strong>Stephano.</strong></span> 
     </span>
    </p>
   </div>
   <div class='ocr_carea' id='block_1_18' title="bbox 211 1477 1664 1551">
    <p class='ocr_par' dir='ltr' id='par_1_18' title="bbox 211 1477 1664 1551">
     <span class='ocr_line' id='line_1_18' title="bbox 211 1477 1664 1551; baseline -0.002 -16"><span class='ocrx_word' id='word_1_116' title='bbox 211 1479 383 1535; x_wconf 89' lang='lat' dir='ltr'><strong>lsthic</strong></span> <span class='ocrx_word' id='word_1_117' title='bbox 409 1477 704 1551; x_wconf 65' lang='lat' dir='ltr'><strong>praecipuis</strong></span> <span class='ocrx_word' id='word_1_118' title='bbox 732 1490 955 1548; x_wconf 92' lang='lat' dir='ltr'><strong>quoque</strong></span> <span class='ocrx_word' id='word_1_119' title='bbox 977 1481 1432 1530; x_wconf 88' lang='lat' dir='ltr'><strong>consummantur</strong></span> <span class='ocrx_word' id='word_1_120' title='bbox 1459 1490 1664 1548; x_wconf 80' lang='lat' dir='ltr'><strong>agones</strong></span> 
     </span>
    </p>
   </div>
   <div class='ocr_carea' id='block_1_19' title="bbox 208 1563 1629 1640">
    <p class='ocr_par' dir='ltr' id='par_1_19' title="bbox 208 1563 1629 1640">
     <span class='ocr_line' id='line_1_19' title="bbox 208 1563 1629 1640; baseline -0.002 -16"><span class='ocrx_word' id='word_1_121' title='bbox 208 1568 499 1636; x_wconf 79' lang='lat' dir='ltr'><strong>Militibus,</strong></span> <span class='ocrx_word' id='word_1_122' title='bbox 526 1565 1086 1640; x_wconf 88' lang='lat' dir='ltr'><strong>quorumStephanus</strong></span> <span class='ocrx_word' id='word_1_123' title='bbox 1116 1563 1417 1619; x_wconf 87' lang='lat' dir='ltr'><strong>certamine</strong></span> <span class='ocrx_word' id='word_1_124' title='bbox 1451 1565 1629 1636; x_wconf 90' lang='lat' dir='ltr'><strong>primo</strong></span> 
     </span>
    </p>
   </div>
   <div class='ocr_carea' id='block_1_20' title="bbox 210 1655 1601 1727">
    <p class='ocr_par' dir='ltr' id='par_1_20' title="bbox 210 1655 1601 1727">
     <span class='ocr_line' id='line_1_20' title="bbox 210 1655 1601 1727; baseline -0.004 -12"><span class='ocrx_word' id='word_1_125' title='bbox 210 1661 335 1715; x_wconf 86' lang='lat' dir='ltr'><strong>Post</strong></span> <span class='ocrx_word' id='word_1_126' title='bbox 376 1659 648 1714; x_wconf 87' lang='lat' dir='ltr'><strong>Christum</strong></span> <span class='ocrx_word' id='word_1_127' title='bbox 679 1657 813 1713; x_wconf 91' lang='lat' dir='ltr'><strong>lethi</strong></span> <span class='ocrx_word' id='word_1_128' title='bbox 845 1657 1072 1712; x_wconf 82' lang='lat' dir='ltr'><strong>liventia</strong></span> <span class='ocrx_word' id='word_1_129' title='bbox 1102 1656 1212 1711; x_wconf 90' lang='lat' dir='ltr'><strong>tela</strong></span> <span class='ocrx_word' id='word_1_130' title='bbox 1235 1655 1601 1727; x_wconf 87' lang='lat' dir='ltr'><strong>triumphans,</strong></span> 
     </span>
    </p>
   </div>
   <div class='ocr_carea' id='block_1_21' title="bbox 211 1743 1591 1818">
    <p class='ocr_par' dir='ltr' id='par_1_21' title="bbox 211 1743 1591 1818">
     <span class='ocr_line' id='line_1_21' title="bbox 211 1743 1591 1818; baseline -0.004 -14"><span class='ocrx_word' id='word_1_131' title='bbox 211 1749 462 1806; x_wconf 83' lang='lat' dir='ltr'><strong>Nominis</strong></span> <span class='ocrx_word' id='word_1_132' title='bbox 493 1749 623 1803; x_wconf 90' lang='lat' dir='ltr'><strong>hinc</strong></span> <span class='ocrx_word' id='word_1_133' title='bbox 653 1746 858 1818; x_wconf 91' lang='lat' dir='ltr'><strong>proprii</strong></span> <span class='ocrx_word' id='word_1_134' title='bbox 885 1747 1054 1800; x_wconf 89' lang='lat' dir='ltr'><strong>scitur</strong></span> <span class='ocrx_word' id='word_1_135' title='bbox 1075 1743 1288 1815; x_wconf 90' lang='lat' dir='ltr'><strong>cepisse</strong></span> <span class='ocrx_word' id='word_1_136' title='bbox 1329 1758 1591 1798; x_wconf 88' lang='lat' dir='ltr'><strong>coronam</strong></span> 
     </span>
    </p>
   </div>
   <div class='ocr_carea' id='block_1_22' title="bbox 209 1837 1835 1912">
    <p class='ocr_par' dir='ltr' id='par_1_22' title="bbox 209 1837 1835 1912">
     <span class='ocr_line' id='line_1_22' title="bbox 209 1837 1835 1912; baseline -0.002 -16"><span class='ocrx_word' id='word_1_137' title='bbox 209 1843 480 1911; x_wconf 87' lang='lat' dir='ltr'><strong>Tempore</strong></span> <span class='ocrx_word' id='word_1_138' title='bbox 507 1856 616 1912; x_wconf 92' lang='lat' dir='ltr'><strong>quo</strong></span> <span class='ocrx_word' id='word_1_139' title='bbox 649 1839 910 1894; x_wconf 88' lang='lat' dir='ltr'><strong>Dominus</strong></span> <span class='ocrx_word' id='word_1_140' title='bbox 940 1839 1121 1895; x_wconf 92' lang='lat' dir='ltr'><strong>dirum</strong></span> <span class='ocrx_word' id='word_1_141' title='bbox 1163 1855 1326 1895; x_wconf 89' lang='lat' dir='ltr'><strong>cruce</strong></span> <span class='ocrx_word' id='word_1_142' title='bbox 1365 1839 1580 1893; x_wconf 90' lang='lat' dir='ltr'><strong>vicerat</strong></span> <span class='ocrx_word' id='word_1_143' title='bbox 1601 1837 1835 1892; x_wconf 89' lang='lat' dir='ltr'><strong>hostem.</strong></span> 
     </span>
    </p>
   </div>
   <div class='ocr_carea' id='block_1_23' title="bbox 210 1931 1475 1988">
    <p class='ocr_par' dir='ltr' id='par_1_23' title="bbox 210 1931 1475 1988">
     <span class='ocr_line' id='line_1_23' title="bbox 210 1931 1475 1988; baseline -0.003 0"><span class='ocrx_word' id='word_1_144' title='bbox 210 1934 342 1988; x_wconf 84' lang='lat' dir='ltr'><strong>Nam</strong></span> <span class='ocrx_word' id='word_1_145' title='bbox 377 1932 508 1987; x_wconf 91' lang='lat' dir='ltr'><strong>dum</strong></span> <span class='ocrx_word' id='word_1_146' title='bbox 541 1932 735 1987; x_wconf 81' lang='lat' dir='ltr'><strong>levitas</strong></span> <span class='ocrx_word' id='word_1_147' title='bbox 763 1931 934 1986; x_wconf 86' lang='lat' dir='ltr'><strong>sacris</strong></span> <span class='ocrx_word' id='word_1_148' title='bbox 973 1931 1235 1986; x_wconf 88' lang='lat' dir='ltr'><strong>assistere</strong></span> <span class='ocrx_word' id='word_1_149' title='bbox 1270 1931 1475 1985; x_wconf 91' lang='lat' dir='ltr'><strong>mensis</strong></span> 
     </span>
    </p>
   </div>
   <div class='ocr_carea' id='block_1_24' title="bbox 213 2022 1714 2097">
    <p class='ocr_par' dir='ltr' id='par_1_24' title="bbox 213 2022 1714 2097">
     <span class='ocr_line' id='line_1_24' title="bbox 213 2022 1714 2097; baseline -0.003 -15"><span class='ocrx_word' id='word_1_150' title='bbox 213 2027 400 2082; x_wconf 62' lang='lat' dir='ltr'><strong>Castus</strong></span> <span class='ocrx_word' id='word_1_151' title='bbox 431 2025 786 2097; x_wconf 88' lang='lat' dir='ltr'><strong>apostolicus,</strong></span> <span class='ocrx_word' id='word_1_152' title='bbox 819 2031 1032 2096; x_wconf 71' lang='lat' dir='ltr'><strong>septem</strong></span> <span class='ocrx_word' id='word_1_153' title='bbox 1094 2039 1234 2095; x_wconf 92' lang='lat' dir='ltr'><strong>quos</strong></span> <span class='ocrx_word' id='word_1_154' title='bbox 1258 2023 1498 2095; x_wconf 88' lang='lat' dir='ltr'><strong>Spiritus</strong></span> <span class='ocrx_word' id='word_1_155' title='bbox 1537 2022 1714 2077; x_wconf 87' lang='lat' dir='ltr'><strong>almus</strong></span> 
     </span>
    </p>
   </div>
   <div class='ocr_carea' id='block_1_25' title="bbox 207 2113 1390 2182">
    <p class='ocr_par' dir='ltr' id='par_1_25' title="bbox 207 2113 1390 2182">
     <span class='ocr_line' id='line_1_25' title="bbox 207 2113 1390 2182; baseline -0.002 -12"><span class='ocrx_word' id='word_1_156' title='bbox 207 2117 468 2182; x_wconf 84' lang='lat' dir='ltr'><strong>Exornat,</strong></span> <span class='ocrx_word' id='word_1_157' title='bbox 499 2115 709 2179; x_wconf 90' lang='lat' dir='ltr'><strong>statuit,</strong></span> <span class='ocrx_word' id='word_1_158' title='bbox 744 2113 934 2169; x_wconf 90' lang='lat' dir='ltr'><strong>divino</strong></span> <span class='ocrx_word' id='word_1_159' title='bbox 966 2113 1194 2168; x_wconf 89' lang='lat' dir='ltr'><strong>numine</strong></span> <span class='ocrx_word' id='word_1_160' title='bbox 1213 2113 1390 2168; x_wconf 90' lang='lat' dir='ltr'><strong>lectus</strong></span> 
     </span>
    </p>
   </div>
   <div class='ocr_carea' id='block_1_26' title="bbox 210 2203 1537 2277">
    <p class='ocr_par' dir='ltr' id='par_1_26' title="bbox 210 2203 1537 2277">
     <span class='ocr_line' id='line_1_26' title="bbox 210 2203 1537 2277; baseline -0.005 -17"><span class='ocrx_word' id='word_1_161' title='bbox 210 2206 301 2263; x_wconf 84' lang='lat' dir='ltr'><strong>His</strong></span> <span class='ocrx_word' id='word_1_162' title='bbox 337 2208 480 2262; x_wconf 92' lang='lat' dir='ltr'><strong>lucis</strong></span> <span class='ocrx_word' id='word_1_163' title='bbox 519 2205 768 2277; x_wconf 89' lang='lat' dir='ltr'><strong>locuples</strong></span> <span class='ocrx_word' id='word_1_164' title='bbox 798 2204 1138 2276; x_wconf 69' lang='lat' dir='ltr'><strong>praeponitur</strong></span> <span class='ocrx_word' id='word_1_165' title='bbox 1167 2203 1537 2258; x_wconf 82' lang='lat' dir='ltr'><strong>arcliidiacon.</strong></span> 
     </span>
    </p>
   </div>
   <div class='ocr_carea' id='block_1_27' title="bbox 201 2299 1664 2373">
    <p class='ocr_par' dir='ltr' id='par_1_27' title="bbox 201 2299 1664 2373">
     <span class='ocr_line' id='line_1_27' title="bbox 201 2299 1664 2373; baseline -0.003 -15"><span class='ocrx_word' id='word_1_166' title='bbox 201 2305 322 2360; x_wconf 84' lang='lat' dir='ltr'><strong>Mox</strong></span> <span class='ocrx_word' id='word_1_167' title='bbox 350 2302 590 2358; x_wconf 89' lang='lat' dir='ltr'><strong>imbrem</strong></span> <span class='ocrx_word' id='word_1_168' title='bbox 619 2300 900 2356; x_wconf 89' lang='lat' dir='ltr'><strong>sermonis</strong></span> <span class='ocrx_word' id='word_1_169' title='bbox 927 2317 1122 2373; x_wconf 81' lang='lat' dir='ltr'><strong>agens,</strong></span> <span class='ocrx_word' id='word_1_170' title='bbox 1155 2299 1356 2355; x_wconf 87' lang='lat' dir='ltr'><strong>virtute</strong></span> <span class='ocrx_word' id='word_1_171' title='bbox 1388 2307 1664 2365; x_wconf 87' lang='lat' dir='ltr'><strong>coruscat,</strong></span> 
     </span>
    </p>
   </div>
   <div class='ocr_carea' id='block_1_28' title="bbox 203 2391 1761 2467">
    <p class='ocr_par' dir='ltr' id='par_1_28' title="bbox 203 2391 1761 2467">
     <span class='ocr_line' id='line_1_28' title="bbox 203 2391 1761 2467; baseline -0.004 -17"><span class='ocrx_word' id='word_1_172' title='bbox 203 2395 586 2467; x_wconf 80' lang='lat' dir='ltr'><strong>Prodigiisque</strong></span> <span class='ocrx_word' id='word_1_173' title='bbox 627 2393 785 2448; x_wconf 89' lang='lat' dir='ltr'><strong>novis</strong></span> <span class='ocrx_word' id='word_1_174' title='bbox 816 2392 1022 2465; x_wconf 90' lang='lat' dir='ltr'><strong>populo</strong></span> <span class='ocrx_word' id='word_1_175' title='bbox 1051 2407 1193 2448; x_wconf 86' lang='lat' dir='ltr'><strong>nova</strong></span> <span class='ocrx_word' id='word_1_176' title='bbox 1224 2391 1442 2466; x_wconf 78' lang='lat' dir='ltr'><strong>fulgura</strong></span> <span class='ocrx_word' id='word_1_177' title='bbox 1474 2396 1761 2446; x_wconf 89' lang='lat' dir='ltr'><strong>monstrat.</strong></span> 
     </span>
    </p>
   </div>
   <div class='ocr_carea' id='block_1_29' title="bbox 200 2481 1763 2559">
    <p class='ocr_par' dir='ltr' id='par_1_29' title="bbox 200 2481 1763 2559">
     <span class='ocr_line' id='line_1_29' title="bbox 200 2481 1763 2559; baseline -0.003 -18"><span class='ocrx_word' id='word_1_178' title='bbox 200 2488 378 2552; x_wconf 87' lang='lat' dir='ltr'><strong>Quem</strong></span> <span class='ocrx_word' id='word_1_179' title='bbox 409 2492 598 2540; x_wconf 88' lang='lat' dir='ltr'><strong>contra</strong></span> <span class='ocrx_word' id='word_1_180' title='bbox 629 2484 919 2559; x_wconf 78' lang='lat' dir='ltr'><strong>Synagoga</strong></span> <span class='ocrx_word' id='word_1_181' title='bbox 949 2500 1183 2554; x_wconf 86' lang='lat' dir='ltr'><strong>crepans</strong></span> <span class='ocrx_word' id='word_1_182' title='bbox 1212 2484 1425 2538; x_wconf 72' lang='lat' dir='ltr'><strong>Satana:</strong></span> <span class='ocrx_word' id='word_1_183' title='bbox 1467 2481 1763 2546; x_wconf 88' lang='lat' dir='ltr'><strong>blateratu,</strong></span> 
     </span>
    </p>
   </div>
   <div class='ocr_carea' id='block_1_30' title="bbox 203 2579 1369 2650">
    <p class='ocr_par' dir='ltr' id='par_1_30' title="bbox 203 2579 1369 2650">
     <span class='ocr_line' id='line_1_30' title="bbox 203 2579 1369 2650; baseline -0.003 -15"><span class='ocrx_word' id='word_1_184' title='bbox 203 2580 455 2636; x_wconf 87' lang='lat' dir='ltr'><strong>Bellabat</strong></span> <span class='ocrx_word' id='word_1_185' title='bbox 486 2579 702 2641; x_wconf 89' lang='lat' dir='ltr'><strong>rabido,</strong></span> <span class='ocrx_word' id='word_1_186' title='bbox 735 2579 1090 2650; x_wconf 90' lang='lat' dir='ltr'><strong>libertinique</strong></span> <span class='ocrx_word' id='word_1_187' title='bbox 1123 2579 1369 2648; x_wconf 89' lang='lat' dir='ltr'><strong>remissi,</strong></span> 
     </span>
    </p>
   </div>
   <div class='ocr_carea' id='block_1_31' title="bbox 207 2671 1457 2746">
    <p class='ocr_par' dir='ltr' id='par_1_31' title="bbox 207 2671 1457 2746">
     <span class='ocr_line' id='line_1_31' title="bbox 207 2671 1457 2746; baseline -0.002 -18"><span class='ocrx_word' id='word_1_188' title='bbox 207 2675 390 2746; x_wconf 81' lang='lat' dir='ltr'><strong>Atque</strong></span> <span class='ocrx_word' id='word_1_189' title='bbox 423 2673 580 2728; x_wconf 89' lang='lat' dir='ltr'><strong>nothi</strong></span> <span class='ocrx_word' id='word_1_190' title='bbox 605 2671 948 2743; x_wconf 87' lang='lat' dir='ltr'><strong>Cyrenenses</strong></span> <span class='ocrx_word' id='word_1_191' title='bbox 981 2671 1194 2727; x_wconf 80' lang='lat' dir='ltr'><strong>fervore</strong></span> <span class='ocrx_word' id='word_1_192' title='bbox 1227 2671 1457 2742; x_wconf 89' lang='lat' dir='ltr'><strong>perusti,</strong></span> 
     </span>
    </p>
   </div>
   <div class='ocr_carea' id='block_1_32' title="bbox 205 2760 1671 2833">
    <p class='ocr_par' dir='ltr' id='par_1_32' title="bbox 205 2760 1671 2833">
     <span class='ocr_line' id='line_1_32' title="bbox 205 2760 1671 2833; baseline -0.004 -15"><span class='ocrx_word' id='word_1_193' title='bbox 205 2763 394 2820; x_wconf 89' lang='lat' dir='ltr'><strong>Turba</strong></span> <span class='ocrx_word' id='word_1_194' title='bbox 433 2771 491 2818; x_wconf 91' lang='lat' dir='ltr'><strong>et</strong></span> <span class='ocrx_word' id='word_1_195' title='bbox 516 2762 1006 2817; x_wconf 87' lang='lat' dir='ltr'><strong>Alexandrinorum</strong></span> <span class='ocrx_word' id='word_1_196' title='bbox 1050 2760 1354 2833; x_wconf 88' lang='lat' dir='ltr'><strong>Cilicesque</strong></span> <span class='ocrx_word' id='word_1_197' title='bbox 1385 2775 1671 2831; x_wconf 84' lang='lat' dir='ltr'><strong>procaces,</strong></span> 
     </span>
    </p>
   </div>
   <div class='ocr_carea' id='block_1_33' title="bbox 206 2847 1602 2922">
    <p class='ocr_par' dir='ltr' id='par_1_33' title="bbox 206 2847 1602 2922">
     <span class='ocr_line' id='line_1_33' title="bbox 206 2847 1602 2922; baseline -0.003 -16"><span class='ocrx_word' id='word_1_198' title='bbox 206 2854 313 2907; x_wconf 82' lang='lat' dir='ltr'><strong>Ant</strong></span> <span class='ocrx_word' id='word_1_199' title='bbox 337 2852 480 2906; x_wconf 73' lang='lat' dir='ltr'><strong>Asiae</strong></span> <span class='ocrx_word' id='word_1_200' title='bbox 513 2850 730 2922; x_wconf 90' lang='lat' dir='ltr'><strong>reliqui.</strong></span> <span class='ocrx_word' id='word_1_201' title='bbox 766 2849 871 2904; x_wconf 92' lang='lat' dir='ltr'><strong>Sed</strong></span> <span class='ocrx_word' id='word_1_202' title='bbox 905 2865 1017 2905; x_wconf 90' lang='lat' dir='ltr'><strong>non</strong></span> <span class='ocrx_word' id='word_1_203' title='bbox 1048 2865 1312 2920; x_wconf 88' lang='lat' dir='ltr'><strong>superare</strong></span> <span class='ocrx_word' id='word_1_204' title='bbox 1345 2847 1602 2920; x_wconf 87' lang='lat' dir='ltr'><strong>sophiam</strong></span> 
     </span>
    </p>
   </div>
   <div class='ocr_carea' id='block_1_34' title="bbox 205 2941 1566 3014">
    <p class='ocr_par' dir='ltr' id='par_1_34' title="bbox 205 2941 1566 3014">
     <span class='ocr_line' id='line_1_34' title="bbox 205 2941 1566 3014; baseline -0.004 -15"><span class='ocrx_word' id='word_1_205' title='bbox 205 2944 478 2999; x_wconf 82' lang='lat' dir='ltr'><strong>Flaminis</strong></span> <span class='ocrx_word' id='word_1_206' title='bbox 509 2951 600 2999; x_wconf 89' lang='lat' dir='ltr'><strong>aut</strong></span> <span class='ocrx_word' id='word_1_207' title='bbox 636 2944 811 2999; x_wconf 86' lang='lat' dir='ltr'><strong>sancti</strong></span> <span class='ocrx_word' id='word_1_208' title='bbox 845 2949 1145 3014; x_wconf 89' lang='lat' dir='ltr'><strong>potuerunt</strong></span> <span class='ocrx_word' id='word_1_209' title='bbox 1175 2942 1368 2997; x_wconf 88' lang='lat' dir='ltr'><strong>sistere</strong></span> <span class='ocrx_word' id='word_1_210' title='bbox 1401 2941 1566 2996; x_wconf 84' lang='lat' dir='ltr'><strong>rivos.</strong></span> 
     </span>
    </p>
   </div>
   <div class='ocr_carea' id='block_1_35' title="bbox 205 3036 1644 3109">
    <p class='ocr_par' dir='ltr' id='par_1_35' title="bbox 205 3036 1644 3109">
     <span class='ocr_line' id='line_1_35' title="bbox 205 3036 1644 3109; baseline -0.005 -17"><span class='ocrx_word' id='word_1_211' title='bbox 205 3037 443 3108; x_wconf 87' lang='lat' dir='ltr'><strong>Captum</strong></span> <span class='ocrx_word' id='word_1_212' title='bbox 479 3036 711 3091; x_wconf 88' lang='lat' dir='ltr'><strong>concilio</strong></span> <span class='ocrx_word' id='word_1_213' title='bbox 743 3041 989 3089; x_wconf 86' lang='lat' dir='ltr'><strong>statuunt</strong></span> <span class='ocrx_word' id='word_1_214' title='bbox 1015 3043 1070 3090; x_wconf 94' lang='lat' dir='ltr'><strong>et</strong></span> <span class='ocrx_word' id='word_1_215' title='bbox 1092 3050 1292 3109; x_wconf 87' lang='lat' dir='ltr'><strong>magna</strong></span> <span class='ocrx_word' id='word_1_216' title='bbox 1316 3039 1644 3105; x_wconf 89' lang='lat' dir='ltr'><strong>queruntur,</strong></span> 
     </span>
    </p>
   </div>
   <div class='ocr_carea' id='block_1_36' title="bbox 203 3126 1406 3202">
    <p class='ocr_par' dir='ltr' id='par_1_36' title="bbox 203 3126 1406 3202">
     <span class='ocr_line' id='line_1_36' title="bbox 203 3126 1406 3202; baseline -0.005 -18"><span class='ocrx_word' id='word_1_217' title='bbox 203 3129 508 3184; x_wconf 84' lang='lat' dir='ltr'><strong>Mutandas</strong></span> <span class='ocrx_word' id='word_1_218' title='bbox 538 3127 678 3202; x_wconf 87' lang='lat' dir='ltr'><strong>legis</strong></span> <span class='ocrx_word' id='word_1_219' title='bbox 699 3127 869 3198; x_wconf 82' lang='lat' dir='ltr'><strong>Moysi</strong></span> <span class='ocrx_word' id='word_1_220' title='bbox 902 3127 1049 3199; x_wconf 92' lang='lat' dir='ltr'><strong>quod</strong></span> <span class='ocrx_word' id='word_1_221' title='bbox 1081 3126 1406 3180; x_wconf 88' lang='lat' dir='ltr'><strong>traditiones</strong></span> 
     </span>
    </p>
   </div>
   <div class='ocr_carea' id='block_1_37' title="bbox 203 3217 1572 3292">
    <p class='ocr_par' dir='ltr' id='par_1_37' title="bbox 203 3217 1572 3292">
     <span class='ocr_line' id='line_1_37' title="bbox 203 3217 1572 3292; baseline -0.005 -15"><span class='ocrx_word' id='word_1_222' title='bbox 203 3221 420 3277; x_wconf 83' lang='lat' dir='ltr'><strong>Dixerit</strong></span> <span class='ocrx_word' id='word_1_223' title='bbox 459 3220 528 3275; x_wconf 89' lang='lat' dir='ltr'><strong>ab</strong></span> <span class='ocrx_word' id='word_1_224' title='bbox 559 3220 712 3288; x_wconf 85' lang='lat' dir='ltr'><strong>Jesu,</strong></span> <span class='ocrx_word' id='word_1_225' title='bbox 742 3220 932 3292; x_wconf 91' lang='lat' dir='ltr'><strong>templi</strong></span> <span class='ocrx_word' id='word_1_226' title='bbox 964 3219 1308 3274; x_wconf 88' lang='lat' dir='ltr'><strong>accelerante</strong></span> <span class='ocrx_word' id='word_1_227' title='bbox 1337 3217 1572 3272; x_wconf 89' lang='lat' dir='ltr'><strong>ruinam.</strong></span> 
     </span>
    </p>
   </div>
   <div class='ocr_carea' id='block_1_38' title="bbox 278 3311 1662 3386">
    <p class='ocr_par' dir='ltr' id='par_1_38' title="bbox 278 3311 1662 3386">
     <span class='ocr_line' id='line_1_38' title="bbox 278 3311 1662 3386; baseline -0.004 -17"><span class='ocrx_word' id='word_1_228' title='bbox 278 3316 343 3369; x_wconf 86' lang='lat' dir='ltr'><strong>In</strong></span> <span class='ocrx_word' id='word_1_229' title='bbox 359 3329 596 3386; x_wconf 91' lang='lat' dir='ltr'><strong>quorum</strong></span> <span class='ocrx_word' id='word_1_230' title='bbox 623 3313 810 3370; x_wconf 91' lang='lat' dir='ltr'><strong>medio</strong></span> <span class='ocrx_word' id='word_1_231' title='bbox 831 3313 982 3368; x_wconf 91' lang='lat' dir='ltr'><strong>velut</strong></span> <span class='ocrx_word' id='word_1_232' title='bbox 1009 3311 1243 3386; x_wconf 82' lang='lat' dir='ltr'><strong>angelus</strong></span> <span class='ocrx_word' id='word_1_233' title='bbox 1271 3326 1368 3366; x_wconf 91' lang='lat' dir='ltr'><strong>ore</strong></span> <span class='ocrx_word' id='word_1_234' title='bbox 1399 3325 1662 3365; x_wconf 91' lang='lat' dir='ltr'><strong>coruscus</strong></span> 
     </span>
    </p>
   </div>
   <div class='ocr_carea' id='block_1_39' title="bbox 199 3397 1620 3475">
    <p class='ocr_par' dir='ltr' id='par_1_39' title="bbox 199 3397 1620 3475">
     <span class='ocr_line' id='line_1_39' title="bbox 199 3397 1620 3475; baseline -0.005 -16"><span class='ocrx_word' id='word_1_235' title='bbox 199 3407 352 3461; x_wconf 78' lang='lat' dir='ltr'><strong>Voce</strong></span> <span class='ocrx_word' id='word_1_236' title='bbox 384 3413 586 3460; x_wconf 86' lang='lat' dir='ltr'><strong>tonans</strong></span> <span class='ocrx_word' id='word_1_237' title='bbox 616 3403 814 3475; x_wconf 89' lang='lat' dir='ltr'><strong>patria,</strong></span> <span class='ocrx_word' id='word_1_238' title='bbox 845 3402 926 3457; x_wconf 86' lang='lat' dir='ltr'><strong>sic</strong></span> <span class='ocrx_word' id='word_1_239' title='bbox 947 3401 1156 3456; x_wconf 90' lang='lat' dir='ltr'><strong>lumine</strong></span> <span class='ocrx_word' id='word_1_240' title='bbox 1187 3398 1430 3473; x_wconf 84' lang='lat' dir='ltr'><strong>fulgidus</strong></span> <span class='ocrx_word' id='word_1_241' title='bbox 1453 3397 1573 3453; x_wconf 87' lang='lat' dir='ltr'><strong>infit</strong></span> <span class='ocrx_word' id='word_1_242' title='bbox 1607 3416 1620 3452; x_wconf 89' lang='lat'><strong>:</strong></span> 
     </span>
    </p>
   </div>
   <div class='ocr_carea' id='block_1_40' title="bbox 205 3488 1612 3563">
    <p class='ocr_par' dir='ltr' id='par_1_40' title="bbox 205 3488 1612 3563">
     <span class='ocr_line' id='line_1_40' title="bbox 205 3488 1612 3563; baseline -0.005 -14"><span class='ocrx_word' id='word_1_243' title='bbox 205 3520 232 3542; x_wconf 83' lang='lat'><strong>-</strong></span> <span class='ocrx_word' id='word_1_244' title='bbox 267 3495 470 3549; x_wconf 87' lang='lat' dir='ltr'><strong>Patres</strong></span> <span class='ocrx_word' id='word_1_245' title='bbox 501 3499 662 3563; x_wconf 90' lang='lat' dir='ltr'><strong>atque</strong></span> <span class='ocrx_word' id='word_1_246' title='bbox 687 3491 788 3548; x_wconf 91' lang='lat' dir='ltr'><strong>viri</strong></span> <span class='ocrx_word' id='word_1_247' title='bbox 818 3491 1034 3558; x_wconf 88' lang='lat' dir='ltr'><strong>fratres,</strong></span> <span class='ocrx_word' id='word_1_248' title='bbox 1068 3505 1189 3545; x_wconf 92' lang='lat' dir='ltr'><strong>mea</strong></span> <span class='ocrx_word' id='word_1_249' title='bbox 1209 3489 1410 3544; x_wconf 89' lang='lat' dir='ltr'><strong>sumite</strong></span> <span class='ocrx_word' id='word_1_250' title='bbox 1426 3488 1612 3543; x_wconf 89' lang='lat' dir='ltr'><strong>verba.</strong></span> 
     </span>
    </p>
   </div>
   <div class='ocr_carea' id='block_1_41' title="bbox 201 3578 1362 3652">
    <p class='ocr_par' dir='ltr' id='par_1_41' title="bbox 201 3578 1362 3652">
     <span class='ocr_line' id='line_1_41' title="bbox 201 3578 1362 3652; baseline -0.005 -14"><span class='ocrx_word' id='word_1_251' title='bbox 201 3583 500 3652; x_wconf 87' lang='lat' dir='ltr'><strong>Majestate</strong></span> <span class='ocrx_word' id='word_1_252' title='bbox 520 3581 666 3635; x_wconf 88' lang='lat' dir='ltr'><strong>Deus</strong></span> <span class='ocrx_word' id='word_1_253' title='bbox 695 3580 916 3634; x_wconf 89' lang='lat' dir='ltr'><strong>radians</strong></span> <span class='ocrx_word' id='word_1_254' title='bbox 946 3579 1203 3650; x_wconf 86' lang='lat' dir='ltr'><strong>apparuit</strong></span> <span class='ocrx_word' id='word_1_255' title='bbox 1229 3578 1362 3633; x_wconf 91' lang='lat' dir='ltr'><strong>olim</strong></span> 
     </span>
    </p>
   </div>
   <div class='ocr_carea' id='block_1_42' title="bbox 197 3668 1521 3744">
    <p class='ocr_par' dir='ltr' id='par_1_42' title="bbox 197 3668 1521 3744">
     <span class='ocr_line' id='line_1_42' title="bbox 197 3668 1521 3744; baseline -0.005 -14"><span class='ocrx_word' id='word_1_256' title='bbox 197 3675 446 3730; x_wconf 64' lang='lat' dir='ltr'><strong>Abrahae</strong></span> <span class='ocrx_word' id='word_1_257' title='bbox 479 3683 690 3740; x_wconf 90' lang='lat' dir='ltr'><strong>nostro,</strong></span> <span class='ocrx_word' id='word_1_258' title='bbox 714 3672 918 3744; x_wconf 93' lang='lat' dir='ltr'><strong>placito</strong></span> <span class='ocrx_word' id='word_1_259' title='bbox 952 3671 1056 3727; x_wconf 92' lang='lat' dir='ltr'><strong>sibi</strong></span> <span class='ocrx_word' id='word_1_260' title='bbox 1088 3686 1253 3726; x_wconf 89' lang='lat' dir='ltr'><strong>carne</strong></span> <span class='ocrx_word' id='word_1_261' title='bbox 1284 3668 1521 3742; x_wconf 88' lang='lat' dir='ltr'><strong>parenti,</strong></span> 
     </span>
    </p>
   </div>
   <div class='ocr_carea' id='block_1_43' title="bbox 197 3763 1416 3837">
    <p class='ocr_par' dir='ltr' id='par_1_43' title="bbox 197 3763 1416 3837">
     <span class='ocr_line' id='line_1_43' title="bbox 197 3763 1416 3837; baseline -0.005 -16"><span class='ocrx_word' id='word_1_262' title='bbox 197 3764 550 3837; x_wconf 62' lang='lat' dir='ltr'><strong>Praecipiens</strong></span> <span class='ocrx_word' id='word_1_263' title='bbox 574 3763 665 3819; x_wconf 93' lang='lat' dir='ltr'><strong>olli</strong></span> <span class='ocrx_word' id='word_1_264' title='bbox 692 3781 705 3817; x_wconf 90' lang='lat'>:</span> <span class='ocrx_word' id='word_1_265' title='bbox 738 3763 900 3818; x_wconf 88' lang='lat' dir='ltr'><strong>Terra</strong></span> <span class='ocrx_word' id='word_1_266' title='bbox 927 3763 1157 3818; x_wconf 91' lang='lat' dir='ltr'><strong>discede</strong></span> <span class='ocrx_word' id='word_1_267' title='bbox 1187 3769 1416 3833; x_wconf 88' lang='lat' dir='ltr'><strong>paterna</strong></span> 
     </span>
    </p>
   </div>
   <div class='ocr_carea' id='block_1_44' title="bbox 193 3847 1764 3926">
    <p class='ocr_par' dir='ltr' id='par_1_44' title="bbox 193 3847 1764 3926">
     <span class='ocr_line' id='line_1_44' title="bbox 193 3847 1764 3926; baseline -0.004 -17"><span class='ocrx_word' id='word_1_268' title='bbox 193 3858 603 3926; x_wconf 82' lang='lat' dir='ltr'><strong>Approperans</strong></span> <span class='ocrx_word' id='word_1_269' title='bbox 633 3852 779 3919; x_wconf 92' lang='lat' dir='ltr'><strong>aliis,</strong></span> <span class='ocrx_word' id='word_1_270' title='bbox 813 3852 913 3907; x_wconf 87' lang='lat' dir='ltr'><strong>tibi</strong></span> <span class='ocrx_word' id='word_1_271' title='bbox 945 3867 1070 3924; x_wconf 65' lang='lat' dir='ltr'><strong>quae</strong></span> <span class='ocrx_word' id='word_1_272' title='bbox 1109 3858 1510 3915; x_wconf 85' lang='lat' dir='ltr'><strong>monstravero,</strong></span> <span class='ocrx_word' id='word_1_273' title='bbox 1554 3847 1764 3923; x_wconf 78' lang='lat' dir='ltr'><strong>regnis.</strong></span> 
     </span>
    </p>
   </div>
   <div class='ocr_carea' id='block_1_45' title="bbox 196 3941 1598 4020">
    <p class='ocr_par' dir='ltr' id='par_1_45' title="bbox 196 3941 1598 4020">
     <span class='ocr_line' id='line_1_45' title="bbox 196 3941 1598 4020; baseline -0.006 -17"><span class='ocrx_word' id='word_1_274' title='bbox 196 3947 473 4002; x_wconf 64' lang='lat' dir='ltr'><strong>Chaldaea</strong></span> <span class='ocrx_word' id='word_1_275' title='bbox 499 3945 795 4020; x_wconf 84' lang='lat' dir='ltr'><strong>egrediens</strong></span> <span class='ocrx_word' id='word_1_276' title='bbox 821 3943 1086 3998; x_wconf 84' lang='lat' dir='ltr'><strong>habitavit</strong></span> <span class='ocrx_word' id='word_1_277' title='bbox 1108 3942 1292 3997; x_wconf 91' lang='lat' dir='ltr'><strong>denuo</strong></span> <span class='ocrx_word' id='word_1_278' title='bbox 1319 3941 1556 3996; x_wconf 86' lang='lat' dir='ltr'><strong>Charran</strong></span> <span class='ocrx_word' id='word_1_279' title='bbox 1583 3959 1598 4008; x_wconf 90' lang='lat'><strong>;</strong></span> 
     </span>
    </p>
   </div>
   <div class='ocr_carea' id='block_1_46' title="bbox 193 4032 1702 4108">
    <p class='ocr_par' dir='ltr' id='par_1_46' title="bbox 193 4032 1702 4108">
     <span class='ocr_line' id='line_1_46' title="bbox 193 4032 1702 4108; baseline -0.003 -17"><span class='ocrx_word' id='word_1_280' title='bbox 193 4039 334 4094; x_wconf 86' lang='lat' dir='ltr'><strong>Post</strong></span> <span class='ocrx_word' id='word_1_281' title='bbox 361 4037 696 4108; x_wconf 89' lang='lat' dir='ltr'><strong>obitumque</strong></span> <span class='ocrx_word' id='word_1_282' title='bbox 719 4036 889 4108; x_wconf 89' lang='lat' dir='ltr'><strong>patris</strong></span> <span class='ocrx_word' id='word_1_283' title='bbox 907 4035 1025 4090; x_wconf 82' lang='lat' dir='ltr'><strong>haec</strong></span> <span class='ocrx_word' id='word_1_284' title='bbox 1049 4035 1198 4088; x_wconf 91' lang='lat' dir='ltr'><strong>hunc</strong></span> <span class='ocrx_word' id='word_1_285' title='bbox 1224 4032 1452 4088; x_wconf 89' lang='lat' dir='ltr'><strong>deduxit</strong></span> <span class='ocrx_word' id='word_1_286' title='bbox 1478 4033 1531 4086; x_wconf 91' lang='lat' dir='ltr'><strong>in</strong></span> <span class='ocrx_word' id='word_1_287' title='bbox 1555 4047 1702 4098; x_wconf 89' lang='lat' dir='ltr'><strong>arva,</strong></span> 
     </span>
    </p>
   </div>
   <div class='ocr_carea' id='block_1_47' title="bbox 193 4122 1728 4198">
    <p class='ocr_par' dir='ltr' id='par_1_47' title="bbox 193 4122 1728 4198">
     <span class='ocr_line' id='line_1_47' title="bbox 193 4122 1728 4198; baseline -0.006 -14"><span class='ocrx_word' id='word_1_288' title='bbox 193 4129 317 4184; x_wconf 80' lang='lat' dir='ltr'><strong>Nec</strong></span> <span class='ocrx_word' id='word_1_289' title='bbox 345 4127 509 4182; x_wconf 91' lang='lat' dir='ltr'><strong>dedit</strong></span> <span class='ocrx_word' id='word_1_290' title='bbox 539 4127 666 4182; x_wconf 82' lang='lat' dir='ltr'><strong>hinc</strong></span> <span class='ocrx_word' id='word_1_291' title='bbox 694 4126 798 4197; x_wconf 90' lang='lat' dir='ltr'><strong>ipsi</strong></span> <span class='ocrx_word' id='word_1_292' title='bbox 830 4133 1095 4198; x_wconf 88' lang='lat' dir='ltr'><strong>quantum</strong></span> <span class='ocrx_word' id='word_1_293' title='bbox 1111 4123 1267 4195; x_wconf 89' lang='lat' dir='ltr'><strong>pedis</strong></span> <span class='ocrx_word' id='word_1_294' title='bbox 1297 4122 1501 4177; x_wconf 89' lang='lat' dir='ltr'><strong>abdere</strong></span> <span class='ocrx_word' id='word_1_295' title='bbox 1535 4137 1728 4192; x_wconf 89' lang='lat' dir='ltr'><strong>passus</strong></span> 
     </span>
    </p>
   </div>
   <div class='ocr_carea' id='block_1_48' title="bbox 194 4213 1738 4289">
    <p class='ocr_par' dir='ltr' id='par_1_48' title="bbox 194 4213 1738 4289">
     <span class='ocr_line' id='line_1_48' title="bbox 194 4213 1738 4289; baseline -0.006 -12"><span class='ocrx_word' id='word_1_296' title='bbox 194 4223 336 4288; x_wconf 80' lang='lat' dir='ltr'><strong>Quit</strong></span> <span class='ocrx_word' id='word_1_297' title='bbox 363 4240 376 4276; x_wconf 92' lang='lat'>:</span> <span class='ocrx_word' id='word_1_298' title='bbox 404 4230 591 4276; x_wconf 86' lang='lat' dir='ltr'><strong>tamen</strong></span> <span class='ocrx_word' id='word_1_299' title='bbox 620 4222 734 4274; x_wconf 67' lang='lat' dir='ltr'><strong>haec</strong></span> <span class='ocrx_word' id='word_1_300' title='bbox 759 4220 880 4289; x_wconf 90' lang='lat' dir='ltr'><strong>ejus</strong></span> <span class='ocrx_word' id='word_1_301' title='bbox 910 4218 1089 4274; x_wconf 89' lang='lat' dir='ltr'><strong>soboli</strong></span> <span class='ocrx_word' id='word_1_302' title='bbox 1121 4217 1386 4271; x_wconf 89' lang='lat' dir='ltr'><strong>tradenda</strong></span> <span class='ocrx_word' id='word_1_303' title='bbox 1413 4213 1738 4286; x_wconf 63' lang='lat' dir='ltr'><strong>spoliondit,</strong></span> 
     </span>
    </p>
   </div>
   <div class='ocr_carea' id='block_1_49' title="bbox 199 4309 1476 4381">
    <p class='ocr_par' dir='ltr' id='par_1_49' title="bbox 199 4309 1476 4381">
     <span class='ocr_line' id='line_1_49' title="bbox 199 4309 1476 4381; baseline -0.005 -13"><span class='ocrx_word' id='word_1_304' title='bbox 199 4315 349 4370; x_wconf 87' lang='lat' dir='ltr'><strong>Cum</strong></span> <span class='ocrx_word' id='word_1_305' title='bbox 383 4314 576 4368; x_wconf 91' lang='lat' dir='ltr'><strong>senior</strong></span> <span class='ocrx_word' id='word_1_306' title='bbox 604 4313 782 4368; x_wconf 88' lang='lat' dir='ltr'><strong>fessus</strong></span> <span class='ocrx_word' id='word_1_307' title='bbox 811 4310 1016 4368; x_wconf 88' lang='lat' dir='ltr'><strong>carnali</strong></span> <span class='ocrx_word' id='word_1_308' title='bbox 1051 4309 1207 4381; x_wconf 79' lang='lat' dir='ltr'><strong>prole</strong></span> <span class='ocrx_word' id='word_1_309' title='bbox 1245 4313 1476 4363; x_wconf 89' lang='lat' dir='ltr'><strong>careret.</strong></span> 
     </span>
    </p>
   </div>
   <div class='ocr_carea' id='block_1_50' title="bbox 194 4398 1408 4477">
    <p class='ocr_par' dir='ltr' id='par_1_50' title="bbox 194 4398 1408 4477">
     <span class='ocr_line' id='line_1_50' title="bbox 194 4398 1408 4477; baseline -0.004 -21"><span class='ocrx_word' id='word_1_310' title='bbox 194 4405 320 4459; x_wconf 88' lang='lat' dir='ltr'><strong>Sed</strong></span> <span class='ocrx_word' id='word_1_311' title='bbox 342 4414 437 4458; x_wconf 88' lang='lat' dir='ltr'><strong>tua</strong></span> <span class='ocrx_word' id='word_1_312' title='bbox 469 4403 762 4477; x_wconf 81' lang='lat' dir='ltr'><strong>progenies</strong></span> <span class='ocrx_word' id='word_1_313' title='bbox 789 4401 989 4456; x_wconf 89' lang='lat' dir='ltr'><strong>alienis</strong></span> <span class='ocrx_word' id='word_1_314' title='bbox 1017 4399 1203 4454; x_wconf 90' lang='lat' dir='ltr'><strong>accola</strong></span> <span class='ocrx_word' id='word_1_315' title='bbox 1229 4398 1408 4469; x_wconf 82' lang='lat' dir='ltr'><strong>(dixit)</strong></span> 
     </span>
    </p>
   </div>
   <div class='ocr_carea' id='block_1_51' title="bbox 197 4494 1542 4566">
    <p class='ocr_par' dir='ltr' id='par_1_51' title="bbox 197 4494 1542 4566">
     <span class='ocr_line' id='line_1_51' title="bbox 197 4494 1542 4566; baseline -0.005 -15"><span class='ocrx_word' id='word_1_316' title='bbox 197 4496 466 4552; x_wconf 85' lang='lat' dir='ltr'><strong>Ruribus</strong></span> <span class='ocrx_word' id='word_1_317' title='bbox 496 4495 711 4560; x_wconf 86' lang='lat' dir='ltr'><strong>existet,</strong></span> <span class='ocrx_word' id='word_1_318' title='bbox 743 4494 984 4566; x_wconf 80' lang='lat' dir='ltr'><strong>graviter</strong></span> <span class='ocrx_word' id='word_1_319' title='bbox 1005 4498 1230 4546; x_wconf 88' lang='lat' dir='ltr'><strong>tractata</strong></span> <span class='ocrx_word' id='word_1_320' title='bbox 1248 4508 1348 4561; x_wconf 91' lang='lat' dir='ltr'><strong>per</strong></span> <span class='ocrx_word' id='word_1_321' title='bbox 1365 4505 1542 4545; x_wconf 89' lang='lat' dir='ltr'><strong>annos</strong></span> 
     </span>
    </p>
   </div>
   <div class='ocr_carea' id='block_1_52' title="bbox 195 4584 1732 4658">
    <p class='ocr_par' dir='ltr' id='par_1_52' title="bbox 195 4584 1732 4658">
     <span class='ocr_line' id='line_1_52' title="bbox 195 4584 1732 4658; baseline -0.005 -14"><span class='ocrx_word' id='word_1_322' title='bbox 195 4589 410 4644; x_wconf 83' lang='lat' dir='ltr'><strong>Fcrme</strong></span> <span class='ocrx_word' id='word_1_323' title='bbox 445 4587 902 4658; x_wconf 82' lang='lat' dir='ltr'><strong>quadringentos,</strong></span> <span class='ocrx_word' id='word_1_324' title='bbox 946 4584 1208 4639; x_wconf 81' lang='lat' dir='ltr'><strong>famulatu</strong></span> <span class='ocrx_word' id='word_1_325' title='bbox 1249 4584 1490 4655; x_wconf 89' lang='lat' dir='ltr'><strong>pessime</strong></span> <span class='ocrx_word' id='word_1_326' title='bbox 1523 4597 1732 4654; x_wconf 88' lang='lat' dir='ltr'><strong>pressa,</strong></span> 
     </span>
    </p>
   </div>
   <div class='ocr_carea' id='block_1_53' title="bbox 191 4675 1570 4750">
    <p class='ocr_par' dir='ltr' id='par_1_53' title="bbox 191 4675 1570 4750">
     <span class='ocr_line' id='line_1_53' title="bbox 191 4675 1570 4750; baseline -0.005 -14"><span class='ocrx_word' id='word_1_327' title='bbox 191 4682 371 4736; x_wconf 86' lang='lat' dir='ltr'><strong>Exiet</strong></span> <span class='ocrx_word' id='word_1_328' title='bbox 399 4687 567 4750; x_wconf 90' lang='lat' dir='ltr'><strong>atque</strong></span> <span class='ocrx_word' id='word_1_329' title='bbox 596 4678 716 4732; x_wconf 90' lang='lat' dir='ltr'><strong>loco</strong></span> <span class='ocrx_word' id='word_1_330' title='bbox 743 4678 879 4730; x_wconf 86' lang='lat' dir='ltr'><strong>mihi</strong></span> <span class='ocrx_word' id='word_1_331' title='bbox 901 4677 1191 4747; x_wconf 88' lang='lat' dir='ltr'><strong>postmodo</strong></span> <span class='ocrx_word' id='word_1_332' title='bbox 1211 4675 1417 4730; x_wconf 88' lang='lat' dir='ltr'><strong>serviet</strong></span> <span class='ocrx_word' id='word_1_333' title='bbox 1446 4675 1570 4738; x_wconf 91' lang='lat' dir='ltr'><strong>isto,</strong></span> 
     </span>
    </p>
   </div>
   <div class='ocr_carea' id='block_1_54' title="bbox 183 4765 1595 4842">
    <p class='ocr_par' dir='ltr' id='par_1_54' title="bbox 183 4765 1595 4842">
     <span class='ocr_line' id='line_1_54' title="bbox 183 4765 1595 4842; baseline -0.008 -13"><span class='ocrx_word' id='word_1_334' title='bbox 183 4773 432 4830; x_wconf 70' lang='lat' dir='ltr'><strong>Iudicio</strong></span> <span class='ocrx_word' id='word_1_335' title='bbox 464 4779 682 4842; x_wconf 83' lang='lat' dir='ltr'><strong>gentem</strong></span> <span class='ocrx_word' id='word_1_336' title='bbox 703 4769 790 4824; x_wconf 92' lang='lat' dir='ltr'><strong>cui</strong></span> <span class='ocrx_word' id='word_1_337' title='bbox 812 4767 1064 4823; x_wconf 90' lang='lat' dir='ltr'><strong>servierit</strong></span> <span class='ocrx_word' id='word_1_338' title='bbox 1093 4783 1314 4840; x_wconf 91' lang='lat' dir='ltr'><strong>quoque</strong></span> <span class='ocrx_word' id='word_1_339' title='bbox 1342 4765 1595 4820; x_wconf 87' lang='lat' dir='ltr'><strong>subdam.</strong></span> 
     </span>
    </p>
   </div>
   <div class='ocr_carea' id='block_1_55' title="bbox 189 4859 1488 4928">
    <p class='ocr_par' dir='ltr' id='par_1_55' title="bbox 189 4859 1488 4928">
     <span class='ocr_line' id='line_1_55' title="bbox 189 4859 1488 4928; baseline -0.008 -7"><span class='ocrx_word' id='word_1_340' title='bbox 189 4867 342 4921; x_wconf 85' lang='lat' dir='ltr'><strong>Post</strong></span> <span class='ocrx_word' id='word_1_341' title='bbox 373 4868 830 4917; x_wconf 85' lang='lat' dir='ltr'><strong>testamentorum</strong></span> <span class='ocrx_word' id='word_1_342' title='bbox 871 4859 1218 4916; x_wconf 90' lang='lat' dir='ltr'><strong>circumcisio</strong></span> <span class='ocrx_word' id='word_1_343' title='bbox 1249 4864 1488 4928; x_wconf 87' lang='lat' dir='ltr'><strong>sumpta,</strong></span> 
     </span>
    </p>
   </div>
   <div class='ocr_carea' id='block_1_56' title="bbox 186 4952 1543 5028">
    <p class='ocr_par' dir='ltr' id='par_1_56' title="bbox 186 4952 1543 5028">
     <span class='ocr_line' id='line_1_56' title="bbox 186 4952 1543 5028; baseline -0.007 -12"><span class='ocrx_word' id='word_1_344' title='bbox 186 4961 479 5016; x_wconf 86' lang='lat' dir='ltr'><strong>Procreat</strong></span> <span class='ocrx_word' id='word_1_345' title='bbox 498 4957 626 5011; x_wconf 88' lang='lat' dir='ltr'><strong>inde</strong></span> <span class='ocrx_word' id='word_1_346' title='bbox 645 4972 814 5012; x_wconf 82' lang='lat' dir='ltr'><strong>senex</strong></span> <span class='ocrx_word' id='word_1_347' title='bbox 845 4957 1015 5023; x_wconf 87' lang='lat' dir='ltr'><strong>Isaac,</strong></span> <span class='ocrx_word' id='word_1_348' title='bbox 1048 4971 1158 5028; x_wconf 94' lang='lat' dir='ltr'><strong>quo</strong></span> <span class='ocrx_word' id='word_1_349' title='bbox 1189 4963 1351 5009; x_wconf 88' lang='lat' dir='ltr'><strong>natus</strong></span> <span class='ocrx_word' id='word_1_350' title='bbox 1383 4952 1543 5008; x_wconf 87' lang='lat' dir='ltr'><strong>Iacob</strong></span> 
     </span>
    </p>
   </div>
   <div class='ocr_carea' id='block_1_57' title="bbox 189 5045 1620 5120">
    <p class='ocr_par' dir='ltr' id='par_1_57' title="bbox 189 5045 1620 5120">
     <span class='ocr_line' id='line_1_57' title="bbox 189 5045 1620 5120; baseline -0.006 -16"><span class='ocrx_word' id='word_1_351' title='bbox 189 5050 302 5104; x_wconf 86' lang='lat' dir='ltr'><strong>Bis</strong></span> <span class='ocrx_word' id='word_1_352' title='bbox 343 5064 442 5102; x_wconf 90' lang='lat' dir='ltr'><strong>sex</strong></span> <span class='ocrx_word' id='word_1_353' title='bbox 471 5054 800 5118; x_wconf 81' lang='lat' dir='ltr'><strong>progenerat</strong></span> <span class='ocrx_word' id='word_1_354' title='bbox 828 5045 1090 5117; x_wconf 55' lang='lat' dir='ltr'><strong>praeclaro</strong></span> <span class='ocrx_word' id='word_1_355' title='bbox 1122 5045 1395 5120; x_wconf 84' lang='lat' dir='ltr'><strong>sanguine</strong></span> <span class='ocrx_word' id='word_1_356' title='bbox 1419 5050 1620 5114; x_wconf 90' lang='lat' dir='ltr'><strong>patres,</strong></span> 
     </span>
    </p>
   </div>
   <div class='ocr_carea' id='block_1_58' title="bbox 189 5137 1528 5213">
    <p class='ocr_par' dir='ltr' id='par_1_58' title="bbox 189 5137 1528 5213">
     <span class='ocr_line' id='line_1_58' title="bbox 189 5137 1528 5213; baseline -0.006 -13"><span class='ocrx_word' id='word_1_357' title='bbox 189 5141 451 5200; x_wconf 67' lang='lat' dir='ltr'><strong>Invidite</strong></span> <span class='ocrx_word' id='word_1_358' title='bbox 481 5140 686 5212; x_wconf 78' lang='lat' dir='ltr'><strong>loseph</strong></span> <span class='ocrx_word' id='word_1_359' title='bbox 719 5157 859 5213; x_wconf 88' lang='lat' dir='ltr'><strong>quos</strong></span> <span class='ocrx_word' id='word_1_360' title='bbox 883 5139 1124 5196; x_wconf 82' lang='lat' dir='ltr'><strong>vendere</strong></span> <span class='ocrx_word' id='word_1_361' title='bbox 1146 5139 1284 5194; x_wconf 88' lang='lat' dir='ltr'><strong>livor</strong></span> <span class='ocrx_word' id='word_1_362' title='bbox 1326 5137 1528 5212; x_wconf 85' lang='lat' dir='ltr'><strong>adegit.</strong></span> 
     </span>
    </p>
   </div>
   <div class='ocr_carea' id='block_1_59' title="bbox 191 5229 1834 5308">
    <p class='ocr_par' dir='ltr' id='par_1_59' title="bbox 191 5229 1834 5308">
     <span class='ocr_line' id='line_1_59' title="bbox 191 5229 1834 5308; baseline -0.006 -17"><span class='ocrx_word' id='word_1_363' title='bbox 191 5237 315 5291; x_wconf 82' lang='lat' dir='ltr'><strong>Hic</strong></span> <span class='ocrx_word' id='word_1_364' title='bbox 346 5234 564 5289; x_wconf 85' lang='lat' dir='ltr'><strong>Pharon</strong></span> <span class='ocrx_word' id='word_1_365' title='bbox 600 5233 930 5308; x_wconf 85' lang='lat' dir='ltr'><strong>ingreditur,</strong></span> <span class='ocrx_word' id='word_1_366' title='bbox 964 5231 1196 5286; x_wconf 90' lang='lat' dir='ltr'><strong>Domino</strong></span> <span class='ocrx_word' id='word_1_367' title='bbox 1239 5229 1538 5285; x_wconf 88' lang='lat' dir='ltr'><strong>comitante</strong></span> <span class='ocrx_word' id='word_1_368' title='bbox 1568 5241 1834 5299; x_wconf 89' lang='lat' dir='ltr'><strong>superno,</strong></span> 
     </span>
    </p>
   </div>
   <div class='ocr_carea' id='block_1_60' title="bbox 184 5323 1596 5397">
    <p class='ocr_par' dir='ltr' id='par_1_60' title="bbox 184 5323 1596 5397">
     <span class='ocr_line' id='line_1_60' title="bbox 184 5323 1596 5397; baseline -0.007 -12"><span class='ocrx_word' id='word_1_369' title='bbox 184 5327 490 5385; x_wconf 88' lang='lat' dir='ltr'><strong>Omnibus</strong></span> <span class='ocrx_word' id='word_1_370' title='bbox 513 5325 724 5395; x_wconf 91' lang='lat' dir='ltr'><strong>eripuit</strong></span> <span class='ocrx_word' id='word_1_371' title='bbox 749 5325 967 5380; x_wconf 84' lang='lat' dir='ltr'><strong>salvans</strong></span> <span class='ocrx_word' id='word_1_372' title='bbox 993 5325 1088 5397; x_wconf 90' lang='lat' dir='ltr'><strong>qui</strong></span> <span class='ocrx_word' id='word_1_373' title='bbox 1118 5323 1372 5397; x_wconf 91' lang='lat' dir='ltr'><strong>pestibus</strong></span> <span class='ocrx_word' id='word_1_374' title='bbox 1395 5323 1546 5377; x_wconf 90' lang='lat' dir='ltr'><strong>illum</strong></span> <span class='ocrx_word' id='word_1_375' title='bbox 1581 5339 1596 5388; x_wconf 85' lang='lat'><strong>;</strong></span> 
     </span>
    </p>
   </div>
   <div class='ocr_carea' id='block_1_61' title="bbox 183 5413 1835 5492">
    <p class='ocr_par' dir='ltr' id='par_1_61' title="bbox 183 5413 1835 5492">
     <span class='ocr_line' id='line_1_61' title="bbox 183 5413 1835 5492; baseline -0.007 -14"><span class='ocrx_word' id='word_1_376' title='bbox 183 5424 319 5478; x_wconf 84' lang='lat' dir='ltr'><strong>Per</strong></span> <span class='ocrx_word' id='word_1_377' title='bbox 363 5435 528 5491; x_wconf 87' lang='lat' dir='ltr'><strong>quem</strong></span> <span class='ocrx_word' id='word_1_378' title='bbox 554 5433 678 5474; x_wconf 90' lang='lat' dir='ltr'><strong>mox</strong></span> <span class='ocrx_word' id='word_1_379' title='bbox 710 5419 935 5489; x_wconf 92' lang='lat' dir='ltr'><strong>sapiens</strong></span> <span class='ocrx_word' id='word_1_380' title='bbox 964 5417 1235 5473; x_wconf 87' lang='lat' dir='ltr'><strong>Pharaoni</strong></span> <span class='ocrx_word' id='word_1_381' title='bbox 1268 5424 1324 5472; x_wconf 90' lang='lat' dir='ltr'><strong>et</strong></span> <span class='ocrx_word' id='word_1_382' title='bbox 1353 5423 1540 5492; x_wconf 89' lang='lat' dir='ltr'><strong>gratus</strong></span> <span class='ocrx_word' id='word_1_383' title='bbox 1559 5413 1793 5469; x_wconf 88' lang='lat' dir='ltr'><strong>habetur</strong></span> <span class='ocrx_word' id='word_1_384' title='bbox 1821 5431 1835 5480; x_wconf 93' lang='lat'><strong>;</strong></span> 
     </span>
    </p>
   </div>
   <div class='ocr_carea' id='block_1_62' title="bbox 184 5504 1654 5582">
    <p class='ocr_par' dir='ltr' id='par_1_62' title="bbox 184 5504 1654 5582">
     <span class='ocr_line' id='line_1_62' title="bbox 184 5504 1654 5582; baseline -0.007 -14"><span class='ocrx_word' id='word_1_385' title='bbox 184 5513 376 5568; x_wconf 75' lang='lat' dir='ltr'><strong>Hunc</strong></span> <span class='ocrx_word' id='word_1_386' title='bbox 404 5508 497 5580; x_wconf 91' lang='lat' dir='ltr'><strong>qui</strong></span> <span class='ocrx_word' id='word_1_387' title='bbox 530 5505 844 5578; x_wconf 70' lang='lat' dir='ltr'><strong>praeficiens</strong></span> <span class='ocrx_word' id='word_1_388' title='bbox 871 5523 1044 5582; x_wconf 88' lang='lat' dir='ltr'><strong>regno</strong></span> <span class='ocrx_word' id='word_1_389' title='bbox 1077 5506 1393 5578; x_wconf 70' lang='lat' dir='ltr'><strong>przeponuit</strong></span> <span class='ocrx_word' id='word_1_390' title='bbox 1414 5513 1468 5560; x_wconf 89' lang='lat' dir='ltr'><strong>et</strong></span> <span class='ocrx_word' id='word_1_391' title='bbox 1498 5504 1654 5559; x_wconf 62' lang='lat' dir='ltr'><strong>aulae.</strong></span> 
     </span>
    </p>
   </div>
   <div class='ocr_carea' id='block_1_63' title="bbox 183 5593 1842 5674">
    <p class='ocr_par' dir='ltr' id='par_1_63' title="bbox 183 5593 1842 5674">
     <span class='ocr_line' id='line_1_63' title="bbox 183 5593 1842 5674; baseline -0.006 -17"><span class='ocrx_word' id='word_1_392' title='bbox 183 5601 516 5674; x_wconf 62' lang='lat' dir='ltr'><strong>Egyptum</strong></span> <span class='ocrx_word' id='word_1_393' title='bbox 549 5596 677 5650; x_wconf 90' lang='lat' dir='ltr'><strong>inde</strong></span> <span class='ocrx_word' id='word_1_394' title='bbox 699 5611 935 5652; x_wconf 87' lang='lat' dir='ltr'><strong>onerosa</strong></span> <span class='ocrx_word' id='word_1_395' title='bbox 967 5597 1144 5651; x_wconf 85' lang='lat' dir='ltr'><strong>fames</strong></span> <span class='ocrx_word' id='word_1_396' title='bbox 1169 5597 1501 5668; x_wconf 87' lang='lat' dir='ltr'><strong>Canaanque</strong></span> <span class='ocrx_word' id='word_1_397' title='bbox 1516 5593 1803 5666; x_wconf 87' lang='lat' dir='ltr'><strong>premebat</strong></span> <span class='ocrx_word' id='word_1_398' title='bbox 1828 5609 1842 5659; x_wconf 87' lang='lat'><strong>;</strong></span> 
     </span>
    </p>
   </div>
   <div class='ocr_carea' id='block_1_64' title="bbox 185 5689 1615 5767">
    <p class='ocr_par' dir='ltr' id='par_1_64' title="bbox 185 5689 1615 5767">
     <span class='ocr_line' id='line_1_64' title="bbox 185 5689 1615 5767; baseline -0.007 -16"><span class='ocrx_word' id='word_1_399' title='bbox 185 5692 437 5752; x_wconf 86' lang='lat' dir='ltr'><strong>Excitat</strong></span> <span class='ocrx_word' id='word_1_400' title='bbox 460 5691 577 5746; x_wconf 64' lang='lat' dir='ltr'><strong>haec</strong></span> <span class='ocrx_word' id='word_1_401' title='bbox 603 5689 842 5762; x_wconf 89' lang='lat' dir='ltr'><strong>primum</strong></span> <span class='ocrx_word' id='word_1_402' title='bbox 873 5697 1058 5763; x_wconf 84' lang='lat' dir='ltr'><strong>patres</strong></span> <span class='ocrx_word' id='word_1_403' title='bbox 1085 5689 1340 5767; x_wconf 87' lang='lat' dir='ltr'><strong>angustia</strong></span> <span class='ocrx_word' id='word_1_404' title='bbox 1366 5695 1615 5752; x_wconf 88' lang='lat' dir='ltr'><strong>nostros;</strong></span> 
     </span>
    </p>
   </div>
   <div class='ocr_carea' id='block_1_65' title="bbox 1935 1477 3368 1553">
    <p class='ocr_par' dir='ltr' id='par_1_65' title="bbox 1935 1477 3368 1553">
     <span class='ocr_line' id='line_1_65' title="bbox 1935 1477 3368 1553; baseline 0.006 -22"><span class='ocrx_word' id='word_1_405' title='bbox 1935 1477 2108 1532; x_wconf 89' lang='lat' dir='ltr'><strong>Vendi</strong></span> <span class='ocrx_word' id='word_1_406' title='bbox 2133 1477 2208 1534; x_wconf 89' lang='lat' dir='ltr'><strong>ibi</strong></span> <span class='ocrx_word' id='word_1_407' title='bbox 2231 1485 2514 1551; x_wconf 92' lang='lat' dir='ltr'><strong>comperto</strong></span> <span class='ocrx_word' id='word_1_408' title='bbox 2545 1479 2821 1536; x_wconf 87' lang='lat' dir='ltr'><strong>frumenta</strong></span> <span class='ocrx_word' id='word_1_409' title='bbox 2853 1481 3043 1537; x_wconf 89' lang='lat' dir='ltr'><strong>videre</strong></span> <span class='ocrx_word' id='word_1_410' title='bbox 3067 1481 3368 1553; x_wconf 88' lang='lat' dir='ltr'><strong>Canopum.</strong></span> 
     </span>
    </p>
   </div>
   <div class='ocr_carea' id='block_1_66' title="bbox 1938 1569 3557 1652">
    <p class='ocr_par' dir='ltr' id='par_1_66' title="bbox 1938 1569 3557 1652">
     <span class='ocr_line' id='line_1_66' title="bbox 1938 1569 3557 1652; baseline 0.006 -28"><span class='ocrx_word' id='word_1_411' title='bbox 1938 1569 2086 1626; x_wconf 80' lang='lat' dir='ltr'><strong>Hanc</strong></span> <span class='ocrx_word' id='word_1_412' title='bbox 2117 1586 2338 1643; x_wconf 92' lang='lat' dir='ltr'><strong>quoque</strong></span> <span class='ocrx_word' id='word_1_413' title='bbox 2377 1572 2508 1628; x_wconf 92' lang='lat' dir='ltr'><strong>dum</strong></span> <span class='ocrx_word' id='word_1_414' title='bbox 2567 1580 2842 1644; x_wconf 90' lang='lat' dir='ltr'><strong>repetunt,</strong></span> <span class='ocrx_word' id='word_1_415' title='bbox 2881 1575 3088 1647; x_wconf 87' lang='lat' dir='ltr'><strong>Joseph</strong></span> <span class='ocrx_word' id='word_1_416' title='bbox 3138 1584 3291 1647; x_wconf 87' lang='lat' dir='ltr'><strong>patet</strong></span> <span class='ocrx_word' id='word_1_417' title='bbox 3332 1577 3557 1652; x_wconf 87' lang='lat' dir='ltr'><strong>agnitus</strong></span> 
     </span>
    </p>
   </div>
   <div class='ocr_carea' id='block_1_67' title="bbox 3356 1664 3533 1742">
    <p class='ocr_par' dir='ltr' id='par_1_67' title="bbox 3356 1664 3533 1742">
     <span class='ocr_line' id='line_1_67' title="bbox 3356 1664 3533 1742; baseline 0 -18"><span class='ocrx_word' id='word_1_418' title='bbox 3356 1669 3486 1742; x_wconf 88' lang='lat' dir='ltr'><strong>[illis</strong></span> <span class='ocrx_word' id='word_1_419' title='bbox 3515 1664 3533 1680; x_wconf 76' lang='grc'><strong><em>⁸</em></strong></span> 
     </span>
    </p>
   </div>
   <div class='ocr_carea' id='block_1_68' title="bbox 1943 1754 3308 1833">
    <p class='ocr_par' dir='ltr' id='par_1_68' title="bbox 1943 1754 3308 1833">
     <span class='ocr_line' id='line_1_68' title="bbox 1943 1754 3308 1833; baseline 0.006 -25"><span class='ocrx_word' id='word_1_420' title='bbox 1943 1754 2068 1820; x_wconf 69' lang='lat' dir='ltr'><strong>Quae</strong></span> <span class='ocrx_word' id='word_1_421' title='bbox 2101 1765 2387 1830; x_wconf 89' lang='lat' dir='ltr'><strong>postquam</strong></span> <span class='ocrx_word' id='word_1_422' title='bbox 2423 1758 2622 1814; x_wconf 89' lang='lat' dir='ltr'><strong>Phario</strong></span> <span class='ocrx_word' id='word_1_423' title='bbox 2655 1760 2769 1833; x_wconf 85' lang='lat' dir='ltr'><strong>regi</strong></span> <span class='ocrx_word' id='word_1_424' title='bbox 2798 1761 3007 1830; x_wconf 90' lang='lat' dir='ltr'><strong>perlata</strong></span> <span class='ocrx_word' id='word_1_425' title='bbox 3038 1761 3308 1828; x_wconf 89' lang='lat' dir='ltr'><strong>feruntur,</strong></span> 
     </span>
    </p>
   </div>
   <div class='ocr_carea' id='block_1_69' title="bbox 1940 1849 3334 1926">
    <p class='ocr_par' dir='ltr' id='par_1_69' title="bbox 1940 1849 3334 1926">
     <span class='ocr_line' id='line_1_69' title="bbox 1940 1849 3334 1926; baseline 0.006 -24"><span class='ocrx_word' id='word_1_426' title='bbox 1940 1849 2150 1904; x_wconf 90' lang='lat' dir='ltr'><strong>Patrem</strong></span> <span class='ocrx_word' id='word_1_427' title='bbox 2193 1865 2316 1905; x_wconf 88' lang='lat' dir='ltr'><strong>cum</strong></span> <span class='ocrx_word' id='word_1_428' title='bbox 2345 1851 2758 1926; x_wconf 50' lang='lat' dir='ltr'><strong>generisZturba</strong></span> <span class='ocrx_word' id='word_1_429' title='bbox 2788 1853 2892 1908; x_wconf 89' lang='lat' dir='ltr'><strong>sibi</strong></span> <span class='ocrx_word' id='word_1_430' title='bbox 2927 1855 3105 1926; x_wconf 87' lang='lat' dir='ltr'><strong>poscit</strong></span> <span class='ocrx_word' id='word_1_431' title='bbox 3141 1855 3334 1926; x_wconf 82' lang='lat' dir='ltr'><strong>Ioseph</strong></span> 
     </span>
    </p>
   </div>
   <div class='ocr_carea' id='block_1_70' title="bbox 1940 1941 3363 2020">
    <p class='ocr_par' dir='ltr' id='par_1_70' title="bbox 1940 1941 3363 2020">
     <span class='ocr_line' id='line_1_70' title="bbox 1940 1941 3363 2020; baseline 0.006 -25"><span class='ocrx_word' id='word_1_432' title='bbox 1940 1941 2017 1996; x_wconf 87' lang='lat' dir='ltr'><strong>Ad</strong></span> <span class='ocrx_word' id='word_1_433' title='bbox 2049 1958 2212 2014; x_wconf 87' lang='lat' dir='ltr'><strong>quem</strong></span> <span class='ocrx_word' id='word_1_434' title='bbox 2236 1955 2360 1998; x_wconf 89' lang='lat' dir='ltr'><strong>cum</strong></span> <span class='ocrx_word' id='word_1_435' title='bbox 2395 1944 2582 2001; x_wconf 91' lang='lat' dir='ltr'><strong>decies</strong></span> <span class='ocrx_word' id='word_1_436' title='bbox 2608 1947 2853 2017; x_wconf 85' lang='lat' dir='ltr'><strong>septenis</strong></span> <span class='ocrx_word' id='word_1_437' title='bbox 2882 1947 3130 2019; x_wconf 90' lang='lat' dir='ltr'><strong>quinque</strong></span> <span class='ocrx_word' id='word_1_438' title='bbox 3154 1948 3363 2020; x_wconf 83' lang='lat' dir='ltr'><strong>jugatis</strong></span> 
     </span>
    </p>
   </div>
   <div class='ocr_carea' id='block_1_71' title="bbox 1940 2031 3259 2116">
    <p class='ocr_par' dir='ltr' id='par_1_71' title="bbox 1940 2031 3259 2116">
     <span class='ocr_line' id='line_1_71' title="bbox 1940 2031 3259 2116; baseline 0.004 -30"><span class='ocrx_word' id='word_1_439' title='bbox 1940 2031 2239 2087; x_wconf 90' lang='lat' dir='ltr'><strong>Descendit</strong></span> <span class='ocrx_word' id='word_1_440' title='bbox 2268 2035 2503 2116; x_wconf 65' lang='lat' dir='ltr'><strong>propriae</strong></span> <span class='ocrx_word' id='word_1_441' title='bbox 2533 2034 2728 2105; x_wconf 89' lang='lat' dir='ltr'><strong>stirpis</strong></span> <span class='ocrx_word' id='word_1_442' title='bbox 2758 2036 3050 2091; x_wconf 89' lang='lat' dir='ltr'><strong>animabus</strong></span> <span class='ocrx_word' id='word_1_443' title='bbox 3082 2037 3259 2093; x_wconf 91' lang='lat' dir='ltr'><strong>lacob.</strong></span> 
     </span>
    </p>
   </div>
   <div class='ocr_carea' id='block_1_72' title="bbox 1937 2125 3352 2205">
    <p class='ocr_par' dir='ltr' id='par_1_72' title="bbox 1937 2125 3352 2205">
     <span class='ocr_line' id='line_1_72' title="bbox 1937 2125 3352 2205; baseline 0.006 -26"><span class='ocrx_word' id='word_1_444' title='bbox 1937 2125 2037 2190; x_wconf 85' lang='lat' dir='ltr'><strong>Qui</strong></span> <span class='ocrx_word' id='word_1_445' title='bbox 2073 2133 2366 2198; x_wconf 88' lang='lat' dir='ltr'><strong>postquam</strong></span> <span class='ocrx_word' id='word_1_446' title='bbox 2392 2128 2503 2183; x_wconf 89' lang='lat' dir='ltr'><strong>vita</strong></span> <span class='ocrx_word' id='word_1_447' title='bbox 2534 2129 2855 2203; x_wconf 87' lang='lat' dir='ltr'><strong>defungitur</strong></span> <span class='ocrx_word' id='word_1_448' title='bbox 2884 2130 3026 2202; x_wconf 89' lang='lat' dir='ltr'><strong>ipse,</strong></span> <span class='ocrx_word' id='word_1_449' title='bbox 3058 2139 3352 2205; x_wconf 90' lang='lat' dir='ltr'><strong>patresque</strong></span> 
     </span>
    </p>
   </div>
   <div class='ocr_carea' id='block_1_73' title="bbox 1935 2215 3148 2290">
    <p class='ocr_par' dir='ltr' id='par_1_73' title="bbox 1935 2215 3148 2290">
     <span class='ocr_line' id='line_1_73' title="bbox 1935 2215 3148 2290; baseline 0.005 -20"><span class='ocrx_word' id='word_1_450' title='bbox 1935 2215 2028 2270; x_wconf 90' lang='lat' dir='ltr'><strong>Bis</strong></span> <span class='ocrx_word' id='word_1_451' title='bbox 2053 2217 2174 2271; x_wconf 90' lang='lat' dir='ltr'><strong>seni</strong></span> <span class='ocrx_word' id='word_1_452' title='bbox 2205 2217 2428 2272; x_wconf 89' lang='lat' dir='ltr'><strong>Sichem</strong></span> <span class='ocrx_word' id='word_1_453' title='bbox 2463 2218 2556 2272; x_wconf 90' lang='lat' dir='ltr'><strong>lati</strong></span> <span class='ocrx_word' id='word_1_454' title='bbox 2580 2219 2862 2290; x_wconf 89' lang='lat' dir='ltr'><strong>positique</strong></span> <span class='ocrx_word' id='word_1_455' title='bbox 2891 2221 3148 2290; x_wconf 91' lang='lat' dir='ltr'><strong>sepulcro</strong></span> 
     </span>
    </p>
   </div>
   <div class='ocr_carea' id='block_1_74' title="bbox 1937 2305 3414 2383">
    <p class='ocr_par' dir='ltr' id='par_1_74' title="bbox 1937 2305 3414 2383">
     <span class='ocr_line' id='line_1_74' title="bbox 1937 2305 3414 2383; baseline 0.006 -25"><span class='ocrx_word' id='word_1_456' title='bbox 1937 2305 2210 2360; x_wconf 81' lang='lat' dir='ltr'><strong>Abraham</strong></span> <span class='ocrx_word' id='word_1_457' title='bbox 2246 2306 2424 2376; x_wconf 87' lang='lat' dir='ltr'><strong>pretio</strong></span> <span class='ocrx_word' id='word_1_458' title='bbox 2450 2308 2597 2379; x_wconf 91' lang='lat' dir='ltr'><strong>quod</strong></span> <span class='ocrx_word' id='word_1_459' title='bbox 2617 2317 2928 2380; x_wconf 89' lang='lat' dir='ltr'><strong>sumpserat</strong></span> <span class='ocrx_word' id='word_1_460' title='bbox 2948 2310 3111 2365; x_wconf 87' lang='lat' dir='ltr'><strong>Emor</strong></span> <span class='ocrx_word' id='word_1_461' title='bbox 3131 2310 3186 2365; x_wconf 89' lang='lat' dir='ltr'><strong>in</strong></span> <span class='ocrx_word' id='word_1_462' title='bbox 3208 2319 3414 2383; x_wconf 88' lang='lat' dir='ltr'><strong>empto.</strong></span> 
     </span>
    </p>
   </div>
   <div class='ocr_carea' id='block_1_75' title="bbox 1937 2392 3456 2471">
    <p class='ocr_par' dir='ltr' id='par_1_75' title="bbox 1937 2392 3456 2471">
     <span class='ocr_line' id='line_1_75' title="bbox 1937 2392 3456 2471; baseline 0.007 -25"><span class='ocrx_word' id='word_1_463' title='bbox 1937 2392 2206 2464; x_wconf 86' lang='lat' dir='ltr'><strong>Tempore</strong></span> <span class='ocrx_word' id='word_1_464' title='bbox 2231 2395 2486 2465; x_wconf 89' lang='lat' dir='ltr'><strong>promissi</strong></span> <span class='ocrx_word' id='word_1_465' title='bbox 2527 2404 2855 2467; x_wconf 89' lang='lat' dir='ltr'><strong>properante</strong></span> <span class='ocrx_word' id='word_1_466' title='bbox 2875 2398 3021 2469; x_wconf 89' lang='lat' dir='ltr'><strong>quod</strong></span> <span class='ocrx_word' id='word_1_467' title='bbox 3048 2399 3165 2470; x_wconf 88' lang='lat' dir='ltr'><strong>ipse</strong></span> <span class='ocrx_word' id='word_1_468' title='bbox 3197 2401 3456 2471; x_wconf 84' lang='lat' dir='ltr'><strong>profcssu</strong></span> 
     </span>
    </p>
   </div>
   <div class='ocr_carea' id='block_1_76' title="bbox 1936 2483 3374 2564">
    <p class='ocr_par' dir='ltr' id='par_1_76' title="bbox 1936 2483 3374 2564">
     <span class='ocr_line' id='line_1_76' title="bbox 1936 2483 3374 2564; baseline 0.006 -27"><span class='ocrx_word' id='word_1_469' title='bbox 1936 2483 2166 2539; x_wconf 70' lang='lat' dir='ltr'><strong>Abrahae</strong></span> <span class='ocrx_word' id='word_1_470' title='bbox 2193 2483 2368 2540; x_wconf 84' lang='lat' dir='ltr'><strong>fuerat</strong></span> <span class='ocrx_word' id='word_1_471' title='bbox 2387 2486 2672 2554; x_wconf 89' lang='lat' dir='ltr'><strong>Dominus,</strong></span> <span class='ocrx_word' id='word_1_472' title='bbox 2703 2487 2861 2558; x_wconf 90' lang='lat' dir='ltr'><strong>plebs</strong></span> <span class='ocrx_word' id='word_1_473' title='bbox 2890 2489 3062 2543; x_wconf 84' lang='lat' dir='ltr'><strong>crevit</strong></span> <span class='ocrx_word' id='word_1_474' title='bbox 3089 2498 3144 2544; x_wconf 92' lang='lat' dir='ltr'><strong>et</strong></span> <span class='ocrx_word' id='word_1_475' title='bbox 3174 2489 3374 2564; x_wconf 89' lang='lat' dir='ltr'><strong>ingens</strong></span> 
     </span>
    </p>
   </div>
   <div class='ocr_carea' id='block_1_77' title="bbox 1935 2574 3267 2649">
    <p class='ocr_par' dir='ltr' id='par_1_77' title="bbox 1935 2574 3267 2649">
     <span class='ocr_line' id='line_1_77' title="bbox 1935 2574 3267 2649; baseline 0.007 -20"><span class='ocrx_word' id='word_1_476' title='bbox 1935 2574 2181 2631; x_wconf 79' lang='lat' dir='ltr'><strong>Efficitur</strong></span> <span class='ocrx_word' id='word_1_477' title='bbox 2214 2578 2469 2649; x_wconf 87' lang='lat' dir='ltr'><strong>pOpulus,</strong></span> <span class='ocrx_word' id='word_1_478' title='bbox 2505 2578 2684 2634; x_wconf 91' lang='lat' dir='ltr'><strong>donec</strong></span> <span class='ocrx_word' id='word_1_479' title='bbox 2714 2596 2806 2634; x_wconf 86' lang='lat' dir='ltr'><strong>rex</strong></span> <span class='ocrx_word' id='word_1_480' title='bbox 2830 2581 3053 2636; x_wconf 90' lang='lat' dir='ltr'><strong>nescius</strong></span> <span class='ocrx_word' id='word_1_481' title='bbox 3071 2582 3267 2638; x_wconf 86' lang='lat' dir='ltr'><strong>horum</strong></span> 
     </span>
    </p>
   </div>
   <div class='ocr_carea' id='block_1_78' title="bbox 1940 2665 3272 2742">
    <p class='ocr_par' dir='ltr' id='par_1_78' title="bbox 1940 2665 3272 2742">
     <span class='ocr_line' id='line_1_78' title="bbox 1940 2665 3272 2742; baseline 0.006 -23"><span class='ocrx_word' id='word_1_482' title='bbox 1940 2665 2155 2720; x_wconf 88' lang='lat' dir='ltr'><strong>Eminet</strong></span> <span class='ocrx_word' id='word_1_483' title='bbox 2179 2667 2435 2738; x_wconf 63' lang='lat' dir='ltr'><strong>Egypto,</strong></span> <span class='ocrx_word' id='word_1_484' title='bbox 2463 2668 3015 2742; x_wconf 83' lang='lat' dir='ltr'><strong>circumvenieusque</strong></span> <span class='ocrx_word' id='word_1_485' title='bbox 3044 2671 3272 2727; x_wconf 91' lang='lat' dir='ltr'><strong>colonos</strong></span> 
     </span>
    </p>
   </div>
   <div class='ocr_carea' id='block_1_79' title="bbox 1863 2732 3082 2829">
    <p class='ocr_par' dir='ltr' id='par_1_79' title="bbox 1863 2732 3082 2829">
     <span class='ocr_line' id='line_1_79' title="bbox 1863 2732 3082 2829; baseline 0.007 -23"><span class='ocrx_word' id='word_1_486' title='bbox 1863 2732 1914 2801; x_wconf 84' lang='grc' dir='ltr'><strong>Β</strong></span> <span class='ocrx_word' id='word_1_487' title='bbox 1936 2753 2176 2822; x_wconf 84' lang='lat' dir='ltr'><strong>Addicit,</strong></span> <span class='ocrx_word' id='word_1_488' title='bbox 2208 2732 2334 2811; x_wconf 65' lang='lat' dir='ltr'><strong>diro</strong></span> <span class='ocrx_word' id='word_1_489' title='bbox 2353 2732 2606 2828; x_wconf 83' lang='lat' dir='ltr'><strong>proprios</strong></span> <span class='ocrx_word' id='word_1_490' title='bbox 2638 2732 3082 2829; x_wconf 83' lang='lat' dir='ltr'><strong>exponereletho</strong></span> 
     </span>
    </p>
   </div>
   <div class='ocr_carea' id='block_1_80' title="bbox 1941 2847 3368 2922">
    <p class='ocr_par' dir='ltr' id='par_1_80' title="bbox 1941 2847 3368 2922">
     <span class='ocr_line' id='line_1_80' title="bbox 1941 2847 3368 2922; baseline 0.005 -21"><span class='ocrx_word' id='word_1_491' title='bbox 1941 2847 2291 2920; x_wconf 88' lang='lat' dir='ltr'><strong>Compellens</strong></span> <span class='ocrx_word' id='word_1_492' title='bbox 2317 2849 2558 2922; x_wconf 85' lang='lat' dir='ltr'><strong>genitos.</strong></span> <span class='ocrx_word' id='word_1_493' title='bbox 2590 2849 2804 2921; x_wconf 85' lang='lat' dir='ltr'><strong>Moyses</strong></span> <span class='ocrx_word' id='word_1_494' title='bbox 2825 2857 2957 2906; x_wconf 92' lang='lat' dir='ltr'><strong>tunc</strong></span> <span class='ocrx_word' id='word_1_495' title='bbox 2985 2861 3147 2907; x_wconf 90' lang='lat' dir='ltr'><strong>natus</strong></span> <span class='ocrx_word' id='word_1_496' title='bbox 3177 2859 3231 2908; x_wconf 92' lang='lat' dir='ltr'><strong>et</strong></span> <span class='ocrx_word' id='word_1_497' title='bbox 3247 2853 3368 2908; x_wconf 71' lang='lat' dir='ltr'><strong>aede</strong></span> 
     </span>
    </p>
   </div>
   <div class='ocr_carea' id='block_1_81' title="bbox 1940 2939 3409 3013">
    <p class='ocr_par' dir='ltr' id='par_1_81' title="bbox 1940 2939 3409 3013">
     <span class='ocr_line' id='line_1_81' title="bbox 1940 2939 3409 3013; baseline 0.003 -20"><span class='ocrx_word' id='word_1_498' title='bbox 1940 2939 2222 2995; x_wconf 86' lang='lat' dir='ltr'><strong>Mensibus</strong></span> <span class='ocrx_word' id='word_1_499' title='bbox 2243 2949 2326 2996; x_wconf 91' lang='lat' dir='ltr'><strong>est</strong></span> <span class='ocrx_word' id='word_1_500' title='bbox 2357 2941 2532 3013; x_wconf 90' lang='lat' dir='ltr'><strong>patria</strong></span> <span class='ocrx_word' id='word_1_501' title='bbox 2551 2942 2774 2998; x_wconf 89' lang='lat' dir='ltr'><strong>latitans</strong></span> <span class='ocrx_word' id='word_1_502' title='bbox 2793 2944 2966 2998; x_wconf 91' lang='lat' dir='ltr'><strong>tribus</strong></span> <span class='ocrx_word' id='word_1_503' title='bbox 3002 2943 3225 3000; x_wconf 88' lang='lat' dir='ltr'><strong>abditus</strong></span> <span class='ocrx_word' id='word_1_504' title='bbox 3244 2946 3409 3001; x_wconf 87' lang='lat' dir='ltr'><strong>hosti.</strong></span> 
     </span>
    </p>
   </div>
   <div class='ocr_carea' id='block_1_82' title="bbox 1941 3031 3338 3101">
    <p class='ocr_par' dir='ltr' id='par_1_82' title="bbox 1941 3031 3338 3101">
     <span class='ocr_line' id='line_1_82' title="bbox 1941 3031 3338 3101; baseline 0.005 -17"><span class='ocrx_word' id='word_1_505' title='bbox 1941 3031 2134 3086; x_wconf 88' lang='lat' dir='ltr'><strong>Gratus</strong></span> <span class='ocrx_word' id='word_1_506' title='bbox 2153 3037 2207 3085; x_wconf 89' lang='lat' dir='ltr'><strong>at</strong></span> <span class='ocrx_word' id='word_1_507' title='bbox 2234 3031 2539 3087; x_wconf 89' lang='lat' dir='ltr'><strong>Altithrono</strong></span> <span class='ocrx_word' id='word_1_508' title='bbox 2572 3031 2723 3088; x_wconf 82' lang='lat' dir='ltr'><strong>fluvii</strong></span> <span class='ocrx_word' id='word_1_509' title='bbox 2755 3033 2885 3088; x_wconf 93' lang='lat' dir='ltr'><strong>dum</strong></span> <span class='ocrx_word' id='word_1_510' title='bbox 2921 3034 3152 3090; x_wconf 89' lang='lat' dir='ltr'><strong>traditur</strong></span> <span class='ocrx_word' id='word_1_511' title='bbox 3178 3036 3338 3101; x_wconf 72' lang='lat' dir='ltr'><strong>ulvae,</strong></span> 
     </span>
    </p>
   </div>
   <div class='ocr_carea' id='block_1_83' title="bbox 1942 3124 3261 3199">
    <p class='ocr_par' dir='ltr' id='par_1_83' title="bbox 1942 3124 3261 3199">
     <span class='ocr_line' id='line_1_83' title="bbox 1942 3124 3261 3199; baseline 0.003 -19"><span class='ocrx_word' id='word_1_512' title='bbox 1942 3124 2227 3199; x_wconf 81' lang='lat' dir='ltr'><strong>Regigena</strong></span> <span class='ocrx_word' id='word_1_513' title='bbox 2254 3133 2462 3197; x_wconf 91' lang='lat' dir='ltr'><strong>raptus,</strong></span> <span class='ocrx_word' id='word_1_514' title='bbox 2497 3125 2664 3193; x_wconf 89' lang='lat' dir='ltr'><strong>fotus,</strong></span> <span class='ocrx_word' id='word_1_515' title='bbox 2688 3127 2809 3182; x_wconf 91' lang='lat' dir='ltr'><strong>vice</strong></span> <span class='ocrx_word' id='word_1_516' title='bbox 2839 3128 3010 3198; x_wconf 89' lang='lat' dir='ltr'><strong>prolis</strong></span> <span class='ocrx_word' id='word_1_517' title='bbox 3024 3137 3261 3196; x_wconf 89' lang='lat' dir='ltr'><strong>amatus,</strong></span> 
     </span>
    </p>
   </div>
   <div class='ocr_carea' id='block_1_84' title="bbox 1939 3213 3174 3281">
    <p class='ocr_par' dir='ltr' id='par_1_84' title="bbox 1939 3213 3174 3281">
     <span class='ocr_line' id='line_1_84' title="bbox 1939 3213 3174 3281; baseline 0.007 -14"><span class='ocrx_word' id='word_1_518' title='bbox 1939 3213 2164 3268; x_wconf 82' lang='lat' dir='ltr'><strong>Artibus</strong></span> <span class='ocrx_word' id='word_1_519' title='bbox 2192 3214 2429 3271; x_wconf 86' lang='lat' dir='ltr'><strong>excellet</strong></span> <span class='ocrx_word' id='word_1_520' title='bbox 2458 3214 2690 3281; x_wconf 88' lang='lat' dir='ltr'><strong>Phariis,</strong></span> <span class='ocrx_word' id='word_1_521' title='bbox 2719 3215 2939 3273; x_wconf 89' lang='lat' dir='ltr'><strong>virtutis</strong></span> <span class='ocrx_word' id='word_1_522' title='bbox 2965 3226 3020 3274; x_wconf 92' lang='lat' dir='ltr'><strong>et</strong></span> <span class='ocrx_word' id='word_1_523' title='bbox 3051 3226 3174 3276; x_wconf 91' lang='lat' dir='ltr'><strong>actu</strong></span> 
     </span>
    </p>
   </div>
   <div class='ocr_carea' id='block_1_85' title="bbox 1941 3304 3302 3378">
    <p class='ocr_par' dir='ltr' id='par_1_85' title="bbox 1941 3304 3302 3378">
     <span class='ocr_line' id='line_1_85' title="bbox 1941 3304 3302 3378; baseline 0.006 -20"><span class='ocrx_word' id='word_1_524' title='bbox 1941 3304 2131 3360; x_wconf 89' lang='lat' dir='ltr'><strong>Lustra</strong></span> <span class='ocrx_word' id='word_1_525' title='bbox 2153 3321 2353 3378; x_wconf 80' lang='lat' dir='ltr'><strong>gerens</strong></span> <span class='ocrx_word' id='word_1_526' title='bbox 2375 3314 2524 3374; x_wconf 90' lang='lat' dir='ltr'><strong>octo,</strong></span> <span class='ocrx_word' id='word_1_527' title='bbox 2555 3307 2852 3364; x_wconf 83' lang='lat' dir='ltr'><strong>meditatur</strong></span> <span class='ocrx_word' id='word_1_528' title='bbox 2865 3308 3043 3366; x_wconf 88' lang='lat' dir='ltr'><strong>visere</strong></span> <span class='ocrx_word' id='word_1_529' title='bbox 3071 3309 3266 3366; x_wconf 89' lang='lat' dir='ltr'><strong>fratres</strong></span> <span class='ocrx_word' id='word_1_530' title='bbox 3289 3353 3302 3366; x_wconf 92' lang='lat'><strong>.</strong></span> 
     </span>
    </p>
   </div>
   <div class='ocr_carea' id='block_1_86' title="bbox 1940 3395 3445 3467">
    <p class='ocr_par' dir='ltr' id='par_1_86' title="bbox 1940 3395 3445 3467">
     <span class='ocr_line' id='line_1_86' title="bbox 1940 3395 3445 3467; baseline 0.004 -17"><span class='ocrx_word' id='word_1_531' title='bbox 1940 3395 2298 3467; x_wconf 90' lang='lat' dir='ltr'><strong>Pelleumque</strong></span> <span class='ocrx_word' id='word_1_532' title='bbox 2350 3395 2526 3450; x_wconf 89' lang='lat' dir='ltr'><strong>virum</strong></span> <span class='ocrx_word' id='word_1_533' title='bbox 2551 3396 2780 3452; x_wconf 64' lang='lat' dir='ltr'><strong>Hebraeo</strong></span> <span class='ocrx_word' id='word_1_534' title='bbox 2817 3398 2926 3452; x_wconf 87' lang='lat' dir='ltr'><strong>vim</strong></span> <span class='ocrx_word' id='word_1_535' title='bbox 2951 3399 3178 3454; x_wconf 89' lang='lat' dir='ltr'><strong>tendere</strong></span> <span class='ocrx_word' id='word_1_536' title='bbox 3209 3416 3445 3456; x_wconf 88' lang='lat' dir='ltr'><strong>cernens</strong></span> 
     </span>
    </p>
   </div>
   <div class='ocr_carea' id='block_1_87' title="bbox 1938 3488 3414 3564">
    <p class='ocr_par' dir='ltr' id='par_1_87' title="bbox 1938 3488 3414 3564">
     <span class='ocr_line' id='line_1_87' title="bbox 1938 3488 3414 3564; baseline 0.001 -19"><span class='ocrx_word' id='word_1_537' title='bbox 1938 3488 2193 3558; x_wconf 88' lang='lat' dir='ltr'><strong>Percutit,</strong></span> <span class='ocrx_word' id='word_1_538' title='bbox 2221 3497 2388 3562; x_wconf 90' lang='lat' dir='ltr'><strong>atque</strong></span> <span class='ocrx_word' id='word_1_539' title='bbox 2419 3505 2550 3546; x_wconf 75' lang='lat' dir='ltr'><strong>suos</strong></span> <span class='ocrx_word' id='word_1_540' title='bbox 2582 3497 2732 3545; x_wconf 88' lang='lat' dir='ltr'><strong>retur</strong></span> <span class='ocrx_word' id='word_1_541' title='bbox 2768 3491 3012 3546; x_wconf 89' lang='lat' dir='ltr'><strong>sensisse</strong></span> <span class='ocrx_word' id='word_1_542' title='bbox 3050 3491 3414 3564; x_wconf 89' lang='lat' dir='ltr'><strong>propinquos,</strong></span> 
     </span>
    </p>
   </div>
   <div class='ocr_carea' id='block_1_88' title="bbox 1940 3582 3373 3657">
    <p class='ocr_par' dir='ltr' id='par_1_88' title="bbox 1940 3582 3373 3657">
     <span class='ocr_line' id='line_1_88' title="bbox 1940 3582 3373 3657; baseline 0.001 -18"><span class='ocrx_word' id='word_1_543' title='bbox 1940 3584 2032 3639; x_wconf 82' lang='lat' dir='ltr'><strong>His</strong></span> <span class='ocrx_word' id='word_1_544' title='bbox 2052 3601 2152 3657; x_wconf 92' lang='lat' dir='ltr'><strong>per</strong></span> <span class='ocrx_word' id='word_1_545' title='bbox 2188 3601 2313 3640; x_wconf 92' lang='lat' dir='ltr'><strong>eum</strong></span> <span class='ocrx_word' id='word_1_546' title='bbox 2335 3583 2600 3639; x_wconf 88' lang='lat' dir='ltr'><strong>Dominus</strong></span> <span class='ocrx_word' id='word_1_547' title='bbox 2616 3582 2782 3640; x_wconf 89' lang='lat' dir='ltr'><strong>vellet</strong></span> <span class='ocrx_word' id='word_1_548' title='bbox 2800 3583 2930 3656; x_wconf 91' lang='lat' dir='ltr'><strong>quia</strong></span> <span class='ocrx_word' id='word_1_549' title='bbox 2951 3583 3092 3640; x_wconf 82' lang='lat' dir='ltr'><strong>ferre</strong></span> <span class='ocrx_word' id='word_1_550' title='bbox 3119 3583 3373 3640; x_wconf 90' lang='lat' dir='ltr'><strong>salutem.</strong></span> 
     </span>
    </p>
   </div>
   <div class='ocr_carea' id='block_1_89' title="bbox 1939 3675 3208 3747">
    <p class='ocr_par' dir='ltr' id='par_1_89' title="bbox 1939 3675 3208 3747">
     <span class='ocr_line' id='line_1_89' title="bbox 1939 3675 3208 3747; baseline -0.002 -14"><span class='ocrx_word' id='word_1_551' title='bbox 1939 3675 2086 3740; x_wconf 83' lang='lat' dir='ltr'><strong>Quos</strong></span> <span class='ocrx_word' id='word_1_552' title='bbox 2127 3676 2508 3747; x_wconf 89' lang='lat' dir='ltr'><strong>imprudentes</strong></span> <span class='ocrx_word' id='word_1_553' title='bbox 2544 3676 2674 3732; x_wconf 91' lang='lat' dir='ltr'><strong>odio</strong></span> <span class='ocrx_word' id='word_1_554' title='bbox 2706 3675 2934 3747; x_wconf 89' lang='lat' dir='ltr'><strong>rixaque</strong></span> <span class='ocrx_word' id='word_1_555' title='bbox 2964 3675 3208 3731; x_wconf 89' lang='lat' dir='ltr'><strong>furentes</strong></span> 
     </span>
    </p>
   </div>
   <div class='ocr_carea' id='block_1_90' title="bbox 1939 3764 3327 3838">
    <p class='ocr_par' dir='ltr' id='par_1_90' title="bbox 1939 3764 3327 3838">
     <span class='ocr_line' id='line_1_90' title="bbox 1939 3764 3327 3838; baseline 0 -18"><span class='ocrx_word' id='word_1_556' title='bbox 1939 3765 2278 3838; x_wconf 89' lang='lat' dir='ltr'><strong>Corripiens,</strong></span> <span class='ocrx_word' id='word_1_557' title='bbox 2301 3767 2477 3836; x_wconf 84' lang='lat' dir='ltr'><strong>audit,</strong></span> <span class='ocrx_word' id='word_1_558' title='bbox 2510 3765 2906 3835; x_wconf 89' lang='lat' dir='ltr'><strong>Princeps,aut</strong></span> <span class='ocrx_word' id='word_1_559' title='bbox 2931 3764 3138 3819; x_wconf 92' lang='lat' dir='ltr'><strong>arbiter</strong></span> <span class='ocrx_word' id='word_1_560' title='bbox 3163 3773 3223 3820; x_wconf 91' lang='lat' dir='ltr'><strong>ut</strong></span> <span class='ocrx_word' id='word_1_561' title='bbox 3249 3765 3327 3820; x_wconf 89' lang='lat' dir='ltr'><strong>sis</strong></span> 
     </span>
    </p>
   </div>
   <div class='ocr_carea' id='block_1_91' title="bbox 1941 3852 3337 3926">
    <p class='ocr_par' dir='ltr' id='par_1_91' title="bbox 1941 3852 3337 3926">
     <span class='ocr_line' id='line_1_91' title="bbox 1941 3852 3337 3926; baseline -0.001 -15"><span class='ocrx_word' id='word_1_562' title='bbox 1941 3857 2070 3921; x_wconf 85' lang='lat' dir='ltr'><strong>Quis</strong></span> <span class='ocrx_word' id='word_1_563' title='bbox 2101 3855 2272 3919; x_wconf 90' lang='lat' dir='ltr'><strong>dedit,</strong></span> <span class='ocrx_word' id='word_1_564' title='bbox 2305 3861 2358 3909; x_wconf 93' lang='lat' dir='ltr'><strong>et</strong></span> <span class='ocrx_word' id='word_1_565' title='bbox 2385 3863 2598 3909; x_wconf 89' lang='lat' dir='ltr'><strong>nostras</strong></span> <span class='ocrx_word' id='word_1_566' title='bbox 2623 3853 2807 3908; x_wconf 89' lang='lat' dir='ltr'><strong>valeas</strong></span> <span class='ocrx_word' id='word_1_567' title='bbox 2833 3852 2990 3908; x_wconf 86' lang='lat' dir='ltr'><strong>finire</strong></span> <span class='ocrx_word' id='word_1_568' title='bbox 3021 3854 3337 3926; x_wconf 82' lang='lat' dir='ltr'><strong>querelas?</strong></span> 
     </span>
    </p>
   </div>
   <div class='ocr_carea' id='block_1_92' title="bbox 1939 3943 3407 4018">
    <p class='ocr_par' dir='ltr' id='par_1_92' title="bbox 1939 3943 3407 4018">
     <span class='ocr_line' id='line_1_92' title="bbox 1939 3943 3407 4018; baseline -0.002 -16"><span class='ocrx_word' id='word_1_569' title='bbox 1939 3947 2096 4002; x_wconf 87' lang='lat' dir='ltr'><strong>Mene</strong></span> <span class='ocrx_word' id='word_1_570' title='bbox 2128 3955 2187 4001; x_wconf 91' lang='lat' dir='ltr'><strong>ut</strong></span> <span class='ocrx_word' id='word_1_571' title='bbox 2217 3945 2335 4000; x_wconf 90' lang='lat' dir='ltr'><strong>heri</strong></span> <span class='ocrx_word' id='word_1_572' title='bbox 2351 3943 2605 3998; x_wconf 85' lang='lat' dir='ltr'><strong>Pharium</strong></span> <span class='ocrx_word' id='word_1_573' title='bbox 2628 3943 2824 4018; x_wconf 88' lang='lat' dir='ltr'><strong>jugulo</strong></span> <span class='ocrx_word' id='word_1_574' title='bbox 2839 3946 3077 4014; x_wconf 91' lang='lat' dir='ltr'><strong>plectere</strong></span> <span class='ocrx_word' id='word_1_575' title='bbox 3097 3945 3358 4000; x_wconf 90' lang='lat' dir='ltr'><strong>colonum</strong></span> <span class='ocrx_word' id='word_1_576' title='bbox 3379 3945 3407 3999; x_wconf 68' lang='grc' dir='ltr'><strong><em>τ</em></strong></span> 
     </span>
    </p>
   </div>
   <div class='ocr_carea' id='block_1_93' title="bbox 1940 4034 3307 4106">
    <p class='ocr_par' dir='ltr' id='par_1_93' title="bbox 1940 4034 3307 4106">
     <span class='ocr_line' id='line_1_93' title="bbox 1940 4034 3307 4106; baseline 0 -16"><span class='ocrx_word' id='word_1_577' title='bbox 1940 4036 2184 4092; x_wconf 91' lang='lat' dir='ltr'><strong>Territus</strong></span> <span class='ocrx_word' id='word_1_578' title='bbox 2223 4036 2310 4090; x_wconf 86' lang='lat' dir='ltr'><strong>his</strong></span> <span class='ocrx_word' id='word_1_579' title='bbox 2339 4035 2551 4106; x_wconf 84' lang='lat' dir='ltr'><strong>Moyses</strong></span> <span class='ocrx_word' id='word_1_580' title='bbox 2581 4035 2892 4106; x_wconf 88' lang='lat' dir='ltr'><strong>disponitur</strong></span> <span class='ocrx_word' id='word_1_581' title='bbox 2905 4034 3307 4102; x_wconf 70' lang='lat' dir='ltr'><strong>advenaterrze,</strong></span> 
     </span>
    </p>
   </div>
   <div class='ocr_carea' id='block_1_94' title="bbox 1856 4108 3444 4201">
    <p class='ocr_par' dir='ltr' id='par_1_94' title="bbox 1856 4108 3444 4201">
     <span class='ocr_line' id='line_1_94' title="bbox 1856 4108 3444 4201; baseline 0.004 -23"><span class='ocrx_word' id='word_1_582' title='bbox 1856 4108 1906 4178; x_wconf 86' lang='lat' dir='ltr'>C</span> <span class='ocrx_word' id='word_1_583' title='bbox 1935 4127 2236 4201; x_wconf 81' lang='lat' dir='ltr'><strong>Aufugiens</strong></span> <span class='ocrx_word' id='word_1_584' title='bbox 2266 4124 2504 4191; x_wconf 85' lang='lat' dir='ltr'><strong>Madian,</strong></span> <span class='ocrx_word' id='word_1_585' title='bbox 2538 4127 2670 4181; x_wconf 89' lang='lat' dir='ltr'><strong>bino</strong></span> <span class='ocrx_word' id='word_1_586' title='bbox 2701 4131 2784 4181; x_wconf 89' lang='lat' dir='ltr'><strong>est</strong></span> <span class='ocrx_word' id='word_1_587' title='bbox 2813 4141 2922 4197; x_wconf 88' lang='lat' dir='ltr'><strong>qua</strong></span> <span class='ocrx_word' id='word_1_588' title='bbox 2951 4126 3183 4200; x_wconf 87' lang='lat' dir='ltr'><strong>pignore</strong></span> <span class='ocrx_word' id='word_1_589' title='bbox 3215 4134 3444 4186; x_wconf 87' lang='lat' dir='ltr'><strong>mactus.</strong></span> 
     </span>
    </p>
   </div>
   <div class='ocr_carea' id='block_1_95' title="bbox 1937 4217 3247 4292">
    <p class='ocr_par' dir='ltr' id='par_1_95' title="bbox 1937 4217 3247 4292">
     <span class='ocr_line' id='line_1_95' title="bbox 1937 4217 3247 4292; baseline -0.001 -19"><span class='ocrx_word' id='word_1_590' title='bbox 1937 4218 2309 4292; x_wconf 84' lang='lat' dir='ltr'><strong>Quadraginta</strong></span> <span class='ocrx_word' id='word_1_591' title='bbox 2346 4218 2506 4272; x_wconf 90' lang='lat' dir='ltr'><strong>annis</strong></span> <span class='ocrx_word' id='word_1_592' title='bbox 2525 4217 2602 4271; x_wconf 92' lang='lat' dir='ltr'><strong>illi</strong></span> <span class='ocrx_word' id='word_1_593' title='bbox 2636 4218 2738 4272; x_wconf 90' lang='lat' dir='ltr'><strong>hac</strong></span> <span class='ocrx_word' id='word_1_594' title='bbox 2759 4217 2956 4272; x_wconf 90' lang='lat' dir='ltr'><strong>tellure</strong></span> <span class='ocrx_word' id='word_1_595' title='bbox 2987 4217 3247 4288; x_wconf 90' lang='lat' dir='ltr'><strong>peractis,</strong></span> 
     </span>
    </p>
   </div>
   <div class='ocr_carea' id='block_1_96' title="bbox 1935 4309 3353 4388">
    <p class='ocr_par' dir='ltr' id='par_1_96' title="bbox 1935 4309 3353 4388">
     <span class='ocr_line' id='line_1_96' title="bbox 1935 4309 3353 4388; baseline -0.001 -21"><span class='ocrx_word' id='word_1_596' title='bbox 1935 4314 2176 4387; x_wconf 86' lang='lat' dir='ltr'><strong>Angelus</strong></span> <span class='ocrx_word' id='word_1_597' title='bbox 2198 4313 2289 4368; x_wconf 91' lang='lat' dir='ltr'><strong>hic</strong></span> <span class='ocrx_word' id='word_1_598' title='bbox 2309 4311 2578 4388; x_wconf 85' lang='lat' dir='ltr'><strong>ﬂagrante</strong></span> <span class='ocrx_word' id='word_1_599' title='bbox 2607 4309 2727 4366; x_wconf 90' lang='lat' dir='ltr'><strong>rubi</strong></span> <span class='ocrx_word' id='word_1_600' title='bbox 2761 4317 3091 4366; x_wconf 91' lang='lat' dir='ltr'><strong>monstratur</strong></span> <span class='ocrx_word' id='word_1_601' title='bbox 3120 4311 3177 4366; x_wconf 90' lang='lat' dir='ltr'><strong>in</strong></span> <span class='ocrx_word' id='word_1_602' title='bbox 3204 4311 3353 4387; x_wconf 89' lang='lat' dir='ltr'><strong>igne.</strong></span> 
     </span>
    </p>
   </div>
   <div class='ocr_carea' id='block_1_97' title="bbox 1937 4398 3347 4472">
    <p class='ocr_par' dir='ltr' id='par_1_97' title="bbox 1937 4398 3347 4472">
     <span class='ocr_line' id='line_1_97' title="bbox 1937 4398 3347 4472; baseline -0.001 -16"><span class='ocrx_word' id='word_1_603' title='bbox 1937 4403 2052 4468; x_wconf 90' lang='lat' dir='ltr'><strong>Quo</strong></span> <span class='ocrx_word' id='word_1_604' title='bbox 2075 4403 2308 4457; x_wconf 90' lang='lat' dir='ltr'><strong>mirante</strong></span> <span class='ocrx_word' id='word_1_605' title='bbox 2332 4401 2506 4457; x_wconf 88' lang='lat' dir='ltr'><strong>facem</strong></span> <span class='ocrx_word' id='word_1_606' title='bbox 2536 4398 2767 4456; x_wconf 90' lang='lat' dir='ltr'><strong>scrutari</strong></span> <span class='ocrx_word' id='word_1_607' title='bbox 2805 4416 3030 4471; x_wconf 90' lang='lat' dir='ltr'><strong>remque</strong></span> <span class='ocrx_word' id='word_1_608' title='bbox 3044 4410 3269 4472; x_wconf 88' lang='lat' dir='ltr'><strong>parante</strong></span> <span class='ocrx_word' id='word_1_609' title='bbox 3339 4410 3347 4420; x_wconf 85' lang='lat'><strong>&#39;</strong></span> 
     </span>
    </p>
   </div>
   <div class='ocr_carea' id='block_1_98' title="bbox 1935 4495 3548 4570">
    <p class='ocr_par' dir='ltr' id='par_1_98' title="bbox 1935 4495 3548 4570">
     <span class='ocr_line' id='line_1_98' title="bbox 1935 4495 3548 4570; baseline -0.004 -17"><span class='ocrx_word' id='word_1_610' title='bbox 1935 4498 2045 4553; x_wconf 89' lang='lat' dir='ltr'><strong>Vox</strong></span> <span class='ocrx_word' id='word_1_611' title='bbox 2077 4497 2216 4552; x_wconf 87' lang='lat' dir='ltr'><strong>facta</strong></span> <span class='ocrx_word' id='word_1_612' title='bbox 2242 4503 2323 4551; x_wconf 92' lang='lat' dir='ltr'><strong>est</strong></span> <span class='ocrx_word' id='word_1_613' title='bbox 2351 4514 2364 4550; x_wconf 87' lang='lat'><strong>:</strong></span> <span class='ocrx_word' id='word_1_614' title='bbox 2401 4516 2424 4546; x_wconf 76' lang='grc' dir='ltr'><strong><em>α</em></strong></span> <span class='ocrx_word' id='word_1_615' title='bbox 2453 4495 2564 4570; x_wconf 88' lang='lat' dir='ltr'><strong>Ego</strong></span> <span class='ocrx_word' id='word_1_616' title='bbox 2579 4511 2698 4549; x_wconf 90' lang='lat' dir='ltr'><strong>sum</strong></span> <span class='ocrx_word' id='word_1_617' title='bbox 2725 4501 2938 4566; x_wconf 91' lang='lat' dir='ltr'><strong>patrum</strong></span> <span class='ocrx_word' id='word_1_618' title='bbox 2970 4495 3114 4549; x_wconf 88' lang='lat' dir='ltr'><strong>Deus</strong></span> <span class='ocrx_word' id='word_1_619' title='bbox 3141 4495 3259 4566; x_wconf 91' lang='lat' dir='ltr'><strong>ipse</strong></span> <span class='ocrx_word' id='word_1_620' title='bbox 3275 4501 3548 4552; x_wconf 72' lang='lat' dir='ltr'><strong>tuorum.»</strong></span> 
     </span>
    </p>
   </div>
   <div class='ocr_carea' id='block_1_99' title="bbox 1933 4588 3276 4660">
    <p class='ocr_par' dir='ltr' id='par_1_99' title="bbox 1933 4588 3276 4660">
     <span class='ocr_line' id='line_1_99' title="bbox 1933 4588 3276 4660; baseline -0.004 -14"><span class='ocrx_word' id='word_1_621' title='bbox 1933 4590 2208 4647; x_wconf 81' lang='lat' dir='ltr'><strong>Attonitus</strong></span> <span class='ocrx_word' id='word_1_622' title='bbox 2237 4589 2451 4660; x_wconf 83' lang='lat' dir='ltr'><strong>Moyses</strong></span> <span class='ocrx_word' id='word_1_623' title='bbox 2482 4605 2592 4644; x_wconf 89' lang='lat' dir='ltr'><strong>non</strong></span> <span class='ocrx_word' id='word_1_624' title='bbox 2619 4588 2791 4642; x_wconf 88' lang='lat' dir='ltr'><strong>audet</strong></span> <span class='ocrx_word' id='word_1_625' title='bbox 2817 4603 3042 4643; x_wconf 91' lang='lat' dir='ltr'><strong>cernere</strong></span> <span class='ocrx_word' id='word_1_626' title='bbox 3066 4594 3276 4642; x_wconf 88' lang='lat' dir='ltr'><strong>contra.</strong></span> 
     </span>
    </p>
   </div>
   <div class='ocr_carea' id='block_1_100' title="bbox 1934 4679 3475 4750">
    <p class='ocr_par' dir='ltr' id='par_1_100' title="bbox 1934 4679 3475 4750">
     <span class='ocr_line' id='line_1_100' title="bbox 1934 4679 3475 4750; baseline -0.003 -11"><span class='ocrx_word' id='word_1_627' title='bbox 1934 4685 2034 4750; x_wconf 90' lang='lat' dir='ltr'><strong>Qui</strong></span> <span class='ocrx_word' id='word_1_628' title='bbox 2067 4684 2331 4740; x_wconf 90' lang='lat' dir='ltr'><strong>Dominus</strong></span> <span class='ocrx_word' id='word_1_629' title='bbox 2361 4703 2372 4736; x_wconf 88' lang='lat'>:</span> <span class='ocrx_word' id='word_1_630' title='bbox 2403 4702 2427 4733; x_wconf 79' lang='grc' dir='ltr'><strong>α</strong></span> <span class='ocrx_word' id='word_1_631' title='bbox 2448 4681 2691 4736; x_wconf 90' lang='lat' dir='ltr'><strong>Pedibus</strong></span> <span class='ocrx_word' id='word_1_632' title='bbox 2720 4681 2820 4736; x_wconf 91' lang='lat' dir='ltr'><strong>tibi</strong></span> <span class='ocrx_word' id='word_1_633' title='bbox 2845 4680 3217 4740; x_wconf 86' lang='lat' dir='ltr'><strong>calceamenta</strong></span> <span class='ocrx_word' id='word_1_634' title='bbox 3241 4679 3475 4748; x_wconf 81' lang='lat' dir='ltr'><strong>resolve,</strong></span> 
     </span>
    </p>
   </div>
   <div class='ocr_carea' id='block_1_101' title="bbox 1933 4769 3527 4844">
    <p class='ocr_par' dir='ltr' id='par_1_101' title="bbox 1933 4769 3527 4844">
     <span class='ocr_line' id='line_1_101' title="bbox 1933 4769 3527 4844; baseline -0.001 -16"><span class='ocrx_word' id='word_1_635' title='bbox 1933 4775 2064 4828; x_wconf 87' lang='lat' dir='ltr'><strong>Nam</strong></span> <span class='ocrx_word' id='word_1_636' title='bbox 2097 4774 2248 4828; x_wconf 91' lang='lat' dir='ltr'><strong>locus</strong></span> <span class='ocrx_word' id='word_1_637' title='bbox 2270 4789 2324 4826; x_wconf 82' lang='grc' dir='ltr'><strong>ιη</strong></span> <span class='ocrx_word' id='word_1_638' title='bbox 2359 4788 2466 4844; x_wconf 92' lang='lat' dir='ltr'><strong>quo</strong></span> <span class='ocrx_word' id='word_1_639' title='bbox 2497 4781 2610 4826; x_wconf 88' lang='lat' dir='ltr'><strong>stas</strong></span> <span class='ocrx_word' id='word_1_640' title='bbox 2641 4775 2855 4826; x_wconf 88' lang='lat' dir='ltr'><strong>constat</strong></span> <span class='ocrx_word' id='word_1_641' title='bbox 2874 4769 3005 4842; x_wconf 91' lang='lat' dir='ltr'><strong>quia</strong></span> <span class='ocrx_word' id='word_1_642' title='bbox 3036 4776 3179 4824; x_wconf 91' lang='lat' dir='ltr'><strong>terra</strong></span> <span class='ocrx_word' id='word_1_643' title='bbox 3201 4777 3413 4826; x_wconf 82' lang='lat' dir='ltr'><strong>sacrata</strong></span> <span class='ocrx_word' id='word_1_644' title='bbox 3441 4777 3527 4826; x_wconf 88' lang='lat' dir='ltr'><strong>est</strong></span> 
     </span>
    </p>
   </div>
   <div class='ocr_carea' id='block_1_102' title="bbox 1931 4860 3144 4933">
    <p class='ocr_par' dir='ltr' id='par_1_102' title="bbox 1931 4860 3144 4933">
     <span class='ocr_line' id='line_1_102' title="bbox 1931 4860 3144 4933; baseline -0.002 -17"><span class='ocrx_word' id='word_1_645' title='bbox 1931 4863 2171 4918; x_wconf 84' lang='lat' dir='ltr'><strong>Verbera</strong></span> <span class='ocrx_word' id='word_1_646' title='bbox 2200 4863 2337 4917; x_wconf 91' lang='lat' dir='ltr'><strong>dura</strong></span> <span class='ocrx_word' id='word_1_647' title='bbox 2359 4862 2468 4917; x_wconf 91' lang='lat' dir='ltr'><strong>mei</strong></span> <span class='ocrx_word' id='word_1_648' title='bbox 2499 4861 2712 4933; x_wconf 89' lang='lat' dir='ltr'><strong>populi,</strong></span> <span class='ocrx_word' id='word_1_649' title='bbox 2748 4860 2960 4915; x_wconf 90' lang='lat' dir='ltr'><strong>Pelusia</strong></span> <span class='ocrx_word' id='word_1_650' title='bbox 2975 4876 3144 4932; x_wconf 85' lang='lat' dir='ltr'><strong>regna</strong></span> 
     </span>
    </p>
   </div>
   <div class='ocr_carea' id='block_1_103' title="bbox 1933 4947 3463 5026">
    <p class='ocr_par' dir='ltr' id='par_1_103' title="bbox 1933 4947 3463 5026">
     <span class='ocr_line' id='line_1_103' title="bbox 1933 4947 3463 5026; baseline -0.002 -20"><span class='ocrx_word' id='word_1_651' title='bbox 1933 4953 2101 5018; x_wconf 89' lang='lat' dir='ltr'><strong>Quem</strong></span> <span class='ocrx_word' id='word_1_652' title='bbox 2133 4951 2398 5019; x_wconf 87' lang='lat' dir='ltr'><strong>retinent,</strong></span> <span class='ocrx_word' id='word_1_653' title='bbox 2431 4951 2564 5019; x_wconf 91' lang='lat' dir='ltr'><strong>vidi,</strong></span> <span class='ocrx_word' id='word_1_654' title='bbox 2595 4951 2862 5026; x_wconf 90' lang='lat' dir='ltr'><strong>gemitum</strong></span> <span class='ocrx_word' id='word_1_655' title='bbox 2893 4949 3022 5022; x_wconf 91' lang='lat' dir='ltr'><strong>quia</strong></span> <span class='ocrx_word' id='word_1_656' title='bbox 3051 4949 3280 5004; x_wconf 90' lang='lat' dir='ltr'><strong>auribus</strong></span> <span class='ocrx_word' id='word_1_657' title='bbox 3307 4947 3463 5004; x_wconf 85' lang='lat' dir='ltr'><strong>hausi</strong></span> 
     </span>
    </p>
   </div>
   <div class='ocr_carea' id='block_1_104' title="bbox 1939 5037 3358 5113">
    <p class='ocr_par' dir='ltr' id='par_1_104' title="bbox 1939 5037 3358 5113">
     <span class='ocr_line' id='line_1_104' title="bbox 1939 5037 3358 5113; baseline -0.005 -17"><span class='ocrx_word' id='word_1_658' title='bbox 1939 5041 2322 5113; x_wconf 87' lang='lat' dir='ltr'><strong>Descendique</strong></span> <span class='ocrx_word' id='word_1_659' title='bbox 2353 5039 2588 5112; x_wconf 89' lang='lat' dir='ltr'><strong>tegendo</strong></span> <span class='ocrx_word' id='word_1_660' title='bbox 2622 5038 2746 5092; x_wconf 90' lang='lat' dir='ltr'><strong>illos</strong></span> <span class='ocrx_word' id='word_1_661' title='bbox 2772 5053 2881 5109; x_wconf 89' lang='lat' dir='ltr'><strong>quo</strong></span> <span class='ocrx_word' id='word_1_662' title='bbox 2913 5038 3111 5092; x_wconf 86' lang='lat' dir='ltr'><strong>missus</strong></span> <span class='ocrx_word' id='word_1_663' title='bbox 3129 5037 3358 5091; x_wconf 73' lang='lat' dir='ltr'><strong>abibis.»</strong></span> 
     </span>
    </p>
   </div>
   <div class='ocr_carea' id='block_1_105' title="bbox 1935 5129 3408 5207">
    <p class='ocr_par' dir='ltr' id='par_1_105' title="bbox 1935 5129 3408 5207">
     <span class='ocr_line' id='line_1_105' title="bbox 1935 5129 3408 5207; baseline -0.005 -18"><span class='ocrx_word' id='word_1_664' title='bbox 1935 5135 2035 5191; x_wconf 71' lang='lat' dir='ltr'><strong>llic</strong></span> <span class='ocrx_word' id='word_1_665' title='bbox 2061 5136 2292 5207; x_wconf 88' lang='lat' dir='ltr'><strong>Moyses,</strong></span> <span class='ocrx_word' id='word_1_666' title='bbox 2315 5133 2421 5187; x_wconf 90' lang='lat' dir='ltr'><strong>sibi</strong></span> <span class='ocrx_word' id='word_1_667' title='bbox 2444 5132 2728 5204; x_wconf 67' lang='lat' dir='ltr'><strong>praelatum</strong></span> <span class='ocrx_word' id='word_1_668' title='bbox 2756 5147 2918 5202; x_wconf 90' lang='lat' dir='ltr'><strong>quem</strong></span> <span class='ocrx_word' id='word_1_669' title='bbox 2944 5129 3086 5184; x_wconf 87' lang='lat' dir='ltr'><strong>ferre</strong></span> <span class='ocrx_word' id='word_1_670' title='bbox 3117 5135 3408 5204; x_wconf 88' lang='lat' dir='ltr'><strong>negarunt,</strong></span> 
     </span>
    </p>
   </div>
   <div class='ocr_carea' id='block_1_106' title="bbox 1937 5217 3374 5295">
    <p class='ocr_par' dir='ltr' id='par_1_106' title="bbox 1937 5217 3374 5295">
     <span class='ocr_line' id='line_1_106' title="bbox 1937 5217 3374 5295; baseline -0.006 -15"><span class='ocrx_word' id='word_1_671' title='bbox 1937 5224 2208 5295; x_wconf 87' lang='lat' dir='ltr'><strong>Principis</strong></span> <span class='ocrx_word' id='word_1_672' title='bbox 2229 5230 2393 5294; x_wconf 91' lang='lat' dir='ltr'><strong>atque</strong></span> <span class='ocrx_word' id='word_1_673' title='bbox 2423 5221 2808 5292; x_wconf 81' lang='lat' dir='ltr'><strong>Redemptoris</strong></span> <span class='ocrx_word' id='word_1_674' title='bbox 2837 5221 2956 5276; x_wconf 90' lang='lat' dir='ltr'><strong>vice</strong></span> <span class='ocrx_word' id='word_1_675' title='bbox 2982 5220 3213 5275; x_wconf 88' lang='lat' dir='ltr'><strong>mittitur</strong></span> <span class='ocrx_word' id='word_1_676' title='bbox 3243 5217 3374 5287; x_wconf 89' lang='lat' dir='ltr'><strong>illis,</strong></span> 
     </span>
    </p>
   </div>
   <div class='ocr_carea' id='block_1_107' title="bbox 1941 5311 3335 5387">
    <p class='ocr_par' dir='ltr' id='par_1_107' title="bbox 1941 5311 3335 5387">
     <span class='ocr_line' id='line_1_107' title="bbox 1941 5311 3335 5387; baseline -0.005 -15"><span class='ocrx_word' id='word_1_677' title='bbox 1941 5317 2188 5373; x_wconf 69' lang='lat' dir='ltr'><strong>Caelicola</strong></span> <span class='ocrx_word' id='word_1_678' title='bbox 2217 5315 2379 5370; x_wconf 89' lang='lat' dir='ltr'><strong>simul</strong></span> <span class='ocrx_word' id='word_1_679' title='bbox 2411 5324 2656 5381; x_wconf 91' lang='lat' dir='ltr'><strong>ostenso,</strong></span> <span class='ocrx_word' id='word_1_680' title='bbox 2689 5313 2984 5369; x_wconf 88' lang='lat' dir='ltr'><strong>comitante</strong></span> <span class='ocrx_word' id='word_1_681' title='bbox 3001 5328 3099 5384; x_wconf 91' lang='lat' dir='ltr'><strong>per</strong></span> <span class='ocrx_word' id='word_1_682' title='bbox 3129 5311 3335 5387; x_wconf 87' lang='lat' dir='ltr'><strong>ignem.</strong></span> 
     </span>
    </p>
   </div>
   <div class='ocr_carea' id='block_1_108' title="bbox 1941 5404 3098 5482">
    <p class='ocr_par' dir='ltr' id='par_1_108' title="bbox 1941 5404 3098 5482">
     <span class='ocr_line' id='line_1_108' title="bbox 1941 5404 3098 5482; baseline -0.004 -20"><span class='ocrx_word' id='word_1_683' title='bbox 1941 5409 2034 5463; x_wconf 86' lang='lat' dir='ltr'><strong>llis</strong></span> <span class='ocrx_word' id='word_1_684' title='bbox 2060 5406 2234 5482; x_wconf 89' lang='lat' dir='ltr'><strong>signis</strong></span> <span class='ocrx_word' id='word_1_685' title='bbox 2261 5406 2560 5461; x_wconf 89' lang='lat' dir='ltr'><strong>cduciteos</strong></span> <span class='ocrx_word' id='word_1_686' title='bbox 2599 5421 2698 5476; x_wconf 93' lang='lat' dir='ltr'><strong>per</strong></span> <span class='ocrx_word' id='word_1_687' title='bbox 2726 5420 2850 5459; x_wconf 89' lang='lat' dir='ltr'><strong>rura</strong></span> <span class='ocrx_word' id='word_1_688' title='bbox 2869 5404 3098 5474; x_wconf 90' lang='lat' dir='ltr'><strong>Syenes,</strong></span> 
     </span>
    </p>
   </div>
   <div class='ocr_carea' id='block_1_109' title="bbox 1863 5481 3274 5572">
    <p class='ocr_par' dir='ltr' id='par_1_109' title="bbox 1863 5481 3274 5572">
     <span class='ocr_line' id='line_1_109' title="bbox 1863 5481 3274 5572; baseline -0.001 -22"><span class='ocrx_word' id='word_1_689' title='bbox 1863 5481 1919 5550; x_wconf 78' lang='grc' dir='ltr'>Β</span> <span class='ocrx_word' id='word_1_690' title='bbox 1941 5481 2281 5572; x_wconf 19' lang='grc' dir='ltr'><strong>ιιιῳιοίῐηξιτὶ</strong></span> <span class='ocrx_word' id='word_1_691' title='bbox 2314 5498 2496 5554; x_wconf 80' lang='lat' dir='ltr'><strong>Rubro</strong></span> <span class='ocrx_word' id='word_1_692' title='bbox 2529 5497 2759 5552; x_wconf 91' lang='lat' dir='ltr'><strong>rutilans</strong></span> <span class='ocrx_word' id='word_1_693' title='bbox 2790 5503 2845 5551; x_wconf 89' lang='lat' dir='ltr'><strong>et</strong></span> <span class='ocrx_word' id='word_1_694' title='bbox 2866 5496 3084 5551; x_wconf 86' lang='lat' dir='ltr'><strong>ininvia</strong></span> <span class='ocrx_word' id='word_1_695' title='bbox 3129 5496 3274 5550; x_wconf 88' lang='lat' dir='ltr'><strong>sicca</strong></span> 
     </span>
    </p>
   </div>
   <div class='ocr_carea' id='block_1_110' title="bbox 1950 5586 3488 5662">
    <p class='ocr_par' dir='ltr' id='par_1_110' title="bbox 1950 5586 3488 5662">
     <span class='ocr_line' id='line_1_110' title="bbox 1950 5586 3488 5662; baseline -0.004 -16"><span class='ocrx_word' id='word_1_696' title='bbox 1950 5592 2155 5646; x_wconf 89' lang='lat' dir='ltr'><strong>Lustris</strong></span> <span class='ocrx_word' id='word_1_697' title='bbox 2181 5598 2303 5646; x_wconf 89' lang='lat' dir='ltr'><strong>octo</strong></span> <span class='ocrx_word' id='word_1_698' title='bbox 2333 5590 2681 5662; x_wconf 87' lang='lat' dir='ltr'><strong>prophetavit</strong></span> <span class='ocrx_word' id='word_1_699' title='bbox 2706 5603 2952 5660; x_wconf 88' lang='lat' dir='ltr'><strong>quoque,</strong></span> <span class='ocrx_word' id='word_1_700' title='bbox 2983 5603 3092 5659; x_wconf 89' lang='lat' dir='ltr'><strong>quo</strong></span> <span class='ocrx_word' id='word_1_701' title='bbox 3125 5587 3269 5642; x_wconf 91' lang='lat' dir='ltr'><strong>Deus</strong></span> <span class='ocrx_word' id='word_1_702' title='bbox 3290 5586 3488 5657; x_wconf 85' lang='lat' dir='ltr'><strong>(aiens)</strong></span> 
     </span>
    </p>
   </div>
   <div class='ocr_carea' id='block_1_111' title="bbox 1949 5678 3378 5755">
    <p class='ocr_par' dir='ltr' id='par_1_111' title="bbox 1949 5678 3378 5755">
     <span class='ocr_line' id='line_1_111' title="bbox 1949 5678 3378 5755; baseline -0.005 -16"><span class='ocrx_word' id='word_1_703' title='bbox 1949 5685 2190 5755; x_wconf 88' lang='lat' dir='ltr'><strong>Tempus</strong></span> <span class='ocrx_word' id='word_1_704' title='bbox 2211 5683 2336 5751; x_wconf 88' lang='lat' dir='ltr'><strong>erit,</strong></span> <span class='ocrx_word' id='word_1_705' title='bbox 2354 5681 2552 5738; x_wconf 86' lang='lat' dir='ltr'><strong>vestris</strong></span> <span class='ocrx_word' id='word_1_706' title='bbox 2580 5681 2651 5736; x_wconf 89' lang='lat' dir='ltr'><strong>de</strong></span> <span class='ocrx_word' id='word_1_707' title='bbox 2682 5679 2939 5737; x_wconf 86' lang='lat' dir='ltr'><strong>fratribus</strong></span> <span class='ocrx_word' id='word_1_708' title='bbox 2961 5678 3163 5734; x_wconf 87' lang='lat' dir='ltr'><strong>excitet</strong></span> <span class='ocrx_word' id='word_1_709' title='bbox 3183 5693 3378 5744; x_wconf 91' lang='lat' dir='ltr'><strong>unum,</strong></span> 
     </span>
    </p>
   </div>
  </div>
