3960 6160
418 205 524 264 503
1180 195 1548 252 FLODOARDI
1589 193 1889 251 CANONICI
1932 188 2262 264 REMENSIS
2303 187 2637 267 OPUSCUDA
2676 185 2988 242 METBICA.
3470 158 3475 161 Ι
3631 189 3721 247 504

419 335 701 404 Tanquam
731 343 820 382 me
856 332 1058 391 vatem,
1086 339 1184 379 vos
1214 321 1581 378 observabitis
1610 321 1807 392 ipsum.
2050 320 2106 388 Α
2133 312 2537 384 Omnipotentis
2563 311 2701 378 heri,
2721 293 2863 367 idum
2894 311 3116 367 Saulum
3156 317 3342 367 mente
3371 310 3636 369 furentem

420 401 625 491 Nempe
653 423 768 473 erat
801 413 1056 469 Ecclesiae
1083 413 1341 484 princeps
1368 411 1587 466 deserta
1621 409 1859 466 tenentis
2140 404 2199 458 In
2227 418 2364 457 nece
2391 408 2501 457 tam
2528 408 2721 457 sancta
2749 401 2844 472 qui
2875 406 3283 456 consentaneus
3312 416 3433 456 e$e

420 488 679 587 Angelico
710 525 878 581 super
907 507 1016 562 alta
1044 506 1172 561 Sina
1197 505 1463 560 solamine
1494 502 1684 558 fultus.
2138 492 2257 548 N011
2299 492 2501 557 ῐῖῐῐιυίῐ»
2532 505 2750 547 Versum
2778 490 3066 587 γίάθᾶῐῐιιιε
3092 488 3341 557 nomine,
3368 488 3536 544 θονάε
3564 507 3580 543 ε

419 581 660 674 Sumpsit
689 600 837 655 enim
864 598 988 654 vitae
1001 596 1162 653 nobis
1190 596 1321 650 dare
1346 595 1533 662 verba,
1567 595 1666 650 sed
1706 594 1825 665 ejus
2138 586 2214 640 De
2244 584 2407 641 Saulo
2421 584 2670 651 Paulum,
2699 581 2999 674 patientem
3041 583 3110 637 de
3136 598 3297 674 cruce
3323 582 3548 638 factum.

419 671 689 751 Nolebant
710 690 882 762 jussis
911 689 1081 745 nostri
1104 705 1165 744 se
1184 688 1425 743 subdere
1453 694 1652 758 patres,

2140 674 2440 746 Exsequias
2464 672 2724 745 Stephani
2760 678 3056 744 prOperant
3079 671 3359 729 celebrare
3396 671 3605 739 fideles,

419 783 685 840 Cordibus
722 779 899 836 aversi
937 778 1110 845 duris,
1137 778 1426 849 Aaronque
1453 776 1748 847 jubentes:
2137 766 2311 837 Atque
2340 764 2582 820 timorati
2623 764 3000 835 lacrymasque
3030 764 3238 819 dedere
3277 762 3528 834 profusas
3558 780 3572 830 ;

426 894 447 923 ι
479 873 585 927 Fac
623 869 789 926 nobis
820 883 959 940 quos
987 882 1089 922 nos
1108 866 1363 923 volumus
1385 866 1699 937 prmeedere
1727 865 1905 931 divos,
2137 857 2522 929 Gamalielque
2544 872 2643 912 suo
2675 856 2936 928 princeps
2964 857 3060 929 qui
3089 873 3215 912 rure
3248 857 3448 913 locavit

419 968 533 1022 Dux
562 970 750 1021 noster
780 963 990 1033 Moyses
1016 960 1112 1016 ubi
1144 960 1215 1017 sit
1256 960 1474 1015 nescire
1505 960 1757 1015 fatemur.
1793 988 1812 1006 -
2140 947 2270 1003 0853
2300 947 2376 1018 ρίί
2410 947 2581 1014 testis:
2615 946 2772 1015 cuius
2808 952 3094 1002 Servantur
3121 945 3328 1020 830110,

320 1051 326 1060 ’
420 1056 555 1110 Tum
572 1055 712 1109 bove
740 1050 978 1107 conﬂato
1001 1067 1154 1106 sacra
1187 1051 1359 1106 libant
1390 1066 1543 1105 more
1573 1050 1827 1121 profano,
2143 1041 2328 1096 Donec
2358 1038 2708 1095 Christicolas
2738 1038 2956 1095 fervens
2984 1039 3267 1096 tribulatio
3288 1048 3518 1112 pressat.

423 1147 487 1200 In
508 1143 664 1199 factis
689 1158 950 1196 manuum
982 1140 1149 1196 laetati
1165 1141 1333 1196 corde
1364 1157 1583 1195 suarum
1616 1158 1630 1206 ;
2214 1132 2507 1187 Postmodo
2537 1138 2768 1202 septeno
2797 1131 3064 1204 regnabat
3086 1132 3357 1187 Honorius
3376 1148 3520 1189 anno

421 1234 749 1303 Militiasque
766 1230 918 1284 dedit
948 1230 1091 1284 Deus
1117 1230 1218 1285 hos
1247 1230 1451 1284 servire
1482 1230 1756 1300 polorum,
2144 1225 2207 1279 Et
2235 1223 2543 1296 baptisterii
2564 1222 2834 1277 Lucianus
2860 1224 2915 1277 in
2941 1224 3060 1278 aede
3086 1224 3321 1280 cubabat
3353 1241 3367 1278 :

423 1323 491 1378 Ut
519 1321 797 1390 Scriptura
822 1319 1212 1390 pr0phetarum
1242 1319 1321 1374 sic
1360 1320 1606 1389 patribus
1629 1317 1751 1373 inﬁt
1776 1336 1789 1374 :
2144 1313 2339 1368 Mentis
2371 1312 2426 1366 in
2459 1328 2687 1367 excessu
2716 1310 2856 1366 facto
2880 1312 2965 1366 cui
2993 1312 3236 1367 cernitur
3260 1328 3389 1369 ecce

422 1415 559 1468 Dum
592 1412 810 1467 deserta
843 1411 1099 1466 terebatis
1128 1411 1269 1479 loca,
1301 1411 1522 1467 victima
1552 1410 1803 1484 nunquid
2144 1406 2407 1460 Procerus
2437 1403 2800 1475 placidusque
2828 1419 3015 1471 senex,
3048 1404 3307 1477 vultuque
3339 1406 3597 1474 decorus,

423 1504 637 1560 Avobis
665 1503 848 1558 oblata
886 1503 1021 1557 mihi
1048 1501 1074 1556 ἱ)
1102 1504 1309 1557 Domus
1330 1503 1464 1557 arsit
1495 1504 1660 1559 Iacob
2144 1495 2316 1549 Barba
2350 1494 2640 1566 promissa,
2676 1494 2935 1549 candenti
2966 1502 3144 1550 tectus
3180 1496 3406 1564 amictu,

417 1593 854 1665 Sumpsistisque
887 1590 1099 1647 Moloch
1129 1592 1387 1657 tentoria,
1419 1591 1603 1646 sidera
1629 1592 1901 1663 Rempha,
2080 1648 2118 1675 Η
2150 1586 2311 1655 Cujus
2340 1587 2395 1640 in
2449 1592 2691 1641 etxremo
2715 1585 3003 1641 radiabant
3031 1587 3279 1655 margine
3307 1589 3551 1660 pulchra

427 1683 569 1749 Quas
594 1698 692 1739 vos
721 1687 936 1738 constat
966 1680 1278 1736 adorandas
1317 1681 1617 1752 sculpsisse
1636 1681 1860 1757 ﬁguras.
2073 1648 2124 1715 Β
2154 1680 2536 1752 Contextaeque
2558 1695 2771 1746 cruces,
2802 1693 2935 1734 auro
2966 1696 3065 1751 pro
3087 1681 3261 1737 limite
3283 1680 3461 1749 limbi,

428 1777 690 1842 Quocirca
721 1775 939 1845 ejiciam
973 1790 1073 1830 vos
1099 1773 1306 1830 moenia
1320 1780 1470 1829 trans
1500 1774 1819 1847 Babylonis.
2153 1773 2363 1844 Quique
2395 1770 2567 1842 pedes
2595 1770 2787 1846 caligis
2814 1771 3031 1827 decoris
3059 1774 3303 1830 munitus
3326 1773 3555 1829 honesti

428 1870 677 1926 Aulaeum
716 1868 893 1924 fuerat
912 1867 1164 1939 patribus
1194 1883 1297 1939 per
1325 1867 1489 1922 devia
1512 1868 1717 1924 nostris
2153 1870 2327 1941 Atque
2349 1869 2605 1924 caducaeo
2635 1869 2927 1942 praesignis
2953 1854 3176 1926 ductilis
3203 1873 3340 1939 auri,

432 1964 585 2030 Quod
613 1964 757 2017 Deus
780 1969 1006 2017 ostenso
1029 1961 1214 2018 docuit
1240 1962 1619 2036 paradigmate
1653 1963 1917 2034 Moysem.
2155 1962 2371 2017 Leniter
2400 1962 2675 2035 attingens
2704 1963 2868 2029 hunc,
2898 1978 3008 2035 quo
3028 1980 3087 2017 se
3108 1962 3458 2019 Gamalielem

434 2057 544 2111 Hoc
572 2070 791 2126 quoque
813 2070 936 2108 cum
964 2054 1147 2110 Jesum
1179 2054 1349 2109 nostri
1390 2052 1658 2110 induxere
1688 2061 1944 2125 parentes
2155 2053 2419 2120 Prodidit,
2444 2055 2700 2129 egregius
2731 2053 2907 2109 fuerat
2937 2055 3024 2110 cui
3057 2054 3259 2111 Paulus
3289 2055 3548 2112 alumnus
3578 2075 3594 2125 ;

434 2151 493 2203 In
526 2155 749 2215 terram,
781 2154 995 2223 gentes,
1026 2163 1190 2219 quam
1220 2148 1542 2219 possedere,
1583 2162 1822 2218 superno
2154 2148 2395 2215 Addens,
2429 2153 2552 2217 post
2575 2147 2788 2219 aliquas
2816 2148 2981 2219 coepit
2999 2163 3134 2221 quas
3164 2147 3303 2203 ferre
3336 2149 3629 2220 loquelas:

434 2238 681 2310 Expulsze
713 2243 870 2304 nutu,
892 2236 1206 2308 mansitque
1230 2238 1283 2290 in
1311 2243 1562 2307 tempora
1578 2235 1766 2303 David,
2163 2263 2178 2287 ι
2227 2239 2448 2294 Cautela
2472 2239 2713 2295 tumulos
2734 2254 2945 2294 summa
2984 2245 3040 2294 tu
3071 2240 3300 2312 perfode
3329 2246 3571 2310 nostros,

435 2327 535 2393 QUi
555 2332 739 2399 gratus
758 2324 994 2380 Domino
1026 2325 1187 2396 ρειίίι
1214 2324 1482 2396 reperiret
1509 2331 1568 2379 ut
1594 2325 1770 2380 Mem
2157 2332 2218 2386 Et
2245 2331 2461 2404 patefac
2493 2331 2687 2387 humili
2710 2332 3021 2403 squalentia
3047 2348 3172 2387 rure
3199 2334 3471 2404 sepulcra.
3511 2358 3534 2377 -

436 2421 561 2490 lpse
591 2419 701 2473 Deo
732 2417 923 2481 Jacob,
952 2416 1213 2472 Salomon
1244 2417 1438 2472 struxit
1477 2417 1565 2473 cui
1589 2418 1875 2488 templum,
2158 2425 2268 2480 Hoc
2289 2432 2572 2496 quaerente
2616 2422 2780 2479 simul
2818 2440 3048 2495 quorum
3085 2424 3355 2480 tumulata
3387 2425 3635 2494 jacerent

437 2514 546 2569 Sed
575 2528 690 2568 non
718 2511 997 2567 excelsum
1030 2511 1286 2565 manibus
1312 2510 1408 2565 lita
1428 2510 1658 2565 delubra
1698 2513 1961 2569 claudunt
2161 2516 2396 2587 Corpora
2426 2532 2439 2569 :
2476 2533 2502 2566 α
2533 2514 2796 2577 Domnus,
2829 2514 2923 2583 ait,
2956 2514 3265 2587 Stephanus
3290 2514 3381 2570 hic
3434 2515 3643 2587 primus
3664 2514 3751 2569 ha-

437 2606 506 2661 Os
534 2603 678 2658 vatis
704 2601 857 2658 velut
884 2601 1005 2672 ipse
1035 2601 1124 2656 sui
1154 2607 1386 2656 testatur
1414 2600 1746 2672 adimplens.
3385 2668 3392 2679 ‘
3534 2606 3699 2678 [betur

439 2695 611 2749 Sedes
640 2698 722 2748 est
750 2692 972 2758 coelum,
995 2690 1144 2745 basis
1169 2696 1251 2745 est
1279 2690 1416 2744 mihi
1438 2696 1581 2744 terra
1612 2691 1844 2762 pedalis,

2162 2699 2262 2755 Pro
2297 2697 2506 2754 Christo
2529 2697 2739 2769 Solymi
2766 2697 3007 2771 lapidum
3028 2712 3191 2770 quem
3224 2696 3375 2752 caede
3406 2706 3682 2767 necarunt,

442 2786 722 2856 Quamque
748 2784 972 2839 domum
1029 2782 1163 2836 mihi
1222 2782 1497 2848 confictis.
1544 2783 1663 2838 loca
1713 2800 1904 2856 quaeve
1942 2803 2062 2842 ma-
2162 2792 2375 2863 Quique
2413 2792 2761 2848 sacerdotum
2782 2791 2940 2861 jussu
2972 2791 3237 2848 dimissus
3266 2792 3519 2848 edendus

1752 2875 1939 2945 [ﬂendi
1963 2875 1992 2929 ?
2163 2888 2255 2943 Est
2285 2886 2514 2941 canibus
2535 2884 2782 2958 dirisque
2814 2884 2946 2940 feris
2985 2901 3093 2956 qua
3126 2885 3300 2941 Cedar
3328 2886 3533 2943 abitur.

442 2966 561 3021 Νοη
592 2980 716 3019 mea
743 2962 892 3018 09153
923 2977 1119 3023 manus
1144 2961 1423 3031 Plasmans
1442 2961 1559 3016 hac
1575 2963 1760 3018 omnia
1789 2963 1917 3020 ἶθοίι
1937 2963 1965 3018 Ῡ
2091 3025 2135 3048 η
2165 2979 2318 3043 Quod
2345 2977 2515 3034 vetuit
2545 2977 2632 3033 cui
2669 2983 2843 3032 morte
2872 2976 3037 3031 fidem
3070 2993 3319 3033 servasse
3350 2978 3572 3048 patebat

444 3054 666 3127 δΡίΓίίυί
693 3068 914 3146 quoque
942 3066 1042 3146 "05
1066 3050 1214 3146 almo
1253 3051 1522 3146 φθίνδίνθ
1548 3052 1780 3107 δίυδθίίδ
2089 3028 2138 3092 C
2162 3028 2254 3130 Xst
2281 3088 2384 3146 ego
2422 3077 2733 3126 sanctorum
2765 3076 2965 3126 coetum
2994 3070 3320 3142 turbamque
3350 3028 3571 3125 fidelem

445 3148 681 3205 Auribus
708 3144 1129 3212 incircumcisis,
1152 3143 1364 3199 cervice
1392 3146 1632 3216 procaci,

2164 3163 2473 3233 Asciscens,
2497 3161 2644 3217 suasi
2674 3170 2862 3216 nostro
2890 3160 3125 3215 ferretur
3152 3159 3352 3235 agello.

448 3242 514 3296 Ui
542 3239 706 3297 Vestri
737 3244 863 3293 ante
894 3243 1077 3308 Pamas
1096 3235 1403 3310 ἱυειιιεηάο
1432 3252 1579 3307 E‘RIlc
1599 3238 1919 3309 Prophetas-
2167 3256 2395 3327 Quoque
2425 3259 2641 3325 patrum
2672 3257 2829 3308 sueto
2861 3251 3073 3323 positus
3101 3250 3369 3322 sepelitur
3400 3250 3625 3306 honore.

449 3333 642 3389 Ῐηῖθδῐί
662 3331 879 3387 cunctis
909 3347 923 3396 ἲ
955 3328 1264 3422 Praemium
1289 3328 1454 3383 verba
1482 3330 1682 3384 Ῑοουῐίδ
2174 3349 2344 3412 Quem
2370 3346 2533 3402 simul
2559 3345 2826 3422 attiguum
2858 3344 3111 3400 invenies
3142 3345 3383 3399 retinere
3412 3344 3659 3399 locellum

430 3427 730 3492 ,Adventus
746 3423 879 3493 justi
911 3438 1075 3494 quem
1107 3421 1420 3492 proditione
1453 3423 1688 3478 necastis
1722 3442 1735 3490 ;

2172 3439 2506 3496 Nicodemus
2532 3421 2691 3494 meus
2713 3438 2808 3493 ille
2833 3454 3010 3510 nepos
3040 3445 3143 3505 est,
3173 3436 3415 3493 Christus
3445 3438 3591 3493 Iesus

448 3515 711 3591 Angelico
737 3514 917 3587 legem
948 3527 1090 3584 quos
1114 3512 1431 3583 percepisse
1462 3511 1639 3598 relatu

2173 3531 2417 3587 Flamine
2446 3545 2608 3603 quem
2638 3535 2828 3584 sancto
2856 3527 3068 3597 docuit,
3100 3528 3439 3601 lymphaque
3467 3526 3680 3595 renasci,

452 3611 694 3677 (ῖοηδίθίν
722 3624 843 3664 eam
864 3621 995 3661 "ere
1018 3618 1121 3701 ηβο
1135 3605 1440 3661 cummis“
1482 3606 1747 3677 Pwbatur
2171 3629 2437 3701 Quodque
2464 3627 2570 3683 sibi
2601 3626 2783 3694 Petro,
2814 3642 2940 3682 mox
2966 3634 3131 3698 atque
3167 3625 3378 3681 Joanne
3409 3631 3695 3695 peractum,

522 3704 774 3777 Μετιγνίε
811 3702 901 3757 his
923 3700 1110 3756 verbis
1141 3700 1372 3775 ingratis
1401 3701 1626 3756 auribus
1653 3701 1863 3758 11311555
2176 3700 2708 3777 Undesacerdotum
2738 3730 3015 3787 proceres,
3047 3714 3277 3789 indigna
3301 3712 3614 3780 frementes,

448 3796 670 3852 Viscera
694 3791 989 3858 ἀίεείὶίιιηῑ,
1021 3796 1354 3862 rumpunt“?
1389 3790 1555 3846 corda
1584 3790 1788 3858 furore,
2175 3806 2301 3861 lrati
2332 3805 2481 3861 hunc
2505 3811 2793 3861 removent
2820 3804 3079 3876 primatu,
3106 3804 3318 3861 tradere
3348 3805 3512 3861 morti

451 3892 689 3948 Stridula
716 3903 1036 3960 pressorum
1086 3892 1349 3942 resonant
1387 3886 1720 3958 crepitacula
1751 3885 1997 3945 (lentum.
2174 3897 2396 3953 connisi
2431 3914 2446 3963 ς
2476 3895 2727 3951 texitsed
2752 3912 2874 3951 cum
2905 3894 3214 3951 reverentia
3244 3894 3440 3950 nostri,

451 3981 517 4034 At
541 3987 747 4049 martyr
776 3983 1021 4043 sanctus,
1052 3977 1319 4046 praecelso
1350 3975 1597 4031 Flamine
1624 3976 1843 4046 plenus,
2180 3985 2320 4042 Urbe
2351 3992 2534 4059 tamen
2569 3983 2712 4056 pulsi
2742 3983 2954 4054 rapitur
2982 3983 3243 4039 convulsa
3271 3983 3541 4056 supellex,

453 4068 771 4138 Suscipiens
794 4067 984 4134 caelos,
1017 4065 1262 4122 divinum
1296 4064 1471 4119 cernit
1500 4065 1788 4120 honorem.

2190 4082 2349 4146 Quem
2405 4093 2628 4151 quoque
2704 4076 3088 4132 semianimem
3145 4076 3405 4149 linquunt
3457 4073 3754 4132 cruciatibus

456 4160 518 4213 Et
546 4165 782 4212 stantem
799 4174 829 4211 a
854 4155 1063 4211 dextris
1099 4153 1290 4209 teterni
1309 4153 1482 4207 Patris
1506 4155 1706 4217 Iesum.
3463 4166 3665 4238 [actum

456 4250 654 4323 Sicque
686 4250 798 4304 ait:
828 4269 860 4300 α
905 4249 983 4302 En
1022 4246 1185 4302 video
1238 4245 1357 4300 caeli
1388 4245 1523 4299 mihi
1566 4245 1787 4301 culmen
1828 4252 2076 4318 apertum
2180 4261 2334 4317 Hunc
2363 4276 2466 4335 ego
2496 4258 2810 4331 suscipiens
2837 4257 3087 4314 adhiberi
3115 4259 3319 4315 mando
3344 4259 3646 4314 medelam;

461 4344 637 4415 Atque
666 4340 913 4398 hominis
941 4340 1135 4395 Natum
1167 4338 1392 4394 Virtutis
1408 4337 1594 4394 dextra
1621 4344 1922 4394 tenentem.
1945 4361 1966 4390 ι)
2095 4399 2151 4428 n
2180 4357 2281 4423 Qui
2307 4363 2440 4413 tunc
2469 4364 2689 4413 curatus
2722 4356 2886 4428 paulo
2910 4355 3041 4410 inde
3072 4361 3355 4426 superstes
3379 4354 3612 4411 habet“,

525 4435 758 4491 Auribus
778 4433 1076 4489 ObSm’cuS
1106 4431 1184 4526 in}
1215 4447 1342 4526 aera
1370 4431 1600 4526 νοθίδξλε
1630 4430 1885 4526 ίῖηωθηίι
2093 4430 2152 4468 ν
2179 4453 2613 4526 Defunctumque
2648 4454 2821 4524 pedes
2848 4452 2913 4508 ad
2942 4452 3104 4524 primi
3127 4453 3385 4526 martyris
3405 4452 3574 4507 addo.

454 4527 864 4597 Unanimesquc
896 4531 1090 4596 petunt
1147 4523 1487 4595 Stephanum
1508 4522 1673 4579 simul
1692 4523 1893 4594 impete
1924 4528 2018 4579 tori

2045 4539 2077 4579 ο
2177 4544 2391 4600 Tertius
2414 4544 2506 4598 ille
2539 4544 2672 4599 mihi
2702 4545 2949 4601 retinens
2981 4558 3274 4601 commune
3303 4543 3609 4614 sepulcrum

456 4626 710 4697 Urbeque
736 4623 1053 4695 propellunt
1078 4621 1435 4693 lapidantque
1461 4621 1541 4675 rei
1570 4621 1966 4687 venerandum,

1964 4667 1966 4679 ι
2179 4634 2346 4689 Filius
2384 4641 2466 4690 est
2487 4633 2688 4688 Abibas
2717 4649 2894 4701 meus,
2923 4634 3067 4689 almo
3100 4632 3252 4689 fonte
3280 4640 3528 4688 renatus.

454 4715 580 4770 Dira
599 4729 797 4769 manus
837 4712 1046 4779 mitem,
1070 4718 1193 4766 trux
1235 4710 1524 4778 blandum,
1575 4726 1719 4765 saeva
1749 4711 2071 4785 benignum.
2178 4726 2389 4782 Mecum
2415 4727 2671 4783 vicenum
2701 4727 2826 4782 vita;
2858 4726 2988 4782 dum
3020 4725 3274 4798 provehit
3299 4742 3530 4792 annum,

455 4810 661 4865 saxoso
683 4814 888 4880 mafer
911 4805 1245 4862 Venerabilis
1273 4806 1447 4860 imbre
1462 4807 1666 4876 Ρθῑίῑυδ
2176 4818 2455 4877 Praedictis
2480 4820 2675 4875 Christi
2707 4819 2925 4875 famulis
2958 4835 3112 4875 sacra
3141 4819 3401 4876 dantibus
3433 4818 3536 4884 illi,

456 4904 721 4968 Invocat;
759 4924 783 4949 α
843 4899 992 4954 Hanc
1020 4898 1279 4965 animam,
1333 4897 1465 4953 Jesu
1514 4898 1766 4965 Domine,
1798 4898 2005 4970 accipe,

1998 4946 2005 4961 ι
2040 4919 2064 4951 ³)
2175 4914 2378 4969 Doctus
2408 4910 2500 4967 hic
2529 4908 2752 4964 assidue
2780 4924 2905 4964 cum
2937 4908 3105 4965 Paulo
3135 4923 3290 4964 sacra
3321 4907 3552 4963 vacabat

1683 4985 1962 5057 [οιδῐηδηδι
2176 5009 2236 5062 ln
2268 5005 2476 5077 templo
2503 5004 2798 5065 meditans.
2829 5017 2893 5057 ac
2926 5002 3135 5057 lumine
3164 5002 3247 5075 leg

2176 5009 2236 5062 ln
2268 5005 2476 5077 templo
2503 5004 2798 5065 meditans,
2829 5017 2893 5057 ac
2926 5002 3135 5057 lumine
3164 5001 3305 5075 legis
3333 4999 3637 5055 abundans.

452 5087 514 5143 Et
544 5084 737 5158 positis
772 5080 1013 5159 genibu’s
1028 5097 1228 5157 magna
1248 5097 1372 5137 cum
1401 5096 1535 5137 voce
1566 5087 1857 5153 precatur:

1842 5099 1857 5133 ³
2174 5100 2336 5157 Liber
2360 5113 2427 5154 eo
2458 5096 2678 5152 solitum
2708 5095 2842 5151 vitio
2873 5094 2964 5150 cui
2995 5094 3233 5150 subdere
3262 5108 3383 5149 sese

453 5179 569 5233 «Ne
601 5184 809 5233 statuas
840 5175 972 5242 illis,
1003 5175 1164 5229 Deus.
1201 5173 1306 5229 hoc
1325 5172 1429 5228 sibi
1461 5172 1669 5228 crimen
1700 5173 1866 5228 inuri.
1901 5195 1921 5224 ι
2172 5192 2263 5247 Est
2290 5204 2465 5265 genus
2494 5189 2818 5255 humanum,
2848 5192 3027 5242 tectus
3054 5185 3255 5240 virtute
3285 5198 3546 5255 superna,

452 5264 568 5330 Quo
594 5263 740 5318 dicto
770 5262 1024 5319 somnum
1055 5262 1206 5333 pacls
1223 5260 1362 5333 petit
1392 5261 1449 5315 in
1480 5277 1615 5317 nece
1642 5260 1836 5316 fortem
2172 5260 2393 5336 cmli'bis
2420 5286 2475 5334 et
2501 5276 2625 5332 νίιεε
2651 5274 2903 5346 locuples
2932 5274 2989 5329 in
3024 5290 3160 5346 pace
3180 5272 3414 5346 quievit.

451 5355 830 5425 Invictumque
857 5359 1054 5407 tenens
1077 5352 1342 5419 animum,
1375 5366 1483 5422 quo
1506 5350 1700 5406 concio
1722 5350 1863 5406 victa
1892 5356 1994 5405 est.
2173 5370 2301 5427 Cum
2332 5366 2697 5443 primogenito
2725 5365 2924 5434 coniux
2952 5380 3075 5419 mea
3091 5362 3316 5419 credere
3348 5361 3551 5416 ειη-ἱειο

450 5448 563 5503 Hoc
582 5446 809 5503 vincens
835 5444 1070 5517 lapides,
1093 5458 1313 5516 quoque
1357 5459 1456 5515 pro
1482 5443 1856 5515 lapidantibus
1882 5459 2014 5500 oran

1834 5459 1856 5498 5
1882 5459 2064 5500 01'3113-
2169 5462 2432 5529 Vitantes,
2461 5460 2568 5516 alio
2599 5457 2764 5533 positi
2796 5456 3135 5514 tumnlantur
3162 5456 3220 5511 in
3248 5469 3398 5512 arvo.

446 5538 557 5594 Nec
580 5544 808 5609 Powere
836 5552 1032 5608 Preces
1058 5549 1214 5626 οθδξο
1244 5534 1513 5591 “ddisse
1544 5533 1758 5606 Ρτοῖθῑιλ
2169 5550 2547 5626 Sarc0phagos
2572 5550 2765 5605 horum
2793 5561 2961 5620 quare
2987 5544 3265 5616 spectabis
3295 5543 3489 5599 inanes

446 5630 713 5702 Martyris,
744 5628 813 5684 ad
845 5626 1045 5683 solium
1074 5625 1174 5682 sed
1202 5626 1594 5683 conscendisse
1622 5627 1870 5683 sciuntur
2169 5625 2466 5700 Nobiscum
2496 5640 2676 5698 meriti
2714 5640 2847 5713 quia
2877 5654 2989 5696 non
3015 5638 3368 5710 requiescere
3394 5634 3511 5694 νίεί,
3542 5652 3565 5684 υ
