3938 6158
215 277 304 334 505
683 260 767 317 DE
806 231 1172 315 TRIUIIPIIIS
1212 256 1476 314 CHRISTI
1514 257 1592 314 ET
1630 256 1722 313 SS.
1763 255 2161 314 PALA'ISTINE
2200 258 2376 315 LIBRI
2413 260 2602 317 TRBS.
2643 290 2711 302 -—
2750 259 2881 315 LIB.
2924 259 2964 313 I.

1800 390 1855 458 Α
1880 382 2168 458 Condigna
2192 386 2341 442 socia
2363 388 2493 445 cleri
2510 390 2807 447 comitante
2827 397 3064 447 caterva.

217 408 310 462 Hoc
333 398 574 473 regimine
597 390 704 448 loci
730 403 954 446 nomem
984 402 1096 459 quo
1126 393 1397 459 quaereret
1414 386 1561 454 illos,

216 493 346 551 ιηῆιε
378 514 399 537 ιι
426 488 553 561 Agre
574 482 626 537 in
648 485 837 536 nostro
863 493 1031 549 quem
1049 492 1197 532 nunc
1224 491 1488 537 sermone
1515 476 1778 549 Syrorum
1881 474 1980 540 Qui
2012 476 2102 547 pia
2128 478 2453 533 muneribus
2481 479 2740 550 pretiosis
2766 497 2892 537 ossa
2922 487 3259 553 prementes,

212 586 334 640 More
362 579 623 634 beatorum
654 569 830 626 fertur
856 566 1136 640 possessio
1167 565 1314 623 trito.
1346 589 1373 616 ››

215 676 336 730 νίείο
358 670 438 729 cui
472 664 660 724 similis
690 662 1001 733 iterumque
1032 659 1342 732 iterumque
1382 658 1604 716 videtur

210 762 515 833 Presbytero,
544 754 762 811 tandem
779 751 1126 823 Solymorum
1149 750 1328 826 pergit
1356 749 1427 805 ad
1453 748 1670 819 urbem,

209 852 428 914 Pontiﬁci
455 847 692 904 monitus
731 844 980 900 referens
1010 843 1127 899 haec
1156 850 1353 899 cuncta
1377 842 1598 909 Joanni,

204 953 289 1017 Qui
314 948 437 1004 fusis
464 941 748 999 Dominum
779 939 1034 1011 lacrymis
1072 938 1355 995 benedicit
1385 946 1633 1005 ovanter,

206 1041 411 1096 Advocat
435 1041 486 1089 et
514 1039 692 1104 patres
714 1030 909 1086 vicinis
937 1028 1170 1085 urbibus
1190 1030 1387 1097 almos,

202 1132 313 1197 Quis
330 1129 449 1184 dum
479 1131 778 1180 monstrato
807 1121 1089 1178 foderetur
1118 1122 1174 1177 in
1200 1136 1400 1197 aggere
1428 1135 1635 1186 coram,

202 1227 340 1281 Terra
354 1231 579 1278 tremore
608 1223 817 1289 crepat,
836 1215 1165 1287 spiransque
1182 1212 1476 1290 fragrantia
1497 1213 1676 1287 surgit

202 1316 278 1372 Cui
301 1312 527 1369 similem
557 1310 655 1382 qui
686 1310 829 1367 forte
860 1308 1089 1363 aderant
1113 1306 1357 1363 sensisse
1386 1316 1674 1382 negarent,

201 1411 259 1464 Se
285 1405 622 1480 paradysiaeo
650 1404 961 1478 gaudentes
991 1407 1214 1457 nectare
1253 1400 1427 1471 pasci.

198 1497 340 1566 Cujus
364 1495 544 1551 OdOI‘lS
566 1508 730 1563 opem
751 1491 919 1546 variis
939 1489 1241 1561 sumpsisse
1269 1487 1431 1544 levati

201 1587 435 1644 Emorbis
455 1586 645 1643 decies
673 1584 889 1657 septeni
920 1589 1142 1654 tresque
1175 1581 1441 1636 resultant

199 1677 311 1732 Huic
328 1676 497 1733 habiti
532 1680 706 1731 testes
733 1673 912 1746 operi,
944 1689 1066 1729 cum
1101 1672 1254 1727 Patre
1285 1676 1498 1738 notato,

199 1766 370 1822 Praesul
395 1766 743 1822 Eleutherius
768 1736 1008 1831 Ilierico,
1038 1736 1499 1833 Eustominusque
1529 1758 1780 1826 Sebaste,
1806 1736 1857 1804 Β

1881 563 2165 623 Obstructo
2197 566 2400 635 loculo,
2429 570 2671 641 propriis
2698 571 2917 627 rediere
2954 572 3252 627 cathedris.

1950 658 2083 715 Ossa
2114 658 2273 716 beata
2301 660 2431 717 Sion
2459 662 2722 734 Stephani
2752 678 2864 718 non
2904 670 3153 735 tempore
3180 665 3353 721 multo
3438 672 3444 677 ‘

1884 750 2009 806 Post
2038 758 2292 808 revocata
2321 754 2476 819 nitet,
2502 754 2711 826 primus
2738 771 2848 827 qua
2873 755 2941 809 ad
2966 771 3123 811 sacra
3150 756 3424 812 minister.

1881 845 2045 900 Arida
2069 852 2182 901 tum
2212 847 2519 920 squallebat
2546 848 2768 916 humus,
2810 847 3121 903 sitientibus
3150 849 3317 918 arvis,

1882 935 1965 1002 Vi,
2000 938 2120 993 sine
2152 938 2420 1009 temperie
2446 938 2707 1009 lymphw,
2738 938 2934 993 durata
2959 938 3185 1005 caloris;

1882 1011 2267 1101 Ecce'repente
2296 1031 2410 1102 poli
2450 1032 2618 1086 facies
2645 1033 2795 1102 latet,
2821 1048 2949 1088 aere
2980 1032 3157 1087 nubes

1880 1120 2243 1187 Densescunt,
2275 1121 2601 1194 subitusque
2631 1122 2759 1193 polo
2791 1121 3101 1177 demittitur
3126 1119 3305 1175 imber

1882 1213 1956 1266 Ac
1971 1212 2111 1287 rigat
2135 1213 2322 1268 eximii
2354 1214 2562 1269 meritis
2588 1220 2642 1269 et
2673 1213 2887 1270 honore
2919 1220 3110 1285 parato

1883 1304 2134 1376 Martyris
2163 1311 2384 1360 arentes
2412 1305 2565 1379 largo
2590 1305 2860 1361 solamine
2889 1320 3135 1376 campos.

1885 1394 2056 1463 Hujus
2093 1409 2194 1465 per
2221 1394 2399 1449 varias
2428 1394 2735 1449 clarescunt
2774 1393 3007 1467 pignora
3045 1400 3240 1460 terras,

1885 1482 2105 1539 Prodita
2131 1499 2255 1555 quae
2285 1484 2459 1557 signis
2484 1484 2689 1555 passim
2719 1482 3052 1538 decorantur
3080 1480 3305 1552 epimis,

1886 1575 2123 1641 Quorum
2156 1578 2325 1632 multa
2355 1576 2601 1648 quidem,
2633 1581 2821 1631 sancte
2852 1574 3171 1651 Augustine,
3196 1571 3434 1639 faterisJ

1884 1669 2124 1725 Plurima
2157 1683 2280 1741 quis
2301 1667 2439 1723 fiunt
2461 1667 2546 1723 vel
2578 1667 2722 1723 facta
2747 1666 2904 1722 fuere
2929 1673 3197 1722 tacentur.

1626 1889 1837 1945 CAPUT
1882 1890 2044 1947 XXII.

1037 1993 1115 2053 De
1145 2000 1351 2054 sancto
1378 1991 1655 2052 Simeone
1684 2000 1736 2051 et
1764 1990 2019 2069 reliquis
2057 1993 2229 2053 (Elius
2256 1992 2640 2069 primatibus.

197 2129 302 2183 Post
321 2126 582 2183 Jacobum
616 2126 842 2183 Simeon
885 2127 1231 2199 Solymorum
1260 2128 1330 2182 ad
1359 2142 1513 2183 sacra
1558 2127 1791 2197 levatur,
1828 2197 1842 2206 ο

194 2217 393 2273 Auditor
414 2216 638 2274 Domini
668 2217 853 2274 dictus
882 2233 1129 2290 quoque,
1158 2233 1324 2274 carne
1351 2218 1720 2291 propinquus,

192 2305 337 2360 Filius
363 2313 417 2360 ut
444 2304 732 2378 Cleophis,
752 2307 929 2362 sancti
962 2306 1058 2379 qui
1089 2304 1257 2361 frater
1285 2306 1504 2377 Ioseph,

192 2400 400 2474 Virginis
418 2410 648 2458 aeternae
686 2400 877 2473 sponsi
912 2401 1117 2461 et.sine
1143 2416 1404 2472 compare
1435 2402 1646 2458 matris.

195 2493 275 2547 llic
294 2493 522 2564 Symeon
548 2492 737 2549 fessus
764 2493 944 2560 senio,
968 2507 1077 2564 quo
1117 2499 1367 2564 tempore
1390 2493 1651 2565 princeps

195 2584 424 2653 Trajanus
459 2584 650 2658 gladio
685 2584 883 2641 Christi
923 2583 1158 2640 vexabat
1194 2584 1362 2652 ovile,

194 2677 497 2733 Verberibus
526 2678 722 2735 multis
752 2677 948 2734 Christi
971 2677 1074 2733 sub
1106 2678 1332 2734 nomine
1360 2679 1545 2747 tritus,

196 2770 396 2827 Centum
424 2779 479 2827 et
504 2771 705 2845 viginti
733 2778 1024 2843 postquam
1055 2778 1608 2844 transageratannos,

194 2865 420 2938 Martyris
458 2867 652 2923 rutilat
681 2866 948 2934 moriens,
989 2867 1171 2923 crucis
1209 2866 1388 2922 hostia
1416 2866 1591 2924 factus

193 2953 363 3011 Judiee
392 2972 514 3012 cum
548 2955 791 3027 reliquis
811 2956 1055 3012 animum
1089 2955 1325 3011 mirante
1352 2956 1544 3031 vigore

193 3047 300 3101 Tam
324 3048 501 3104 valido
520 3094 523 3095 ν
540 3048 791 3114 firmum,
824 3048 1012 3104 senior
1034 3048 1363 3124 grandaevus
1390 3055 1449 3104 ut
1475 3050 1643 3120 hujus

193 3135 431 3209 Supplicii
454 3145 723 3210 prompto
748 3139 1050 3195 cruciatum
1073 3146 1298 3210 pectore
1324 3138 1509 3196 ferret.

195 3229 460 3286 Pontifices
483 3231 731 3304 Solymis
751 3231 964 3288 clarent
989 3232 1043 3287 hi
1074 3232 1320 3305 denique
1346 3231 1513 3304 prisci
1542 3250 1557 3287 :

193 3320 297 3376 Mox
314 3329 432 3394 post
459 3324 615 3380 hunc
645 3323 862 3393 Justus,
892 3324 1149 3381 Zachaeus
1172 3323 1325 3390 hinc,
1347 3324 1478 3379 inde
1506 3324 1725 3393 Tobias,

191 3411 451 3482 Beujamin
480 3422 699 3482 sextus,
740 3421 855 3472 tum
897 3416 1168 3488 septimus
1196 3432 1318 3471 esse
1342 3417 1584 3473 Joannes

192 3500 379 3572 Fertur,
408 3505 672 3573 Matthias
718 3513 841 3577 post
870 3507 1041 3575 hunc,
1090 3507 1453 3579 sequiturque
1490 3507 1794 3580 Philippus.

191 3592 421 3653 Succedit
449 3599 672 3655 Seneca
699 3598 907 3666 Justus,
948 3604 1073 3671 post
1098 3599 1282 3654 denuo
1314 3599 1474 3655 Levi:

193 3686 313 3745 Hine
344 3691 605 3763 Ephrem,
634 3694 868 3765 Joseph,
891 3692 1015 3750 ﬁnis
1036 3694 1230 3750 horum
1258 3710 1481 3768 quoque
1509 3693 1700 3764 Judas,

1891 2128 2091 2183 Judaea
2116 2134 2493 2183 memorantur
2515 2128 2612 2193 ibi,
2646 2126 2739 2199 qui
2763 2125 2927 2198 plebe
2964 2126 3179 2198 probati

1892 2216 2144 2289 Praeponi
2176 2220 2487 2292 Christique
2520 2220 2683 2276 fidem
2715 2220 2963 2276 tenuisse
2987 2219 3218 2295 benigni
3244 2236 3258 2273 :

1893 2310 2133 2375 Quorum
2161 2312 2428 2368 Matthias.
2463 2313 2644 2367 stabili
2667 2312 2966 2367 certamine
2994 2326 3269 2387 pugnans,

1892 2405 2168 2479 Multaque
2185 2423 2286 2480 pro
2318 2407 2511 2463 Christi
2542 2425 2738 2480 passus
2764 2408 2968 2479 pietate
2996 2406 3226 2480 quievit,

1893 2500 2056 2569 Cujus
2078 2501 2241 2572 plena
2270 2499 2381 2557 fide
2401 2508 2694 2557 narrantur
2721 2502 2957 2573 plurima
2983 2506 3155 2577 gesta.

1888 2591 1969 2656 At,
2000 2593 2326 2660 Jerusalem,
2355 2600 2645 2664 postquam
2678 2599 2938 2647 renovata
2967 2591 3190 2646 renides

1885 2685 2095 2746 Judaeis
2124 2685 2302 2757 patria,
2325 2684 2521 2756 pulsis,
2545 2684 2651 2739 sibi
2681 2692 2737 2741 et
2764 2683 2902 2740 urbe
2931 2690 3153 2758 negata,

1894 2782 1957 2837 Ut
1990 2780 2102 2850 jam
2131 2793 2242 2833 non
2273 2777 2382 2831 illis
2408 2777 2620 2833 licitum
2652 2784 2744 2832 tua
2770 2777 2947 2832 visere
2975 2793 3119 2844 rura,

1889 2872 2275 2943 Telluremque
2305 2870 2495 2941 procul
2524 2872 2608 2925 vel
2635 2876 2989 2941 prospectare
3014 2875 3297 2940 paternam

1878 2967 2165 3024 'Gentibus
2184 2965 2463 3031 admissis,
2494 2980 2685 3037 pacem
2715 2964 3066 3020 servantibus
3103 2964 3158 3018 in
3188 2971 3264 3028 te,

1819 3060 1832 3075 '
1905 3062 2061 3129 lElia,
2083 3059 2334 3116 Romulei
2356 3060 2687 3131 cognomine
2714 3058 2859 3114 dicta
2879 3056 3116 3129 tyranni.

1897 3152 2145 3209 Paciﬁcis
2174 3151 2371 3207 Christi
2400 3150 2624 3206 famulis
2653 3150 2917 3205 habitatio
2941 3149 3102 3204 facta.

1897 3248 2025 3303 Post
2052 3243 2369 3317 prmlibatos
2396 3250 2451 3301 te
2489 3242 2704 3300 Marcus
2741 3242 3036 3315 episcopus
3073 3248 3231 3297 ornat

1900 3337 2164 3393 Gentibus
2190 3353 2221 3391 e
2242 3335 2669 3406 nostrisprimus
2693 3342 2746 3390 te
2777 3333 2978 3405 praesul
3000 3332 3255 3405 adeptus,

1818 3445 1868 3514 Ο
1899 3425 2140 3514 Martyrii
2169 3424 2349 3514 palma
2372 3425 2518 3514 claro
2550 3425 2644 3496 qui
2673 3424 2875 3514 dignus
2900 3439 3098 3514 agone.

1898 3513 2155 3569 Succedit
2182 3512 2361 3568 Marco
2394 3513 2675 3578 Casranus,
2709 3510 2933 3566 Publius
2962 3511 3096 3567 olli:

1897 3602 2162 3659 Maximus
2187 3603 2318 3658 hinc
2337 3602 2609 3674 sequitur,
2640 3601 2913 3669 Julianus,
2937 3601 3123 3667 Gaius,
3156 3609 3212 3656 et
3240 3600 3378 3657 alter

1898 3695 2172 3764 Julianus,
2205 3695 2532 3767 Capitoque,
2563 3694 2761 3750 Valens
2797 3701 2850 3750 et
2871 3693 3205 3750 Dolicianus.

1642 3822 1851 3881 CAPUT
1900 3825 2065 3880 XXIII

1290 3924 1369 3984 De
1396 3926 1625 3985 sanctis
1655 3927 1935 3986 Narcisso
1965 3934 2018 3985 et
2054 3925 2420 3987 Alemandro.

189 4065 297 4122 Post
321 4083 457 4141 quos
486 4067 804 4134 Narcissus,
832 4066 1092 4123 redolens
1116 4066 1218 4122 ﬂos
1246 4072 1410 4140 atque
1438 4068 1693 4138 decorus,

187 4161 432 4219 Ecclesia:
459 4165 660 4220 laetum
691 4163 925 4235 Solyma:
956 4163 1221 4235 respersit
1249 4163 1500 4232 odorem,

187 4251 337 4324 Cujus
364 4256 507 4312 mira
538 4256 683 4312 satis
711 4263 766 4311 et
794 4256 1031 4327 plurima
1060 4261 1213 4327 gesta
1244 4256 1500 4311 renident
1527 4273 1542 4322 ;

186 4342 422 4401 Naturam
452 4347 647 4402 laticis
668 4344 861 4418 pingui
891 4344 984 4416 qui
1016 4341 1178 4398 vertit
1205 4344 1369 4399 olivo.

186 4433 415 4509 Namque
442 4437 556 4494 olei
576 4437 865 4511 quondam
898 4436 1029 4491 dum
1059 4434 1351 4492 deficiente
1372 4436 1588 4508 liquore

183 4527 458 4601 Lampadis
488 4532 799 4586 exhaustus
838 4516 960 4584 eum
990 4528 1199 4613 lumine
1230 4529 1510 4601 linqueret
1536 4530 1712 4613 ignis:

184 4615 424 4674 Ecclesia:
455 4618 692 4677 famulis
723 4617 968 4673 fomenta
994 4606 1234 4688 necﬁipsa
1260 4618 1570 4687 subesseut,

182 4706 503 4781 Laztitiaeque
529 4710 663 4764 dies
695 4708 923 4777 jamjam
952 4706 1230 4779 paschalis
1255 4707 1496 4775 adesset,

184 4797 433 4856 Maximus
452 4802 595 4857 hinc
625 4799 836 4871 pepulo
863 4815 1089 4867 mceror,
1111 4798 1350 4855 turbatio
1368 4800 1517 4856 clero

180 4888 433 4945 Incutitur
460 4908 476 4957 ;
511 4888 658 4943 ﬁdei
685 4887 966 4942 Narcissus
987 4894 1040 4942 at
1066 4886 1280 4961 integer
1308 4888 1455 4955 altae,

179 4977 401 5049 Imperat
428 4995 459 5034 e
492 4984 690 5051 puteis
720 4977 936 5032 laticem
968 4976 1071 5031 sibi
1101 4976 1243 5032 ferre
1269 4976 1561 5045 ministris,

176 5069 338 5134 Quam
366 5087 608 5126 sumens
641 5075 782 5135 orat,
814 5068 1099 5124 benedicit
1128 5069 1329 5141 datque
1358 5068 1621 5125 lucernis.

176 5160 268 5218 Pro
294 5164 432 5219 mira
460 5164 664 5220 subito
684 5163 938 5234 stupidus
973 5162 1168 5218 virtute
1195 5163 1417 5220 videres

176 5250 387 5320 Pabula,
419 5269 497 5307 ne
528 5251 764 5307 sibimet
786 5251 1040 5327 fugerent
1067 5252 1339 5308 contraria
1366 5250 1621 5321 ﬂammae,

175 5341 441 5401 Materiem
476 5345 732 5418 lympha:
757 5344 880 5400 laeto
912 5330 1243 5400 densescere
1274 5343 1467 5420 pingui

175 5433 432 5492 Pallorem
464 5444 524 5492 et
550 5436 754 5491 latices
782 5434 943 5490 viridi
982 5442 1225 5491 mutasse
1253 5436 1461 5505 colore,

174 5524 645 5601 Praestantemque
676 5528 780 5583 sibi
822 5544 1082 5600 superum
1114 5528 1415 5601 sumpsisse
1434 5528 1702 5603 vigorem,

236 5672 417 5746 (150*)
453 5674 552 5729 Sic
577 5671 827 5729 codices.

1899 4069 2282 4140 Adversosque
2305 4066 2440 4123 facis
2459 4066 2799 4122 flammarum
2830 4063 3094 4120 alimenta
3119 4061 3341 4118 dedisse

1901 4160 2033 4227 Quis
2060 4159 2202 4216 solet
2226 4157 2536 4233 exsringui;
2570 4157 2754 4213 lichno
2788 4155 3063 4232 gaudente
3095 4153 3286 4210 foveri.

1903 4256 2150 4312 Luminis
2177 4255 2271 4311 hic
2291 4254 2558 4325 splendor
2586 4253 2749 4309 solito
2777 4261 2892 4308 tum
2922 4251 3120 4307 clarior
3149 4249 3302 4317 arsit,

1905 4344 2134 4419 Largius
2161 4344 2360 4399 educto
2389 4341 2583 4397 Christi
2613 4341 2862 4397 bonitate
2887 4341 3064 4396 nitore
3096 4357 3112 4405 :

1904 4434 2093 4506 Obque
2123 4433 2293 4489 fidem
2324 4433 2519 4489 fratres
2547 4433 2854 4488 decernunt
2878 4430 3127 4486 muneris
3148 4429 3320 4499 hujus

1903 4525 2142 4601 Pignora
2165 4524 2490 4579 firmandam
2521 4522 2659 4579 tanti
2687 4537 2907 4579 servare
2946 4522 3202 4595 liquoris.

1904 4618 1963 4673 F.
1998 4618 2207 4688 (150-).

1975 4706 2223 4778 Denique
2248 4705 2628 4761 Narcissidum
2660 4720 2818 4760 mens
2844 4702 3144 4759 immobilis
3157 4702 3344 4769 instat,

1903 4803 1977 4857 Ac
1999 4802 2136 4871 justi
2162 4801 2406 4874 rectique
2422 4807 2587 4857 tenax
2614 4810 2670 4857 et
2708 4808 2824 4856 tuta
2850 4798 3080 4868 resistit,

1905 4894 2133 4959 Quidam
2165 4892 2443 4965 falsiloqui
2484 4893 2684 4949 vitiatae
2716 4890 2920 4948 mentis
2945 4889 3200 4958 homulli,

1901 4983 2097 5039 Judiee
2137 4980 2375 5051 iustifico
2402 4981 2598 5056 dignas
2636 4980 2879 5053 perferre
2909 4980 3170 5037 timentes

1903 5074 2238 5130 Criminibus
2259 5090 2473 5146 poenas,
2501 5082 2845 5145 praesumunt
2866 5073 3081 5146 ﬁngere
3106 5070 3315 5128 fmdum

1903 5166 2227 5224 Concinnan
2239 5174 2371 5238 tque
2410 5166 2527 5222 viro
2556 5166 2687 5222 saevi
2716 5165 2901 5223 scelus
2928 5166 3132 5221 addere
3160 5168 3366 5219 sancto.

1903 5259 2039 5315 Hinc
2066 5259 2350 5314 auditores
2370 5259 2577 5314 adeunt
2604 5265 2884 5330 testesque
2913 5257 3236 5323 subornant,

1822 5346 1880 5414 D
1906 5348 2134 5405 Fraudis
2163 5348 2461 5419 participes
2500 5355 2554 5403 et
2571 5351 2885 5419 juramenta
2915 5346 3120 5419 pacisci

1898 5439 2018 5494 Non
2048 5443 2336 5493 metuunt:
2360 5452 2502 5493 unus
2517 5436 2596 5493 sic
2625 5452 2684 5493 se
2715 5452 2827 5493 non
2867 5436 3012 5511 ignis
3034 5435 3248 5501 adurat,

1900 5526 2271 5600 Cenﬁciatque
2301 5543 2543 5600 sequens
2573 5526 2797 5584 morbus
2825 5543 2896 5582 ne
2924 5526 3112 5601 regius
3139 5525 3335 5597 ipsum,
