3938 6158
420 160 525 217 507
1193 169 1562 227 FLODOARDI
1603 172 1904 232 CANONICI
1948 175 2271 234 REMENSIS
2312 176 2650 233 OPUSCULA
2689 177 2996 236 METRICA.
3641 189 3730 246 508

423 285 745 341 Luminibus
767 287 936 356 jurat,
965 287 1059 344 ﬁat
1090 304 1158 345 ne
1187 290 1381 347 tertius
1409 293 1631 350 absens.
2063 310 2111 375 Α
2138 301 2298 356 Sedis
2327 301 2638 356 Alexandro
2667 317 2856 357 secum
2885 319 3040 359 sacra
3070 305 3313 361 culmina
3342 307 3575 377 confert,

424 373 516 428 llis
535 375 802 432 adversus
823 392 946 432 eum
971 393 1032 433 se
1052 395 1183 434 vera
1212 381 1403 438 tulisse
1423 383 1676 456 ligantes.
2065 373 2077 374 ί
2092 373 2109 375 “
2137 396 2522 468 Cappadocum
2543 397 2722 472 gentis
2747 398 3045 454 moderans
3073 401 3167 472 qui
3185 402 3313 470 jura
3333 373 3608 471 sacerdos,

421 465 680 523 Crederet
709 469 936 524 assertis
965 473 1216 543 quamvis
1247 480 1377 530 tunc
1406 491 1570 532 nemo
1599 477 1802 546 ﬁdeliS.
2134 465 2428 562 Spectandi
2448 465 2573 546 loca
2588 498 2777 547 sancta
2797 493 3016 560 avidus,
3048 465 3272 550 hanc'nt
3297 497 3436 567 petit
3466 499 3672 567 urbem,

418 554 570 618 Quod
602 556 764 612 vitam
797 565 965 631 atque
999 562 1317 631 pudicitiam
1351 581 1513 636 quam
1549 566 1775 624 duxerat
1802 571 1964 626 annis
2135 554 2266 640 E'sse
2289 585 2564 640 revelatur
2590 587 2849 660 plebique
2889 554 3122 661 senique
3146 554 3439 646 teneddus.

2591 641 2603 657 .
2751 641 2841 660 τη
2894 641 2909 643 ~
2957 641 3119 661 πψτη
3151 641 3438 646 η---η--ν-

418 641 698 700 Νδῖοίεευδ
731 647 924 717 Primis
950 659 1230 708 οοηδῑθιτει
1252 669 1484 710 noscere
1506 656 1682 727 Pluris
2135 679 2321 734 Excita
2349 680 2538 751 sicque
2569 681 2658 736 die
2688 682 2846 752 plebs
2885 699 2994 755 quo
3028 693 3362 759 cognoverat
3395 685 3546 740 Illum

421 731 539 759 Ιηηη
570 739 750 759 ι....,.,....
781 752 885 759 ...._
915 737 1048 759 tuM-
1083 741 1190 759 --,L
1307 750 1317 759 .
1448 745 1480 759 μ
1525 753 1535 759 .
1704 748 1717 759 .

418 731 541 800 [pse
570 739 754 789 tamen
781 752 890 792 non
915 737 1056 794 ferre
1083 741 1274 798 valens
1306 750 1412 799 tam
1430 745 1576 801 dicta
1601 748 1864 818 probrosa

415 822 654 894 Tamque
686 825 914 896 profana
945 845 1159 898 vacare,
1192 833 1381 906 legens
1420 836 1640 894 deserta
1670 839 1886 910 petivit,

417 915 477 970 Et
504 930 720 975 secreta
750 922 938 978 colens
968 925 1124 981 latuit
1159 930 1536 1000 compluribus
1565 933 1747 1000 annis,

415 1007 691 1064 Semotam
725 1014 1120 1087 SOphicamquc
1151 1033 1352 1091 gerens
1372 1020 1492 1076 sine
1521 1022 1743 1078 turbine
1773 1025 1936 1081 vitam

414 1096 477 1152 At
507 1113 618 1153 non
642 1099 734 1155 ille
774 1103 966 1159 oculus
990 1107 1372 1177 complectens
1408 1111 1596 1166 omnia
1622 1114 1746 1168 visu

413 1193 691 1251 Adversus
714 1213 907 1268 pcenas
937 1201 991 1256 in
1023 1211 1273 1274 tempore
1302 1206 1472 1281 longa
1503 1216 1777 1266 moratur:

412 1282 527 1339 lmo
567 1301 666 1356 per
697 1287 812 1343 haec
834 1306 956 1361 quae
981 1294 1296 1350 sancierant
1325 1313 1448 1352 mox
1481 1297 1648 1371 digna
1679 1301 1956 1372 rependit,

413 1371 510 1436 Qui
537 1383 787 1430 sanctum
822 1378 1089 1454 ﬂagrante
1120 1383 1231 1438 doli
1264 1387 1532 1455 pepulere
1561 1371 1802 1457 veneno,

408 1459 646 1517 Arbitrio
679 1463 807 1517 dum
839 1467 963 1538 quis
993 1471 1219 1541 pr0prio
1246 1472 1352 1527 sibi
1383 1473 1524 1530 lecta
1554 1478 1814 1548 capessit,

407 1553 620 1609 Primus
642 1558 812 1624 enim,
847 1560 1026 1616 tacitae
1056 1563 1295 1618 scintilla
1321 1572 1571 1638 tempore
1602 1570 1782 1626 noctis

404 1641 795 1700 Succendente
838 1647 1087 1716 domum,
1119 1660 1276 1706 ustos
1303 1653 1468 1708 simul
1491 1657 1625 1710 arsit
1655 1657 1711 1711 in
1743 1657 1932 1732 ignes;
2063 1653 2112 1721 Β

405 1732 499 1786 Ast
526 1734 697 1788 alium
729 1737 955 1792 morbus
985 1741 1223 1809 pedibus
1251 1745 1500 1815 pervadit
1527 1747 1596 1801 ab
1629 1748 1757 1804 imis

406 1821 487 1875 Ad
509 1837 807 1892 summum,
839 1827 1167 1900 scanditque
1190 1841 1354 1902 caput
1381 1835 1640 1891 decretus
1665 1838 1886 1907 eodem,

410 1911 504 1966 His
535 1913 610 1968 ita
639 1919 1007 1989 consumptis,
1040 1937 1277 1978 cernens
1305 1933 1360 1980 at
1387 1929 1582 1982 tertius
1611 1930 1781 1984 altum

413 2001 564 2057 Haud
587 2004 814 2060 latuisse
845 2008 1004 2063 dolos
1033 2010 1350 2082 Dominum,
1379 2031 1439 2070 se
1472 2018 1670 2092 vulgus
1697 2027 1890 2090 aperte

413 2093 638 2164 Projicit
667 2098 722 2151 in
752 2100 1019 2170 medium,
1053 2114 1310 2180 retegens
1343 2123 1410 2162 ex
1448 2108 1642 2166 ordine
1673 2113 1958 2183 probrum,

412 2185 501 2239 Sic
530 2186 745 2244 facinus
765 2191 948 2248 nitens
978 2194 1234 2266 lacrymis
1264 2198 1505 2255 immane
1527 2201 1703 2273 piare,

409 2276 653 2334 Fletibus
684 2280 923 2337 aftictam
958 2284 1094 2340 fusis
1126 2287 1410 2345 ulciscitur
1443 2299 1638 2361 artem,

408 2371 544 2426 Dum
577 2373 741 2429 ducta
772 2376 922 2431 luctu
951 2378 1157 2436 residet
1186 2382 1425 2459 caligine
1457 2401 1656 2453 caecus,

478 2469 732 2526 Narcisso
764 2471 975 2529 interea
1005 2474 1233 2531 latebrae
1267 2489 1480 2536 secreta
1513 2481 1734 2538 fovente

2135 770 2334 826 Adfore
2363 778 2677 838 venturum,
2711 788 3018 844 praperans
3043 791 3101 830 se
3122 775 3403 831 moenibus
3432 775 3590 831 oﬁ‘ert

2135 861 2304 917 Obvia
2329 862 2512 917 danda
2539 863 2697 929 viro;
2737 879 2842 920 vox
2874 865 3089 921 intonat
3117 882 3247 922 ecce
3279 874 3505 938 repente

2135 956 2358 1014 Coelitus
2387 965 2613 1026 attacta,
2643 959 2855 1015 cunctis
2893 960 3242 1031 capientibus
3261 977 3392 1016 aure
3420 979 3434 1016 :

2132 1076 2158 1101 α
2206 1053 2417 1108 Sumite
2448 1053 2770 1126 pontiﬁcem
2801 1055 2998 1110 vestris
3023 1071 3190 1127 quem
3221 1056 3460 1111 destinat
3485 1057 3592 1111 aris

2131 1143 2511 1215 Omnipotens.
2553 1165 2578 1195 ι)
2627 1145 2728 1200 Ubi
2760 1163 2976 1202 summa
3015 1155 3164 1217 patet
3193 1146 3482 1202 manifesta
3502 1148 3740 1203 voluntas

2133 1233 2413 1308 Contiguis
2444 1233 2692 1305 patribus
2736 1243 2927 1291 sancto
2959 1243 3014 1290 et
3041 1236 3282 1304 seniore,
3314 1246 3542 1309 repente

2132 1324 2576 1396 Communiﬁvoto
2617 1328 2808 1398 p0puli
2839 1329 3186 1384 concorditer
3215 1337 3393 1385 actum

2132 1418 2473 1490 Suscipiunt,
2517 1427 2743 1493 cogunt,
2773 1421 3034 1488 retinent,
3067 1431 3424 1489 venerantur,
3455 1423 3736 1479 honorant.

2133 1510 2379 1583 Denique
2410 1512 2717 1578 Narcissus,
2747 1529 2970 1568 sursum
3009 1515 3326 1570 certaminis
3356 1515 3607 1588 explens,

2135 1600 2263 1655 Post
2293 1611 2513 1657 centum
2546 1602 2632 1657 bis
2653 1609 2707 1657 et
2729 1610 2960 1659 octonos
2981 1620 3120 1676 quos
3143 1605 3348 1660 vixerat
3375 1621 3572 1670 annos,

2137 1691 2296 1747 Urbis
2325 1693 2630 1750 Alexandro
2658 1695 2902 1750 tutandae
2928 1696 3052 1765 jure
3080 1697 3270 1752 relicto

2131 1784 2209 1839 Ad
2235 1785 2527 1840 Dominum
2561 1801 2820 1861 pergens,
2850 1787 3170 1844 meritorum
3201 1805 3430 1845 munere
3457 1789 3673 1862 gaudet.

2203 1877 2421 1933 Naviter
2441 1877 2747 1950 advigilans
2775 1895 3066 1936 successor
3090 1882 3279 1936 munia
3309 1889 3523 1947 tractat,

2133 1965 2519 2023 Condccorans
2547 1967 2693 2033 data,
2728 1969 2860 2023 dum
2887 1969 3089 2026 Decius
3120 1969 3366 2026 fervente
3393 1969 3632 2043 procella

2131 2055 2314 2118 Saevit,
2339 2057 2483 2111 ovile
2511 2057 2609 2111 Dei
2640 2057 2962 2129 disperdere
2997 2059 3217 2115 turbine
3244 2066 3482 2118 tentans.

2131 2146 2340 2217 Nempe
2371 2154 2431 2201 ut
2467 2148 2669 2203 canitie
2701 2149 3005 2219 splendens
3033 2150 3310 2207 renitebat
3337 2169 3574 2222 ammna,

2133 2237 2661 2295 Caesaream‘ductus
2681 2242 2923 2297 crudelis
2947 2243 3070 2318 lege
3092 2245 3332 2314 tyranni,

2130 2328 2362 2386 Nomine
2392 2346 2492 2402 pro
2521 2332 2736 2388 Domini
2772 2333 2986 2389 laetatur
3012 2351 3234 2393 carcere
3267 2338 3447 2405 trudi;

2127 2416 2487 2489 Afﬂictusque
2528 2420 2620 2474 diu
2649 2436 2837 2476 sacros
2866 2432 3213 2479 consummat
3240 2441 3449 2500 agones

2130 2506 2480 2579 Martyriique
2507 2509 2676 2579 capit,
2721 2509 2935 2567 Christo
2966 2513 3267 2583 tribuente,
3299 2532 3581 2576 coronam.

408 2561 677 2658 Allegitur
706 2566 877 2620 sacris
903 2569 1104 2670 prwosul
1124 2573 1638 2679 cognominenDius,
1712 2669 1721 2678 .
1753 2669 1764 2679 ἡ
2133 2561 2423 2664 Eusebius,
2465 2561 2680 2666 fultum,
2713 2600 2873 2670 cujus
2904 2618 2964 2657 se
2995 2561 3336 2661 bibliothdca
3364 2607 3506 2679 (151)

2409 2654 2422 2664 ,
2668 2654 2679 2666 ,
2782 2654 2864 2670 ,η
2907 2654 2958 2657 η
2996 2654 3336 2661 ἡαπ----ην-
3366 2654 3483 2677 μγ-

411 2654 580 2718 Quem
611 2664 822 2726 “Pium
852 2661 1104 2730 εοεῐυίίιπ
1125 2662 1419 2733 Germano.
1444 2665 1680 2723 Gordius
1709 2669 1885 2726 illum.
2131 2687 2412 2743 Materiam
2437 2690 2744 2761 sumpsisse
2773 2693 2938 2749 docet
2966 2695 3228 2766 praeclara
3259 2701 3486 2756 notandi

415 2746 550 2800 Hinc
578 2747 982 2836 velutﬁjiorrida
1003 2760 1128 2823 post
1155 2755 1354 2829 gelidze
1384 2757 1686 2828 spiramina
1713 2760 1922 2818 brumas
2133 2774 2391 2831 Ecclesiae
2419 2746 2614 2833 Christi
2645 2746 2836 2834 titulis
2857 2746 2992 2852 qua:r
3009 2791 3164 2857 gesta
3194 2785 3462 2844 feruntur.

410 2839 666 2910 Affectus,
699 2845 925 2914 zephiro
953 2849 1113 2905 terris
1133 2851 1359 2908 aftlante
1388 2855 1600 2919 solutis,
2007 2895 2010 2898 ~
2132 2866 2432 2938 Presbyter
2458 2868 2618 2938 hujus
2647 2839 2940 2927 Alexandri
2969 2839 3426 2932 ve’nerandu‘sﬁab
3458 2878 3576 2950 ipso

410 2935 724 3006 Purpureus
748 2938 908 2994 viridi
930 2959 1166 3018 surgens
1185 2947 1288 3004 ﬂos
1327 2950 1580 3024 gramine
1601 2959 1816 3022 vernat,
2133 2957 2384 3012 Clemens
2414 2958 2669 3014 Ecclesiae
2707 2963 3098 3020 transmittitur
3135 2966 3506 3024 Antiochenaa.

410 3025 562 3080 llaud
596 3026 759 3082 aliter
787 3030 1034 3101 subiens,
1068 3034 1194 3091 divo
1224 3043 1284 3092 ut
1314 3039 1596 3096 redivivus
1638 3043 1848 3102 honore
2051 3029 2102 3098 C
2129 3049 2298 3113 Quem
2347 3067 2568 3124 quoque
2597 3063 2906 3125 praeceptor
2935 3056 3194 3112 virtutum
3227 3059 3482 3116 laudibus
3523 3078 3728 3128 ornans,

411 3114 679 3174 Redditur
703 3121 959 3179 Ecclesia;
989 3125 1296 3198 Narcissus,
1327 3130 1572 3205 itemque
1597 3142 1822 3209 rogatur
2133 3141 2264 3195 Esse
2289 3114 2635 3200 sacerdotem
2669 3114 2870 3218 allegat
2906 3148 3181 3218 probitate
3210 3150 3453 3220 beatum,

411 3205 710 3264 Praesident
736 3210 944 3281 p0pulo
983 3212 1282 3288 divinaque
1313 3219 1503 3275 munia
1528 3205 1743 3292 tractet,
2133 3233 2535 3291 Commendans
2559 3205 2812 3293 radiante
2839 3205 3030 3294 senem
3056 3241 3260 3312 pietate
3283 3205 3608 3314 probatum;

410 3298 504 3352 Ast
525 3314 671 3374 aegro
694 3299 875 3359 fessus
895 3305 1074 3374 senio,
1103 3307 1232 3363 dum
1257 3313 1547 3369 commoda
1573 3315 1753 3386 plebis
2133 3321 2300 3392 Cujus
2325 3325 2471 3396 apud
2503 3325 2754 3397 Solymos
2783 3298 3083 3399 prtesentia
3111 3298 3344 3386 munere

409 3385 603 3444 Omnia
632 3389 777 3446 ferre
806 3393 1024 3466 nequit,
1058 3397 1271 3454 crelesti
1301 3401 1530 3459 numine
1560 3385 1727 3460 ducto
2133 3385 2396 3493 De'tegata
2421 3420 2517 3474 Dei
2549 3385 2813 3493 pdpulum
2843 3420 3154 3481 ﬁrmaverat
3181 3434 3426 3482 auctum.

1861 3543 2069 3601 CAPUT
2119 3545 2296 3602 XXIV.

1386 3669 1466 3731 Dc
1501 3671 1786 3749 Macario,
1820 3675 2082 3739 Maximo
2120 3687 2172 3738 et
2205 3677 2435 3756 Cyrico,
2469 3684 2776 3761 episcopis.

409 3793 706 3852 Pontiﬁces
737 3807 863 3870 post
889 3799 998 3858 hoc
1030 3801 1266 3876 Solyma:
1294 3806 1496 3864 virtute
1525 3809 1786 3878 nitentes,
2131 3815 2440 3872 Exstinctos
2472 3817 2757 3889 precibus,
2787 3819 3044 3877 colubros
3075 3821 3297 3895 oleique
3326 3841 3583 3897 vapores,

407 3887 669 3963 Dogmate
710 3891 981 3962 praeclari,
1013 3902 1328 3952 statuuntur
1357 3899 1413 3952 in
1446 3899 1642 3956 ordine
1675 3903 1886 3973 plures.
2134 3904 2359 3960 Pectore
2396 3887 2628 3974 defixus,
2671 3915 2947 3982 contoque
2987 3887 3461 3984 interna-petitus,

407 3979 646 4044 Quorum
672 3982 1215 4057 Macarius,_'pretiosi
1245 3991 1398 4045 notio
1427 3991 1561 4067 ligni
1594 4064 1598 4067 .
2125 3995 2413 4052 Victricem
2441 3998 2678 4069 palmam
2709 3979 2895 4056 rutilat
2921 3979 3250 4058 constanter
3271 4005 3530 4077 adeptus,

408 4068 542 4138 Dum
571 4086 750 4126 crucis
782 4072 1016 4129 inventae
1048 4075 1254 4146 papulo
1283 4078 1592 4148 dubitante,
1623 4083 1862 4151 vacillat,
2123 4088 2271 4143 Alter
2298 4089 2559 4144 Macarius
2599 4091 2923 4148 Hermonem
2966 4095 3022 4148 in
3051 4112 3205 4151 sacra
3235 4105 3459 4154 secutus

407 4162 660 4224 Quaerere
691 4173 1077 4236 comprOperat
1106 4167 1410 4237 epiramine
1431 4173 1678 4229 membra
1702 4175 1912 4246 relicta,
2120 4180 2352 4236 Nomine
2380 4181 2570 4248 fertur,
2602 4189 2659 4238 ut
2682 4185 2786 4240 hoc
2807 4185 3007 4260 dignus
3035 4187 3332 4245 virtutibus
3363 4191 3540 4258 altus;

405 4255 752 4326 Apponitque
782 4274 974 4314 cruces
1005 4261 1225 4331 pariter,
1256 4279 1393 4335 quas
1424 4264 1564 4322 forte
1595 4277 1843 4340 repertas
2120 4271 2400 4346 Dogmatis
2431 4273 2688 4349 egregius
2726 4255 2992 4332 nitetvhic
3021 4277 3317 4350 splendore
3350 4255 3594 4353 Cyrillus,

407 4344 734 4402 Constabat:
765 4351 966 4421 spretis
995 4354 1094 4407 sed
1125 4355 1208 4410 eis
1239 4355 1463 4413 immota
1492 4360 1820 4428 manebant;
2120 4344 2228 4420 Pro
2263 4365 2389 4422 ﬁdei
2415 4344 2649 4438 sceptris
2678 4370 2976 4425 certamina
3002 4373 3236 4442 plurima
3260 4389 3478 4444 passus,

406 4436 566 4493 Tacta
597 4438 752 4511 vigor
778 4457 941 4498 cruce
968 4443 1186 4501 vivi'tica
1214 4463 1337 4503 mox
1362 4448 1589 4506 intimus
1607 4453 1790 4521 intrat,
2121 4457 2278 4527 Saape
2307 4457 2530 4530 quidem
2566 4460 2776 4530 pulsus,
2811 4463 2907 4517 sed
2940 4464 3072 4519 sede
3105 4464 3379 4540 insignius
3401 4475 3613 4531 auctus;

408 4527 580 4598 inque
611 4529 931 4600 repentinos
955 4543 1208 4605 reparata
1236 4539 1524 4596 resuscitat
1561 4550 1735 4598 actus.
2121 4547 2292 4611 Quem
2324 4527 2462 4603 mira
2492 4527 2745 4621 sequitur
2764 4550 2930 4608 fultus
2957 4527 3520 4624 probitatevJoannes.

407 4619 674 4678 Maximus
700 4624 917 4681 illorum
945 4643 1175 4684 consors
1202 4646 1266 4686 ac
1289 4631 1447 4689 miles
1468 4635 1660 4691 herilis
2119 4637 2386 4695 Praeterea
2416 4641 2624 4712 plures,
2655 4659 2887 4714 quorum
2919 4645 3013 4717 qui
3047 4646 3273 4702 nomina
3302 4650 3458 4705 novit

409 4719 510 4774 Pro
550 4720 754 4790 pietate
785 4722 1008 4796 ﬁdeqne
1041 4726 1158 4794 Dei,
1183 4727 1277 4800 qui
1310 4729 1518 4801 paplite
1551 4731 1685 4787 laevo
2119 4731 2210 4786 Vel
2261 4748 2575 4803 numerum,
2607 4735 2709 4790 scit
2761 4743 2960 4792 cuncta
3000 4737 3165 4806 Deus,
3220 4739 3322 4796 hac
3373 4741 3512 4796 urbe
3545 4742 3725 4796 trium-

405 4811 630 4866 Succiso
661 4811 919 4882 instabat,
947 4815 1136 4873 dextro
1164 4833 1385 4891 quoque
1425 4819 1633 4876 lumine
1662 4821 1910 4894 dempto,
3476 4834 3652 4906 [phant

406 4905 524 4960 Hac
544 4923 758 4982 magna;
787 4908 918 4966 fidei
947 4914 1197 4988 gaudens
1226 4916 1445 4992 insigne
1483 4917 1728 4991 gerebat.
2117 4916 2209 4972 Vel
2244 4917 2416 4988 patria
2441 4917 2638 4973 sancti.
2671 4917 2909 4975 Cunctos
2941 4921 3066 4993 quis
3103 4921 3289 4978 dicere
3320 4905 3495 4996 possit.

406 4993 606 5067 Martyr
630 4996 906 5069 Cyriacus,
930 5002 1136 5076 quique
1167 5011 1222 5059 et
1250 5005 1579 5078 cognomine
1615 5007 1804 5074 Judas,
2036 5048 2095 5116 D
2116 5007 2259 5071 Quos
2289 5007 2377 5061 hic
2413 5006 2669 5079 discipuli
2711 5007 2909 5064 Christi
2940 5010 3151 5068 tinxere
3186 4993 3430 5083 lavacro,

409 5085 501 5116 ηςη
548 5103 737 5116 ..ηε-ι-..
772 5094 1043 5116 ...ηιμ-Δ-..
1083 5096 1258 5116 ---,ε--
1300 5097 1602 5116 ___-|.___,__
1649 5104 1662 5116 Α
1689 5098 1713 5116 ν·
1836 5099 1912 5116 ,1,
2122 5098 2171 5116 |,_
2196 5113 2283 5116 ,,,_-
2325 5096 2353 5116 η
2374 5097 2422 5116 κιξ
2500 5115 2508 5116 ,
2536 5107 2567 5116 ,.
3109 5103 3120 5116 ι
3189 5103 3201 5114 .
3348 5104 3379 5116 ο-

409 5085 504 5141 Hic
548 5103 740 5158 poenas
767 5094 1047 5163 quondam
1082 5096 1262 5151 varias
1299 5097 1608 5166 multasque
1648 5098 2017 5169 triumphans,
2039 5085 2095 5116 υ
2121 5098 2291 5169 Inque
2323 5096 2431 5153 ﬁde
2461 5107 2608 5154 recta
2634 5116 2906 5168 meruere,
2935 5117 2998 5157 ac
3035 5103 3279 5159 culmine
3310 5104 3455 5170 vitae,

407 5180 532 5236 Post
551 5199 812 5240 manuum
837 5196 1142 5261 segmenta,
1172 5189 1329 5266 ignes
1367 5198 1422 5247 et
1451 5193 1648 5264 pocula
1675 5194 1907 5265 plumbi,
2116 5191 2252 5246 Dum
2291 5182 2492 5266 legitur
2521 5201 2743 5247 sanctus
2772 5193 3006 5264 quadam
3037 5195 3139 5249 tria
3169 5195 3341 5250 millia
3377 5197 3568 5252 Petrus

405 5277 642 5351 Postque
675 5282 1091 5355 triumphatum,
1124 5287 1528 5360 candentiaque
1555 5304 1680 5352 tera,
1704 5289 2011 5363 grabatum,
2116 5279 2480 5335 consecrasse
2511 5280 2622 5348 die,
2665 5282 2900 5353 ςυειάειιη
2932 5291 3057 5354 P0St
3085 5283 3260 5338 millia
3289 5285 3556 5357 quinque.

403 5375 682 5450 Virgamm
707 5377 912 5450 plagas_
945 5378 1234 5451 adipisque
1259 5381 1496 5454 salis,un
1519 5382 1730 5438 calores
2113 5374 2283 5430 Millia
2312 5381 2424 5430 tum
2455 5392 2688 5448 quorum
2718 5377 2879 5433 nobis
2900 5393 3081 5450 neque
3115 5379 3334 5454 cognita
3365 5395 3591 5434 summa.

474 5551 612 5622 (151)
653 5551 788 5608 Vide
818 5552 1046 5609 Eusebii
1073 5552 1366 5610 Historiam
1397 5554 1848 5625 ecclesiasticam,
1881 5555 2007 5612 libri
2039 5573 2088 5612 v1
2121 5572 2241 5628 cap.
2273 5557 2361 5613 11.
