3960 6160
217 240 332 294 509
733 236 816 291 DE
855 237 1216 294 TRIUMPHIS
1259 237 1518 295 CHRISTI
1564 241 1641 296 ΡΤ
1684 242 1780 294 SS.
1823 238 2228 294 PAL/ESTINAS
2268 237 2444 293 LIBRI
2483 237 2669 292 TRES.
2712 266 2774 277 -—
2821 234 2945 292 LIB.
2988 234 3057 288 II.
3449 193 3556 286 510

1690 374 1896 430 CAPUT
1948 375 2101 431 XXV.

1466 479 1541 539 Cc
1568 479 1860 556 Hesychia
1885 489 1938 539 et
1973 479 2314 556 Philagrio.

218 604 517 674 Presbyter
546 602 871 673 Hesychius,
902 604 1103 659 veteris
1130 605 1224 676 qui
1254 607 1482 677 mystica
1508 606 1646 682 legis
1866 617 1915 683 Α
1943 609 2202 665 Attrectat
2229 607 2515 679 laudisque
2546 606 2706 662 simul
2737 606 3009 678 praeconia
3037 604 3180 660 fasso

213 694 624 764 Sacrorumque
651 692 873 746 umbras
904 693 972 746 ad
1012 693 1221 767 fulgida
1250 694 1460 749 lumina
1489 703 1732 768 raptans,
1943 697 2185 770 Aufugit,
2207 713 2269 752 ac
2290 696 2495 751 strictis
2517 696 2760 751 cmlestia
2781 696 3044 766 competit
3063 694 3182 748 alis.

219 785 283 837 In
311 783 496 837 vinum
531 781 868 836 transfundit
889 799 1077 854 aquas,
1108 783 1438 858 ubidignius
1468 802 1700 857 usquam
1942 787 2194 841 Justinus
2221 786 2395 840 nitido
2429 785 2649 839 radians
2678 783 2972 854 splendore
2993 783 3205 854 SOleIiB

217 876 286 930 Ni
323 891 431 948 qua
467 874 759 946 pnecipute
798 875 1023 949 viguere
1054 884 1264 930 remota
1296 884 1528 932 notaret.
1944 877 2152 942 Editur,
2182 878 2282 931 hac
2313 876 2486 931 oritur
2521 875 2727 946 Ioseph
2763 874 2987 946 regione
3011 881 3238 943 parente

215 968 321 1022 llic
352 968 495 1021 inter
521 965 756 1037 pOpulos
787 966 996 1036 sophiae
1023 967 1319 1036 splendore
1352 969 1560 1024 nitebat
1945 970 2044 1034 Qui
2075 977 2264 1024 sancta
2299 971 2481 1024 valide
2513 986 2610 1041 pro
2643 970 2932 1044 relligione
2963 968 3238 1032 laborans,

220 1058 551 1133 Philagrius;
578 1073 840 1111 manuum
868 1074 1122 1128 quaerens
1148 1058 1410 1114 alimenta
1440 1060 1663 1116 labore:
1943 1059 2202 1130 Augustis
2232 1059 2423 1122 libros,
2465 1059 2688 1130 pietatis
2719 1059 2929 1113 honore
2957 1057 3180 1128 politos,

214 1152 399 1220 Atque
430 1148 668 1202 libenter
693 1148 854 1218 in0ps
892 1151 1313 1219 etgpaupertatis
1341 1150 1571 1206 amicus.
1947 1151 2098 1206 llaud
2121 1153 2300 1207 crucis
2327 1153 2547 1207 erubuit
2568 1153 2812 1218 tradens,
2843 1157 3127 1223 spectante
3156 1156 3355 1202 senatu

217 1241 328 1306 Qui
357 1240 636 1312 quondam
667 1240 893 1294 invento
915 1241 1219 1296 solidorum
1249 1242 1361 1297 dite
1389 1242 1638 1298 crumino
1945 1244 2333 1316 Opprobrium,
2370 1245 2559 1299 divina
2588 1245 2790 1312 ferens,
2824 1245 3066 1300 humana
3093 1241 3353 1296 refellens
3377 1256 3390 1293 :

217 1333 412 1387 Restat
441 1339 497 1386 et
525 1338 802 1402 exspectat
825 1348 1020 1402 passus
1047 1333 1173 1386 dum
1209 1333 1408 1388 damna
1436 1341 1698 1389 recurrat.
1945 1337 2184 1403 Judteos,
2213 1347 2537 1410 gentesque,
2561 1338 2934 1408 haeresesque,
2965 1343 3018 1390 et
3051 1335 3185 1389 falsa
3215 1331 3563 1402 triumphans

218 1430 426 1482 Aurum
454 1426 699 1481 restituit
725 1425 905 1492 ﬂenti,
935 1434 1256 1499 partemque
1284 1428 1530 1498 procanti
1947 1427 2344 1499 Spectatusque
2364 1428 2541 1498 palam
2564 1428 2747 1482 Jesum
2767 1428 3028 1481 decorare
3057 1424 3381 1498 magistrum

211 1519 474 1572 Sumeret
503 1516 753 1578 obnisus,
790 1533 1075 1571 nummum
1110 1517 1178 1572 de
1205 1517 1354 1572 mille
1394 1533 1498 1572 nec
1530 1534 1700 1572 unum
1946 1523 2187 1578 Exsultat
2217 1521 2487 1579 celebrem
2519 1521 2730 1577 Christo
2764 1521 2973 1575 fudisse
3003 1533 3272 1574 cruorem.

1683 1644 1889 1702 CAPUT
1934 1647 2106 1705 XXVI.

1119 1745 1198 1805 De
1226 1747 1424 1807 Maria
1452 1747 1831 1824 Magdaiana,
1873 1745 2109 1810 Lazaro
2138 1759 2190 1810 et
2228 1751 2440 1828 Joseph
2467 1750 2655 1810 Justo.

221 1879 485 1936 Pluribus
513 1881 631 1937 haec
659 1881 824 1936 tellus
853 1881 982 1938 hinc
1011 1881 1204 1954 priscae
1234 1883 1373 1956 legis
1403 1883 1658 1952 alumnis,
1949 1887 2046 1942 llic
2075 1889 2272 1944 domus
2293 1888 2523 1944 ecclesia
2552 1896 2633 1943 est
2651 1894 2741 1942 tua
2768 1893 3191 1956 sanctarumque
3216 1898 3486 1939 sororum.

216 1973 356 2028 Inde
391 1986 544 2027 novae
574 1971 778 2038 rutilat,
804 1971 1151 2044 Christiquos
1171 1975 1371 2046 gratias
1398 1976 1587 2030 salvat.
1943 1982 2172 2054 Joseph,
2196 1983 2290 2054 qui
2317 1982 2521 2048 Justus,
2552 1981 2724 2052 patria
2741 1980 2842 2034 hac
2862 1986 3208 2034 consummat
3233 1992 3488 2049 agonem,

217 2064 332 2118 Hac
359 2077 585 2134 quoque
615 2061 936 2134 Magdalene
963 2064 1192 2136 regione
1219 2064 1385 2119 Maria
1403 2065 1639 2130 renidet,
1946 2074 2114 2138 Quem
2139 2073 2335 2127 Christi
2369 2073 2596 2128 comites
2623 2071 2776 2126 Iudae
2795 2071 2913 2125 vice
2945 2077 3090 2124 sorte
3121 2068 3418 2141 legendum

214 2154 580 2210 Dmmonibus
611 2154 805 2224 pulsis,
836 2155 996 2210 Iesus
1021 2173 1129 2227 qua
1158 2157 1420 2212 Flaminis
1450 2158 1579 2213 almi
1944 2161 2150 2236 Dignus
2175 2161 2736 2232 apostolico'censent
2756 2161 3025 2232 quiajure
3065 2158 3294 2213 nitebat.

218 2251 285 2304 Ut
309 2249 593 2328 ferventer
628 2256 775 2304 amet
805 2257 953 2321 patet
993 2267 1116 2306 esse
1148 2267 1427 2323 capacem,
1870 2285 1918 2351 Β
1948 2244 2170 2302 lnteruo
2198 2258 2380 2303 tamen
2412 2249 2640 2303 arbitrio
2660 2265 2780 2303 sors
2803 2247 2997 2323 legerit
3025 2247 3127 2300 etsi

212 2340 391 2407 Cujus
424 2339 498 2392 ita
529 2338 741 2393 Christo
774 2339 978 2410 placuit
1007 2341 1230 2396 dilectio
1262 2359 1420 2414 pura,
1870 2336 1918 2351 υ
1947 2340 2247 2406 Matthiam,
2276 2339 2520 2395 officium
2559 2340 2770 2410 Joseph
2813 2336 3385 2408 nihilominusimplet

214 2431 284 2486 Ut
313 2431 520 2506 Stygiis
546 2431 699 2485 illum
730 2432 1055 2486 redeuntem
1090 2434 1264 2504 prima
1290 2435 1500 2491 videret
1534 2453 1548 2501 ;
1945 2431 2218 2486 Doctrinae
2249 2441 2476 2496 sanctae,
2509 2446 2712 2502 supero
2743 2445 3045 2484 succensus
3075 2443 3283 2483 amore.

215 2523 280 2576 Et
318 2523 574 2578 claustris
605 2522 786 2591 Erebi,
816 2523 1056 2578 violenta
1089 2525 1415 2597 legesoluta,
1949 2520 2100 2574 Unde
2123 2520 2312 2575 furens
2334 2520 2650 2575 Iudaeorum
2684 2535 2885 2592 vesana
2914 2525 3132 2574 caterva

217 2615 316 2670 llic
368 2631 544 2687 prape
594 2616 912 2670 Bethaniam
963 2617 1085 2684 tibi,
1137 2617 1334 2672 Lazare
1392 2627 1601 2686 sancte,
1653 2617 1844 2690 sepul-
1947 2611 2126 2665 Multis
2155 2611 2302 2665 hunc
2327 2610 2496 2683 agitat
2527 2608 2743 2679 probris
2775 2608 3092 2678 ;ferturque
3124 2604 3253 2660 fidei

1579 2709 1773 2780 [crum,
1949 2707 2168 2762 Potatus
2194 2706 2351 2762 titulo
2376 2707 2450 2760 nil
2481 2706 2635 2760 triste
2659 2705 2849 2760 tulisse
2873 2720 3115 2770 veneno;

216 2793 377 2848 Unde
417 2804 613 2865 quater
633 2795 778 2850 deuo
809 2802 1100 2868 postquam
1135 2803 1188 2852 te
1217 2795 1333 2852 sole
1365 2805 1620 2865 retentat,
1950 2800 2151 2872 Ilioque
2172 2799 2283 2854 Deo
2311 2799 2534 2854 demum
2557 2797 2775 2870 supplet
2805 2798 3061 2853 vincente
3092 2795 3453 2867 triumphum.

214 2884 364 2940 Mors
395 2887 636 2958 superis,
662 2887 892 2944 Domino
921 2905 1142 2960 parens,
1160 2889 1476 2945 tremefacta
1504 2891 1734 2948 remisit.

1045 3092 1550 3184 INCIPIT
1615 3095 2010 3183 LIBER
2075 3094 2759 3185 SECUNDUS

1631 3277 1854 3333 CAPUT'
1885 3277 2168 3333 PRIMUM.

1294 3393 1372 3454 De
1401 3394 1673 3456 vindicta
1706 3394 1936 3456 Christi
1964 3398 2074 3456 sub
2113 3397 2488 3476 Vespasiano.

218 3524 466 3578 Plurima
507 3530 769 3595 praeterea
799 3525 1034 3597 Solyma;
1052 3526 1330 3582 celebrata
1357 3534 1562 3599 trOpma
1945 3529 2114 3586 Paulo
2147 3537 2273 3601 post
2303 3530 2540 3586 mediam
2574 3531 2758 3586 fanum
2793 3530 2882 3584 lux
2913 3529 3122 3604 fulgida
3150 3536 3369 3584 noctem

215 3616 472 3670 Diversis
527 3615 740 3670 nituere
769 3616 966 3671 modis.
1004 3617 1139 3672 Hinc
1159 3617 1422 3690 gentibus
1451 3619 1602 3673 olim.
1947 3621 2324 3688 Circumdans,
2357 3623 2411 3677 in
2426 3632 2660 3695 utroque
2681 3639 2908 3694 vagans,
2940 3623 3169 3676 horrore
3194 3625 3468 3676 coruscat.

216 3709 482 3779 Depulsis
501 3709 651 3764 vario
679 3709 782 3763 sub
801 3719 1066 3780 tempore.
1103 3717 1158 3765 et
1189 3710 1325 3764 urbe
1347 3713 1595 3779 subacta,
1948 3711 2106 3774 Quod
2136 3711 2301 3766 rebus
2331 3712 2555 3783 quidam
2609 3711 2916 3784 auspicium
2964 3712 3232 3783 replicare
3263 3711 3521 3768 secundis
3548 3727 3562 3766 :
3626 3761 3637 3774 ,

210 3801 434 3856 Judaais
465 3801 656 3856 crebro
688 3801 956 3857 bellorum
980 3803 1201 3858 turbine
1236 3804 1416 3871 tectis,
1949 3805 2048 3858 Ast
2075 3803 2192 3871 alii,
2216 3820 2450 3875 quorum
2484 3803 2661 3874 potuit
2691 3819 2848 3858 mens
2875 3804 3063 3858 sanior
3089 3819 3232 3869 esse,

209 3896 507 3951 Justorum
533 3896 746 3950 meritis
775 3897 1015 3967 praelatis
1055 3897 1296 3952 culmine
1337 3900 1491 3972 regni
1876 3925 1926 3995 Ο
1952 3892 2192 3947 Infausta
2224 3899 2534 3947 memorant
2559 3892 2830 3946 turbatam
2861 3891 2984 3945 luce
3013 3891 3280 3962 quietem.

213 3991 390 4044 Sacra
421 3989 545 4064 lege
577 3990 692 4056 Dei,
735 3991 895 4046 claris
925 3998 980 4046 et
1009 3991 1078 4045 ab
1110 3993 1270 4047 hoste
1301 3993 1502 4064 quietis
1881 3981 1926 3995 ν
1950 3984 2208 4039 Pluribus
2236 3983 2367 4038 inde
2397 3982 2798 4038 motislethalia
2819 3982 2975 4054 signa
3008 3981 3301 4036 trahebant

211 4082 557 4152 Contemptu
587 4081 830 4148 afflictis,
855 4084 1058 4154 captis,
1093 4083 1236 4138 etab
1277 4085 1435 4140 hoste
1453 4086 1664 4141 necatis
1949 4077 2048 4142 Qui
2090 4076 2284 4131 moniti
2317 4083 2568 4132 temnunt
2590 4075 2846 4146 lacrymis
2874 4077 3072 4153 punire
3104 4083 3336 4148 patrata,

214 4178 587 4250 Extrusisque
607 4177 746 4244 solo,
775 4179 984 4250 templo
1025 4179 1290 4252 librisque
1317 4181 1557 4250 perustis
1584 4199 1597 4235 :
1950 4172 2012 4225 Et
2041 4168 2413 4243 dedignantur
2442 4168 2713 4224 scelerum
2746 4168 2952 4223 deflere
2984 4169 3181 4240 piaclay

218 4266 509 4337 correptis
539 4267 916 4342 pcregrinam,
941 4269 1226 4340 patriaque
1255 4270 1492 4340 receptis
1955 4260 2043 4314 llis
2072 4259 2238 4314 etiam
2273 4259 2426 4314 festis
2447 4258 2671 4314 vitulam
2691 4268 2930 4314 mactare
2961 4259 3227 4314 ministris

217 4358 354 4412 Post
386 4357 554 4411 etiam
585 4358 739 4412 varia
768 4358 1038 4414 bellorum
1078 4368 1264 4433 strage
1297 4361 1512 4428 levatis,
1953 4349 2188 4420 ΑΡΡΙίϐῘῐ

1953 4349 2259 4420 Applicitis,
2292 4350 2420 4403 dum
2452 4350 2650 4405 cervici
2694 4350 2904 4406 vibrata
2933 4351 3144 4405 securis

213 4448 400 4517 Atque
436 4448 732 4501 reservatis
762 4448 941 4503 donec
971 4449 1158 4503 divina
1190 4465 1435 4523 propago
1951 4439 2251 4512 Defigenda
2283 4439 2464 4505 micat,
2507 4441 2745 4510 peperit,
2769 4457 2920 4495 sacra
2945 4440 3205 4512 ponderis
3236 4441 3401 4510 hujus

219 4539 551 4593 Emmanuel
577 4541 753 4614 surgit
785 4540 853 4595 de
886 4541 1116 4608 lumine,
1145 4541 1358 4616 virgine
1387 4541 1496 4597 feta
1956 4531 2243 4584 [mmmam
2273 4530 2710 4585 docensarcanis
2745 4531 2983 4605 legibus!
3016 4547 3234 4604 agnam-

217 4631 281 4683 In
316 4646 483 4700 quem
518 4632 834 4702 praecipites
865 4631 1105 4703 lapidem
1135 4633 1415 4688 offendere
1443 4633 1620 4688 ruinae
1653 4651 1668 4700 ;
1954 4621 2122 4685 Quem
2155 4628 2328 4675 male?
2359 4637 2602 4675 renuens
2639 4621 2916 4676 balantem
2978 4637 3278 4696 agnoscere
3325 4626 3566 4690 Parium,

210 4725 459 4796 Surgere
484 4739 588 4778 nec
644 4733 958 4795 properant,
989 4726 1206 4780 veniam
1237 4727 1367 4781 dum
1427 4742 1647 4782 sumere
1677 4727 1850 4782 vitant
1953 4715 2114 4790 Legis
2143 4716 2279 4770 dum
2303 4715 2474 4770 sacris
2499 4716 2654 4789 iuga.
2688 4715 2915 4769 milibus
2935 4714 3131 4769 ἱὲῐηυιδ
3153 4719 3441 4780 monstrat,

210 4813 328 4867 Per
359 4812 594 4866 comites
625 4812 844 4880 Christi,
878 4814 1081 4886 quibus
1112 4815 1346 4889 aliegata
1379 4823 1564 4870 reatus
1951 4809 2026 4860 Ac
2053 4807 2299 4862 trucibus
2323 4807 2548 4878 proprio
2579 4807 2776 4879 gladiis
2797 4807 3055 4878 pellenda
3083 4805 3304 4860 sacello.

206 4901 434 4968 Cessio,
463 4901 668 4957 dilatus
694 4901 807 4958 fere
829 4904 1199 4978 quadraginta
1231 4921 1331 4976 per
1371 4920 1546 4960 annos
1955 4899 2185 4954 Interior
2212 4898 2400 4970 templi
2433 4915 2554 4969 qua:
2594 4896 2926 4969 respiciebat
2956 4897 3126 4953 Eoum

204 4990 486 5045 Vindicta:
516 4991 734 5064 gladius
763 4992 939 5047 venite
969 5001 1284 5064 superesset
1303 5002 1361 5048 ut
1386 5002 1558 5060 actus,
1943 4992 2119 5047 Janua
2145 4992 2272 5047 dote
2303 4991 2508 5064 gravis,
2539 4990 2717 5046 solido
2743 4999 3005 5062 c00perta
3033 4989 3276 5053 metallo,

199 5084 278 5136 At
299 5081 501 5151 pietate
534 5081 629 5135 Dei
655 5090 840 5152 spreta
869 5083 1016 5140 subit
1046 5083 1182 5140 ultio
1211 5085 1418 5159 digna.l
1946 5080 2216 5136 Ponderis
2241 5079 2451 5142 eximii,
2480 5079 2566 5134 bis
2605 5079 2766 5134 denis
2795 5087 2943 5135 mota
2964 5079 3228 5134 ministris

205 5173 590 5228 Praecelerant
623 5181 807 5228 tamen
840 5176 1126 5231 exordium
1161 5186 1417 5248 portenta
1445 5177 1710 5246 futurum,
1947 5175 2074 5240 Quae
2105 5173 2466 5230 claudebatur
2493 5173 2578 5228 vix
2622 5173 3038 5244 impellentibus
3077 5189 3206 5238 aera,

205 5263 611 5336 Prodigiisque
643 5265 788 5319 datis
820 5274 1098 5322 terrentur
1123 5267 1245 5323 luce
1273 5268 1496 5324 minaci.
1861 5270 1922 5340 ι)
1954 5267 2160 5322 Conatu
2193 5281 2408 5322 summo
2435 5265 2726 5336 patefacta.
2761 5265 3062 5322 recluditur
3091 5265 3255 5328 ultro,

203 5355 391 5409 Stella
414 5355 666 5427 quidem,
692 5356 913 5412 frameze
927 5359 1142 5426 similis,
1173 5359 1394 5415 fulsisse
1417 5377 1517 5431 per
1536 5376 1740 5416 annum
1949 5359 2209 5414 Vectibus
2236 5367 2401 5431 atque
2431 5357 2570 5413 seris
2593 5356 2722 5412 ferri
2746 5357 3164 5428 penetrantibus
3179 5354 3290 5410 alte

205 5450 561 5520 Impendens
594 5459 766 5507 totum
789 5454 1071 5510 sceleratae
1103 5455 1331 5511 traditur
1356 5456 1503 5523 urbi,
1949 5451 2088 5506 Dum
2113 5451 2322 5506 munita
2340 5451 2481 5506 foret
2512 5449 2707 5505 mediae
2738 5449 2840 5504 sub
2872 5457 3120 5519 tempore
3152 5447 3343 5502 noctis.

199 5541 612 5614 Pestiferisque
646 5554 827 5600 truces
860 5546 1094 5601 ﬂammis
1124 5548 1323 5603 arsisse
1354 5555 1603 5604 cometae.
1741 5608 1756 5613 _
1948 5545 2195 5618 Postque
2226 5546 2371 5601 diem
2404 5545 2600 5601 festum
2615 5561 2797 5617 -parvo
2825 5545 3075 5601 volvente
3108 5543 3329 5597 dierum

201 5632 472 5704 Dumque
490 5633 574 5688 sui
607 5635 888 5692 celebrare
921 5646 1115 5709 parant
1135 5639 1405 5695 solemnia
1431 5639 1674 5708 Paschte,
1949 5638 2247 5707 Curriculo,
2289 5649 2476 5708 noctu,
2510 5637 2742 5695 necdum
2766 5637 3096 5695 cedentibus
3128 5635 3359 5701 umbris,
