3946 6150
472 239 575 294 511
1233 232 1600 288 FLODOARDI
1645 229 1947 286 CANONICI
1989 229 2322 285 REMENSIS
2365 228 2698 285 OPUSCULA
2737 227 3043 283 METRICA.
3657 238 3743 293 δη

461 365 565 419 Per
591 364 788 419 coelum
819 379 1010 420 currus
1030 364 1356 436 equitesque
1387 363 1573 418 volare
1599 361 1857 417 videntur
1886 381 1902 428 ;
2094 365 2148 432 Α
2170 360 2432 415 Romanis
2464 359 2738 432 siquidem
2763 359 2953 414 turmis
2974 359 3364 432 quassantibus
3395 360 3572 417 urbem

459 452 708 508 Nubibus
736 459 954 508 armatae
983 469 1102 508 sese
1135 453 1444 507 immiscere
1475 453 1750 518 cohortes,
2182 453 2304 508 Non
2345 452 2519 527 magis
2543 453 2785 508 exterius
2810 469 2974 524 quam
3012 453 3411 525 grassatoribus
3437 453 3571 510 intus

464 544 784 619 Agminibus
812 544 1008 600 subitis
1037 543 1452 600 circumdarein
1485 559 1606 598 aere
1629 559 1835 612 muros,
2181 542 2668 608 Interimebantur,
2699 541 2903 615 quibus
2933 542 3065 596 urbs
3094 542 3317 596 addicta
3336 542 3586 610 labescit;

367 653 372 656 ·
462 633 620 688 Festo
649 633 810 688 etiam
845 633 992 690 dicto
1019 635 1088 689 de
1120 633 1524 707 quinquaginta
1567 633 1767 689 diebus
2177 635 2288 690 Nec
2307 635 2564 690 manibus
2596 635 2769 709 magis
2798 635 3035 690 exterius
3059 652 3224 706 quam
3260 651 3448 706 pressa
3471 653 3691 707 suorum,

462 723 608 780 More
637 727 953 782 sacerdotes
974 727 1136 782 solito
1167 725 1404 800 caligine
1437 725 1613 780 noctis
2177 727 2277 792 Qui
2307 727 2484 782 victus
2503 742 2734 798 usquam
2765 726 2813 782 si
2839 727 2972 798 quid
3005 727 3251 784 residere
3277 736 3549 798 repertum

460 813 595 868 Dum
618 816 882 886 templum
908 815 1210 882 introeunt,
1235 816 1498 886 strepitus
1520 831 1743 870 sensere
1770 823 2075 885 sonantes;
2180 819 2457 882 Actutum,
2489 815 2708 870 insidiis
2740 824 3035 886 properant
3055 822 3273 887 raptare
3304 816 3388 870 vel
3423 818 3595 872 armis.

464 908 580 964 Mox
612 909 776 964 etiam
800 911 984 966 subito
1005 927 1170 967 voces
1199 912 1431 966 hausere
1454 911 1735 982 profantes
2181 909 2235 963 Si
2267 908 2574 980 quidquam
2608 907 2804 979 reliqui
2835 906 3315 978 loclupetes'forte
3339 907 3603 975 videntur,

466 998 713 1054 Terribili
747 1002 960 1072 crepitu
991 1019 1003 1055 :
1036 1022 1061 1052 «
1090 1002 1386 1076 Migremus
1415 1002 1644 1056 sedibus
1675 1002 1814 1057 istis.
1838 1023 1863 1054 ι)
2188 997 2426 1052 Crimine
2459 996 2750 1069 transfugii
2784 996 3042 1063 conﬁcto,
3077 1004 3250 1051 morte
3281 1007 3613 1068 premuntur,

465 1091 621 1145 Festo
645 1091 890 1162 postalio
918 1090 1122 1147 virides
1138 1092 1387 1147 habitare
1423 1093 1679 1147 tabernas
2189 1085 2560 1156 Increscitque
2593 1085 2794 1140 malum
2828 1085 2992 1140 simul
3017 1101 3081 1140 ac
3109 1085 3394 1140 temeraria
3419 1085 3570 1140 turba

467 1182 596 1237 Cum
631 1183 847 1238 solitum
879 1201 1056 1260 genus
1087 1185 1190 1240 hoc
1241 1185 1548 1252 hominum,
1583 1184 1808 1256 quidam
1842 1203 1969 1242 ecce
1999 1203 2087 1244 re-
2185 1180 2610 1250 Scrutantesque
2642 1177 2855 1243 domos,
2888 1177 3214 1232 abscondita
3243 1177 3385 1232 farra
3414 1186 3702 1248 capessunt,

1824 1277 2015 1349 [pente
2187 1270 2563 1342 Custodesque
2595 1276 2812 1335 necant,
2845 1269 3005 1341 quasi
3037 1269 3282 1341 reperire
3313 1277 3559 1340 negatur.

463 1361 718 1418 Rusticus
753 1363 1017 1418 exclamat
1048 1362 1278 1419 turbans
1311 1365 1366 1418 in
1407 1382 1543 1436 pace
1572 1367 1792 1439 quietos
1823 1386 1836 1423 :
2186 1365 2451 1418 inventos
2481 1372 2665 1418 tamen
2698 1363 3012 1418 excruciant
3049 1362 3208 1433 quasi
3239 1362 3468 1417 condita
3492 1370 3704 1430 servent,

466 1476 484 1504 ι
524 1455 666 1510 Solis
693 1456 760 1510 ab
789 1473 1017 1531 egressu
1042 1473 1167 1524 vox,
1201 1474 1302 1513 vox
1344 1475 1374 1512 a
1407 1459 1578 1514 limite
1605 1461 1762 1529 solis,
2188 1458 2568 1529 lndiciumque
2609 1456 2719 1512 cibi
2748 1456 2977 1526 capiunt
3006 1455 3133 1527 quia
3159 1455 3345 1509 vivere
3371 1462 3618 1522 cernunt,

459 1544 569 1599 Vox
591 1561 620 1598 a
643 1545 955 1616 quadritido
986 1553 1273 1602 ventorum
1307 1547 1545 1602 turbinis
1575 1558 1697 1603 ortu
1728 1548 1740 1602 ι
2190 1551 2358 1618 Quos,
2390 1549 2651 1604 alimenta
2675 1548 2779 1603 nisi
2807 1555 3074 1620 tegerent,
3109 1547 3340 1618 periisse
3363 1555 3659 1602 retractant.

459 1636 570 1690 Vox
601 1654 767 1708 supra
794 1638 1095 1708 Solymam,
1127 1654 1229 1692 vox
1247 1655 1416 1709 supra
1447 1642 1654 1695 moenia
1677 1643 1868 1714 templi
1902 1661 1915 1707 ;
2189 1644 2307 1698 Jam
2339 1655 2587 1695 marcore
2609 1639 2769 1693 famis
2799 1655 2939 1712 quos
2963 1639 3316 1694 extabescere
3347 1639 3550 1702 visunt,

458 1724 574 1779 Vox
599 1741 763 1796 supra
791 1741 1714 1800 sponsos,sponsasque,superque
1747 1731 2082 1800 popellum.»
2114 1737 2166 1807 Β
2187 1735 2461 1789 Temnuut
2489 1733 2591 1786 hos
2618 1730 2792 1786 nitido
2821 1731 3096 1801 perituros
3120 1747 3254 1785 ense
3285 1730 3476 1785 ferire.

459 1819 596 1873 Ante
627 1836 831 1874 annum
858 1820 988 1874 belli
1014 1831 1270 1892 quartum
1299 1821 1394 1893 qui
1423 1829 1585 1878 nocte
1624 1824 1832 1895 dieque
2189 1824 2342 1879 Multi
2374 1822 2603 1878 secretis
2623 1837 2746 1876 sese
2779 1820 3156 1892 penetralibus
3189 1821 3402 1876 addunt

462 1907 700 1963 Sedulus
727 1909 825 1962 has
856 1924 1050 1964 omnes
1067 1917 1318 1984 peragrat
1344 1927 1466 1964 cum
1489 1927 1624 1966 voce
1639 1913 1869 1984 plateas,
2191 1912 2380 1967 Omnis
2405 1928 2527 1967 cum
2557 1911 2778 1982 proprio
2805 1911 3117 1981 superantis
3145 1911 3378 1983 pignore
3411 1910 3604 1967 victus.

466 1998 656 2054 Omnia
680 2001 940 2070 primates
968 2001 1197 2074 indigne
1234 2001 1471 2057 infausta
1493 2001 1733 2058 ferentes
2193 2001 2420 2067 Quidam
2449 2001 2613 2056 etiam
2647 2000 2844 2055 crudus
2870 2000 3114 2074 gaudent
3144 2001 3440 2055 absumere
3472 1999 3679 2073 fruges:

465 2091 783 2162 Correptum
819 2093 1082 2161 juvenem
1117 2093 1284 2148 multa
1316 2093 1494 2150 vibice
1526 2095 1825 2170 ﬂagellant,
2194 2097 2422 2169 Ignibus
2458 2094 2744 2166 abripiunt
2771 2093 2864 2148 alii
2889 2093 3030 2147 male
3061 2101 3200 2149 tosta
3227 2100 3508 2148 vorantes.

464 2183 560 2237 llle
587 2183 725 2238 nihil
751 2199 849 2254 pro
883 2201 942 2238 se
974 2185 1234 2251 reddens,
1267 2186 1367 2240 has
1398 2186 1565 2241 edere
1596 2202 1762 2242 voces
2190 2190 2299 2244 Nec
2330 2195 2511 2242 tamen
2538 2188 2658 2242 haec
2695 2186 2796 2242 tuti
2826 2186 2973 2240 bello
3007 2185 3272 2240 interiore
3299 2176 3574 2249 carentes,

461 2273 578 2328 Non
609 2281 789 2329 cessat
816 2317 830 2341 ,
874 2289 1035 2345 quem
1068 2275 1300 2329 Romani
1327 2275 1379 2329 vi
1421 2275 1664 2334 numinis
1692 2282 1874 2330 actum
2161 2307 2164 2310 ~
2191 2282 2374 2336 Mutua
2406 2281 2535 2334 dum
2564 2279 2791 2334 modicae
2823 2277 3046 2332 sibimet
3075 2276 3384 2332 retinacula
3412 2277 3537 2333 vita:

465 2366 783 2434 Cernentes,
816 2367 1083 2442 subigunt
1110 2369 1326 2425 censori
1355 2388 1367 2423 :
1401 2370 1622 2426 attritus
1652 2370 1721 2425 ab
1755 2371 1876 2443 ipso
2196 2371 2379 2442 Usque
2410 2369 2660 2424 adimunt
2691 2367 3147 2440 patribusgeniti,
3176 2367 3498 2440 genitisque
3527 2373 3765 2440 parentes;

465 2457 706 2512 Verbere
733 2457 968 2522 crudeli,
991 2456 1179 2532 ﬂagris
1212 2458 1457 2512 sulcatur
1485 2457 1553 2512 ad
1581 2474 1706 2514 ossa
1737 2477 1752 2525 ;
2197 2465 2427 2517 Arrosus
2467 2460 2652 2515 subito
2684 2460 2896 2530 rapitur
2912 2459 3068 2514 cibus
3090 2474 3185 2514 ore
3220 2465 3477 2529 paterno,

467 2548 577 2603 Nec
598 2548 868 2620 lacrymas
899 2547 1038 2602 fudit
1061 2548 1429 2620 precibusque
1449 2564 1651 2603 serena
1677 2548 1889 2622 rogavit
1921 2566 1936 2614 ;
2195 2554 2467 2610 Morsibus
2497 2553 2691 2608 attrita:
2721 2560 3012 2626 gnatorum
3045 2551 3308 2606 dentibus
3335 2567 3499 2608 escae.

470 2637 609 2701 Quin
639 2654 803 2693 voces
839 2638 988 2708 ipsas
1015 2637 1362 2710 pensingula
1383 2637 1612 2692 verbera
1643 2654 1927 2708 promens,
2195 2647 2306 2704 Sed
2337 2663 2518 2718 neque
2560 2645 2854 2716 przedones
2886 2644 3020 2699 istos
3050 2643 3236 2697 edisse
3267 2643 3478 2698 latebat

470 2730 731 2804 Adjungit
763 2747 776 2783 :
805 2754 830 2777 «κ
867 2730 952 2784 Vw
989 2728 1000 2784 ι
1031 2746 1111 2785 va:
1143 2729 1377 2802 Solymze
1400 2728 1412 2782 Ι
1439 2755 1460 2777 υ
1483 2730 1748 2806 plangore
1779 2731 2019 2787 misello.
2196 2736 2407 2791 Indicio
2440 2741 2684 2806 sumpto,
2716 2749 2844 2789 mox
2871 2733 3017 2787 ostia
3047 2732 3234 2786 clausa
3270 2732 3550 2798 videntes,

473 2821 624 2876 Hunc
665 2820 866 2875 virtute
887 2837 987 2875 sua
1018 2821 1241 2875 mittens
1270 2837 1484 2889 curare,
1517 2821 1789 2877 furentem
2195 2828 2622 2900 Praacipitesque
2672 2836 2859 2895 ruunt,
2917 2833 3286 2898 revocantque
3317 2841 3348 2878 a
3387 2824 3634 2880 faucibus
3656 2837 3780 2877 escas

471 2912 623 2968 llicet
655 2911 966 2983 insequitur
997 2913 1187 2984 plebes
1216 2913 1484 2969 scelerata
1511 2913 1768 2969 furendo.
2194 2917 2634 2988 Verberibusque
2667 2931 2830 2970 senes
2861 2915 3146 2990 subigunt,
3170 2922 3495 2986 matresque
3522 2914 3780 2985 prehensas

470 3003 725 3074 Appliciti
755 3004 923 3059 sacris
952 3005 1176 3076 capiunt
1205 3021 1332 3059 nam
1355 3005 1559 3060 famina
1588 3005 1746 3061 libris
2137 3071 2171 3078 _
2195 3011 2360 3066 Passo
2389 3011 2542 3065 crine
2571 3009 2816 3076 trahunt,
2841 3008 3115 3063 haerentes
3142 3006 3302 3078 panis
3327 3005 3514 3061 ofellae
3544 3022 3558 3060 :

472 3071 656 3150 Ortum
687 3102 853 3169 gente
883 3071 1133 3162 sua,-rex
1164 3096 1258 3167 qui
1289 3096 1525 3168 imperet
1550 3097 1672 3153 orbi
1707 3115 1721 3163 ;
2124 3071 2175 3140 δ
2197 3103 2417 3158 Elidunt
2452 3117 2654 3172 pueros
2681 3071 2817 3155 nulli
2857 3071 3156 3156 miseratio'
3179 3098 3372 3154 fertur.

475 3187 627 3251 Quod
659 3187 788 3242 dum
822 3188 1135 3259 despiciunt
1172 3204 1498 3244 concessum
1528 3190 1756 3245 credere
1785 3189 2020 3260 Christo,
2197 3193 2344 3258 Quos
2370 3207 2501 3246 vero
2541 3190 2916 3261 absumpsisse
2947 3189 3102 3244 cibos
3120 3187 3427 3242 sentiscere
3455 3185 3672 3258 quibant

475 3280 658 3352 Sequo
686 3279 878 3355 legunt
906 3280 1024 3335 tieri
1057 3288 1311 3336 auctores
1334 3290 1440 3338 tam
1469 3283 1736 3358 regminis
1766 3284 1883 3351 alti,
2195 3289 2304 3344 Hos
2325 3296 2514 3344 contra
2543 3286 2781 3342 truciore
2819 3285 2907 3340 via
2934 3285 3126 3339 sgevire
3153 3283 3394 3353 juvabat
3427 3300 3440 3336 :

475 3371 629 3427 Unde
658 3373 996 3429 vocabantur
1023 3390 1206 3429 veram
1235 3377 1633 3446 comprendere
1663 3379 1851 3446 vitam,
2191 3382 2435 3453 Namque
2465 3379 2807 3434 verecundas
2846 3376 3284 3433 obturantobice
3312 3385 3524 3448 portas,

476 3462 596 3517 lrde
628 3469 796 3517 ruunt
835 3462 1131 3538 dignzeque
1163 3473 1357 3534 petunt
1384 3466 1616 3538 vestigia
1641 3468 1854 3523 mortis.
2197 3470 2568 3540 Secessusque
2593 3467 2699 3522 alvi
2730 3465 2966 3521 sudibus
2997 3467 3348 3522 terebrantur
3379 3465 3576 3531 acutis,

476 3554 549 3606 Ac
571 3551 826 3607 dominos
853 3560 1044 3608 contra
1073 3568 1304 3624 quorum
1335 3554 1643 3609 munimine
1671 3557 1771 3612 tuti
2195 3559 2262 3614 Ut
2294 3573 2490 3629 panem
2512 3557 2732 3612 miseris
2755 3564 3010 3628 promant
3038 3555 3404 3626 ciathumque
3435 3553 3642 3610 farinae.

474 3641 602 3696 Esse
631 3640 963 3697 videbantur
992 3641 1148 3696 furiis
1179 3651 1451 3716 coguntur
1478 3644 1530 3698 in
1563 3659 1746 3711 enses,
2198 3649 2526 3721 Dispereuut
2563 3648 2730 3714 cives,
2762 3652 3024 3716 superant
3053 3644 3419 3716 praedonibus
3452 3657 3632 3705 escae;

479 3735 538 3790 Et
585 3735 681 3808 qui
735 3736 1012 3794 ccelrstem
1068 3737 1359 3794 Dominum
1394 3738 1752 3816 impugnasse
1793 3741 2098 3811 probantur
2199 3739 2566 3810 Esuriensque
2597 3737 2764 3792 miser
2801 3743 2985 3790 saturo
3012 3741 3217 3790 tortore
3240 3740 3478 3788 necatus
3511 3747 3527 3784 :

475 3829 804 3904 Terrigenas
830 3831 1086 3889 dominos
1117 3833 1281 3888 simul
1305 3849 1622 3909 expugnare
1654 3835 1924 3891 laborant.
2199 3831 2266 3887 Et
2292 3831 2488 3886 merito
2519 3829 2686 3901 positi
2712 3844 2928 3883 summo
2952 3827 3008 3882 in
3047 3824 3377 3881 discrimine
3403 3822 3540 3879 letbi

477 3917 632 3974 Unde
660 3920 840 3975 modis
867 3921 1050 3990 variis,
1083 3921 1335 3994 cceloque
1361 3923 1591 3994 soloque
1614 3931 1898 3994 petuntur,
2200 3923 2462 3977 Latrones
2486 3920 2722 3976 tolerant
2742 3918 2836 3990 qui
2865 3919 3123 3992 delegere
3152 3917 3426 3971 latronem
3460 3913 3620 3984 (152}.

479 4008 583 4063 Sed
614 4008 787 4082 signis
810 4011 963 4080 prius
995 4011 1236 4065 ostensis
1267 4011 1394 4082 quis
1415 4028 1579 4066 saxea
1609 4021 1838 4082 possent
2198 4011 2457 4082 Ereptant
2485 4008 2653 4080 aliqui
2686 4007 2931 4074 frutices,
2952 4006 3264 4076 herbasque
3288 4003 3538 4078 legendo

481 4101 738 4172 Deposito
769 4102 993 4156 tandem
1026 4103 1350 4157 mollescere
1381 4103 1549 4157 corda
1579 4104 1759 4174 rigore
1795 4122 1808 4158 ε
2197 4104 2499 4159 Occurrunt
2527 4101 2684 4174 queis
2719 4099 2946 4155 hostiles
2977 4098 3181 4171 fugisse
3214 4103 3446 4151 catenas

482 4191 676 4246 Durior
713 4193 930 4246 atsaxis
955 4209 1192 4264 propere
1217 4193 1485 4248 tradenda
1514 4195 1786 4264 supremis
2199 4194 2508 4266 Contigerat
2540 4210 2553 4258 ;
2585 4191 2830 4247 fomenta
2860 4205 3026 4244 manu
3058 4188 3291 4243 collecta
3323 4184 3625 4250 revellunt,

481 4283 792 4337 lncorrecta
823 4284 984 4338 molis
1011 4284 1252 4338 dirorum
1280 4301 1436 4339 mens
1468 4284 1580 4339 fera
1610 4286 1830 4341 mansit.
2199 4284 2278 4338 Nil
2311 4283 2546 4352 adjurati
2571 4281 2810 4337 reddunt
2839 4297 2936 4352 pro
2971 4293 3199 4334 munere
3230 4291 3457 4332 summo
3488 4294 3500 4330 :

482 4372 676 4428 Christi
709 4382 888 4429 autem
920 4375 1109 4430 famuli
1133 4376 1366 4447 Solymre
1385 4377 1478 4448 qui
1512 4384 1731 4449 tempus
1757 4378 1813 4432 in
1846 4378 2024 4450 ipsum
2117 4422 2175 4450 ῃ
2202 4373 2260 4426 Id
2290 4379 2547 4444 reputant
2586 4372 2820 4426 miseros
2852 4371 3078 4440 impune
3109 4377 3168 4422 ut
3208 4383 3447 4442 pergere
3478 4363 3709 4424 mittant.

491 4422 676 4428 πη---
710 4422 888 4429 πη--.
920 4422 1109 4430 ._...,.-
1133 4422 1365 4447 -ν.,,....ν
1387 4422 1478 4448 νιν.
1515 4422 1620 4431 ω...
1671 4422 1731 4433 ..υ
1846 4422 1860 4433 .
1906 4422 2024 4434 νη...
2202 4422 2260 4426 --
2290 4422 2546 4444 "rm—ﬂ-
2978 4422 2988 4423 κ
3060 4422 3071 4424 ε
3208 4422 3222 4438 ι
3307 4422 3342 4442 υ

486 4462 855 4518 Restituerant
884 4463 1101 4527 moniti,
1135 4480 1166 4518 a
1193 4465 1423 4521 Domino
1456 4422 1718 4536 responsa
1747 4422 2029 4540 recerptant
2117 4422 2176 4491 D
2201 4462 2376 4532 Inque
2405 4460 2533 4532 fuga
2552 4476 2621 4514 ne
2652 4458 2789 4514 forte
2823 4459 2972 4513 100115
2999 4466 3166 4529 queat
3186 4471 3307 4510 0550
3336 4453 3562 4520 salutis.

486 4553 702 4626 Egressi
736 4570 860 4610 mox
901 4556 1037 4610 urbe
1065 4572 1178 4620 rea,
1199 4556 1459 4612 Jordanis
1484 4557 1717 4612 etundis
2201 4550 2495 4607 Inveniunt
2525 4551 2710 4604 hostes
2741 4563 2995 4602 nummos
3026 4546 3128 4601 sub
3161 4545 3410 4620 tegmine
3439 4541 3702 4616 quosdam

481 4645 855 4716 Transmissis,
879 4654 1057 4704 castro
1083 4649 1347 4704 secedunt
1370 4650 1517 4704 Pella
1539 4657 1748 4706 vocato.
2198 4643 2516 4712 Deportare,
2534 4641 2746 4712 aliquot
2775 4656 2964 4694 aurum
2996 4637 3226 4711 glutisse
3258 4635 3622 4707 prehendunt

481 4737 703 4794 Eductis
726 4757 870 4797 saevo
897 4742 1088 4797 mortis
1115 4741 1433 4797 discrimine
1464 4741 1692 4808 sanctis,
2199 4733 2535 4790 Obtruncant
2556 4733 2719 4805 igitur
2749 4747 3068 4806 progressos
3096 4727 3378 4785 mmnibus
3417 4740 3620 4783 omnes

484 4827 735 4900 Undique
763 4830 934 4885 multa
963 4836 1222 4901 premunt
1249 4830 1573 4885 sceleratam
1627 4828 1879 4885 cladibus
1905 4831 2096 4887 urbem
2199 4827 2445 4882 Parcitur
2473 4825 2619 4881 haud
2647 4825 2764 4895 ulli,
2797 4825 3009 4880 loculus
3041 4823 3170 4878 dum
3195 4822 3444 4877 creditur
3473 4821 3615 4876 auri.

485 4921 637 4994 Igne,
679 4920 842 4990 fame,
873 4922 1079 4997 gladio,
1113 4922 1437 4988 latronibus,
1470 4921 1765 4976 obsidione
1795 4941 1812 4976 :
2271 4922 2362 4977 Ast
2388 4921 2483 4975 ubi
2516 4919 2760 4995 perfugis
2791 4920 3119 4990 restatﬁspes
3147 4916 3298 4972 nulla
3323 4915 3548 4978 salutis,

485 5010 679 5066 Omnia
697 5013 810 5082 jam
841 5013 1000 5082 cujus
1032 5013 1240 5086 pariter
1260 5013 1504 5084 peritura
1542 5013 1801 5068 videntur
2202 5014 2345 5066 Intra
2369 5021 2526 5083 septa
2556 5011 2729 5065 fames
2759 5024 3086 5065 excrescens
3106 5014 3306 5063 cuncta
3327 5006 3586 5070 tenebat,

485 5102 694 5174 Inclyta
716 5120 840 5158 cum
871 5103 1073 5173 templo
1093 5101 1241 5174 quod
1272 5112 1329 5156 et
1367 5102 1674 5157 exsecratio
1703 5101 1849 5158 fmda
2199 5102 2425 5156 Omnem
2453 5101 2744 5156 devastans
2775 5096 3253 5163 urbem,vivcntia
3282 5105 3575 5160 sternens,

487 5190 781 5256 Polluerat,
813 5190 984 5246 sacris
1013 5193 1141 5246 olim
1177 5190 1439 5261 prazdicta
1470 5189 1772 5261 prophetis.
2200 5191 2338 5246 Fusa
2361 5191 2548 5259 jacent
2580 5189 2706 5243 imis
2729 5186 3106 5258 penetralibus
3148 5184 3335 5239 abdita
3363 5183 3630 5238 claustris

485 5275 670 5331 Patres
698 5293 820 5332 cum
852 5277 1076 5352 genitis,
1095 5293 1292 5332 uxores
1321 5293 1555 5349 cumque
1573 5277 1786 5332 maritis
2205 5283 2446 5339 Feminei
2477 5298 2637 5337 sexus
2664 5280 2827 5335 simul
2862 5287 2914 5334 et
2945 5278 3178 5350 puerilia
3197 5276 3472 5344 membra,

486 5368 951 5439 Dispcmumsine
983 5369 1114 5436 ﬁne,
1149 5370 1273 5424 mali
1306 5369 1564 5425 discretio
1595 5371 1763 5436 “una.
2205 5377 2264 5430 ln
2287 5373 2592 5443 mediisque
2624 5370 2764 5425 fame
2791 5369 3070 5424 seniorum
3102 5367 3392 5436 absumpta
3407 5362 3615 5435 plateis
3649 5378 3660 5412 :

485 5462 671 5516 Parvis
702 5478 765 5516 ac
794 5461 1044 5528 senibus,
1077 5461 1262 5531 pueris
1290 5461 1565 5515 miseratio
1585 5461 1757 5526 nulla,
2204 5472 2266 5522 Αι
2285 5467 2522 5536 juvenes
2544 5463 2834 5534 omnisque
2861 5461 3034 5516 virum
3068 5459 3349 5514 robustior
3376 5463 3518 5509 setas

488 5559 645 5614 Nulla
676 5560 952 5614 senectuti
989 5577 1000 5613 :
1033 5573 1324 5614 numerum
1355 5563 1708 5630 superaverat
1731 5571 1911 5612 orcus.
2209 5557 2271 5613 U1
2302 5555 2593 5610 simulacra
2613 5552 2712 5610 viis
2742 5549 3010 5624 pallentes
3040 5548 3298 5604 omnibus
3324 5552 3518 5601 errant
3553 5560 3565 5594 :

563 5709 704 5781 (152)
733 5712 1036 5768 Barabbam
1059 5709 1292 5777 scilicet,
