3960 6160
165 288 270 346 513

167 429 227 482 Et
256 440 591 499 quocunque
617 425 723 480 loci
752 441 1001 498 gressum
1033 424 1140 480 sibi
1178 425 1352 496 pestis
1377 425 1610 482 ademit.

168 515 328 570 Clade
362 520 547 578 ruunt,
576 527 808 584 quorum
839 513 1078 583 sepelire
1111 512 1381 568 cadavera
1420 513 1649 570 morbus

167 606 240 659 Ac
300 619 564 658 numerus
620 601 940 672 prohibent.
983 601 1212 667 Quidam
1275 617 1444 672 super
1498 609 1653 656 antra
1699 618 1794 658 se-

1525 695 1720 766 [pulcri

171 791 438 846 Emittunt
466 791 699 857 animas,
730 788 872 844 alios
899 787 1140 859 sepelire
1161 794 1436 858 parantes.

170 887 459 958 Exspirant
491 886 584 941 alii
615 884 779 940 fantis
812 883 900 955 [f.,
944 883 1143 953 fantes[
1174 883 1305 937 dum
1334 881 1530 938 funera
1563 883 1795 950 ducunt,

173 974 282 1029 Nec
302 973 528 1028 tumulis
548 972 685 1028 alios
712 972 864 1038 dant,
891 972 1361 1038 nec_tumulantur
1385 971 1454 1026 ab
1484 971 1617 1028 ullo.

170 1065 280 1121 Nec
310 1067 383 1122 de
412 1073 588 1121 morte
616 1072 775 1121 sonat
800 1065 1073 1136 planctus,
1105 1080 1230 1118 nam
1264 1064 1508 1119 vindicat
1528 1080 1692 1119 omne

172 1157 266 1212 Jus
293 1155 405 1210 sibi
436 1154 739 1227 pernicies:
767 1155 945 1210 oculis
971 1170 1192 1226 quoque
1226 1155 1466 1225 dempsit
1491 1153 1795 1210 humorem.

175 1248 552 1304 Subdiderant
574 1246 769 1302 urbem
796 1247 909 1314 jam
949 1252 1102 1302 vasta
1140 1247 1362 1302 silentia
1388 1253 1576 1313 totam,

176 1340 352 1408 Atque
379 1336 485 1392 loci
513 1335 709 1390 faciem
741 1335 937 1390 mortis
968 1341 1288 1390 contexerat
1317 1334 1510 1390 umbra
1535 1353 1550 1401 ;

179 1425 302 1480 Sola
334 1424 486 1497 viget
513 1424 736 1498 gravior
757 1423 938 1494 poenis
968 1439 1167 1477 manus
1197 1423 1461 1478 omnibus
1480 1422 1600 1478 istis

180 1516 533 1580 Praedonum,
565 1522 690 1585 post
719 1523 917 1570 cuncta
950 1514 1116 1569 etiam
1146 1514 1383 1584 spoliare
1413 1513 1663 1584 sepulcra

181 1608 278 1672 Qui
313 1608 526 1662 licitum
549 1607 781 1672 ducunt,
815 1605 1125 1680 gladiisque
1156 1606 1422 1661 cadavera
1446 1611 1736 1672 truncant;

183 1698 473 1768 Spirantes
502 1696 800 1767 perimunt,
841 1697 1104 1767 solosque
1132 1695 1296 1751 ferire
1326 1707 1603 1760 recusant,

183 1787 510 1841 Semineces
542 1784 711 1839 tensis
750 1785 1076 1856 periniqnos
1117 1800 1346 1855 poscere
1378 1784 1606 1852 dextris,

185 1875 563 1946 Optantcsque
586 1873 775 1928 vident
798 1888 1060 1944 supremo
1081 1872 1270 1928 fenore
1290 1872 1513 1928 ferrum.

184 1971 440 2025 Fetorem
472 1967 725 2035 cumjam
748 1975 1034 2039 nequeunt
1063 1967 1299 2023 tolerare
1331 1967 1612 2042 nigrorum
1631 1965 1803 2038 (153),

185 2058 481 2115 Communi
505 2057 766 2112 mandant
792 2061 948 2111 terrae
976 2057 1107 2112 dare
1141 2071 1372 2127 corpora
1403 2063 1626 2127 sumptu

183 2153 327 2222 (ιδι)
352 2151 590 2205 Vincere
619 2165 743 2206 mox
773 2149 949 2222 surgit
974 2148 1308 2204 morientum
1332 2147 1493 2218 capia
1509 2155 1808 2219 sumptum.

189 2249 434 2318 Corpora
462 2245 806 2316 praecipitant
834 2244 1030 2312 muris,
1060 2243 1187 2300 valli
1219 2249 1372 2298 antra
1403 2243 1704 2315 replentur.

258 2337 601 2393 Circumiens
628 2337 797 2402 Titus,
831 2351 1176 2407 cernensque
1201 2335 1466 2390 cadavere
1496 2335 1722 2390 ductum

185 2431 435 2486 Circuitu
462 2428 674 2501 appleri
701 2428 932 2495 fossum,
968 2428 1204 2499 tabeque
1234 2427 1398 2501 rigari

185 2520 436 2574 Humano
468 2526 692 2584 terram,
726 2517 963 2589 gemitus
981 2533 1106 2572 cum
1137 2531 1270 2571 voce
1297 2515 1534 2571 tetendit

184 2611 259 2665 Ad
288 2611 498 2668 calum
525 2610 755 2682 palmas,
789 2615 980 2664 testem
1003 2617 1162 2664 vocat
1185 2615 1328 2664 astra
1355 2616 1672 2682 regentem;

182 2704 298 2759 Neu
323 2720 470 2775 opus
495 2719 620 2758 esse
644 2718 827 2770 suum,
859 2703 1029 2756 multa
1057 2717 1168 2756 non
1194 2700 1424 2756 crimine
1454 2700 1509 2754 in
1534 2700 1670 2755 istis.

186 2795 384 2849 Omnia
415 2793 604 2848 feralis
634 2793 815 2849 rabies
843 2791 1115 2847 suadebat
1150 2792 1205 2846 in
1248 2807 1426 2846 escam
1452 2808 1465 2845 :

185 2885 310 2939 Haec
331 2884 502 2938 etiam
531 2900 763 2955 quorum
794 2883 982 2938 multis
1010 2882 1344 2936 animalibus
1376 2897 1533 2937 esum

186 2978 468 3034 Vescendi
500 2993 788 3034 removens
819 2977 1036 3033 libitum
1069 2985 1264 3032 natura
1293 2976 1534 3051 negavit,

187 3073 456 3129 Mandere
487 3088 605 3140 eos,
629 3088 815 3129 mores
842 3088 1129 3144 superans,
1161 3071 1380 3127 fortuna
1406 3086 1546 3145 coeg

183 3163 296 3220 Nec
320 3163 461 3219 loris
492 3162 736 3230 tandem,
771 3161 990 3236 cinglis,
1021 3161 1106 3216 vel
1147 3160 1536 3216 calceamentis

180 3260 561 3326 Abstinuere;
591 3259 740 3316 iores
765 3258 1026 3330 equidem
1054 3257 1331 3313 velamine
1353 3257 1566 3312 nudant
1590 3298 1604 3324 ,

186 3355 464 3411 Dentibus
493 3355 546 3408 hi
579 3355 846 3430 subigunt
869 3352 981 3409 feni
1021 3359 1321 3408 stramenta
1349 3351 1578 3418 vetusti;

187 3447 292 3503 Ore
323 3454 518 3502 terunt
541 3446 766 3518 quidam
805 3445 961 3501 vacui
986 3444 1276 3500 molimine
1299 3444 1538 3507 ventris;

188 3536 436 3592 Sordida
468 3535 783 3608 quisquiliis
812 3537 978 3592 etiam
1008 3535 1362 3610 spurgamina
1393 3535 1661 3590 vendunt.

187 3629 453 3699 Insuper,
483 3627 818 3683 horrendum
849 3626 1035 3684 dictu!
1071 3627 1422 3700 reprobabile
1451 3628 1685 3695 cunctis,

188 3719 513 3774 Admissum
545 3717 760 3776 facinus
788 3718 976 3786 caedis,
1009 3718 1368 3790 colubrisque
1398 3717 1662 3790 ferisque,

673 285 756 340 DE
792 283 1165 340 TRIUMPHIS
1215 283 1474 340 CHRISTI
1517 284 1595 340 ET
1635 285 1732 342 SS.
1773 283 2175 340 PALA‘ISTINIE
2214 283 2389 339 LIBRI
2428 283 2612 339 TRES.
2648 315 2717 324 —
2758 283 2884 339 LIB.
2929 284 2993 338 Il.

3403 286 3510 341 514

1817 431 1868 497 Α
1893 423 2116 479 Inlamis
2138 423 2342 478 mulier
2374 429 2564 494 partus
2600 429 2660 478 ut
2688 423 3190 489 membravorarit,

1891 513 2112 568 Viscera
2132 511 2440 567 visceribus
2461 511 2700 582 propriis
2716 518 2770 566 et
2800 512 3021 582 propria
3052 513 3300 567 condens

1964 602 2059 656 His
2083 601 2265 656 attrita
2288 600 2446 654 malis
2467 600 2687 654 tandem
2715 600 2929 670 capitur
2950 601 3218 655 scelerata
3238 641 3251 655 .

1895 693 2054 761 Urbs,
2087 693 2436 764 ﬂammisque
2460 692 2619 746 datur
2638 691 2817 762 pcenis
2838 691 3129 747 ultricibus
3157 699 3296 748 acta.

1897 789 2111 861 Quique
2140 789 2436 844 salutarem
2466 786 2758 843 Dominum
2787 788 2994 842 violare
3023 795 3249 843 cruenta

1899 877 2306 948 Presumpsere
2330 892 2516 942 manu,
2541 875 2763 930 Paschae
2780 875 2910 930 dum
2938 877 3077 931 festa
3103 881 3374 943 teruntur,

1901 965 2128 1021 Carcere
2159 982 2260 1022 ceu
2283 966 2527 1038 quodam
2557 964 2744 1019 ultrici
2765 964 2968 1020 virtute
2992 965 3191 1031 coacti,

1903 1061 2094 1137 Regno
2119 1063 2294 1128 omni,
2335 1068 2573 1132 pereunt
2594 1060 2815 1116 Paschae
2845 1060 2975 1114 dum
3007 1059 3144 1114 festa
3175 1059 3446 1115 coluntur.

1900 1153 2106 1209 Tricies
2145 1153 2362 1209 illorum
2399 1151 2697 1224 perhibent
2735 1160 2969 1208 centena
2999 1150 3170 1207 fuisse

1901 1246 2088 1314 Millia,
2120 1263 2352 1319 quorum
2383 1246 2681 1316 absumpta
2712 1245 2855 1299 fame
2883 1245 3178 1318 gladioque
3201 1243 3418 1299 furento

1904 1338 2178 1394 Undecies
2209 1346 2431 1394 centum
2463 1337 2790 1392 miserorum
2824 1337 2994 1391 millia
3027 1336 3268 1391 tradunt.

1906 1430 2042 1487 Hinc
2067 1439 2411 1504 grassatores
2441 1429 2651 1484 alterna
2677 1429 2828 1484 caede
2857 1438 3143 1484 necantur.

1907 1523 2076 1578 Electi
2095 1524 2331 1592 juvenes
2358 1541 2580 1579 currum
2612 1523 2815 1594 stipare
2836 1520 3102 1592 triumphi

1912 1613 2196 1666 Ducuntur
2217 1612 2385 1682 patris
2415 1620 2470 1667 et
2495 1612 2687 1687 geniti.
2737 1611 2830 1682 qui
2869 1610 3088 1666 vindice
3118 1608 3279 1664 ccelo.

1913 1700 2210 1771 Tempores
2249 1701 2423 1756 Patris
2453 1709 2508 1756 et
2538 1700 2716 1755 Geniti
2747 1710 2986 1754 stravere
3010 1697 3294 1769 profanos.

1914 1790 2025 1846 Nec
2038 1791 2310 1861 reperitur
2331 1791 2397 1845 ad
2431 1791 2484 1845 id
2519 1798 2735 1860 tempus
2755 1789 2924 1844 decus
2952 1804 3128 1860 usque
3157 1788 3421 1858 triumphi

1905 1884 2118 1951 Nobile,
2153 1892 2268 1938 tum
2291 1893 2446 1954 pater
2476 1889 2529 1938 et
2557 1891 2755 1956 gnatus
2784 1881 2945 1937 simul
2978 1881 3116 1936 urbe
3145 1881 3354 1951 recepti

1907 1975 2044 2029 Sunt
2067 1991 2290 2046 unoque
2321 1974 2710 2045 triumphantis
2738 1974 3045 2047 gestamine
3071 1989 3287 2039 currus,

1908 2064 2102 2120 Chrisii
2132 2072 2189 2119 ut
2218 2065 2474 2120 vindicta:
2505 2065 2676 2120 decus
2705 2065 2811 2119 hoc
2839 2071 3066 2119 ornetur
3091 2065 3322 2120 honore.

1911 2153 2110 2222 Judaei,
2144 2154 2309 2209 variis
2340 2163 2452 2208 tum
2493 2153 2904 2209 conditionibus
2931 2154 3061 2220 acti,

1913 2243 2240 2298 Subduntur
2265 2261 2278 2298 :
2312 2243 2512 2315 reliqui
2540 2243 2696 2299 multi
2717 2243 2922 2298 servire
2943 2243 3179 2298 metallis

1916 2335 2154 2402 Addicti,
2175 2335 2350 2390 rietus
2390 2335 2483 2389 alii
2512 2342 2759 2392 saturare
2789 2334 3050 2399 ferarum,

1915 2426 2175 2482 Nonnulli
2201 2427 2564 2500 gladiatorum
2595 2442 2856 2481 mucrone
2889 2427 3068 2496 perire
3096 2443 3110 2480 :

1916 2519 2246 2573 Venduntur
2272 2519 2480 2590 plures,
2512 2517 2670 2589 pueri
2713 2517 3123 2589 imberbesque,
3154 2516 3240 2572 vel
3268 2531 3465 2572 omnes

1919 2614 2151 2670 Octavus
2191 2615 2440 2669 decimus
2468 2629 2609 2685 quos
2634 2629 2746 2668 non
2779 2619 3072 2684 exceperat
3088 2628 3288 2668 annus.

1920 2706 2272 2778 Diversisque
2295 2705 2522 2780 relegati
2541 2704 2861 2777 regionibus
2889 2705 3038 2760 orbis

1920 2801 2182 2856 Omnibvs
2208 2801 2510 2857 ostendunt
2541 2799 2762 2872 populis
2792 2815 2955 2871 quam
2987 2814 3185 2874 magne
3207 2798 3371 2870 piacli

1921 2893 2175 2949 Pondera
2202 2893 2469 2965 patrarint
2492 2892 2692 2963 pariter
2718 2892 3014 2946 meruisset
3044 2899 3104 2946 ut
3132 2890 3314 2946 omnis

1922 2982 2208 3057 Exstingui
2235 2982 2496 3053 populus,
2521 2999 2659 3056 gens
2689 2990 2744 3036 et
2765 2987 2874 3036 tam
2896 2997 3093 3056 magna
3121 2981 3340 3051 perire;

1923 3071 2190 3142 Reliquiae
2221 3071 2410 3137 vendi,
2448 3071 2643 3125 mundi
2678 3086 2777 3140 per
2809 3070 3028 3125 climata
3053 3067 3261 3143 spargi.

1920 3166 2183 3241 Angelico
2216 3166 2458 3238 denique
2489 3181 2684 3222 carens
2705 3166 2973 3220 tutamine
3005 3164 3274 3235 templum

1923 3258 2205 3323 Polluitur,
2239 3258 2502 3330 quatitur,
2529 3264 2771 3314 vastatur
2799 3265 2856 3312 et
2885 3258 3010 3330 igne
3033 3263 3330 3312 crematur.

1923 3345 2116 3402 Sermo
2149 3347 2241 3401 Dei
2268 3363 2438 3417 super
2477 3347 2582 3402 hoc
2601 3347 2778 3402 dictus
2806 3345 3117 3415 completur
3145 3353 3201 3398 et
3221 3341 3404 3399 omnis

1924 3440 2119 3496 Divino
2141 3441 2407 3496 Dominus
2425 3441 2589 3496 Jesus
2617 3457 2782 3512 quem
2812 3439 3015 3494 tamine
3055 3439 3344 3509 prompsit.

1853 3494 1903 3563 Ο
1929 3532 2065 3586 Dum
2094 3531 2323 3588 sceleris
2342 3531 2543 3586 merito
2575 3494 2872 3602 perituram
2900 3494 3186 3604 plangeret
3211 3494 3406 3583 urbem
3430 3544 3444 3580 :

1932 3625 2178 3681 Ecclesia
2207 3624 2410 3681 Christi
2443 3625 2590 3680 clare
2611 3624 2892 3690 rutilante,
2935 3623 3176 3678 tenebrae

1929 3719 2216 3774 Tolluntur
2237 3719 2540 3791 templique
2568 3725 2727 3776 vetns
2755 3717 3054 3788 depellitur
3071 3715 3284 3771 umbra.

1718 3837 1926 3894 CAPUT
1967 3841 2034 3894 II.

1317 3938 1396 3998 De
1437 3942 1883 4001 restauratione
1927 3943 2135 4020 templi
2176 3949 2429 4002 cessata.

181 4042 408 4118 Defnga
450 4041 598 4114 quod
624 4041 822 4098 Christi
852 4041 1105 4098 Julianus
1136 4050 1389 4115 apostata
1420 4045 1653 4115 priscam

185 4139 438 4194 Restitui
475 4137 752 4211 indigenis
778 4139 943 4213 longo
976 4146 1097 4210 post
1125 4146 1372 4211 tempore
1399 4141 1623 4196 mandat

193 4229 258 4282 In
293 4227 573 4299 speciem,
604 4228 766 4282 solito
793 4227 1000 4282 Iudaeis
1027 4244 1178 4283 more
1209 4229 1525 4284 colendum.

195 4323 598 4390 ApprOperant
617 4319 696 4372 illi
720 4319 934 4374 cunctis
966 4319 1292 4394 regionibus
1318 4321 1445 4390 acti,

198 4411 320 4468 Ceu
356 4413 720 4467 ductarentur
749 4411 876 4467 divo
908 4427 1161 4482 praecone
1189 4412 1387 4480 vocati,

199 4503 585 4570 Conveniunt,
618 4503 936 4576 temploque
962 4504 1145 4560 locum
1177 4521 1397 4576 carpere
1427 4506 1691 4576 parando.

189 4596 479 4668 Sumptus
502 4595 585 4651 eis
615 4595 762 4651 vires
791 4596 1054 4668 privatus,
1096 4597 1353 4668 publicus
1384 4615 1598 4664 ausum,

191 4685 558 4752 Accumulat,
588 4683 802 4759 geritur
825 4685 1158 4756 prOperandi
1190 4686 1451 4742 instantia
1472 4687 1656 4758 coepti.

194 4775 500 4832 Insultare.
527 4775 694 4847 igitur
723 4781 966 4845 nostros,
997 4791 1098 4831 ceu
1131 4782 1381 4847 tempora
1413 4778 1566 4853 regni

191 4865 454 4921 Reddita
479 4865 831 4932 sustulerint;
873 4865 1025 4922 vultu
1058 4874 1265 4922 terrere
1295 4867 1522 4936 minaci,

193 4964 481 5019 Promere
505 4959 797 5028 saevitiam,
821 4960 1088 5014 tumidum
1123 4967 1406 5016 ostentare
1435 4961 1699 5028 furorem,

195 5056 541 5124 Cunctaque
569 5069 694 5108 cum
726 5051 866 5107 fastu
893 5053 950 5106 in
983 5059 1203 5108 nostros
1239 5053 1447 5127 agitare
1478 5054 1738 5125 superbo.

193 5148 338 5204 Jam
382 5144 804 5200 fundaminibus
833 5144 1125 5216 patefactis
1156 5154 1298 5200 terra
1320 5146 1563 5214 subibat,

1936 4047 2034 4112 Qui
2069 4048 2333 4116 Danielis,
2364 4049 2528 4105 homo
2567 4055 2625 4105 ut
2647 4049 2914 4122 prudens,
2934 4049 3153 4106 oracula
3186 4049 3414 4117 rimans,

1936 4137 2239 4192 Verborum
2262 4154 2474 4194 memor
2494 4139 2731 4194 Domini.
2767 4155 2880 4196 non
2920 4139 2974 4193 id
3007 4139 3150 4210 potis
3165 4155 3287 4195 esse

1936 4228 2188 4284 Testatur
2214 4231 2385 4301 lapidi
2421 4237 2478 4286 ut
2505 4231 2646 4302 lapis
2686 4231 2774 4286 hic
2803 4237 3018 4303 aptetur
3046 4232 3114 4285 ab
3147 4231 3304 4302 ipsis.

1939 4320 2114 4393 thue
2147 4322 2476 4393 probaretur
2515 4339 2623 4390 res,
2657 4323 2994 4394 exspectatio
3020 4323 3184 4378 facta.

1939 4416 2053 4471 Nox
2083 4416 2268 4487 operis
2295 4418 2533 4488 spatium
2564 4418 2820 4489 captandi
2851 4418 2967 4473 sola
2997 4417 3268 4485 trahebat,

1941 4504 2015 4558 En
2048 4505 2228 4560 subito
2258 4507 2504 4561 exoritur
2533 4513 2695 4561 motae
2733 4507 3027 4562 concussio
3057 4513 3238 4562 ιρι-ηε.

1939 4592 2226 4648 Iactantur
2242 4593 2434 4664 procul
2475 4593 2606 4650 hinc
2634 4593 2872 4665 lapides,
2907 4594 3230 4650 fundamina
3261 4595 3369 4651 late

1943 4684 2294 4758 Sparguntur
2325 4684 2633 4757 rapidoque
2664 4693 2828 4740 ruunt
2855 4685 2960 4740 sita
2985 4687 3188 4742 moenia
3213 4687 3403 4757 lapsu:

1945 4772 2238 4828 Dissiliunt
2265 4781 2556 4841 caementa,
2589 4773 2886 4846 volantque
2917 4790 3017 4847 per
3037 4791 3164 4830 aera
3185 4776 3364 4832 calces

1948 4864 2258 4921 Porticibus
2291 4866 2492 4937 patulis
2521 4864 2818 4922 recubabat
2846 4866 3018 4922 multa
3048 4865 3324 4924 fabrorum

1947 4960 2129 5015 Turba
2150 4961 2526 5032 profanorum,
2560 4978 2658 5017 sua
2688 4962 2928 5018 condere
2960 4963 3084 5018 fana
3111 4975 3422 5036 parantum,

1951 5048 2256 5118 Parjetibus
2287 5051 2456 5120 lapsis
2486 5066 2623 5122 quos
2662 5051 2920 5107 attrivere
2951 5053 3142 5109 ruinw.

1953 5142 2012 5196 At
2045 5142 2244 5213 reliqui
2275 5153 2505 5198 mortem
2535 5146 2628 5216 qui
2661 5162 2720 5200 se
2751 5143 3012 5222 effugisse
3043 5148 3327 5219 putabant,

198 5240 432 5308 Sponte
463 5235 685 5306 replens
713 5234 907 5303 fossas,
933 5241 988 5289 et
1017 5241 1172 5289 erant
1203 5242 1387 5290 tamen
1411 5236 1596 5290 omnia
1629 5243 1844 5308 praesto,
1879 5283 1930 5352 Β
1955 5233 2252 5297 Quaesitum
2287 5244 2607 5306 properant,
2638 5243 2755 5291 orta
2782 5237 2897 5304 jam
2928 5238 3072 5305 luce,
3104 5247 3441 5310 peremptos.

198 5329 357 5352 ΩΑ-..
416 5329 576 5352 1---..-
632 5343 856 5352 ..η--..ενι
918 5327 1092 5352 ΑΑΙΑΑ..
1151 5334 1413 5352 ΑΜΜΑᾎΙ..
1476 5328 1739 5352 κριηκιιυυυι
1762 5346 1775 5352 -
1958 5325 2188 5352 Inda-Jun
2223 5325 2444 5352 ὶιιιειηκη
2476 5336 2682 5352 ,ιλιι-ιιι..
2721 5329 3045 5352 -1,........---1-
3087 5329 3326 5352 ---μ,1--..

193 5329 383 5394 Saxa,
416 5329 598 5391 bases,
629 5343 883 5400 gypsum,
914 5327 1115 5393 calces,
1147 5334 1438 5394 caementa,
1472 5328 1776 5396 columnae;

194 5423 246 5477 Ν
255 5421 300 5476 il
331 5421 524 5476 deerat
564 5421 815 5489 jacerent
839 5435 980 5476 nova
1006 5419 1383 5484 fundamenta,
1410 5421 1640 5476 vetustis

192 5512 365 5578 Quin
385 5511 716 5579 deturbatis,
747 5528 889 5583 Opus
914 5518 976 5567 ut
1008 5512 1099 5566 lux
1130 5519 1258 5567 nata
1289 5512 1540 5580 referret,

191 5603 464 5659 Praesule
492 5615 625 5659 tunc
651 5604 886 5675 Solymaa
926 5603 1056 5659 licet
1093 5601 1381 5659 obnitente
1414 5603 1628 5676 Cyrillo.

287 5711 450 5783 (153)
484 5713 541 5766 ld
563 5718 649 5770 est
677 5719 1049 5781 mortuorum;
1072 5711 1235 5785 niger
1254 5712 1403 5769 enim
1432 5730 1462 5769 a
1499 5714 1692 5786 νεκρός.

1958 5325 2192 5380 Interius
2223 5325 2446 5381 latitans
2475 5336 2688 5383 secreta
2717 5329 3052 5385 domuncula
3081 5329 3331 5402 quaedam

1958 5421 2327 5477 Instrumenta
2355 5423 2508 5493 Operi
2540 5424 2796 5481 servabat
2821 5425 3110 5482 commoda
3142 5433 3385 5498 sumpto.

1957 5513 2030 5569 Ex
2058 5514 2161 5569 hac
2190 5515 2555 5590 progrediens
2585 5516 2783 5592 globus
2827 5518 3044 5592 igneus,
3073 5527 3238 5590 atque
3260 5519 3495 5591 plateam

1955 5603 2310 5674 Percurrens,
2342 5608 2667 5678 quaesitores
2693 5608 2953 5664 absorbet
2973 5609 3198 5666 adustos

2023 5714 2170 5783 (154)
2195 5713 2302 5770 Cod
2353 5713 2658 5787 Mazarinus
2689 5717 2836 5772 hunc
2864 5732 3078 5773 versum
3113 5718 3330 5773 omittit.
