3946 6150
461 313 567 369 3'15

455 445 677 502 Iudaeos
707 440 846 496 buos
876 452 998 492 esse
1019 434 1200 507 palam
1227 447 1348 488 sors
1375 430 1569 486 ultima
1600 429 1746 485 fecit.

1222 300 1592 358 FLODOARDI
1633 297 1936 356 CANONICI
1978 292 2305 352 REMENSIS
2347 289 2685 348 OPUSCULA
2725 287 3034 346 METRICA.
3653 299 3737 357 516

2100 436 2144 499 Α
2177 425 2398 481 Exuviis
2427 421 2719 478 inﬁdorum
2753 437 2974 494 quoque
2999 429 3160 477 nocte
3191 421 3446 494 sequenti

461 535 571 590 Hoc
615 533 814 587 iterum
863 530 1141 598 repetens,
1195 523 1508 592 iterumque
1557 519 1684 586 hoc,
1743 524 1908 589 atque
1965 514 2076 569 fre-
2177 517 2315 572 Crux
2346 531 2604 587 expressa
2625 515 2953 586 patet,miro
2984 515 3256 571 inculcata
3275 515 3500 588 nigello,

1067 606 1109 643 ο
1755 605 2008 678 [quenter

457 715 562 770 Per
582 719 750 768 totam
777 707 976 785 globus
1003 705 1096 760 ille
1128 703 1274 758 diem
1306 699 1610 756 ferventius
1639 708 1821 773 urget,

459 803 694 861 Audacis
714 798 907 874 pepuli
941 795 1230 853 temeraria
1257 798 1435 864 coepta
1463 805 1747 846 coercens.

460 899 677 975 Ingenti
704 897 928 952 domum
955 891 1272 964 perhibent,
1307 887 1600 943 formidine
1626 883 1793 951 vecti,

461 992 621 1048 inviti
655 989 926 1044 Christum
965 1001 1178 1050 verum,
1205 980 1634 1050 Dominumque,
1664 978 1969 1047 Deumque.

459 1089 522 1144 Et
545 1103 615 1144 ne
645 1086 782 1149 forte
813 1084 940 1140 dato
984 1087 1218 1138 tractent
1246 1078 1364 1132 haec
1393 1075 1540 1132 edita
1569 1091 1724 1144 casu,

457 1177 700 1234 Stemma
732 1173 910 1232 crucis
931 1171 1071 1229 coelo
1098 1168 1321 1225 radians
1355 1165 1612 1222 rutilante
1644 1163 1882 1232 renidet,

2177 609 2424 665 Perﬁdus
2452 609 2616 663 enisu
2646 607 2844 678 probet
2872 613 2934 662 ut
2960 623 3070 663 non
3111 623 3276 678 posse
3308 608 3518 679 repelli.

2175 700 2415 755 Tandem
2442 700 2639 754 horum
2664 697 2962 770 fultrixque
2990 714 3186 752 manus
3203 698 3284 752 sic
3307 698 3494 752 territa
3515 700 3660 769 cedit,

2177 791 2407 866 Dignius
2443 790 2564 860 ipsa
2594 798 2757 844 tuens
2787 788 3029 858 antiquis
3056 787 3254 842 ritibus
3282 787 3368 843 isti

2183 885 2353 957 Signa
2381 885 2578 952 crucis,
2614 883 2924 956 Christique
2955 898 3152 939 novum
3193 883 3415 938 rutilare
3455 883 3748 956 triumphum

2187 977 2328 1032 Urbe
2359 975 2660 1041 salutifera,
2689 974 2877 1028 lumen
2907 991 3029 1047 quae
3057 973 3317 1047 gentibus
3337 973 3512 1042 offert,

2188 1068 2320 1123 Inde
2353 1067 2533 1123 nitore
2556 1067 2676 1140 jugi
2699 1067 2891 1123 mundi
2924 1083 3025 1139 per
3054 1083 3222 1141 regna
3243 1083 3553 1124 coruscans.

1959 1264 2166 1320 CAPUT
2206 1265 2301 1320 III.

1412 1400 1491 1460 De
1531 1399 1888 1460 abductione
1930 1406 1980 1457 et
2022 1399 2321 1458 relatione
2360 1404 2579 1456 sanctae
2619 1397 2842 1456 cruris.

462 1520 716 1589 Quamvis
743 1520 852 1574 huc
883 1514 1179 1589 quondam,
1203 1510 1432 1567 sceleris
1461 1515 1695 1584 cogente
1727 1514 1881 1563 reatu

463 1614 743 1666 Persarum
768 1608 984 1671 ductor,
1018 1604 1147 1658 dum
1179 1601 1612 1670 circumquaque
1640 1598 1890 1669 jacentes

463 1698 699 1756 Proterit
724 1711 856 1751 ense
884 1694 1092 1767 plagas,
1135 1690 1360 1746 crudele
1393 1687 1672 1743 induxerit
1698 1701 1918 1762 agmen,

457 1791 679 1863 Templa
705 1788 824 1844 solo
851 1793 1132 1851 sternens,
1167 1784 1285 1838 loca
1307 1781 1552 1837 caedibus
1583 1781 1726 1835 alma
1749 1779 2076 1852 profanans:

463 1882 791 1936 Ornamenta
822 1876 1008 1931 ferens
1028 1890 1152 1928 cum
1185 1872 1308 1944 quis
1324 1871 1524 1927 vexilla
1550 1870 1724 1925 beata:

468 1972 745 2028 Praedatus
766 1969 967 2035 crucis,
996 1965 1242 2028 adducit,
1274 1963 1547 2034 rutiloquc
1587 1960 1794 2016 metalli

466 2064 606 2118 Luce
628 2061 824 2115 throno
836 2057 1032 2113 sociat.
1060 2054 1315 2109 Mentitus
1325 2053 1450 2121 jura
1469 2050 1732 2107 Tonantis

462 2152 690 2221 Sceptra
721 2146 949 2221 indigna
987 2149 1165 2215 parat,
1197 2140 1415 2196 modico
1443 2140 1580 2194 deus
1604 2139 1811 2193 aethere
1842 2137 2008 2205 visus,

467 2244 736 2299 Strenuus
757 2246 809 2294 at
827 2239 1086 2310 princeps
1109 2233 1336 2290 Romani
1354 2233 1561 2301 militis,
1591 2247 1725 2288 usus

460 2336 522 2392 Vi
552 2335 708 2401 belli,
744 2333 1021 2403 fultusque
1052 2331 1148 2386 Dei
1180 2329 1446 2386 tutamine
1477 2328 1616 2395 veri,

459 2423 690 2499 Agmina
726 2420 968 2477 semiviri
995 2418 1216 2493 frangit,
1247 2417 1554 2489 penetralia
1583 2415 1810 2486 rumpit,

461 2515 736 2572 Inclusum
761 2529 870 2571 tere
903 2513 1068 2568 deum
1095 2512 1385 2567 mortalem
1417 2510 1566 2565 cmde
1607 2508 1864 2564 recludit.

460 2607 720 2663 Addictos
748 2604 957 2679 subigit
987 2618 1196 2660 cuneos
1223 2618 1288 2659 ac
1320 2602 1446 2658 diva
1475 2601 1692 2656 reducit

2107 1511 2160 1579 Β
2184 1504 2371 1579 Signa,
2403 1504 2531 1559 dato
2563 1505 2722 1573 cujus
2751 1503 2951 1579 gaudet
2973 1503 3171 1558 virtute
3203 1511 3434 1575 tropaeo,

2183 1595 2246 1650 Et
2265 1596 2541 1666 Solymam
2574 1595 2804 1661 revehit,
2839 1595 3001 1650 Coelis
3029 1594 3214 1648 divina
3243 1603 3544 1665 patrantur.

2180 1686 2364 1741 Prisca
2395 1686 2552 1742 novis
2591 1694 2843 1756 reparata
2877 1686 3051 1741 nitent
3081 1686 3345 1740 miracula
3377 1685 3518 1741 votis

2179 1781 2425 1836 Mortuus
2445 1778 2512 1836 ad
2534 1780 2701 1835 vitam
2733 1780 2857 1835 vitae
2889 1793 2988 1851 per
3014 1780 3162 1852 ligna
3189 1779 3444 1834 recurrit.

2180 1874 2448 1939 Quattuor
2475 1873 2752 1940 assiliunt,
2787 1873 2951 1947 longo
2974 1873 3242 1946 languore
3264 1871 3454 1938 soluti,

2186 1967 2406 2041 Purgati
2430 1984 2665 2024 numero
2697 1967 2902 2039 leprosi
2935 1983 3167 2038 corpora
3193 1966 3357 2038 pleno

2184 2057 2384 2112 Munda
2410 2065 2621 2124 notant,
2650 2064 2736 2112 ter
2767 2057 3013 2129 quinque
3033 2057 3224 2112 vident
3253 2055 3534 2129 magnolla
3556 2056 3705 2111 caeci:

2183 2149 2471 2204 Daemones
2500 2148 2717 2220 expulsi
2750 2165 3042 2204 numerosa
3063 2148 3373 2204 habitacula
3405 2147 3653 2220 linquunt

2182 2237 2439 2292 Pluribus
2468 2244 2522 2293 et
2550 2237 2740 2309 plures
2767 2237 2943 2293 morbi
2967 2237 3157 2312 fugere
3186 2237 3409 2304 relictis,

2182 2328 2533 2384 Romulidum
2565 2329 2800 2385 exsultat
2839 2329 3034 2385 ductor
3063 2330 3348 2404 largasque
3379 2327 3654 2400 profundit

2180 2419 2393 2476 Pronus
2424 2437 2580 2492 opes,
2613 2420 2841 2477 fabricis
2877 2438 3138 2493 reparans
3166 2422 3404 2478 sacraria
3427 2421 3628 2495 dignis,

2182 2508 2599 2582 Exhortansque
2622 2518 2826 2583 patres,
2861 2512 3104 2567 decernit
3131 2513 3347 2586 agenda
3364 2511 3658 2583 quotannis

2182 2603 2339 2659 Festa
2359 2605 2558 2675 crucis,
2586 2606 2943 2679 celebresque
2965 2607 3094 2663 dein
3116 2623 3448 2663 veneramur
3477 2607 3714 2669 honores,

1956 2732 2165 2788 CAPUT
2206 2734 2290 2790 IV.

1652 2859 1731 2919 De
1773 2859 1992 2922 tabella
2025 2863 2321 2938 imaginis
2362 2860 2615 2923 Christi.

465 2983 614 3038 Gens
642 2978 868 3034 inimica
899 2985 1084 3032 tamen
1116 2973 1276 3031 caecis
1304 2971 1514 3054 garrire
1545 2971 1789 3026 susurris

467 3076 898 3148 Haudquaquam
928 3070 982 3124 in
1001 3069 1341 3124 devictorum
1363 3073 1621 3136 superata
1651 3064 1906 3136 quiescit.

466 3166 613 3232 Quos
631 3162 900 3218 delictum
931 3158 1044 3226 oris
1072 3156 1360 3228 sternique
1388 3153 1652 3226 superbia
1673 3153 1876 3218 cordis,

465 3252 750 3318 Quomodo
781 3249 911 3305 dum
944 3252 1230 3319 nequeunt
1249 3245 1485 3309 Christo,
1510 3242 1618 3298 sibi
1650 3242 1865 3314 spicula
1888 3241 2084 3318 ﬁgunt,

464 3345 539 3398 Ac
563 3349 721 3398 vetus
749 3346 1033 3396 ostentant
1061 3337 1249 3394 odium
1280 3343 1663 3407 aeternumque
1705 3334 1987 3392 furorem:

467 3432 598 3497 Quis
623 3431 750 3487 licet
780 3429 1007 3486 indiciis
1034 3427 1136 3485 atri
1175 3427 1367 3482 saevire
1398 3427 1599 3482 veneni

465 3524 708 3580 Emolus
728 3507 906 3578 inviso
934 3536 1157 3592 semper
1176 3535 1354 3576 novus
1383 3519 1560 3576 hostis
1581 3520 1792 3576 honore

464 3617 867 3675 Flammmatur.
901 3612 1100 3684 quatrit
1125 3628 1362 3684 quanam
1393 3611 1574 3668 furere
1600 3619 1716 3667 arte
1741 3611 1968 3670 sinatur.

463 3707 713 3763 Tabescit
743 3707 942 3761 decore
977 3704 1232 3760 Ecclesiae
1262 3705 1503 3776 livetque
1535 3705 1737 3773 nitore,

464 3799 557 3856 Sic
578 3799 769 3854 horum
797 3797 1021 3870 quidam
1056 3795 1298 3851 tabulam
1331 3795 1572 3871 efﬁgiata
1597 3805 1881 3867 gerentem

460 3888 562 3943 Ora
592 3887 998 3959 Redemptoris,
1031 3887 1198 3958 digna
1227 3886 1521 3957 splendere
1553 3885 1724 3940 nitela

462 3980 730 4036 Manibus
751 3979 1024 4050 aspiciens
1056 3979 1215 4044 aulae,
1242 3978 1360 4033 diro
1386 3978 1563 4032 uritur
1587 3995 1737 4051 Igne,

460 4073 624 4146 Nigra
654 4087 866 4127 venena
895 4086 1162 4143 coquens,
1210 4084 1626 4141 prOperansque
1668 4069 1852 4125 furore
1885 4069 2076 4127 silenti

461 4163 606 4217 Clam
631 4167 791 4217 nocte
819 4168 1058 4216 armatus
1087 4158 1225 4230 petit
1254 4157 1389 4213 illita
1419 4158 1698 4214 schemata
1728 4157 1866 4227 telo,

2116 2976 2167 3044 Ο
2186 2973 2401 3042 Parjete
2431 2973 2986 3042 deverrenstituium,
3015 2989 3180 3046 quem
3211 2974 3380 3030 vestis
3409 2982 3657 3047 Opertum

2187 3064 2450 3138 Tegmine
2481 3063 2625 3119 ferre
2651 3065 2877 3120 domum
2908 3066 3191 3136 prmsumit
3221 3074 3278 3122 et
3301 3082 3465 3122 urere
3491 3075 3690 3121 tractat.

2189 3156 2422 3212 Lumine
2449 3165 2504 3213 at
2535 3157 2822 3229 applicito,
2853 3158 3134 3213 madidum
3165 3175 3225 3214 se
3255 3160 3537 3234 sanguino
3557 3171 3782 3221 cernens,

2191 3247 2459 3322 Stigmate
2489 3248 2711 3316 diﬁuso,
2743 3265 2856 3321 pra
2885 3265 2996 3322 quo
3027 3249 3304 3306 terebrata
3332 3251 3542 3306 tabella

2191 3339 2352 3395 Furta
2373 3357 2580 3412 pavens
2608 3340 2798 3409 abicit,
2821 3341 2952 3398 vitat
2973 3341 3315 3414 latebrisque
3340 3342 3630 3407 recondit;

2182 3427 2426 3484 Territus
2449 3437 2666 3486 ostento
2692 3429 2908 3504 fugitat,
2945 3437 3178 3486 tractare
3209 3448 3312 3487 nec
3343 3431 3536 3488 audet.

2184 3519 2339 3575 Mane
2367 3521 2462 3576 Dei
2492 3523 2730 3593 pepulus
2755 3522 2984 3579 subiens
3013 3523 3320 3595 penetralia
3341 3525 3528 3580 cernit

2181 3612 2331 3667 IEdis
2350 3611 2546 3669 abesse
2581 3615 2771 3683 decus,
2803 3615 3145 3688 vestigiaque
3174 3625 3294 3673 acta
3325 3631 3531 3674 cruore

2181 3703 2542 3775 Deprendens
2570 3707 2839 3778 sequitur,
2873 3706 3121 3779 furisque
3152 3709 3388 3780 mapalia
3415 3717 3619 3764 nactus

2183 3793 2380 3848 lntima
2409 3794 2644 3850 sollicite
2679 3796 2883 3870 tugurii
2915 3803 3186 3851 scrutatur
3207 3798 3396 3868 opaci:

2183 3881 2331 3938 Cella
2361 3883 2570 3938 monile
2599 3882 2784 3952 refert,
2816 3891 2976 3939 caute
3005 3885 3254 3940 discussa
3278 3887 3564 3958 negantis,

2182 3974 2497 4031 Grassatore
2522 3975 2638 4031 fero
2667 3993 2927 4032 saxorum
2959 3977 3108 4032 nube
3131 3978 3302 4048 petito

2184 4068 2453 4125 Redditur
2481 4068 2729 4126 ecclesiae
2755 4068 2987 4126 celebris
3020 4069 3254 4126 titulatio
3284 4069 3472 4126 famae.

1965 4301 2175 4358 CAPUT
2215 4303 2275 4358 V.

1600 4432 1678 4493 De
1702 4434 1985 4512 parvulis
2013 4436 2084 4496 ab
2125 4435 2351 4496 Herode
2396 4438 2644 4496 necatis.

461 4542 699 4616 Ephrata
728 4539 1127 4613 carpOphoros,
1163 4539 1324 4594 tellus
1354 4539 1653 4607 uberrima,
1689 4538 1859 4596 salve.

459 4636 638 4703 Salve,
671 4633 924 4689 fertilitas
954 4632 1110 4703 cujus
1130 4632 1297 4701 Deus,
1339 4631 1540 4706 inclyta
1572 4633 1844 4697 Bethlem,

459 4725 644 4782 Laude
675 4731 767 4782 tua
793 4727 1023 4801 dignare
1045 4725 1260 4794 rudem,
1293 4725 1642 4796 praeconibus
1668 4724 1846 4795 impar

458 4814 577 4872 Non
611 4813 774 4870 modo
806 4816 898 4888 qui
956 4814 1189 4889 magnis,
1223 4829 1396 4885 puero
1427 4814 1561 4886 quin
1592 4829 1789 4870 cernor
1831 4813 2078 4885 iniquus.

460 4907 772 4980 Sophronio
805 4924 906 4963 nec
937 4907 1118 4962 adhuc
1147 4905 1381 4978 pollenti
1410 4913 1591 4978 strage
1621 4904 1860 4978 Serapis.

461 5001 519 5054 ln
549 5007 602 5056 te
633 5016 764 5073 rege
795 4999 907 5071 poli
938 5007 1088 5066 nato,
1121 4998 1400 5054 terrestria
1432 5014 1603 5072 regna

457 5089 772 5157 'l‘errentur,
802 5088 1007 5144 celebri
1034 5087 1283 5144 coelestia
1320 5086 1443 5143 luce
1474 5093 1788 5144 coruscant.

456 5177 727 5233 Caelicolae
758 5177 1022 5253 gaudent,
1049 5176 1266 5232 hostilia
1294 5192 1463 5249 regna
1484 5183 1804 5248 pavescunt.

455 5268 587 5325 Coeli
620 5285 755 5340 pace
787 5270 894 5342 piis
921 5269 1106 5336 missa,
1142 5267 1255 5323 fera
1283 5269 1450 5324 corda
1489 5269 1834 5338 tremiscunt,

457 5360 520 5416 Et
543 5376 736 5432 pacem
761 5361 984 5417 turbare
1017 5367 1212 5432 parant
1241 5375 1355 5416 non
1387 5360 1538 5431 pacis
1569 5359 1752 5415 amici.

457 5452 700 5508 Herodes
723 5449 874 5508 illum
903 5451 1206 5506 succedere
1241 5467 1404 5522 posse
1421 5457 1662 5517 veretur,

453 5544 551 5609 Qui
581 5545 792 5600 cunctis
820 5544 971 5616 prior
990 5551 1074 5599 est
1098 5542 1317 5615 populis
1347 5550 1400 5597 et
1430 5543 1652 5618 regibus
1683 5540 1852 5596 orbis.

451 5637 643 5693 Omnia
662 5643 930 5710 perpetuo
963 5635 1267 5707 disponens
1295 5635 1541 5692 culmina
1573 5643 1730 5690 nutu.
1861 5618 1875 5633 ’

452 5726 852 5801 Compertoque
875 5727 974 5786 tibi
1001 5744 1202 5802 magno
1235 5729 1329 5802 qui
1360 5743 1453 5784 rex
1475 5727 1579 5785 siet
1608 5736 1748 5792 arto,

2100 4542 2414 4612 DPerdere
2444 4551 2659 4614 sceptra
2689 4544 2909 4613 timens,
2952 4543 3076 4600 coeli
3111 4541 3265 4598 ardet
3294 4543 3542 4614 perdere
3577 4556 3757 4615 regem
3790 4555 3803 4602 ς

2181 4630 2579 4706 IEquaevosque
2646 4641 2828 4700 necat,
2887 4640 3037 4689 ratus
3116 4633 3263 4688 hunc
3305 4631 3476 4688 simul
3536 4641 3657 4688 arte
3715 4645 3807 4684 ne-

3535 4722 3806 4795 (cautium,

2184 4813 2244 4866 In
2273 4817 2327 4867 te
2347 4812 2460 4882 jam
2488 4811 2640 4870 nullo
2670 4813 2829 4869 cunis
2851 4813 3058 4870 infante
3093 4814 3308 4870 relicto.

2182 4907 2433 4961 Attamen
2465 4913 2591 4962 ante
2620 4908 2771 4962 venit
2797 4907 2948 4963 nisus
2975 4908 3248 4979 sapientia
3273 4924 3499 4964 summa

2180 4995 2512 5068 Hostemque
2544 4994 2814 5062 afﬁciens,
2845 4997 2981 5053 alter
3009 4997 3138 5052 dum
3164 4997 3404 5053 volvitur
3431 5014 3654 5054 annus.

2183 5087 2370 5144 Ulcere
2402 5088 2656 5160 petifero,
2690 5089 2902 5144 meritis
2932 5090 3271 5146 cruciamine
3303 5091 3481 5166 digno

2178 5179 2506 5256 Exstinguit,
2531 5190 2874 5254 sumptzeque
2907 5189 3082 5254 patrat
3113 5184 3370 5254 mysteria
3402 5183 3607 5239 carnis

2177 5273 2313 5328 Ante
2342 5279 2541 5327 statum
2565 5273 2757 5328 mundi
2787 5289 2909 5344 quae
2942 5272 3313 5345 praeﬁniverat
3353 5275 3518 5330 olim.

2178 5361 2411 5417 Istorum
2433 5362 2529 5416 sed
2563 5363 2686 5434 quis
2718 5380 3008 5418 numerum
3043 5379 3274 5421 censere
3297 5365 3534 5424 valebit.

2175 5452 2414 5516 Quorum
2448 5459 2579 5508 tunc
2609 5453 2822 5510 maduit
2852 5455 3230 5512 Bethlemitica
3263 5464 3404 5511 terra
3429 5472 3676 5524 cruore,

2174 5544 2386 5600 Funere
2419 5546 2696 5601 nascentis
2725 5548 3008 5620 complent
3034 5548 3129 5620 qui
3159 5549 3348 5604 munia
3376 5548 3565 5623 regis,

2173 5632 2433 5688 Libantes
2457 5633 2665 5690 Christo
2694 5641 2900 5692 tenerae
2928 5637 3230 5708 primordia
3257 5638 3398 5693 vita}.

2173 5725 2353 5796 Ipsius
2387 5725 2533 5782 haud
2565 5727 2747 5783 verbis
2779 5727 2905 5785 facti
2936 5728 3030 5784 sed
3063 5729 3332 5804 sanguine
3360 5735 3568 5794 testes,
