3938 6158
436 228 542 284 519
1192 218 1560 274 FLODOARDI
1600 216 1903 274 CANONICI
1945 216 2270 272 REMENSIS
2310 215 2646 275 OPUSCULA
2685 217 2994 273 METRICA.
3641 227 3731 282 520

437 363 571 418 Inde
590 369 784 432 petens
804 358 990 424 caelos,
1023 357 1182 428 petiit
1210 373 1319 428 qua
1349 357 1438 412 lux
1464 371 1617 410 mera
1654 363 1826 411 terras
1857 371 1872 422 ;

437 454 664 524 Quaque
694 449 818 521 pius
838 448 1102 504 Dominus
1124 448 1352 503 humilis
1392 448 1680 503 descendit
1709 446 1776 502 ad
1819 447 1946 512 ima,

2077 361 2131 426 Α
2157 354 2288 409 Inde
2318 353 2503 410 bonus
2526 371 2721 411 servus
2750 355 2932 410 celsus
2946 353 3271 410 conscendit
3294 353 3361 409 ad
3394 355 3518 410 alta.

1924 575 2132 631 CAPUT
2171 577 2307 632 VIII.

1718 683 1796 742 De
1819 692 2032 742 sancta
2062 683 2254 742 Paula
2302 680 2492 762 (155).

437 803 756 876 Ilieronymi
783 809 966 859 certus
995 801 1175 856 Paulae
1216 799 1578 855 Eustochiove
1609 806 1826 854 tenetur

438 896 775 968 Scriptorum
831 892 1255 963 haudquaquam
1298 906 1580 957 numerus,
1631 907 1756 945 nam
1817 891 2055 961 plurima

1716 981 1985 1052 [constant

439 1078 622 1133 Istius.
657 1075 754 1131 Hic
785 1075 966 1130 Paulae
997 1075 1159 1130 vitam
1202 1073 1478 1144 depromit
1507 1081 1750 1129 etactus.

442 1167 654 1223 Nobilis
676 1168 793 1222 haec
825 1180 1049 1239 genere,
1083 1163 1181 1219 sed
1208 1163 1445 1218 nobilior
1472 1163 1741 1233 probitate
1771 1178 1785 1226 ;

441 1257 616 1311 Divite
646 1257 792 1311 clara
820 1270 988 1325 penu,
1021 1253 1118 1307 sed
1151 1268 1322 1326 egens
1352 1250 1670 1321 praeclarior
1701 1249 1862 1303 ultro.

444 1346 767 1402 Posthabuit
795 1346 1019 1400 Romam
1065 1344 1330 1406 Bethlem;
1363 1341 1644 1412 laquearia
1682 1339 1916 1415 gemmis

444 1435 672 1507 Fulgida
698 1433 896 1503 dejecti
931 1432 1163 1487 mutavit
1191 1431 1400 1502 cespite
1433 1430 1581 1484 tecti.

444 1528 610 1592 Quam
643 1542 887 1602 genuere
909 1535 1065 1596 pater
1090 1539 1316 1578 sumens
1346 1524 1757 1597 Agamemnone
1789 1536 1990 1593 magno

443 1616 792 1692 Progeniem,
820 1614 1008 1669 stravit
1036 1614 1202 1683 longe
1233 1613 1323 1684 qui
1350 1613 1611 1686 Pergama
1634 1611 1804 1678 bello,

443 1708 740 1764 Stemmata
768 1706 1086 1777 Scipiadum
1120 1705 1331 1759 ducens
1347 1705 1414 1758 ab
1448 1704 1662 1776 origine
1695 1710 1867 1758 mater
1899 1719 1912 1756 :

443 1795 668 1850 Toxotio
683 1796 976 1864 conjuncta
1005 1795 1143 1860 viro,
1173 1793 1267 1864 qui
1299 1792 1526 1863 sanguis
1564 1791 1680 1854 luli,

451 1883 675 1938 Fcedere
706 1882 970 1938 connubii
1001 1877 1174 1953 quino
1207 1897 1371 1952 quem
1403 1881 1635 1954 pignore
1667 1877 1918 1948 compsit.

2156 798 2424 866 Culmina,
2457 799 2578 874 lege
2601 798 2695 853 Dei
2721 805 2926 854 naturae
2951 797 3076 866 jura
3099 805 3414 871 negantem.

2158 891 2247 945 llis
2267 892 2362 946 sed
2381 906 2516 962 opes
2540 891 2799 962 linquens
2820 891 3005 945 oneris
3029 891 3143 959 jam
3170 890 3349 945 libera
3390 891 3572 964 pergit

2158 979 2452 1034 Eustochio
2469 986 2727 1034 contenta
2759 995 2878 1047 sua,
2913 995 3033 1050 quae
3051 980 3272 1034 conscia
3304 980 3439 1034 tanti

2160 1071 2220 1125 Et
2251 1087 2438 1126 comes
2478 1071 2887 1142 inccepti,votis
2914 1071 3178 1125 haerentia
3200 1071 3360 1138 caelo,

2160 1166 2468 1237 Exspoliata
2501 1165 2618 1219 solo
2643 1162 2948 1234 permulcet
2979 1171 3203 1234 pectora
3239 1164 3447 1216 matris.

2161 1263 2374 1317 Interea
2403 1277 2564 1316 cursu
2593 1258 2761 1314 celeri
2778 1259 2911 1312 ratis
2937 1275 3162 1330 aequora
3189 1257 3407 1312 ﬁndens

2162 1355 2386 1427 Appulit
2421 1354 2673 1409 exsilium
2695 1353 2974 1408 Domitilla
3006 1353 3097 1406 ubi
3122 1352 3306 1406 Flavia
3336 1367 3498 1422 passa

2087 1441 2135 1508 Β
2165 1449 2330 1516 Cujus
2358 1447 2604 1518 martyrii
2640 1447 2808 1502 cellas
2843 1445 3363 1518 veneratalegebat.

2165 1541 2308 1596 Lmta
2338 1540 2511 1594 salum
2539 1540 2724 1611 segnis
2764 1538 3118 1610 properantia
3143 1545 3342 1593 cuncta
3363 1536 3634 1600 videntur,

2165 1630 2525 1704 Adriacisque
2547 1631 2730 1698 undis,
2764 1631 2913 1685 inter
2964 1630 3197 1701 Scyllam
3231 1638 3396 1700 atque
3429 1627 3753 1697 Charybdim,

2166 1725 2234 1779 Se
2264 1723 2500 1779 credens
2529 1723 2677 1778 subit
2705 1730 2764 1778 ut
2787 1739 2884 1792 per
2899 1721 3056 1776 mitia
3085 1729 3278 1796 stagna
3303 1720 3633 1775 Methonem.

2168 1814 2265 1869 llic
2298 1814 2551 1870 refovens
2582 1811 2777 1887 pelago
2809 1812 3051 1867 tabentia
3074 1812 3322 1867 membra
3351 1812 3544 1866 relicto
3571 1829 3586 1875 ;

2167 1908 2398 1980 Moxque
2425 1909 2570 1962 inter
2599 1907 2824 1962 Maleam
2847 1907 3082 1963 volitans
3113 1907 3369 1978 interque
3399 1907 3677 1978 Cytheram

450 1973 603 2028 Hunc
626 1975 697 2028 ita
728 1973 1048 2028 defunctum
1069 1972 1240 2036 dom’
1265 1976 1324 2025 ut
1359 1977 1417 2025 ut
1438 1984 1611 2040 prope
1635 1967 2068 2071 factafequamr
2170 1967 2430 2071 Cycladas
2462 2007 2514 2054 et
2545 1999 2754 2054 crebris
2779 1998 2956 2054 sulcat
2994 2004 3131 2053 treta
3157 1967 3368 2053 consita
3406 1967 3584 2052 terris.

450 2070 665 2137 Libera,
697 2070 794 2125 sed
827 2076 985 2141 pacto
1006 2068 1314 2138 vinclisque
1349 2073 1605 2137 exempta
1639 2065 1863 2138 jugalis,

449 2162 546 2218 Hic
575 2179 634 2218 se
654 2162 880 2218 servitio
913 2162 1112 2216 Christi
1143 2159 1408 2223 devinxit,
1437 2167 1498 2214 ut
1521 2159 1639 2229 ipsa

444 2254 658 2309 Funera
689 2251 924 2308 carnalis
952 2258 1173 2322 reputes
1189 2257 1406 2320 optasse
1430 2247 1630 2302 mariti.

445 2343 704 2414 Dumque
745 2341 1008 2412 expendit
1037 2356 1191 2410 opes,
1223 2339 1476 2394 adimens
1500 2335 1829 2408 patrimonia
1861 2334 2064 2410 gnatis,

446 2434 797 2502 Questamen
829 2431 1047 2497 attollit,
1078 2429 1423 2500 locupletans
1455 2443 1684 2482 munere
1715 2425 1864 2492 divo,
1891 2467 1894 2469 Α

448 2525 784 2596 Pauperibus
812 2531 927 2579 tota
964 2538 1288 2578 succurrere
1320 2522 1447 2575 dum
1479 2520 1664 2575 studet
1689 2519 1847 2584 urbe,

448 2612 744 2670 Pontifices
773 2612 951 2687 celsos
979 2612 1181 2666 meruit
1204 2619 1456 2682 spectare
1481 2609 1824 2674 ministrans,

455 2709 613 2764 Urbis
640 2708 708 2762 ad
736 2707 990 2764 Antiochi
1018 2705 1303 2762 Paulinum
1344 2705 1574 2760 nomine
1601 2703 1782 2769 dieue,

460 2799 722 2852 Sanctum
789 2804 846 2851 et
902 2795 1273 2867 Epiphanium
1321 2793 1634 2862 Salaminae,
1693 2792 1799 2846 hoc
1855 2788 2072 2860 hospite

1807 2883 1974 2937 digna

1807 2883 1860 2937 di
1905 2897 1974 2936 na

450 2980 631 3036 Jussio
657 2994 798 3051 quos
827 2979 1055 3034 Romam
1079 2984 1208 3034 tunc
1232 2975 1536 3048 imperialis
1556 2883 1803 3049 adegit.[
1867 2899 1902 2956 ς
1983 2923 1996 2949 ⁷

454 3075 692 3138 Quorum
723 3088 956 3129 accensa
984 3072 1091 3143 piis
1118 3071 1364 3126 animum
1394 3069 1694 3124 virtutibus
1723 3067 1944 3133 ardens,

453 3164 640 3219 Visere
669 3163 1067 3228 vulteremum,
1101 3161 1400 3216 meditatur
1430 3160 1680 3230 linquere
1712 3158 1962 3212 Romam.

2171 2093 2404 2164 Postqus
2433 2093 2685 2150 Rhodum
2718 2101 2771 2149 et
2796 2093 3013 2164 Lyciam
3043 2092 3198 2164 Cypri
3228 2092 3452 2147 divertit
3483 2091 3536 2146 in
3567 2107 3698 2147 oras.

2170 2181 2401 2237 Sanctus
2429 2182 2774 2254 Epiphanius
2803 2183 3043 2254 genibus
3065 2199 3124 2237 se
3157 2183 3294 2238 forte
3325 2190 3602 2253 petentem

2169 2275 2318 2331 Hanc
2346 2292 2601 2344 cernens,
2638 2275 2831 2334 Christi
2887 2283 2945 2332 ut
2973 2275 3285 2332 membrum
3338 2275 3575 2330 sublime
3627 2290 3758 2330 rece-

2163 2434 2535 2507 Lustratisque
2559 2435 2909 2492 monasteriis
2938 2436 3132 2492 solatia
3163 2443 3447 2507 priestans,
3535 2363 3663 2435 [pm
3687 2406 3699 2426 ’

2170 2525 2264 2579 Illa
2296 2524 2447 2579 brevi
2479 2525 2656 2596 spatio
2699 2532 2979 2596 spectatur
3011 2527 3077 2580 ab
3099 2526 3235 2580 urbe
3263 2525 3500 2581 Seleuci.

2169 2615 2420 2670 Antiochi
2448 2614 2720 2670 scandens
2745 2621 2797 2670 et
2842 2615 2910 2668 ab
2942 2615 3046 2670 hac
3077 2615 3150 2669 ita
3178 2616 3380 2671 mmnia
3408 2615 3555 2670 visit.

2171 2711 2268 2766 Hic
2285 2726 2509 2782 quoque
2538 2710 2752 2764 Paulini
2777 2711 3055 2766 modicum
3085 2710 3310 2766 dilectio
3349 2701 3540 2766 sancta

2175 2801 2390 2856 Detinet
2420 2801 2564 2855 hanc
2597 2817 2608 2852 :
2644 2799 2876 2870 hycmis,
2911 2797 3038 2854 ﬁdei
3073 2798 3286 2855 fervore
3309 2799 3543 2863 calente,

2173 2889 2281 2943 Sed
2301 2889 2486 2944 medio
2517 2904 2628 2944 non
2657 2888 2822 2943 mittit
2849 2889 2967 2955 iter,
3003 2887 3137 2960 quin
3169 2887 3350 2960 pergit
3376 2888 3569 2951 asello,

2173 2979 2314 3033 Dura
2337 2979 2561 3045 sedens,
2596 2978 2735 3033 lenis
2762 2995 2923 3050 quam
2955 2978 3084 3034 olim
3115 2978 3312 3033 lectica
3335 2978 3588 3032 vehebat.

2170 3070 2592 3144 Transgreditur
2611 3070 2776 3141 Syriae
2809 3069 3002 3136 lees,
3036 3070 3311 3126 Phoenicis
3334 3078 3388 3125 ct
3421 3087 3548 3125 arva

2170 3161 2302 3217 Tum
2326 3163 2568 3227 Beritho,
2598 3161 2881 3234 veterique
2912 3179 3103 3218 means
3131 3163 3336 3216 Sidone
3366 3161 3574 3216 relicta.

452 3256 570 3312 1am
602 3256 841 3331 genitos,
884 3255 1118 3310 famulos
1159 3268 1522 3324 possessaque
1553 3259 1736 3306 mente
1776 3249 2069 3316 revellens,
2175 3255 2302 3310 Elia;
2332 3255 2544 3321 turrim,
2577 3270 2699 3326 qua;
2730 3253 2911 3308 littore
2936 3271 3101 3325 parva
3126 3255 3367 3326 Sareptae

456 3346 644 3423 Cogita
673 3346 1006 3403 omnimodis
1025 3345 1217 3400 mundi
1249 3362 1310 3399 se
1336 3343 1622 3400 absolvere
1647 3342 1866 3397 vinclis.

524 3436 750 3511 Frigora
780 3442 902 3507 post
933 3435 1175 3500 tandem,
1209 3434 1338 3489 dum
1364 3432 1589 3488 ﬁtmare
1609 3431 1840 3486 navibus
1861 3439 2071 3500 aptum,

455 3529 788 3584 Prmsulibus
818 3527 1070 3600 proprias
1098 3527 1262 3582 sedes
1293 3525 1691 3599 repetentibus,
1723 3525 1867 3578 almo

453 3623 806 3695 Prosequitur
830 3630 977 3690 voto,
1010 3621 1188 3678 charis
1213 3637 1337 3676 cum
1370 3621 1533 3675 fratre
1566 3619 1896 3692 prepinquis

454 3718 688 3788 Insuper
717 3714 784 3770 ad
808 3723 1025 3786 portum
1055 3715 1237 3790 gnatis
1266 3713 1659 3769 comitantibus
1693 3712 1890 3783 ipsam,

453 3809 553 3876 Qui
574 3809 778 3880 pietate
808 3808 954 3879 piam
975 3814 1252 3865 certantes
1266 3807 1486 3862 vincere
1517 3814 1772 3861 matrem.

453 3903 600 3968 Quos
627 3907 852 3973 superat
877 3901 1080 3972 pietate
1101 3899 1195 3955 Dei
1225 3898 1597 3969 famulamque
1619 3895 1907 3967 probando

456 3992 524 4047 Se
557 3989 776 4058 Christi,
809 3991 988 4046 nescit
1012 3989 1255 4044 carnalia
1280 3989 1478 4044 fenora
1507 3987 1734 4042 ventris.

455 4080 687 4136 Carbasa
713 4079 1059 4150 complerant
1080 4079 1226 4134 venti
1256 4078 1599 4149 puppimque
1622 4075 1834 4131 ferebat

456 4174 698 4242 Impetus
713 4173 945 4238 alarum,
977 4170 1220 4242 pernicis
1246 4169 1416 4224 rerlio
1447 4169 1644 4235 lintris,

453 4259 657 4314 Parvus
675 4259 950 4326 Toxotius,
984 4260 1194 4330 palmas
1220 4259 1274 4312 in
1306 4259 1488 4313 littore
1509 4258 1769 4322 tendens,

458 4347 703 4401 Fletibus
733 4356 788 4402 et
819 4345 1018 4401 Ruﬁna
1047 4346 1279 4402 madens
1303 4345 1815 4402 retinerelaborant

457 4435 679 4491 Viscera
705 4442 1044 4492 temnentem
1077 4444 1316 4505 terrena,
1344 4453 1584 4509 superna
1621 4443 1899 4508 petentem

2177 3347 2484 3409 Permanet,
2518 3345 2845 3418 ingreditur,
2877 3345 3177 3401 Dominum
3206 3345 3423 3399 virtutis
3452 3345 3668 3398 adorans

2177 3439 2418 3511 Hospitis
2449 3439 2538 3494 hic
2567 3439 2768 3504 viduae,
2795 3456 2894 3510 per
2924 3455 3086 3511 quem
3119 3438 3187 3492 de
3213 3447 3390 3493 morte
3421 3439 3622 3493 levatur

2175 3529 2446 3586 Caelicolae
2469 3530 2610 3585 vatis
2631 3529 2893 3601 precibus
2915 3529 3122 3584 dudum
3154 3529 3319 3584 unica
3347 3531 3548 3600 proles.

2175 3623 2386 3695 Perque
2414 3621 2537 3694 Tyri
2568 3623 2826 3696 gradiens
2857 3623 3009 3677 Pauli
3035 3623 3278 3678 doctoris
3303 3639 3500 3678 arenas

2175 3716 2374 3773 Deﬁxis
2401 3734 2585 3773 sacras
2612 3719 2868 3794 genibus,
2901 3718 3386 3790 perduciturAcho
3415 3715 3610 3789 [Acco],

2175 3805 2407 3862 Nomine
2428 3815 2636 3864 mutato
2670 3824 2833 3880 quam
2857 3824 3004 3864 nunc
3035 3807 3377 3863 Ptolemaida
3399 3806 3606 3862 dicunt.

2175 3896 2458 3973 Sanguine
2487 3897 2651 3954 Josiae
2682 3899 2762 3954 sic
2788 3898 3200 3970 permadcfacta
3227 3898 3494 3972 Mageddo

2174 3991 2337 4061 Rura,
2367 3993 2684 4048 Palaestinos
2713 3993 2960 4065 gaudens
2976 3993 3272 4064 pertransit
3300 3991 3356 4046 in
3382 4006 3568 4067 agros,

2173 4085 2333 4141 Urbis
2360 4087 2467 4142 Dor
2493 4085 2772 4158 quondam
2795 4084 3034 4140 celebris
3059 4085 3252 4140 mirata
3276 4085 3486 4152 ruinas,

2172 4183 2300 4250 Quae
2332 4188 2456 4252 post
2485 4178 2756 4234 Stratonis
2777 4176 2979 4233 renitet
3006 4177 3340 4248 cognomine
3357 4176 3544 4232 turris.

2103 4284 2156 4352 Ι)
2174 4278 2324 4332 Hanc
2351 4275 2502 4348 prior
2536 4274 2776 4330 Herodes
2805 4273 3030 4346 Augusti
3066 4271 3291 4327 Caesaris
3315 4277 3482 4345 auget

2181 4362 2450 4432 Culmina,
2487 4363 2787 4420 Caesaream
2821 4364 3064 4420 Ramano
3095 4379 3126 4418 a
3148 4361 3398 4434 principe
3429 4361 3640 4416 dictam.

1962 4587 2169 4643 CAPUT
2209 4589 2295 4643 IX.

1589 4689 1674 4752 De
1713 4700 1920 4752 sancto
1977 4689 2254 4752 Cornelio
2302 4688 2670 4751 centurione.

459 4797 514 4854 ln
540 4813 649 4872 qua
679 4797 917 4856 sollicite
944 4804 1194 4854 scrutans
1219 4796 1340 4853 loca
1367 4797 1533 4852 Paula
1554 4805 1764 4853 sacrata

461 4893 720 4965 Repperit
749 4892 1039 4948 ecclesiam
1071 4890 1292 4959 Christi,
1323 4888 1606 4947 Cornelius
1636 4889 1768 4945 olim

454 4985 644 5041 Edem
674 5001 838 5057 quam
869 4985 1040 5040 coluit
1071 4984 1280 5056 privato
1301 4983 1431 5052 jure
1471 4980 1754 5048 manendi,

458 5078 600 5134 Luce
628 5078 722 5132 Dei
751 5077 954 5152 dignus
986 5075 1220 5130 necdum
1252 5073 1581 5145 baptismate
1610 5073 1775 5139 lotus,

461 5167 650 5222 Caelite
691 5173 851 5233 teste,
883 5180 1078 5236 preces
1108 5162 1266 5232 cujus
1293 5161 1608 5217 referuntur
1637 5160 1706 5214 ad
1737 5176 1898 5214 aures

456 5260 780 5316 Ascendisse
810 5259 928 5323 Dei,
956 5256 1239 5312 miseratio
1269 5255 1444 5330 gratia
1469 5253 1691 5309 subisse

453 5351 592 5406 Ante
622 5351 881 5405 thronum
905 5346 1143 5412 Domini,
1173 5345 1433 5401 sublectae
1463 5344 1704 5417 praestita
1729 5343 1899 5415 plebi.

454 5445 518 5497 At
540 5448 690 5513 patet
710 5447 969 5512 acceptor
994 5438 1164 5509 judex
1199 5452 1310 5492 non
1342 5453 1466 5492 esse
1483 5453 1760 5508 supernus

454 5538 817 5596 Personarum
847 5535 993 5591 inter
1009 5532 1146 5588 nihil
1166 5539 1330 5604 atque
1359 5531 1532 5587 salute
1564 5531 1842 5602 direptum

2178 4795 2498 4852 Hebraicam
2529 4801 2842 4852 nostramve
2874 4794 3038 4850 ﬁdem
3075 4793 3280 4865 pietate
3313 4794 3596 4859 nitentem,

2179 4890 2446 4945 Gentibus
2467 4896 2521 4944 et
2549 4889 2764 4945 cunctis
2791 4887 3027 4945 reserari
3047 4887 3239 4942 limina
3269 4889 3418 4953 coeli,

2179 4982 2410 5055 Vimque
2440 4982 2552 5055 pati
2572 4983 2831 5055 donoque
2854 4982 2951 5037 Dei
2982 4981 3258 5038 violenter
3283 4981 3445 5035 adiri.

2179 5073 2337 5128 Nulla
2359 5073 2632 5127 dabantur
2653 5073 2782 5128 huic
2811 5072 3096 5138 miracula,
3125 5071 3340 5126 semina
3363 5071 3492 5125 vitae

2177 5161 2336 5216 Nulla
2359 5160 2691 5216 serebantur
2719 5167 2952 5216 terrena}
2981 5160 3279 5232 aspergine
3310 5159 3513 5232 linguae
3552 5175 3566 5222 ;

2176 5250 2466 5323 Aspirantc
2488 5257 2674 5306 tamen
2702 5252 2935 5319 Christo,
2959 5251 3046 5306 cui
3077 5250 3243 5306 corda
3273 5249 3437 5304 beare

2175 5339 2272 5394 Jus
2296 5348 2503 5408 manet,
2536 5348 2656 5396 orat
2686 5341 2763 5396 ait
2792 5340 2997 5415 dignus
3027 5339 3300 5394 habeatur
3328 5347 3390 5392 ut
3418 5336 3577 5392 astris
3614 5354 3629 5396 ς

2175 5432 2416 5488 Accersit
2441 5433 2686 5488 monitus
2717 5433 3022 5498 doctorem,
3053 5432 3311 5507 dogmata
3352 5429 3567 5503 quaerit,

2173 5523 2338 5580 Sacro
2378 5521 2530 5579 fonte
2562 5537 2780 5591 carens,
2807 5522 2918 5590 jam
2943 5520 3267 5594 puriﬁcatus
3295 5519 3491 5575 haberi

529 5637 673 5710 (155)
715 5635 852 5692 Vide
880 5635 935 5690 S.
971 5632 1284 5705 Hieronymi
1327 5631 1615 5704 epistolam
1652 5630 1772 5696 109,
1806 5627 1876 5684 ad
1909 5623 2256 5682 Eustochium
