3938 6158
155 256 231 313 521
627 249 712 304 DE
750 229 1110 306 TRIUMPHIS
1149 250 1408 307 CHRISTI
1449 250 1527 305 ET
1566 251 1660 307 SS.
1706 252 2107 308 PALA'ISTINzE
2146 251 2323 306 LIBRI
2362 254 2549 309 TRES.
2593 285 2664 295 —
2703 255 2808 310 LIB
2877 257 2952 313 II.
3348 260 3459 315 522

156 386 405 449 Panditur,
431 382 714 454 accipiens
731 383 921 455 superi
959 384 1291 440 charismata
1322 384 1485 451 doni;
1762 389 1815 459 Α
1836 386 2083 458 Dumque
2111 385 2221 457 piis
2251 385 2471 456 plebem
2503 387 2728 443 monitis
2756 388 3097 461 hortansque
3127 388 3455 462 decensque

156 481 357 553 Spiritus
370 478 520 532 hunc
539 477 776 548 impleus
799 494 923 533 nam
946 479 1173 552 dignum
1197 495 1424 536 munere
1447 487 1732 537 monstrat.
1839 477 2201 547 Multiplicm'e
2233 486 2407 547 Parui.
2442 478 2512 532 de
2543 480 2867 535 οθηίιιτὶοηθ
2901 481 3162 537 sacerdos

157 571 234 627 Cui
260 574 526 639 sumptum
548 567 631 622 ire
653 584 846 638 parum
885 568 1010 624 vitae
1049 584 1109 624 se
1149 585 1381 625 munera
1417 571 1633 641 solum;
1842 572 2104 639 Efﬁcitur,
2133 575 2447 645 renitetque
2485 574 2647 630 datus
2681 577 2782 631 hae
2815 578 3017 647 praesul
3040 579 3096 632 in
3123 578 3278 648 urbe,

157 664 209 715 At
230 666 373 715 vocat
398 655 617 723 afﬁnes,
646 656 843 712 cbaros
870 656 1061 712 invitat
1082 658 1289 713 amicos
1841 662 1954 728 Qua
1986 665 2243 734 perplura
2272 680 2439 737 sagax
2470 666 2778 721 animarum
2806 676 3105 743 augmenta
3141 669 3388 744 gerendo

156 749 534 820 Participesque
563 749 650 803 sui
683 748 868 820 plures
892 748 1082 804 studet
1110 749 1312 805 addere
1338 750 1490 818 doni,
1841 757 2145 825 Prsenituit,
2179 767 2503 831 mactusque
2534 760 2702 816 lucris
2732 762 2807 817 ita
2837 761 2949 818 tine
2980 764 3208 835 quievit,

155 839 301 897 Ofﬁcii
321 838 576 910 praebens
598 837 866 912 prasagia
894 839 1040 893 clara
1074 837 1244 895 futuri
1843 848 2051 905 Fenora
2078 851 2385 905 commissae
2410 851 2655 907 referens
2688 869 2796 908 non
2827 870 2992 924 parva
3019 862 3281 922 catervie;

154 931 301 1001 Atque
328 928 526 995 vicem,
559 943 663 982 nee
705 927 887 982 adhuc
924 927 1139 1019 doctus,
1171 929 1413 984 doctoris
1451 931 1737 1001 adeptans.
1844 940 1998 995 Unde
2025 942 2107 996 sui
2130 958 2356 997 sumens
2379 959 2600 1015 quoque
2627 946 2848 1015 praemia
2882 946 3050 1019 digna
3078 947 3284 1002 laboris

156 1021 326 1093 Sicque
364 1020 514 1090 ea?"
547 1019 588 1074 Ρ
591 1024 710 1075 et")
741 1026 993 1075 sanctum
1025 1018 1306 1075 tribuente
1335 1021 1634 1091 lavacrum»
1846 1032 2134 1088 C(elesteui
2163 1049 2420 1104 proceres
2450 1033 2594 1089 inter
2632 1036 2860 1091 sortitur
2888 1018 3174 1093 honorem.

154 1115 330 1172 Ordine
357 1120 586 1183 mutato,
627 1115 747 1187 posi
778 1115 1013 1188 pignora
1039 1115 1303 1172 Flaminis
1340 1116 1501 1185 almi;

1647 1245 1852 1302 CAPUT
1886 1248 1950 1303 X.

1321 1351 1399 1410 De
1430 1360 1636 1412 sancto
1669 1354 1751 1413 Plz
1766 1356 1955 1433 Hippo
1984 1356 2262 1418 diacono.

156 1459 405 1514 jEdiculas
436 1458 597 1514 isthic
624 1458 922 1530 perlustrat
953 1459 1117 1513 Paula
1154 1458 1396 1530 Philippi
1847 1464 1984 1520 Esse
2016 1481 2191 1522 novus
2220 1473 2351 1538 poto
2382 1483 2490 1540 quo
2523 1477 2745 1539 pectora
2768 1468 2914 1523 sicca
2932 1468 3214 1541 rigantur;

158 1549 352 1616 lentae,
386 1565 457 1604 ex
485 1556 699 1620 septem
728 1550 822 1621 qui
843 1549 1031 1604 munia
1054 1548 1198 1603 clara
1228 1563 1505 1603 sacrorum
1850 1557 2181 1630 Mutavitque
2212 1567 2404 1629 atram,
2432 1560 2640 1615 tinctus
2672 1560 3025 1631 baptismate,
3052 1561 3253 1633 pellem

158 1642 272 1696 Cum
304 1640 581 1711 Stephano
612 1657 856 1712 coepere,
886 1641 1018 1707 aris,
1042 1656 1149 1712 qua
1174 1639 1296 1714 lege
1328 1640 1577 1695 minister
1852 1648 1947 1705 lIic
1975 1650 2132 1724 niger
2147 1651 2702 1725 eunuchusgeutilia
2725 1652 2889 1707 corda
2917 1652 3184 1727 ﬁgurans.

157 1735 342 1801 Editus,
369 1734 563 1788 aeterni
594 1749 702 1789 non
735 1739 911 1787 cessat
942 1732 1156 1787 semina
1185 1731 1337 1786 verbi
1854 1739 2149 1795 Bethsoros
2176 1748 2259 1795 est
2290 1741 2441 1797 vicus
2471 1741 2706 1812 Solymis
2737 1759 2844 1813 qua
2877 1743 3121 1817 pergitur
3153 1743 3370 1798 Hebron

154 1827 402 1901 Spargere
428 1843 525 1898 per
544 1825 795 1897 populos,
825 1832 879 1880 et
909 1841 1039 1881 oves
1071 1825 1139 1879 ad
1166 1824 1313 1881 ovile
1354 1839 1548 1880 vocare
1574 1843 1586 1878 :
1780 1855 1833 1923 Β
1860 1827 1918 1880 lu
1946 1843 2056 1898 quo
2084 1827 2209 1883 fons
2238 1829 2394 1897 cujus
2424 1831 2773 1885 sacrantibus
2795 1832 2976 1887 elutus
3008 1833 3173 1886 undis

152 1922 371 1976 Plurima
398 1922 559 1997 signa
580 1938 805 1996 gerens,
835 1921 1098 1975 virtutum
1132 1920 1253 1974 luce
1277 1935 1594 1986 coruscans,
1780 1917 1826 1923 ’⁷
1858 1917 2099 1973 Candida
2139 1920 2412 1990 praeclarae
2444 1922 2643 1977 meruit
2674 1924 2951 1978 consortia
2980 1923 3125 1978 vitae.

151 2011 423 2065 Deemonas
446 2011 750 2082 expellens.
777 2010 1076 2081 paralyliea
1106 2024 1339 2080 corpora
1370 2026 1586 2077 curans,
1858 2006 2095 2076 Spiritus
2117 2008 2405 2078 abripiens
2435 2010 2573 2063 alias
2603 2010 2899 2066 transferre
2926 2010 3245 2082 Philippum

148 2105 457 2160 Restituens
486 2120 733 2177 gressum
766 2102 979 2157 claudis
1007 2118 1070 2157 ac
1099 2102 1307 2156 lumina
1338 2102 1516 2157 orceis.
1858 2097 2128 2164 Destinat,
2161 2098 2365 2154 Azotiis
2386 2100 2752 2173 reliquisque,
2786 2102 2879 2156 ubi
2912 2102 3077 2157 verba
3108 2101 3300 2155 salutis

152 2194 235 2249 Ille
252 2194 584 2249 Samaritum
609 2190 738 2247 ﬁdei
766 2191 1092 2247 fundamina
1123 2191 1349 2246 ﬁrmans
1860 2185 2089 2240 Disserit
2117 2186 2364 2261 allegans
2395 2189 2588 2243 urbem
2621 2190 2752 2243 dum
2782 2190 2978 2245 transit
3008 2192 3075 2244 ad
3106 2190 3260 2244 istam

145 2283 408 2347 Instruxit,
446 2281 680 2345 monuit,
715 2280 1067 2351 Simonisquc
1100 2296 1319 2335 venena
1350 2279 1582 2352 fugavit.
1858 2279 2154 2334 Editicans
2174 2280 2228 2335 in
2261 2297 2368 2352 qua
2392 2290 2607 2338 mentes
2638 2284 2927 2355 requievit.
2956 2292 3011 2339 et
3034 2285 3156 2353 ejus

144 2372 393 2445 Angelico
428 2371 596 2426 ductu
627 2386 952 2442 properans,
1005 2370 1134 2425 hinc
1176 2369 1354 2442 pergit
1392 2370 1460 2423 ad
1491 2376 1758 2437 austrum,
1858 2369 1989 2423 Tres
2012 2368 2167 2437 juxta
2195 2371 2420 2444 genitae,
2452 2388 2574 2427 cum
2598 2373 2928 2448 virginitatis
2957 2376 3164 2431 honore

143 2464 564 2536 {Ethiopemque
593 2472 754 2520 tuens
783 2465 1099 2519 eunuchum
1134 2479 1289 2518 sacra
1318 2464 1615 2539 legentem,
1861 2463 2072 2519 Sortitae
2094 2466 2373 2534 tumulos;
2403 2468 2680 2539 Ephesina
2706 2478 2896 2541 quarta
2925 2471 3170 2526 renidet:

141 2552 319 2608 Divino
342 2554 566 2608 monitu
596 2553 873 2625 carpendo
899 2552 1173 2628 jungitur,
1203 2559 1373 2623 atque
1862 2555 2066 2626 Spiritu
2104 2557 2226 2628 ipse
2258 2560 2561 2630 prophetia:
2592 2576 2731 2632 quas
2752 2578 2979 2617 munere
3010 2571 3234 2619 sanctus

136 2642 372 2700 Sollicito
402 2644 595 2700 studio
623 2645 865 2699 sociatur
900 2643 1116 2714 apertio
1147 2642 1301 2717 legis.
1865 2646 2126 2717 Implens,
2160 2649 2436 2704 illecebris
2452 2650 2556 2704 diri
2585 2651 2818 2707 servavit
2844 2651 2912 2706 ab
2928 2653 3125 2728 anguis

139 2737 266 2793 Dum
292 2746 515 2796 veteres
541 2739 806 2795 sitiuntur
829 2754 1003 2810 aquae,
1035 2736 1159 2794 fons
1190 2738 1449 2808 panditur
1469 2744 1621 2793 ortus
1865 2736 2249 2810 [Ethereisque
2267 2740 2450 2796 choris
2474 2740 2599 2795 ρωὶί
2618 2751 2943 2813 superastra
2962 2743 3195 2819 jugavit.

1640 2863 1851 2919 CAPUT
1890 2865 1978 2919 XI.

1467 2977 1545 3036 De
1583 2985 1790 3037 sancto
1812 2977 2146 3054 ‘Procopz'o.

138 3086 330 3143 Urbem
384 3088 539 3143 hanc
564 3086 864 3158 Procopius
900 3085 1102 3162 legitur
1139 3086 1429 3142 deeorasse
1462 3085 1761 3157 triumpho,
1864 3085 2109 3140 Adverso
2136 3085 2359 3142 vibrans
2391 3088 2578 3143 hostes
2609 3089 2910 3160 superabat
2935 3090 3179 3149 abactos.

132 3179 454 3250 Scytliopoli
481 3179 636 3250 prius
659 3186 851 3234 ornata
869 3180 1035 3235 verbo
1066 3188 1230 3251 atque
1251 3178 1439 3254 vigore
1464 3197 1477 3244 ;
1871 3179 1982 3231 Ituc
2011 3192 2233 3249 quoque
2265 3178 2506 3234 directus
2537 3181 2711 3251 prima
2751 3182 2818 3235 ad
2850 3198 3117 3253 responsa
3144 3182 3343 3249 ﬁdelis,

131 3274 295 3328 Nocte
325 3274 548 3347 dieque
574 3273 671 3327 Dei
696 3273 791 3345 qui
818 3280 936 3328 stat
961 3273 1091 3327 dum
1114 3273 1356 3328 cultibus
1383 3273 1562 3338 almis,
1800 3335 1838 3349 η
1867 3268 2065 3336 Fortis,
2105 3276 2158 3323 et
2192 3270 2449 3327 inventus
2480 3273 2725 3344 sapiens,
2769 3281 3138 3349 constansque
3169 3277 3435 3349 probatus
3467 3294 3479 3329 :

132 3365 343 3421 Viscera
363 3363 689 3421 conﬁciens
705 3380 829 3420 raro
850 3372 1102 3420 recreata
1127 3371 1343 3435 paratu,
1791 3335 1843 3404 (οἶ
1870 3362 2125 3432 Iratoque
2156 3362 2345 3433 probis
2384 3364 2623 3421 Fabiano
2654 3366 2837 3435 judice
2868 3367 3055 3438 dictis,
3094 3416 3097 3417 ν

128 3452 297 3509 Corda
314 3452 627 3527 saginabat
650 3452 890 3523 dapibus
916 3450 1180 3523 replendo
1204 3453 1478 3524 supernis.
1869 3449 2185 3507 Mucronem
2217 3452 2500 3523 excipiens
2531 3456 2830 3511 certamina
2862 3454 2970 3512 ﬁne
2997 3465 3273 3514 venustat.

128 3543 359 3615 Insuper
384 3543 656 3599 internas
685 3540 904 3597 interna
935 3548 1271 3614 externaque
1294 3542 1442 3598 bella

1637 3668 1843 3724 CAPUT
1882 3671 1995 3725 XII.

1253 3772 1331 3832 De
1375 3773 1597 3847 Prisco,
1647 3772 1875 3833 Malcho
1919 3781 1972 3833 et
2013 3774 2379 3834 Alexandro.

121 3890 399 3948 Praeterea
432 3890 698 3948 celebres
727 3889 817 3945 hic
848 3904 1207 3945 consumasse
1247 3888 1556 3960 triumphos
1872 3890 2127 3963 lgnavam
2156 3890 2253 3945 sed
2286 3891 2439 3944 humi
2469 3896 2725 3964 gererent
2751 3899 2971 3961 torpore
3002 3892 3244 3963 quietem
3280 3911 3293 3948 :

118 3986 351 4041 Athletae
386 3985 581 4040 fortes
599 3983 840 4054 pretiosa
861 3986 1039 4036 morte
1070 3981 1359 4055 leguntur.
1872 3977 2060 4052 Regna
2086 3979 2227 4032 Deus
2259 3979 2483 4033 mandet
2520 3995 2644 4034 cum
2686 3979 2735 4033 vi
2771 3979 3036 4050 rapienda
3064 3998 3323 4052 superna.

119 4077 362 4140 Quorum
398 4082 532 4131 tres
563 4075 742 4129 valida
763 4074 998 4142 juvenes
1026 4073 1228 4128 virtute
1258 4072 1521 4138 nitentes,
1871 4067 2032 4120 Arma
2063 4067 2264 4138 quibus
2296 4067 2440 4122 nacti
2472 4067 2675 4135 verbis,
2709 4068 3033 4142 gradiuntur
3063 4069 3117 4123 iu
3153 4070 3351 4127 Urbem

113 4169 356 4238 Priscus,
394 4167 685 4233 Malchus,
707 4164 1032 4228 Alexander,
1058 4162 1220 4218 simul
1240 4162 1377 4218 urbe
1397 4163 1497 4218 sub
1525 4163 1627 4217 ista
1871 4164 2254 4233 Approperant
2285 4161 2469 4229 bellis,
2501 4170 2554 4218 et
2583 4164 2777 4218 adorto
2802 4163 2993 4233 judice
3024 4165 3255 4222 crudum

117 4258 404 4332 [legentes
436 4255 695 4329 quodam
724 4254 848 4310 vitae
880 4252 1079 4307 ruralis
1108 4251 1307 4327 agello,
1872 4250 2134 4308 lncusant
2157 4253 2332 4326 rigide
2364 4254 2513 4324 quod
2537 4254 2807 4327 sanguine
2836 4255 3211 4315 smviatalmo.

112 4352 321 4408 Intenti
352 4351 607 4416 studiis,
638 4350 768 4403 dum
792 4355 1041 4419 tempore
1073 4346 1342 4401 Valeriani
1872 4344 2122 4398 Actutum
2179 4346 2407 4400 monitis
2433 4362 2596 4416 quam
2630 4346 2797 4420 digna
2837 4348 3046 4417 profata
3076 4346 3421 4419 rependens:

110 4440 205 4495 Isti
224 4440 617 4513 comperiunt
642 4435 770 4491 fidei
794 4435 1117 4491 crebescere
1148 4451 1384 4509 pugnas,
1880 4453 1902 4481 α
1941 4433 2269 4501 Subjicitote
2293 4435 2443 4501 feris,
2492 4435 2701 4505 inquit;
2734 4436 2936 4506 quibus
2978 4437 3121 4492 haud
3146 4437 3326 4509 placet
3351 4439 3494 4492 istud

108 4534 322 4591 Divina:
352 4531 609 4590 accensi
648 4530 856 4601 pariter
873 4529 1093 4585 virtutis
1124 4544 1329 4594 amore,
1874 4523 2113 4580 Profluat
2143 4533 2202 4580 ut
2227 4534 2411 4582 nostro
2444 4527 2671 4599 sanguis
2697 4543 2965 4583 mucrone
2997 4529 3247 4599 piorum;
3293 4551 3317 4581 υ

108 4626 310 4697 Turpis
352 4624 641 4701 segnitia:
672 4639 796 4679 sese
826 4637 1043 4694 carpere
1066 4626 1291 4676 notare:
1876 4612 2124 4669 Rictibus
2150 4615 2421 4671 horrificis
2450 4632 2576 4672 mox
2615 4617 2926 4691 allegantur
2945 4619 3146 4675 edendi

104 4715 262 4780 Quod
285 4734 431 4773 cum
456 4715 737 4771 calestes
761 4711 1167 4784 caperenturin
1193 4709 1333 4765 Urbe
1354 4725 1594 4776 coronze,
1799 4778 1842 4784 _
1876 4705 2220 4778 Abrahaeque
2249 4709 2372 4763 sinu
2401 4708 2636 4779 correpti
2678 4725 2744 4763 ex
2776 4726 2871 4765 ore
2903 4709 3137 4765 ferarum

104 4778 215 4878 Ipsi
240 4825 363 4867 non
387 4813 703 4880 caperent,
725 4778 888 4873 irent,
912 4810 1165 4876 peterent
1196 4807 1587 4874 reperentque,
1799 4778 1856 4845 D
1883 4801 2178 4873 Perpetuas
2200 4806 2451 4872 prompta
2482 4778 2760 4856 luerantur
2789 4808 2962 4857 morte
2992 4817 3225 4858 coronas

1635 4930 1844 4986 CAPUT
1883 4931 2023 4985 XIII.

1513 5035 1591 5094 De
1633 5042 1838 5095 sancto
1882 5034 2139 5093 Marino.

106 5154 350 5218 Quidam
377 5156 526 5207 erat
559 5146 653 5201 hic
668 5144 869 5217 Opibus
889 5142 1107 5215 pollens
1133 5148 1189 5197 et
1213 5141 1446 5208 honore,
1476 5141 1717 5196 Marinus
1889 5138 2068 5194 Invisa
2097 5136 2290 5192 Clu-isti
2322 5137 2416 5208 qui
2448 5137 2736 5211 relligioue
2766 5146 3063 5208 prematur.

102 5249 372 5315 Nomine,
411 5241 661 5302 militiae
689 5240 993 5312 splendens
1019 5236 1354 5311 insignibus,
1386 5244 1553 5310 atque
1888 5228 2159 5291 Quaesitus
2188 5242 2449 5284 verumne
2481 5227 2603 5281 sita
2633 5234 2904 5299 quaestore
2936 5227 3174 5283 Marinus

102 5338 455 5395 Promeritis
491 5332 712 5393 clarus,
745 5328 1090 5400 Solymorum
1115 5344 1146 5383 e
1177 5327 1397 5383 civibus
1425 5343 1570 5382 unus
1886 5320 2037 5376 Illico
2057 5319 2430 5377 Christicolam
2462 5319 2584 5375 viva
2611 5336 2671 5374 se
2697 5336 2833 5375 voce
2859 5320 3074 5389 fatetur,

102 5434 317 5492 Militis
361 5433 527 5489 dum
564 5428 686 5482 luce
708 5425 913 5500 gradus
943 5426 1093 5480 hunc
1118 5421 1343 5480 debitus
1364 5422 1500 5477 ordo
1887 5412 2082 5468 Christi
2103 5429 2165 5468 se
2193 5428 2322 5469 vere
2362 5411 2610 5467 famulari
2636 5412 2856 5486 legibus
2882 5413 3074 5468 edens.

101 5525 415 5589 Quondam
464 5516 628 5583 adit,
658 5515 880 5571 invidiae
916 5512 1178 5570 stimulus
1220 5512 1360 5586 petit
1386 5525 1512 5566 ecce
1539 5506 1785 5564 sodalem
1889 5504 2277 5560 Conceduntur
2314 5504 2365 5560 ei
2399 5511 2509 5559 tres
2539 5503 2664 5575 quis
2693 5503 2965 5560 deliberet
2994 5505 3169 5559 horae:

102 5614 167 5671 Ex
179 5616 546 5685 clamatque
572 5605 804 5679 gradum
828 5605 977 5660 hunc
998 5618 1109 5659 non
1131 5617 1299 5675 posse
1318 5599 1504 5657 subire
1522 5595 1785 5653 Marinum
1889 5595 1980 5651 Dis
2010 5596 2182 5652 libare
2212 5597 2363 5663 velit,
2390 5595 2661 5667 perimine
2693 5595 2977 5653 vocamine
2997 5595 3211 5651 Christi.

464 5717 774 5778 PATROL.
823 5710 1149 5775 CXXXV.
3090 5701 3159 5761 17
