3946 6150
472 236 578 290 523

471 368 723 423 Protinus
746 380 1027 437 egressum
1049 365 1352 440 Teotignus
1373 367 1670 439 episcOpus
1700 385 1939 437 armaris,

472 456 622 511 Ducit
651 454 705 508 in
728 453 1035 520 ecclesiam,
1070 451 1201 508 fidei
1232 456 1583 512 sermonibus
1611 464 1797 531 auget,

466 546 820 617 Tandemque
857 545 1136 612 attollens,
1177 544 1366 601 altaris
1392 547 1460 601 ad
1502 547 1695 603 intima
1725 548 2007 603 transfert:

469 647 581 707 Quo
612 642 939 713 praecinctus
969 649 1086 697 erat
1117 641 1361 716 gladium
1395 643 1675 714 preponit,
1709 649 1763 697 et
1785 641 1944 698 offert

470 733 599 787 Inde
615 732 993 809 Evangelium,
1023 733 1270 807 r0gitans
1300 732 1432 804 quid
1462 732 1873 788 malleteorum.

469 820 711 891 Cumque
739 836 962 875 manum
996 828 1252 891 prompte
1283 818 1470 875 divina
1498 821 1565 874 ad
1591 820 1717 889 jura
1746 820 1977 888 tulisset,

466 909 670 963 Prmsul
700 909 805 963 ait:
842 934 865 955 α
897 909 1051 974 Quod
1083 908 1299 979 cmpisti
1325 909 1436 977 jam
1468 907 1693 980 perfice,
1726 908 1803 963 fili
1831 927 1844 963 :

466 1006 639 1060 Vitam
671 1012 1035 1061 contemnens
1074 1005 1347 1073 fragilem,
1381 1014 1601 1077 sperato
1631 1014 1979 1074 manentem;

469 1098 690 1173 Pergito
724 1097 1032 1166 conﬁdens,
1066 1098 1302 1155 oblatam
1332 1099 1544 1170 prende
1568 1115 1845 1166 coronam,

1221 233 1587 289 FLODOARDI
1629 235 1932 291 CANONICI
1974 237 2307 293 REMENSIS
2349 237 2688 294 OPUSCULA
2726 237 3037 293 METRICA.
3682 238 3768 292 521

2103 376 2154 445 Α
2184 370 2298 435 Qua
2329 370 2596 426 redimire
2617 370 2769 441 pium
2810 368 3074 424 Dominus
3103 373 3270 438 caput
3297 366 3451 439 eligit
3480 367 3622 422 altus
3657 387 3681 419 ι

2185 462 2527 535 Regrediens
2550 477 2754 517 saevum
2783 460 2982 531 repetit
3004 474 3256 531 prmeone
3278 459 3515 514 tribunal

2185 553 2476 619 luvitante,
2512 552 2639 607 dato
2660 551 2764 606 sibi
2796 559 3064 621 tempore,
3094 550 3310 614 adesse,
3332 565 3622 605 recurrens

2186 641 2294 695 Nec
2327 640 2529 712 patitur
2557 640 2788 695 scitante
2820 654 2999 693 moras
3028 646 3087 693 ut
3109 638 3342 709 praeside
3372 638 3596 703 reddat;

2188 730 2363 785 Verba
2389 730 2486 784 sed
2520 744 2853 800 expromens
2882 735 3031 782 certo
3047 742 3108 781 se
3131 727 3328 782 robore
3346 726 3534 781 ﬁxum.

2190 819 2305 874 Non
2332 818 2616 893 rogitatus,
2651 818 2724 871 ait
2745 815 3126 873 confirmatum
3149 833 3268 872 esse
3295 825 3526 889 paterna

2191 910 2357 986 Lege,
2389 910 2486 965 Dei
2513 911 2691 981 potius
2718 909 2960 965 bominis
2989 926 3153 981 quam
3174 910 3331 978 jussa
3372 908 3635 963 timenda.

2191 1004 2283 1058 Sic
2322 1004 2487 1075 plecti
2512 1004 2709 1078 jugulo
2742 1003 2836 1058 tali
2856 1019 2954 1075 pro
2984 1002 3185 1058 famine
3206 1004 3414 1072 jussus,

2189 1098 2410 1168 Majoris
2449 1114 2617 1170 super
2643 1108 2791 1154 astra
2814 1098 3046 1170 gradum
3079 1112 3204 1153 mox
3231 1097 3399 1152 sumit
3420 1096 3666 1161 honoris,

1945 1231 2155 1287 CAPUT
2190 1232 2320 1287 XIV.

1822 1362 1900 1420 De
1941 1370 2145 1422 sancto
2190 1363 2441 1421 Asteria.

470 1499 715 1554 Asterius
745 1497 969 1571 quidam
994 1515 1244 1570 prmsens
1277 1506 1414 1565 erat,
1447 1497 1598 1553 urbis
1621 1496 1878 1553 alumnus

473 1591 676 1654 Romae,
711 1590 994 1661 patricius,
1030 1597 1179 1656 natu,
1211 1590 1509 1660 Splendorc
1534 1604 1779 1652 senator,

471 1683 703 1738 Ornatus
731 1682 963 1750 meritis,
992 1682 1193 1754 Opibus
1223 1682 1463 1737 feliciter
1501 1692 1685 1747 utens,

472 1775 762 1829 Nobilitate
794 1774 1009 1847 vigens,
1036 1774 1202 1847 regali
1236 1780 1522 1828 stemmate
1547 1773 1781 1843 pollens,

472 1864 727 1932 Atsuper
753 1861 871 1918 haec
900 1860 1031 1916 fidei
1055 1861 1249 1917 Christi
1280 1862 1579 1933 praecelsus
1613 1878 1819 1917 amore.

475 1953 523 2005 ls
553 1952 830 2023 praetaxati
873 1951 1004 2005 dum
1037 1952 1290 2022 martyris
1321 1960 1457 2006 astat
1479 1951 1663 2024 agoni,

476 2044 686 2116 Excipit
710 2050 765 2099 et
804 2060 1004 2099 caesum
1035 2044 1240 2119 gladio,
1282 2045 1591 2115 attollitque
1623 2052 1882 2099 verenter

473 2138 748 2209 Subjectis
779 2138 1043 2203 humeris,
1074 2139 1347 2194 substrata
1376 2147 1431 2193 ct
1455 2146 1629 2205 veste,
1649 2139 1884 2194 cadaver

474 2226 648 2282 Testis
667 2235 722 2283 et
745 2227 1023 2298 exsequiis
1044 2244 1209 2299 quem
1232 2226 1345 2295 dat,
1369 2220 1494 2284 mox
1527 2237 1710 2298 captat
1733 2228 2021 2283 honorem.

475 2318 729 2373 Traditur
760 2319 850 2373 hic
880 2318 1065 2373 multis
1094 2319 1218 2374 aliis
1248 2334 1471 2391 quoque
1491 2318 1733 2392 fulgidus
1761 2319 1915 2385 actis,

436 2412 439 2413 ⁷
477 2407 515 2461 Ε
540 2408 744 2480 quibus
775 2408 828 2462 id
860 2424 957 2478 per
987 2424 1112 2463 eum
1147 2408 1369 2463 tradunt
1399 2407 1755 2463 memorabile
1786 2416 2024 2481 gestum,

477 2498 784 2554 Paneadam
817 2515 979 2572 quam
1013 2499 1304 2555 Phcenices
1322 2500 1625 2571 antiquitus
1654 2499 1847 2555 urbem

477 2589 694 2656 Dicuut,
726 2589 1024 2645 Ctesaream
1058 2590 1228 2645 nostri
1263 2589 1450 2644 dixere
1478 2590 1751 2661 Philippi;

478 2680 680 2734 Panius
706 2681 845 2735 hanc
872 2696 1042 2752 prope
1073 2697 1254 2749 mons,
1285 2682 1443 2750 cujus
1475 2682 1753 2737 radicibus
1781 2690 1933 2738 ortus

475 2772 733 2828 Jordanis
752 2774 978 2847 gemino
1003 2774 1270 2830 asseritur
1296 2774 1596 2844 procedere
1620 2772 1769 2829 fonte
1796 2793 1809 2828 :

480 2863 645 2918 Moris
669 2872 784 2919 erat
820 2871 1151 2919 mactaretur
1180 2881 1289 2936 quo
1311 2865 1531 2920 victima
1551 2872 1702 2921 certo

482 2956 837 3028 Solemniquc
869 2957 959 3012 die
998 2957 1162 3013 fatuis
1190 2975 1219 3013 a
1243 2959 1504 3033 gentibus
1536 2959 1650 3014 illic

481 3050 828 3118 Daemonicae,
860 3050 984 3107 fuco
1017 3069 1138 3125 qua:
1160 3052 1369 3108 fraudis
1399 3054 1656 3125 adempta
1689 3055 1917 3123 dolosze,

480 3140 1006 3211 Vanescens,oculis
1044 3159 1316 3215 nusquam
1350 3160 1545 3215 parere
1577 3145 1811 3212 solebat,

482 3228 757 3304 Famaque
786 3231 1055 3296 suadebat
1085 3231 1475 3303 praesentibus,
1516 3233 1695 3289 hostia
1711 3234 1843 3289 celsi

2193 1497 2347 1564 Quod
2378 1496 2710 1552 mirabiliter
2731 1504 2942 1568 peteret
2974 1495 3275 1568 penetralia
3307 1494 3433 1551 ewli

2194 1591 2430 1661 Contigit
2460 1590 2754 1656 Asterium,
2788 1589 3065 1661 quondam
3099 1589 3356 1659 deccptio
3392 1588 3517 1643 talis

2193 1682 2327 1736 Dum
2360 1681 2588 1755 geritur,
2631 1697 2758 1735 casu
2791 1686 3119 1751 praesentem
3150 1688 3325 1735 astare
3358 1678 3605 1750 profanis

2194 1774 2618 1846 Prmstringique
2647 1774 2840 1828 videns
2869 1773 3120 1844 stupidas
3151 1773 3539 1844 phantasmate
3571 1781 3796 1833 mentea,

2196 1864 2529 1935 Erroresquc
2560 1863 2754 1918 dolens
2781 1863 3089 1929 hominum,
3110 1861 3407 1916 miseratus
3428 1868 3485 1916 et
3514 1876 3672 1916 orans

2196 1956 2448 2029 Ingemit,
2473 1963 2638 2026 atque
2659 1956 2849 2010 oculos
2875 1954 3026 2010 caelis
3059 1953 3379 2024 palmasque
3413 1951 3737 2023 repandeus,

2197 2049 2654 2105 lnvocatinterno
2680 2049 2973 2104 Dominum
3004 2047 3243 2103 clamore
3272 2056 3579 2119 potentem,

2197 2146 2525 2218 lntegraque
2554 2143 2661 2199 fide
2691 2144 2886 2216 poscit,
2906 2143 3274 2216 lacrymisque
3294 2142 3536 2214 profusis

2197 2240 2444 2313 Flagitat,
2478 2239 2688 2312 antiqui
2720 2238 2941 2295 fallaces
2970 2244 3163 2314 arguat
3192 2245 3340 2293 artes

2197 2331 2503 2402 Serpentis,
2526 2332 2742 2386 miseris
2767 2346 3058 2387 removens
3085 2329 3414 2386 mortalibus
3440 2330 3603 2399 hujus

2196 2423 2469 2498 Praestigit
2492 2423 2740 2479 nebulas.
2778 2438 3089 2494 arcanaque
3118 2430 3367 2478 monstra
3399 2424 3667 2489 revelans,

2198 2512 2320 2567 llaac
2342 2512 2612 2588 r0gitante
2646 2513 2750 2583 piis
2779 2512 3037 2584 precibus
3061 2529 3185 2569 cum
3220 2511 3445 2567 fletibus
3474 2512 3644 2573 almo.

2200 2601 2336 2656 Eece
2365 2600 2661 2671 superferri
2685 2601 2869 2657 subito
2909 2600 3256 2673 depromitur
3280 2601 3496 2677 anguis,

2198 2693 2426 2749 Victima
2457 2693 2657 2749 divinis
2692 2694 2908 2749 sublata
2940 2700 3130 2766 putata
3157 2694 3370 2765 rapinis

2199 2784 2449 2851 Reddita,
2476 2792 2798 2863 cunctorum
2826 2785 2978 2840 fluvii
2999 2784 3391 2857 conspectibus
3409 2784 3540 2849 imo,

2199 2873 2289 2929 Sic
2319 2873 2449 2929 fidei
2481 2890 2645 2945 prece
2677 2873 3015 2930 Christicolae
3055 2874 3302 2930 resoluto
3335 2873 3535 2929 fatiscit

2197 2963 2428 3019 Etatum
2457 2962 2577 3019 falsi
2608 2972 2880 3020 tantarum
2912 2965 3170 3020 machina
3193 2965 3335 3029 ludi,

2200 3051 2265 3107 Ut
2294 3069 2406 3108 non
2446 3053 2599 3108 hisce
2631 3052 2767 3108 locis
2797 3054 3040 3125 reparari
3062 3053 3304 3126 quiverit
3333 3068 3487 3108 error

2202 3144 2469 3216 Amplius,
2501 3144 2592 3199 hic
2621 3144 2751 3199 clari
2784 3143 3054 3215 patefacto
3086 3145 3294 3201 lumine
3327 3143 3463 3199 veri.

1972 3359 2179 3416 CAPUT
2218 3362 2323 3416 XV.

1780 3491 1853 3550 De
1893 3500 2099 3552 statua
2139 3492 2498 3555 Saluatoris.

481 3630 749 3686 Paneadze
778 3630 913 3686 civis
939 3631 1141 3686 mulier
1179 3628 1545 3702 deprenditur
1575 3627 1761 3697 hujus,

479 3724 719 3778 Fimbria
750 3740 912 3795 quam
943 3723 1158 3779 Domini
1199 3727 1451 3778 contacta
1472 3736 1665 3776 cruore
1697 3719 1919 3775 levavit.

475 3814 626 3869 IEdis
656 3830 755 3885 pro
781 3814 1011 3879 foribus,
1045 3814 1201 3883 cujus
1222 3813 1370 3868 basis
1398 3827 1561 3877 terea,
1596 3809 1701 3864 fixa

477 3906 807 3962 Constiterat
826 3905 1116 3961 muliebris
1145 3904 1359 3959 habens
1389 3902 1648 3978 figmenta
1682 3899 1870 3975 figura}

480 3994 723 4059 Femina,
757 4012 859 4051 ceu
898 3995 1107 4065 palmas
1133 3993 1368 4048 tendens
1398 3991 1749 4065 genibusque
1779 3989 1986 4046 voluta.

475 4086 655 4141 Altera
684 4084 946 4141 salviﬁcis
971 4092 1207 4139 statuam
1228 4083 1377 4136 basis
1408 4097 1518 4136 aere
1537 4081 1768 4153 gerebat

476 4179 703 4250 Compta
735 4179 893 4245 stola,
924 4179 1168 4233 dextram
1218 4176 1377 4249 quasi
1410 4182 1664 4250 pergeret
1705 4188 1816 4245 :pro
1851 4173 2098 4245 porrige-

1528 4265 1650 4336 [ret)
1681 4263 2018 4318 auxiliando.

478 4358 625 4413 Hanc
653 4374 817 4415 secus
846 4374 1147 4429 erumpens
1173 4357 1325 4413 humi
1356 4356 1631 4413 innascier
1660 4357 1831 4412 herba

2123 3633 2172 3701 (ζ
2207 3627 2468 3684 Crescere
2499 3628 2565 3683 ad
2600 3645 2770 3684 erasae
2802 3635 3068 3685 consueta
3106 3627 3312 3682 lacinia
3338 3627 3537 3689 vestis.

2203 3721 2330 3786 Quae
2355 3738 2482 3778 mox
2523 3722 2831 3777 frondentis
2861 3721 3129 3797 tetigisset
3145 3721 3361 3776 vertice
3392 3719 3556 3784 coni,

2202 3813 2494 3869 Pellendos
2525 3813 2694 3869 robur
2719 3812 2945 3869 morbos
2982 3812 3240 3883 capiebat
3273 3813 3342 3867 ad
3375 3828 3616 3878 omnes,

2201 3903 2282 3957 Nil
2314 3902 2526 3958 virtutis
2553 3902 2767 3958 habens
2794 3919 2948 3958 sacra
2986 3902 3092 3958 nisi
3128 3911 3269 3958 tacta
3294 3902 3553 3959 lacerna.

2199 3994 2446 4049 Peitidus
2477 3995 2619 4050 hanc
2641 4011 2809 4050 cernu
2836 4001 3024 4049 taurus
3054 3994 3149 4066 qui
3177 3995 3455 4051 obsistere
3479 3996 3689 4068 ruptis

2200 4083 2438 4139 lrrnerat
2459 4082 2687 4138 domino
2715 4082 2867 4151 loris,
2895 4082 3053 4153 petit,
3078 4082 3289 4159 impete
3318 4084 3512 4152 vertit,

2201 4175 2581 4251 Figmentique
2603 4174 2791 4230 furens
2820 4174 3029 4247 proprii
3061 4174 3359 4232 simulacra
3381 4179 3661 4248 reponit,

2200 4267 2421 4323 C(elitus
2450 4265 2646 4322 affulso
2675 4266 2870 4322 teritur
2907 4265 3056 4336 quod
3090 4264 3324 4321 fulmine
3360 4276 3655 4324 truncum

2195 4356 2371 4427 Atque
2397 4355 2762 4430 notatjugulo
2796 4354 2967 4409 divini
2996 4354 3237 4410 vindicis
3279 4355 3476 4411 ictum.

1956 4494 2166 4550 CAPUT
2208 4494 2336 4549 XVI.

1788 4626 1865 4685 De
1904 4632 2109 4685 sancto
2147 4624 2482 4702 Pamphilo.

475 4765 681 4822 Floruit
700 4766 793 4823 hic
816 4767 997 4822 clarus
1024 4766 1341 4823 venerando
1363 4766 1682 4846 Pamphilus
1697 4828 1701 4832 ἢ
1719 4772 1844 4822 actu

473 4855 691 4926 Martyr,
716 4856 1094 4928 presbyterum
1126 4856 1355 4930 dignum
1379 4871 1543 4926 quem
1564 4854 1726 4911 laude
1757 4853 1989 4910 sacravit

468 4950 708 5021 Agapius
729 4951 953 5022 prmsul,
988 4950 1150 5019 hujus
1178 4949 1522 5025 largissimus
1549 4948 1702 5004 urbis

472 5041 606 5116 Erga
636 5041 854 5114 inopes,
877 5051 931 5098 et
961 5042 1044 5097 eis
1073 5042 1359 5098 devinctus
1389 5056 1575 5097 amore
1609 5048 1839 5112 paterno
1866 5058 1880 5106 ;

469 5129 642 5202 lnquc
672 5131 1037 5203 gubernando
1069 5130 1365 5186 Ecclesiam
1398 5129 1626 5185 solertia
1656 5129 1815 5199 cujus

467 5223 697 5298 Pervigil
730 5230 954 5294 experta
985 5232 1089 5290 est,
1122 5222 1408 5295 multoque
1442 5222 1631 5278 labore
1662 5221 1916 5294 probata.

468 5312 564 5368 Hic
596 5314 651 5367 in
682 5313 950 5386 episeopii
975 5314 1339 5387 Theotignum
1363 5316 1489 5384 jura
1530 5322 1753 5369 secutus

466 5403 655 5469 l’ulsit,
686 5404 741 5458 id
770 5403 940 5459 officii
973 5420 1133 5475 quam
1169 5404 1523 5459 laudabiliter
1553 5404 1802 5476 explens.

464 5498 781 5569 Pamphilus
805 5500 1071 5569 excalpsit
1102 5516 1225 5570 qua}
1252 5515 1410 5553 sacra
1438 5498 1722 5553 volumina
1754 5498 1959 5570 martyr

470 5586 802 5657 Hieronymo
834 5586 1007 5643 Croesi
1029 5587 1177 5661 gazis
1201 5587 1418 5660 potiora
1458 5585 1710 5642 feruntur

2120 4768 2178 4837 Ι)
2201 4763 2366 4839 Signa
2386 4780 2584 4820 manus
2613 4765 2885 4834 recolens,
2916 4766 3153 4840 vestigia
3184 4768 3500 4843 sanguinis
3538 4772 3759 4828 edens

2201 4854 2456 4909 Articulis
2484 4864 2707 4911 sanctus
2734 4855 2973 4927 propriis
3003 4872 3124 4928 qua)
3155 4865 3365 4929 martyr
3395 4871 3657 4930 ararat,

2198 4945 2296 5010 Qui
2328 4946 2526 5017 plenus
2555 4945 2706 5014 fidei,
2749 4947 2923 5003 divini
2958 4947 3156 5019 plenus
3186 4950 3397 5005 amoris

2198 5037 2386 5113 Regna
2419 5038 2779 5111 triumphavit
2808 5038 2998 5095 feralia
3028 5038 3372 5108 Maximiani,

2198 5131 2465 5186 Eusebius
2503 5130 2672 5187 fastos
2695 5130 2854 5201 cujus
2883 5131 3049 5187 edere
3081 5132 3243 5188 libris

2197 5225 2329 5291 Quis
2355 5233 2593 5299 quantus
2620 5225 2784 5282 fuerit
2811 5226 3041 5294 studuit,
3070 5226 3239 5282 simul
3272 5229 3439 5285 unde
3471 5236 3817 5295 oriundus

2198 5318 2235 5369 A
2278 5330 2451 5387 puero
2481 5331 2665 5371 veram
2698 5316 3026 5382 doctrinam,
3051 5315 3266 5386 prazlia,
3302 5318 3603 5394 palmas,

2201 5407 2523 5478 Quantaque
2546 5408 2851 5478 pertulerit,
2882 5423 3019 5479 quos
3041 5407 3336 5462 desudarit
3361 5426 3671 5487 agones,

2204 5498 2267 5552 Ut
2297 5513 2519 5569 quoque
2548 5498 2795 5571 percepit
2824 5500 2926 5554 hoc
2952 5498 3151 5570 dignus
3173 5499 3398 5555 honore
3439 5520 3777 5567 coronam
