3960 6160
169 249 260 303 535
674 235 757 290 DE
795 240 1158 297 TRIUMPHIS
1199 240 1455 297 CHRISTI
1495 239 1575 295 ET
1616 237 2150 293 SS.~PAL}ESTINAE
2191 238 2368 294 LIBRI
2406 241 2590 296 TRES.
2632 272 2703 281 -—
2742 242 2867 297 LIB.
2914 243 2979 299 II.
3384 249 3491 303 526

1616 341 1822 397 CAPUT
1860 343 2016 399 XVII.

1460 442 1539 500 De
1584 441 1833 501 Eusebio
1875 444 2183 518 scriptore.

170 557 349 626 Martyr
379 553 470 607 hic
496 551 716 620 adjutor
744 565 1027 605 sacrorum
1051 549 1107 604 in
1135 550 1256 605 luce
1288 549 1553 605 librorum
1798 558 1849 625 Α
1877 547 1947 601 Ex
1981 546 2212 602 inﬁnitis
2243 548 2377 614 fere,
2409 548 2507 603 sed
2541 550 2799 619 praeclara
2829 552 3078 610 feruntur

173 644 293 699 Huic
321 642 461 697 uitet
489 639 745 707 Eusebio,
765 640 1061 710 Scriptum
1090 655 1255 711 quem
1286 645 1443 694 vocat
1473 639 1592 709 ipse
1876 636 2109 691 llistoria
2140 636 2417 701 Ecclesiae,
2450 636 2698 693 Canones
2730 639 3169 716 Evangeliorum,

173 735 526 802 Hieronymus
553 730 788 795 clavem,
821 729 1250 800 testamentique
1281 729 1546 799 perennis
1875 730 2219 787 Omnimodis
2247 730 2575 796 Chronicon,
2609 734 2781 807 gestis
2807 737 3128 805 clarissima,
3162 740 3319 807 cujus

175 825 475 895 Custodem,
507 838 820 900 memorans
872 822 1276 894 quamplurima
1331 837 1567 894 quinque
1595 821 1774 877 revol-
1880 822 2137 879 Doctrina
2167 830 2330 895 atque
2363 824 2501 879 ﬁdes
2528 841 2756 897 operum
2792 829 3067 898 probitate
3101 831 3333 887 renidet.

1566 909 1675 979 [vat

1609 1012 1819 1067 CAPUT
1857 1015 2039 1072 XVIII.

792 1121 870 1180 De
915 1119 1258 1197 Theophila,
1299 1119 1514 1178 Acacio
1558 1128 1611 1178 et
1658 1120 1911 1183 Gelasio.
1960 1158 2040 1168 —
2080 1125 2332 1202 Reliqua
2376 1128 2615 1188 itineris
2661 1128 2880 1189 Paulae.

174 1233 504 1303 TbeOphilus
527 1232 723 1303 praesul
757 1232 847 1286 hic
877 1231 1085 1287 lumine
1116 1230 1315 1285 claruit
1345 1229 1513 1297 almo,
1889 1233 2061 1289 Parva
2089 1236 2185 1290 sed
2216 1237 2457 1293 admittit
2487 1239 2749 1294 vitantem
2774 1240 3013 1295 eulmina
3030 1242 3186 1296 cella.

175 1323 427 1393 Dogmata
459 1320 759 1392 puriﬁcans
796 1327 1046 1375 errantes
1075 1320 1287 1375 Pascha
1309 1320 1552 1376 colendi.
1888 1324 2040 1381 Tunc
2070 1327 2188 1383 loca
2210 1338 2406 1385 cuncta
2439 1330 2547 1401 piis
2566 1330 2759 1386 Christi
2792 1332 3007 1406 signata
3036 1334 3331 1406 triumphis

180 1414 275 1467 llac
302 1413 471 1467 etiam
501 1413 748 1469 renitens
780 1413 1012 1467 antistes
1033 1412 1263 1467 Aeacius
1290 1412 1450 1478 urbe,
1895 1415 2256 1487 Circumiens,
2286 1438 2487 1493 magno
2517 1421 2644 1477 ﬁdei
2673 1430 2965 1479 veneratur
3003 1440 3208 1481 amore.

178 1505 443 1575 Expositis
485 1504 614 1559 ﬁdei
649 1504 961 1560 Salomonis
984 1505 1241 1579 dogmata
1262 1504 1460 1559 lustrat
1493 1521 1505 1556 :
1897 1504 2169 1563 Prostrata
2191 1518 2315 1564 ante
2339 1526 2554 1565 crucem
2585 1511 2875 1566 Dominum
2893 1519 2951 1568 ut
2981 1520 3200 1568 tueatur
3220 1514 3417 1569 adorat

180 1599 440 1653 Prazterea
463 1598 633 1653 multa
663 1598 963 1653 Ecclesiam
1004 1613 1226 1669 quoque
1257 1598 1379 1652 luce
1411 1586 1683 1652 venustat.
1898 1593 2260 1663 Pendentem,
2290 1599 2480 1653 mundi
2512 1615 2734 1670 quoque
2765 1600 2997 1655 crimina
3017 1608 3191 1655 morte
3224 1600 3468 1670 piantem
3496 1618 3510 1667 ;

182 1686 272 1753 Qui
304 1706 403 1762 pro
427 1689 641 1745 Liberio
674 1689 907 1744 Felicem
936 1688 1071 1743 sedc
1104 1694 1330 1744 coronat
1900 1687 2203 1759 Osculaque
2232 1688 2404 1763 afﬁgit
2428 1691 2618 1762 lapidi,
2648 1693 2933 1763 complexa
2962 1693 3300 1764 sepulcrum,

181 1787 446 1852 Gelasius,
478 1791 601 1855 post
631 1783 931 1839 Euzonium
963 1783 1077 1837 sale
1110 1782 1284 1838 fertur
1311 1783 1542 1837 honesto
1824 1778 1876 1845 Β
1897 1778 2137 1851 Angelus
2167 1786 2351 1835 amoto
2391 1788 2599 1836 reserat
2627 1798 2736 1853 quo
2760 1782 2963 1857 gaudia
2994 1783 3136 1851 vitae,

184 1879 272 1933 Hic
290 1878 537 1951 viguisse
568 1892 723 1931 sacer
747 1893 911 1947 parca
932 1876 1030 1931 sed
1072 1875 1313 1931 condere
1348 1876 1554 1930 dextra.
1895 1868 2260 1940 Allambitque
2293 1871 2494 1926 locum.
2520 1872 2884 1944 lacrymarum
2924 1873 3152 1928 ﬂumine
3184 1872 3329 1937 fuso,

247 1970 545 2041 Postquam
574 1966 830 2022 Caesareae
861 1967 1130 2023 lustrasse
1160 1967 1397 2022 sacraria
1419 1966 1627 2040 gaudet
1899 1960 1971 2013 De
2008 1960 2225 2015 Domini
2252 1962 2517 2018 membris
2545 1964 2892 2019 monumenti
2920 1965 3044 2033 jure
3071 1975 3349 2020 sacratum

185 2064 363 2128 Paula,
389 2079 490 2134 per
517 2061 786 2133 Antipatri
818 2061 1025 2118 dictum
1056 2064 1125 2117 de
1160 2063 1386 2119 nomine
1427 2069 1667 2116 castrum
1900 2052 2037 2107 Hinc
2056 2054 2278 2109 tandem
2302 2056 2598 2131 egrediens
2627 2057 2759 2112 Sion
2782 2058 3030 2113 ascendit
3055 2059 3111 2112 in
3136 2074 3316 2112 arcem

184 2154 515 2209 Semirutum
548 2153 831 2228 gradiens,
852 2153 1112 2224 Lyddam,
1141 2151 1416 2222 Diospolis
1436 2166 1530 2206 ore
1902 2144 2181 2200 Montibus
2212 2146 2265 2199 in
2298 2147 2525 2215 sanctis,
2552 2149 2708 2217 cujus
2735 2147 3057 2203 fundamina
3080 2148 3293 2219 pollent

185 2243 308 2306 Quae
336 2240 514 2295 fertur
542 2239 725 2305 Graio,
763 2256 874 2295 non
905 2241 1092 2315 segnis
1128 2241 1205 2295 ire
1237 2238 1456 2314 sategit.
1907 2239 2078 2294 Portae
2106 2246 2160 2295 et
2192 2247 2367 2295 castra
2385 2240 2495 2295 Deo
2529 2241 2708 2295 chara:
2726 2257 2895 2312 super
2923 2242 3110 2296 omnia
3137 2240 3325 2295 Jacob.

183 2331 443 2388 Dorcadis
474 2331 768 2402 .Eneeeque
795 2330 943 2384 salus
976 2331 1119 2385 hanc
1149 2328 1357 2404 fulgida
1386 2328 1573 2384 comit.
1908 2334 2026 2389 Non
2056 2334 2160 2388 illm
2188 2334 2425 2389 ﬂammis
2453 2334 2645 2406 quales
2675 2341 2909 2390 uruntur
2939 2335 3007 2390 ab
3048 2335 3241 2400 hostis,

186 2424 333 2477 Ilaud
366 2421 557 2492 procul
588 2420 718 2473 hinc
766 2419 1122 2474 Arimathiam
1169 2419 1353 2473 vicum
1388 2418 1558 2471 intrat
1587 2415 1805 2486 Ioseph,
1911 2423 1974 2477 Λι
1995 2422 2197 2494 quibus
2218 2423 2456 2477 intratur
2484 2422 2639 2496 regni
2672 2422 2912 2478 cmlestis
2940 2423 2993 2476 in
3022 2422 3199 2477 aulam

186 2516 458 2571 titulorum
490 2512 777 2568 Dominum
807 2512 957 2582 digni
991 2511 1226 2566 condere
1248 2509 1524 2579 sepulcro,
1913 2510 2030 2565 Non
2048 2510 2211 2565 siccis
2241 2516 2499 2581 spectans
2539 2511 2717 2566 oculis
2747 2510 3043 2583 aspergine
3074 2510 3268 2564 Christi

191 2606 322 2661 Inde
352 2602 704 2658 sacerdotum
732 2600 963 2655 NIOme
997 2598 1249 2669 [Nobem]
1277 2596 1524 2652 SUCCCdiI
1542 2596 1596 2649 in
1622 2594 1813 2649 urbem
1916 2605 2214 2680 Sanguinis
2249 2604 2505 2661 infectam
2528 2606 2697 2661 vincti
2726 2606 2965 2677 cwsiqne
2983 2607 3317 2672 columnam,

187 2698 317 2752 Post
345 2695 658 2751 occisorum
686 2692 959 2748 tumulum
985 2690 1126 2745 tristi
1144 2690 1329 2745 omine
1344 2688 1543 2743 dictam
1580 2686 1740 2757 (156}.
1917 2702 2044 2767 Quae
2071 2708 2220 2757 certe
2233 2700 2466 2755 assiduae
2496 2701 2876 2756 moderamina
2904 2702 3056 2776 larga
3077 2701 3271 2756 saluus

190 2792 326 2846 Hinc
350 2790 584 2861 Joppem
614 2795 836 2861 portum
868 2794 1121 2859 penetrat
1148 2784 1416 2859 fugientis
1460 2784 1603 2837 10ml?
1636 2799 1650 2847 ς
1918 2792 2042 2847 Fert
2071 2790 2194 2847 ﬁdis
2217 2791 2398 2847 valida
2442 2790 2720 2861 applieitis
2747 2790 2886 2845 dans
2926 2790 3125 2845 robora
3155 2789 3353 2844 vinclis

191 2881 348 2935 Unde
374 2880 517 2934 viam
546 2884 810 2948 repetens
841 2875 1038 2931 celeris
1065 2873 1287 2929 divertit
1308 2872 1363 2926 in
1397 2872 1672 2926 Emmaus.
1918 2882 2127 2937 ponere
2158 2882 2407 2939 diversas
2445 2882 2661 2937 medico
2692 2881 2965 2936 solamine
2997 2888 3200 2951 pestes,

189 2975 323 3039 Qua?
350 2988 503 3028 nunc
534 2969 1127 3043 NlCOPOllS,D0minus
1157 2984 1265 3040 Qua
1289 2964 1558 3041 fragmine
1590 2963 1749 3035 panis
1920 2971 2168 3026 Porticus
2191 2968 2442 3024 ecclesiae
2473 2985 2582 3041 qua
2607 2975 2911 3024 sustentata
2940 2970 3188 3035 levatur;

188 3064 428 3137 Agnitus
456 3068 541 3117 est
572 3061 683 3115 illis
713 3076 949 3132 quorum
985 3058 1209 3113 dilectio
1239 3073 1370 3112 vera
1922 3060 2328 3117 Pandituriude
2360 3060 2518 3117 locus
2547 3061 2749 3128 Paulae,
2778 3076 2889 3132 quo
2912 3062 3148 3132 Spiritus
3177 3060 3356 3115 almus

194 3155 376 3210 Factis
406 3152 625 3221 enituit,
658 3168 889 3224 quorum
932 3149 1192 3205 irradiata
1223 3149 1528 3220 probantur
1924 3154 2152 3210 Centum
2185 3153 2272 3208 his
2300 3154 2585 3224 denosque
2615 3169 2783 3223 super
2811 3153 3179 3208 descenderat
3208 3166 3380 3225 agnos

192 3247 448 3313 Lumina,
482 3244 613 3301 dum
643 3244 813 3320 gestis
838 3244 1084 3300 coelestia
1108 3243 1262 3312 jussa
1291 3242 1559 3297 decorant
1846 3254 1896 3324 ρ
1926 3246 2023 3301 llic
2051 3260 2277 3316 quoque
2298 3243 2850 3314 pauperibusChristi
2882 3243 2969 3313 pia
2993 3243 3139 3298 dona
3153 3242 3476 3297 ministrans

192 3337 259 3391 Et
283 3342 709 3406 noscuntOpera
731 3334 880 3406 quod
912 3349 1021 3389 non
1053 3347 1356 3408 agnoscere
1380 3334 1613 3402 possunt

1928 3340 2199 3411 Competit
2228 3347 2469 3410 optatam
2506 3339 2670 3412 longo
2701 3337 3005 3408 spiramine
3026 3337 3271 3392 Bethlem
3295 3353 3308 3401 ;

187 3426 422 3491 Audita,
447 3431 816 3498 reteguntque
843 3422 1008 3478 simul
1040 3438 1151 3478 non
1190 3437 1317 3477 esse
1348 3418 1597 3475 beandos

1933 3431 2105 3502 Atque
2134 3444 2359 3500 specum
2385 3426 2705 3501 ingrediens
2723 3426 2971 3480 divinum
3000 3425 3240 3500 Virginis
3269 3425 3425 3480 alvus

191 3521 491 3587 Quoslibet
520 3536 616 3576 ore
642 3520 830 3586 modo,
863 3518 1037 3574 sinon
1065 3518 1214 3573 bona
1245 3516 1386 3572 facta
1431 3519 1753 3586 sequantur.
1935 3523 2048 3587 Qua
2078 3520 2259 3592 posuit
2286 3526 2520 3590 partum,
2555 3534 2823 3588 praesepe,
2855 3517 3112 3572 animalia
3151 3517 3348 3572 (.hristi

192 3611 303 3665 llic
338 3625 451 3682 quo
480 3609 631 3665 fonte
658 3609 834 3679 pedes
854 3608 1008 3663 visus
1034 3607 1237 3663 lavisse
1270 3605 1607 3675 Redemptor
1937 3613 2051 3678 Quo
2084 3611 2299 3668 Domini
2320 3624 2594 3685 agnovere
2625 3609 2731 3674 sui,
2762 3625 2822 3663 se
2854 3624 3081 3663 comere
3102 3608 3223 3663 visu

191 3700 493 3770 Apparens
522 3713 647 3753 cum
675 3697 986 3769 discipulis,
1021 3709 1364 3766 numeroque
1396 3693 1625 3747 luuntur
1936 3702 2184 3757 Testatur
2209 3700 2339 3754 ﬁdei
2363 3698 2551 3754 stratis
2577 3698 2811 3769 puerilia
2848 3698 3049 3768 pannis

191 3793 530 3849 Morborum
581 3792 691 3849 hoc
744 3798 929 3864 pestes
956 3792 1235 3848 variorum
1266 3786 1525 3843 animalia
1555 3785 1835 3856 linquunt.
1944 3799 2181 3855 Membra
2204 3797 2393 3866 jacere
2423 3794 2540 3863 De},
2569 3793 2788 3848 stabulo
2829 3793 3056 3862 depasta
3080 3792 3182 3846 sub
3221 3799 3368 3846 arcto
3402 3807 3416 3844 ;

192 3886 456 3957 Inclytus
488 3885 623 3940 hinc
663 3885 1119 3959 Cleophas,cujus
1158 3887 1369 3937 sacrata
1409 3877 1629 3933 nitescit
1943 3891 2180 3948 Sedulus
2212 3890 2427 3943 imaeue
2452 3886 2612 3941 matri
2642 3885 2901 3939 murinus
2925 3890 3113 3954 aptum

194 3977 440 4049 Hospite
474 3976 642 4052 digna
673 3976 871 4032 domus
900 3976 1155 4042 Domino,
1183 3973 1471 4048 jugulatur
1505 3971 1557 4025 in
1591 3969 1729 4040 ipsa,

1943 3980 2159 4035 Praebet
2184 3985 2243 4031 ut
2262 3974 2588 4046 obsequium
2622 3992 2637 4039 ;
2665 3972 2953 4027 venientes
2978 3979 3226 4042 tempore
3257 3970 3435 4025 noctis

190 4070 437 4124 Iudaeos
466 4068 664 4124 Christi
696 4085 889 4140 passus
918 4083 1018 4140 pro
1038 4067 1201 4121 laude
1231 4065 1478 4120 furentes
1509 4079 1523 4127 ς
1945 4074 2219 4138 Pastores,
2240 4070 2587 4139 stellamque,
2628 4065 2812 4139 Magos
2842 4064 2933 4136 pia
2956 4080 3186 4118 munera
3213 4063 3409 4118 dantes
3438 4081 3451 4116 :

193 4162 444 4230 Quaque
472 4160 841 4228 etiamﬁuuus
864 4158 1070 4214 celebri
1104 4157 1308 4228 Pietate
1327 4154 1580 4226 SCPUlms
1949 4171 2237 4224 Lactentes
2264 4180 2457 4230 caesos,
2492 4162 2760 4217 Herodem
2794 4161 2945 4215 caede
2973 4159 3245 4214 furentem
3274 4162 3287 4211 ξ

189 4249 393 4313 Quem
434 4248 594 4302 ίθιτίε
615 4247 904 4303 Dominum
925 4245 1146 4319 Propria
1171 4249 1497 4314 Susceperat
1527 4241 1668 4309 ῖυάθ»
1950 4262 2016 4316 Ut
2045 4260 2181 4331 petit
2212 4257 2500 4332 [Egyptum
2524 4254 2736 4324 Joseph
2768 4252 3065 4308 comitante
3092 4250 3277 4304 Maria.

192 4338 380 4391 Clam
413 4338 522 4409 P0li
552 4354 723 4409 super
751 4344 897 4393 astra
919 4337 1051 4392 οοῘίι
1070 4335 1178 4390 Sibi
1202 4336 1422 4390 domata
1460 4332 1703 4386 daniel)"
1951 4351 2152 4421 Sicque
2182 4349 2406 4403 domum
2439 4344 2600 4416 panis
2620 4343 2874 4414 lacrymis
2902 4348 3162 4397 venerata
3190 4340 3427 4412 profusis

292 4431 552 4504 Νίσοροιί
576 4429 878 4505 egrediens
901 4428 1175 4483 Bethoron
1203 4423 1529 4481 conscendit
1559 4430 1850 4492 utramque
1954 4444 2121 4498 Fonte
2152 4441 2244 4513 pio
2284 4438 2446 4513 Reg-Is
2467 4436 2741 4492 cunabula
2770 4451 2921 4490 sacra
2950 4434 3166 4489 saluum

192 4528 418 4590 P3013,
448 4525 616 4581 urbes
635 4522 782 4597 regis
811 4520 1123 4577 salomonis
1146 4520 1356 4577 honore
1385 4517 1612 4583 locatas:
1956 4531 2107 4586 Haud
2136 4527 2472 4602 proculinde
2504 4525 2641 4596 petit
2672 4524 2861 4579 turrim
2887 4522 3071 4597 gregis
3099 4522 3286 4578 omine
3308 4523 3454 4577 claro

188 4623 336 4681 Sed
355 4620 564 4675 dudum
596 4617 749 4673 vario
776 4616 1047 4672 bellorum
1079 4614 1302 4671 turbine
1332 4627 1523 4668 versas
1554 4627 1568 4665 :
1878 4632 1935 4701 D
1954 4623 2082 4688 Qum
2106 4619 2275 4675 ,ιεροῂ
2307 4624 2533 4688 paverat
2562 4631 2715 4681 oves,
2740 4614 2847 4668 sibi
2881 4613 3032 4668 vocis
3061 4614 3328 4668 honorem

187 4718 241 4772 Α
282 4711 507 4768 dextris
528 4709 789 4764 Gabaona
818 4714 1003 4774 tuens:
1044 4722 1155 4777 qua
1192 4705 1365 4779 ﬁgere
1396 4700 1569 4757 5010’“
1882 4700 1889 4701 ί
1955 4716 2229 4792 Angelica:
2257 4714 2560 4767 hauserunt
2586 4717 2857 4781 pastores,
2892 4707 3074 4762 Gloria
3108 4722 3343 4774 ,summo

187 4809 365 4863 Cum
398 4804 549 4859 socia
574 4801 750 4857 valuit
776 4799 948 4856 fretus
988 4796 1319 4872 cognomine
1346 4795 1529 4850 Jesus.
1958 4810 2075 4874 Qua
2099 4812 2312 4862 cantata
2341 4805 2449 4859 Ι)ρο
2481 4802 2805 4858 ιηοι-ωιίουδ
2834 4809 2996 4872 atque
3034 4799 3294 4871 benignis

184 4896 485 4955 Substitit
515 4896 568 4949 in
603 4894 804 4959 Gabaa,
833 4890 1198 4962 meminitque
1224 4886 1457 4942 libidine
1477 4899 1647 4940 ezesos
1962 4903 2069 4956 pmi
2101 4900 2301 4969 legata,
2326 4898 2493 4951 οιιοιιο
2524 4895 2716 4949 laudes
2748 4892 3012 4948 reboante
3038 4906 3304 4961 superno,

183 4996 647 5059 Sexeentosque
677 4991 985 5040 reservatos
1017 4983 1074 5038 in
1106 4981 1319 5055 origine
1344 4978 1542 5033 Pauli.-

2016 5005 2131 5044 nem
2174 5002 2346 5059 prOpe
2377 4985 2505 5040 dum
2536 4989 2832 5054 pascuntur
2870 4997 3022 5047 oves,
3059 4996 3129 5035 en
3164 4979 3387 5036 velleris
3408 4993 3580 5051 agnus

188 5081 376 5135 Hinc
404 5077 591 5131 urbem
626 5073 791 5127 misto
824 5073 1081 5143 trinoque
1111 5069 1399 5126 vocamiue
1427 5066 1634 5121 dictum
1963 5084 2246 5157 Detegit,"-
2275 5080 2418 5152 ρυτί,
2453 5077 2665 5134 canes“
2695 5084 2749 5131 ει
2776 5091 2901 5132 τοτε
2934 5074 3154 5146 repleti,

188 5168 557 5246 Ingreditur
589 5164 919 5231 Jerusalem,
952 5164 1056 5218 ειη)
1085 5168 1241 5235 Parte
1263 5161 1489 5215 δίηίδιτδ
1965 5172 2247 5249 Sanguine
2274 5169 2366 5241 qui
2401 5168 2602 5242 dignus
2623 5166 2924 5221 dissolvere
2948 5164 3182 5219 crimina
3210 5160 3403 5216 mundi

187 5258 575 5316 Mausoleum
611 5254 832 5311 Helenae
864 5253 1103 5337 dominae
1132 5251 1329 5307 mirata
1359 5249 1580 5305 celebre
1966 5266 2029 5320 Et
2057 5270 2386 5321 vastatorem
2419 5259 2641 5331 propria
2670 5257 2951 5328 deponere
2983 5256 3167 5327 plebe,

182 5349 673 5414 Adiabenorum,
705 5348 957 5419 SOIYmOS
981 5360 1090 5417 (Ιυο
1122 5352 1371 5416 ίοῖηΡοΓθ
1394 5342 1561 5414 Pam:
2038 5353 2174 5409 Inde
2200 5353 2289 5409 via
2308 5352 2478 5408 veteri
2513 5350 2706 5406 Gazam
2736 5348 2874 5420 petit
2903 5347 3137 5421 impigra
3165 5345 3350 5412 Paula,

184 5444 539 5502 108551011“:
570 5441 733 5497 famis
761 5439 1059 5506 frumento,
1102 5455 1228 5495 Tum
1258 5437 1483 5509 CanOPl-
1969 5446 2186 5501 Persica
2212 5447 2522 5500 thesaurum
2548 5459 2712 5515 quam
2752 5456 3005 5514 promere
3036 5439 3223 5511 lingua
3251 5436 3514 5511 resignat.

184 5535 496 5606 Hospitio
526 5534 710 5590 Paulae
740 5532 1003 5604 praetoria
1031 5530 1181 5588 celsa
1212 5530 1484 5595 ῑονυιιιιιν,
1970 5541 2029 5593 In
2052 5556 2162 5611 qua
2193 5539 2447 5597 Silvanus
2478 5539 2687 5594 rabiem
2711 5535 3035 5593 Diocletiani

308 5657 372 5727 {i
392 5655 510 5727 56)]
546 5658 680 5733 Reg.
707 5672 840 5713 xx".
