3960 6160
419 250 522 307 5‘27
1193 225 1565 285 FLODOARDI
1607 217 1909 277 CANONICI
1952 211 2277 271 REMENSIS
2318 204 2656 265 OPUSCULA
2694 198 3003 258 METBICA.
3643 188 3734 247 528

422 370 593 440 Hujus
617 380 739 422 cum
764 360 928 418 sociis
948 354 1110 413 evicit
1137 351 1436 424 episcopus
1475 345 1648 411 urbis,

424 459 650 529 Quando
696 457 753 510 in
801 448 1035 507 Fanensi
1110 439 1427 517 [Fennensi]
1463 436 1662 509 capitis
1692 448 1890 490 caesum
1921 446 2044 485 me-

1827 523 1974 596 [talio

427 642 797 719 Quadraginia
821 634 985 694 simul
1016 631 1277 690 caelorum
1310 627 1380 683 ad
1410 623 1611 701 gaudia
1636 620 1807 677 misit.

425 705 545 793 Mox
574 705 705 789 hinc
730 729 800 786 ad
831 728 1077 783 dextram
1101 720 1334 775 Bethsur
1362 713 1644 777 transitur,
1676 716 1730 765 et
1760 705 1975 771 Eschol,

426 825 582 881 Unde
608 824 827 878 botrum
860 819 1081 887 portant
1118 807 1296 885 geruli
1330 802 1600 877 praesagia
1635 796 1835 855 Christi

431 919 769 982 Gestantem,
796 911 947 985 ligno
976 917 1257 976 appensus
1297 898 1390 970 qui
1419 894 1603 963 dulcia
1642 891 1787 947 fudlt

430 1007 569 1061 Vina
596 1003 733 1069 suis,
766 982 1078 1067 terramque
1108 989 1260 1046 dedit
1286 988 1514 1042 dulcore
1548 982 1835 1037 ﬂuentem.

436 1094 574 1150 Iliuc
601 1092 747 1147 Sara:
771 1087 966 1143 cellam
988 1081 1123 1154 petit
1154 1087 1209 1133 et
1235 1075 1467 1148 vestigia
1497 1086 1734 1144 quercus

438 1184 686 1248 Abrahae,
717 1184 966 1250 spectare
997 1173 1142 1228 diem
1166 1185 1265 1241 per
1295 1166 1503 1222 lumiua
1518 1160 1700 1218 cordis

439 1278 551 1344 Qua
575 1271 778 1329 meruit
803 1267 1021 1335 Christi,
1053 1262 1285 1319 Domino
1318 1260 1530 1314 laetatus
1560 1255 1616 1308 in
1646 1254 1786 1323 ipso.

440 1341 751 1427 Scanditab
783 1364 910 1419 hinc
927 1374 1159 1433 surgens
1177 1356 1395 1411 Hebron
1429 1367 1549 1422 quae
1583 1341 1933 1402 Chariatarbe

441 1462 707 1527 Quattuor
734 1472 766 1510 a
794 1450 1018 1508 tumulis
1039 1459 1365 1521 magnorum
1397 1441 1544 1495 dicta
1574 1437 1817 1491 virorum
1843 1449 1856 1486 :

441 1517 692 1612 Abrahae,
726 1548 890 1614 atque
923 1539 1092 1603 Isaac,
1121 1517 1310 1598 J-acob,
1353 1526 1628 1600 primique
1649 1517 1917 1593 parentis,

440 1609 695 1713 Iungitur
723 1609 816 1689 his
838 1629 1026 1697 Caleb,
1046 1634 1384 1699 quartusque
1411 1625 1633 1691 putatus
1667 1614 1723 1666 in
1749 1609 1880 1665 illis.

445 1711 678 1783 Dimittit
702 1718 1147 1790 Chariatsepher,
1175 1713 1261 1769 cui
1295 1711 1477 1765 littera
1503 1718 1708 1761 nomen

446 1817 720 1883 Praestitit,
743 1811 1025 1869 admirans
1054 1820 1285 1878 superas
1313 1809 1478 1872 atque
1508 1795 1807 1852 interiores

450 1911 656 1976 Undas,
688 1902 943 1962 Othoniel
961 1899 1102 1956 ruris
1128 1913 1267 1969 quas
1287 1893 1440 1949 arida
1459 1897 1714 1946 temnens

452 2003 693 2075 Accepit.
738 1998 938 2072 quibus
967 1994 1204 2068 irriguos
1230 1988 1426 2045 ditaret
1447 1983 1658 2060 agellos
1675 1980 1719 2048 (1
1733 1977 1843 2049 57).

456 2068 829 2161 Inde—Caph’ar
855 2083 1115 2140 Baruchae
1146 2080 1343 2135 teritur
1373 2073 1665 2131 benedictio
1693 2068 1855 2131 uillae,

455 2185 685 2240 Sidereo
724 2178 995 2234 Abraham
1030 2172 1262 2229 Domino
1288 2182 1474 2225 comes
1509 2174 1800 2233 usquequo
1831 2153 1996 2212 venit.

454 2276 680 2330 Miratur
705 2283 930 2342 campos
958 2266 1210 2322 Sodomae
1224 2260 1391 2316 Paula
1420 2264 1588 2328 atque
1618 2248 1934 2307 Gomorrhae

459 2362 698 2427 leesti,
723 2357 938 2414 meritis
975 2351 1333 2429 agitantibus,
1366 2347 1495 2422 igne
1526 2348 1805 2416 perustos.

459 2449 929 2528 AspicitEngaddi
958 2447 1162 2503 vineta.
1193 2440 1551 2514 Opobalsama
1577 2433 1777 2490 sudant

461 2550 593 2618 Quis
623 2545 858 2622 virgulta
888 2541 1048 2609 locis,
1081 2539 1205 2595 aliis
1234 2534 1483 2591 indebita
1511 2528 1692 2586 terris.

2066 341 2121 411 Α
2144 336 2179 391 Α
2210 333 2440 390 1)οωίυο
2470 334 2721 401 reparata
2751 326 2951 380 docent
2974 319 3177 377 erroris
3205 325 3497 388 utramque

2142 430 2219 484 De
2249 423 2498 482 tenebris
2538 419 2729 476 Christi
2762 415 3073 488 pellendam
3103 410 3331 467 numine
3359 408 3598 480 plebem.

2147 516 2458 594 Ingreditur
2482 513 2699 569 Iericho
2730 508 3034 579 turrimque
3065 502 3251 559 Aehiel
3282 500 3582 573 speculata,

2148 591 2318 675 Quam
2348 601 2701 678 primogeniti
2742 600 2892 654 letho
2915 593 3168 651 fundavit
3193 591 3433 658 Abiram,

2151 699 2322 769 Inque
2350 676 2557 767 Segub
2573 688 2798 767 generis
2824 692 3007 758 portas
3037 682 3093 737 in
3127 680 3319 736 limine
3344 678 3502 750 ponit
3525 676 3681 748 (158).

2150 791 2372 867 Galgala
2394 795 2697 845 castrorum
2732 788 2947 855 spectat
2970 776 3261 850 praeputia,
3292 774 3455 846 liquit

2151 866 2279 948 Quae
2311 888 2466 936 vetus
2505 876 2669 932 Israel
2702 872 2947 945 repetitae
2975 868 3210 941 mystica
3259 866 3465 920 rimans

2151 974 2342 1031 Carnis
2371 986 2600 1035 casurae,
2632 984 2696 1023 ac
2721 965 2975 1021 recolens
3005 958 3336 1035 purgamina
3367 955 3586 1012 mentis.

2152 1069 2242 1124 Bis
2268 1084 2365 1123 sex
2395 1065 2527 1120 hinc
2546 1050 3333 1134 lapidestranslatosﬂuminis
3347 1049 3459 1105 imo

2152 1159 2300 1216 Iuris
2330 1153 2616 1228 apostolici
2648 1151 2743 1224 qui
2766 1147 3126 1204 fundamenta
3155 1144 3444 1206 locarunt;

2156 1258 2383 1312 Fontem
2412 1252 2577 1308 etiam
2606 1246 2808 1304 veteris
2836 1255 3238 1312 nonnunquam
3267 1236 3410 1310 legis
3433 1246 3672 1290 amarum

2159 1349 2224 1404 Et
2252 1346 2523 1407 sterilem,
2546 1356 2711 1414 quem
2736 1337 2791 1393 in
2816 1335 3099 1391 dulcorem
3122 1327 3394 1401 sapientia
3411 1322 3603 1399 magni

2162 1431 2621 1506 Convertitjvatis,
2655 1427 2896 1484 reddens
2922 1420 3265 1492 scaturigine
3294 1417 3486 1472 ditem.

2230 1526 2328 1581 Vix
2356 1504 2462 1579 nos
2493 1520 2801 1585 transierat,
2836 1511 3124 1570 redeuntis
3138 1506 3394 1578 lampade
3447 1504 3606 1571 lueis,

2163 1619 2569 1687 Iordanemque
2587 1612 2742 1686 petit,
2778 1608 3053 1664 meditans
3081 1600 3315 1676 vestigia
3341 1596 3623 1671 quondam

2163 1662 2568 1687 ”υ⁸““’“ν”’“1“⁷
2588 1662 2742 1686 1⁷⁷⁷·’1
2783 1662 2827 1664 “’
2849 1662 2857 1663 ί
3225 1662 3259 1676 υ
3361 1662 3376 1671 ι

2091 1662 2144 1732 Β
2167 1711 2323 1766 Sicca
2352 1705 2701 1764 sacerdotum
2729 1698 2988 1755 steterint
3015 1690 3267 1750 cedentis
3294 1697 3356 1745 ut
3392 1686 3575 1743 amnis

2171 1804 2230 1857 In
2259 1799 2442 1855 medio
2474 1815 2488 1864 ;
2520 1800 2648 1868 post
2678 1791 2805 1846 Eli-ce
2837 1784 3057 1845 virtutis
3090 1789 3145 1838 et
3174 1780 3293 1851 ejus

2173 1889 2451 1962 Compotis
2473 1867 2533 1941 ut
2555 1885 2764 1939 siccum
2787 1876 2958 1949 jussis
2988 1874 3096 1930 iter
3124 1871 3271 1926 unda
3300 1867 3508 1942 pararit
3542 1884 3556 1920 :

2172 1981 2239 2036 Ut
2267 1976 2539 2050 baptisma
2557 1987 2761 2029 novum
2784 1981 3010 2023 sacrans
3032 1960 3344 2027 animabus,
3377 1958 3433 2012 in
3465 1958 3586 2028 ipso

2177 2070 2423 2130 Ahluerit
2445 2067 2617 2123 vellus
2638 2061 2852 2118 macula
2878 2059 3000 2114 sine
3026 2052 3298 2111 candidus
3321 2051 3531 2125 Agnus,

2177 2166 2373 2220 Nostra
2405 2158 2582 2232 piacla
2606 2156 2814 2219 lavans,
2848 2149 3055 2222 polluta
3084 2153 3139 2202 et
3163 2151 3343 2217 strage
3376 2140 3586 2195 ﬂuenta

2182 2253 2413 2312 Humani
2441 2247 2664 2327 generis
2694 2242 2918 2318 proprio
2948 2238 3280 2310 baptismate
3311 2232 3588 2288 mundans

2173 2346 2350 2404 Achor
2379 2322 2666 2396 turbarum
2684 2333 2884 2389 vallem
2914 2329 3065 2387 videt
3094 2334 3263 2398 atque
3293 2322 3587 2389 tumultus,

2178 2440 2293 2505 Qua
2322 2435 2526 2489 furtum
2558 2437 2641 2485 est
2661 2435 2716 2482 et
2752 2423 2995 2481 avaritiae
3033 2420 3293 2476 damnata
3319 2414 3527 2487 cupido
3559 2431 3575 2480 ;

2182 2500 2314 2582 Inde
2335 2523 2561 2579 domum
2602 2514 2821 2572 Domini
2853 2510 3066 2578 Bcthel,
3095 2523 3205 2580 qua
3231 2521 3444 2578 pauper
3473 2500 3630 2557 Iacob

465 2598 972 2707 Eontemgldnsque
1020 2598 1217 2703 Segor,
1268 2623 1492 2680 Zoaram
1543 2633 1706 2690 quam
1745 2629 1880 2669 voce
1909 2611 2004 2682 Syr

2203 2618 2251 2674 In
2289 2614 2438 2671 nuda
2469 2608 2726 2667 dormivit
2761 2607 2950 2672 humo,
2993 2601 3164 2673 lapidi
3194 2598 3378 2670 capite
3409 2602 3555 2661 acto,

467 2819 684 2879 Dicunt,
717 2812 995 2884 speluncae
1034 2803 1287 2861 meminit
1315 2800 1415 2856 Lot
1438 2797 1628 2868 sicque
1668 2793 1906 2858 sodales,

470 2908 529 2961 In
561 2905 827 2974 lacrymas
855 2912 1140 2961 conversa,
1177 2897 1370 2947 monet
1394 2903 1557 2959 quam
1585 2885 1715 2939 vina
1743 2880 1987 2937 cavenda

470 2999 610 3064 Sint,
642 2993 924 3051 dominata
950 2988 1066 3043 viro
1088 2988 1372 3055 nequeunt
1401 2994 1563 3051 quem
1596 2977 1820 3033 vincere
1851 2973 2017 3027 cives.

2186 2702 2471 2762 Zacharias
2500 2698 2694 2756 oculos
2713 2702 2924 2766 septem
2958 2706 3123 2764 quem
3142 2685 3320 2744 cernit
3344 2685 3656 2747 habentem,

2188 2795 2436 2873 Angulus
2464 2791 2750 2860 utriusque
2773 2785 2933 2840 datur
2956 2796 3066 2856 quo
3098 2778 3324 2852 parjetis
3348 2792 3514 2832 unus.

2192 2892 2255 2947 Et
2283 2872 2433 2946 videt
2460 2884 2662 2942 scalam
2683 2879 2806 2938 σαεὶί
2838 2878 2893 2932 in
2925 2874 3145 2949 fastigia
3167 2872 3388 2927 ductam

2125 2995 2175 3064 ρ
2194 2985 2443 3053 Desuper
2463 2977 2686 3033 innixus
2712 2978 2891 3028 rector
2911 2984 3021 3042 qua
3047 2963 3279 3039 porrigit
3295 2962 3441 3018 altus

471 3054 719 3157 lIincque
747 3081 918 3137 notho
936 3075 1163 3133 acalido
1181 3054 1419 3126 rediens
1448 3067 1760 3157 ubisponsa
1798 3061 2090 3117 cubantem
2131 3054 2174 3064 ν
2196 3073 2317 3144 [pse
2341 3083 2564 3124 manum
2583 3064 2752 3139 digno
2774 3055 3173 3116 scandenlibus
3204 3058 3350 3107 astra
3378 3054 3594 3105 meam:

473 3155 688 3231 Invenit
717 3183 1008 3243 sponsum,
1047 3165 1321 3218 'l‘hecuam
1356 3155 1675 3230 pertransit,
1706 3157 1962 3208 ovantem

476 3265 796 3339 Suspiciens
832 3268 1077 3315 montem
1110 3255 1180 3309 de
1210 3267 1320 3324 quo
1359 3250 1605 3305 Salvator
1637 3245 1706 3301 ad
1737 3245 1909 3299 altum

478 3337 810 3416 Conscendit
839 3351 1013 3408 Patris
1039 3347 1240 3403 solium
1272 3357 1381 3416 quo
1412 3340 1574 3396 saecla
1587 3337 1878 3414 gubernat.

479 3455 591 3509 Hoc
620 3450 829 3506 dudum
861 3442 1050 3501 ruﬂ'am
1074 3454 1196 3495 mos
1223 3441 1410 3492 monte
1440 3434 1671 3506 ﬂagrare
1706 3430 2001 3499 iuvencam

480 3543 794 3607 Exstiterat,
822 3538 976 3607 cujus
1005 3532 1199 3608 populi
1230 3528 1371 3585 cinis
1400 3532 1513 3582 atra
1544 3524 1751 3596 piabat,

481 3638 541 3693 In
573 3650 737 3709 quem
759 3631 1056 3704 migrantes
1086 3621 1398 3687 cherubim,
1431 3615 1649 3691 fastigia
1671 3613 1859 3685 templi

483 3733 784 3803 Linquunt,
813 3722 1060 3781 ecclesiae
1091 3715 1416 3776 fundamina
1444 3710 1602 3768 ﬁrma
1638 3709 1906 3776 locantes,

483 3829 599 3896 Qua
625 3822 814 3881 Jacobi
843 3822 1153 3875 memorant
1181 3818 1393 3869 sacrata
1422 3804 1709 3863 recondita
1732 3803 1998 3870 membra,

486 3923 610 3994 Ipse
634 3916 781 3991 quod
812 3912 1063 3970 ediderat
1080 3907 1289 3979 templo
1319 3899 1638 3959 veneranda
1661 3898 1878 3970 piorum

486 4009 760 4068 Zachariae
791 4004 1041 4062 condens
1070 3995 1362 4071 Symeonis
1391 4004 1447 4048 et
1481 4006 1609 4066 ossa
1637 3987 1739 4042 sub
1780 3986 1925 4057 ipso.

490 4102 628 4156 Hinc
658 4088 1165 4169 quoquePelagiam
1198 4081 1477 4155 quondam
1507 4075 1822 4133 contamine
1852 4089 2109 4139 mersam,

492 4194 741 4251 Pondere
780 4186 1034 4259 deposito
1056 4180 1259 4244 carnis,
1303 4176 1424 4232 θωιί
1459 4174 1567 4228 alta
1607 4171 1811 4241 petisse

494 4284 657 4338 Fama
685 4277 851 4343 canit,
872 4273 1031 4340 cujus
1060 4272 1367 4324 memoratu
1399 4271 1453 4318 et
1483 4260 1746 4316 laudibus
1780 4263 1935 4313 actus

495 4370 768 4445 Condigni
792 4368 922 4424 felix
943 4365 1157 4420 imitatu
1187 4360 1314 4416 ﬁnis
1344 4358 1598 4424 habetur,

497 4443 764 4536 Perspicit
793 4456 1093 4530 hospitium
1124 4454 1348 4509 Marthae
1388 4449 1556 4504 Paula
1583 4454 1748 4519 atque
1766 4443 1945 4499 Maria:

499 4556 956 4632 Betphagemque
975 4548 1322 4605 sacerdotum
1357 4542 1568 4598 ditione
1589 4546 1881 4605 retentam,

497 4654 674 4725 Atque
703 4630 885 4706 locum
912 4642 1129 4701 Domini
1163 4639 1417 4713 petulans
1446 4651 1556 4708 quo
1583 4633 1735 4690 frena
1767 4630 1982 4704 recepit

500 4724 729 4799 Gentilis
757 4738 965 4812 pullus,
996 4731 1199 4790 celebri
1224 4729 1318 4803 qui
1350 4732 1601 4797 comptus
1627 4724 1837 4779 honore

498 4835 677 4892 Vestis
705 4830 1023 4904 apostolicae
1051 4826 1144 4881 dat
1169 4822 1359 4879 mollia
1389 4830 1542 4896 terga
1571 4816 1806 4873 sedenti.

500 4923 738 4981 Tramite
764 4920 847 4976 sic
875 4925 1022 4974 recto
1053 4913 1281 4970 Jericho
1315 4906 1604 4967 descendit
1633 4914 1688 4961 et
1716 4905 1838 4974 ejus
1867 4924 1873 4931 δ

504 5018 577 5074 Ex
606 5012 904 5089 Evangelio
927 5006 1196 5073 meminit,
1230 5017 1568 5087 quemsaava
1586 4999 1858 5054 latronum

505 5104 732 5177 Spicula
757 5099 1096 5157 seminecem
1127 5093 1418 5158 dederant,
1442 5096 1826 5160 temptumque
1854 5096 2053 5139 severa

505 5197 685 5252 Mente
715 5191 1090 5256 sacerdotum,
1112 5183 1350 5256 jumenti
1372 5190 1526 5256 terga
1550 5184 1839 5250 coeptans,

508 5287 766 5343 Ecclesiae
804 5284 1019 5340 stabulo
1045 5280 1292 5335 clemens
1316 5275 1410 5329 dat
1429 5270 1817 5327 Samaritanus.

508 5375 731 5429 Arboris
757 5379 811 5428 et
839 5369 1057 5435 Zachei,
1087 5367 1216 5422 vita:
1245 5363 1338 5436 qui
1360 5360 1525 5417 noxia
1554 5359 1793 5421 calcans,

508 5462 833 5518 Praecelsum
865 5462 1011 5515 celsa
1041 5455 1333 5511 Dominum
1359 5450 1515 5506 videt
1539 5462 1663 5501 arce
1690 5446 1986 5498 meantem.

512 5552 787 5607 Grecorum
811 5551 923 5622 jam
947 5546 1113 5602 Paula
1140 5551 1302 5599 tuens
1330 5540 1472 5607 loca,
1500 5535 1710 5592 lumina
1731 5544 1967 5604 quorum

584 5640 733 5712 (157)
761 5638 940 5695 Judic.
977 5654 1012 5691 ι.

2191 3142 2544 3234 Pr'cecipitans
2563 3171 2734 3212 vanos
2764 3158 2818 3208 et
2850 3165 3023 3222 Opaca
3052 3145 3245 3203 fraude
3274 3142 3568 3215 malignos.

2190 3254 2324 3309 Jesn
2352 3232 2479 3304 mox
2503 3252 2559 3301 et
2581 3244 2801 3299 Eleazar
2830 3242 3090 3293 venerata
3128 3232 3385 3305 sepulcro

2192 3346 2416 3401 Miratur
2443 3352 2640 3396 censor
2674 3333 2825 3406 quod
2857 3327 3056 3406 legerit
3087 3342 3285 3399 aspera
3316 3321 3523 3380 montis

2204 3442 2354 3513 Ipse,
2372 3436 2480 3492 situ
2508 3430 2741 3504 reliquis
2766 3426 2932 3499 plana
2958 3431 3123 3496 atque
3148 3418 3427 3477 uberrima
3454 3416 3686 3473 tradens.

2206 3512 2345 3599 Quid
2377 3527 2609 3585 referam
2633 3523 2768 3589 Silo,
2810 3518 2908 3593 qui
2939 3518 3122 3573 diruta
3153 3512 3417 3586 panditur
3451 3526 3547 3565 ara

2200 3626 2491 3680 Sacrorum
2519 3609 2791 3681 veterum,
2822 3629 2932 3686 qua
2959 3605 3319 3678 Benjamitiea
3338 3603 3520 3660 scitur

2203 3711 2556 3770 Praecessisse
2583 3706 2760 3763 tribus
2778 3709 2959 3774 raptas
2984 3697 3110 3754 sine
3138 3711 3297 3752 more
3325 3692 3561 3748 Sabinas
3585 3689 3613 3744 τ

2207 3798 2646 3877 Transgrediens
2673 3793 2911 3858 Sichem,
2944 3804 3066 3863 qua:
3096 3782 3356 3857 Neapolis
3386 3797 3528 3838 nova
3552 3779 3726 3844 fertur,

2208 3867 2466 3948 lntratvin
2498 3884 2789 3944 ecclesiam
2822 3879 3080 3945 Garizim,
3112 3875 3255 3931 latus
3283 3872 3435 3928 edita
3463 3867 3679 3933 montis,

2212 3982 2340 4048 Quae
2353 3995 2514 4036 secus
2540 3979 2788 4048 aspectat
2809 3976 3038 4043 puteum
3071 3980 3237 4038 quem
3253 3961 3391 4018 fodit
3412 3958 3593 4026 Iacob,

2212 4072 2381 4137 Quem
2410 4083 2577 4138 super
2613 4060 2864 4118 assidens
2895 4057 3160 4114 Dominus
3189 4052 3296 4108 fert
3326 4049 3525 4123 pocula
3562 4055 3785 4120 poscens,

2218 4162 2278 4216 Et
2307 4158 2534 4231 lympha
2563 4152 2694 4209 fidei
2723 4150 2954 4205 satiatur
2992 4143 3373 4209 Samaritanae,

2219 4250 2505 4304 Librorum
2541 4259 2663 4315 quae
2691 4239 2942 4313 quinque
2972 4235 3119 4290 viros
3148 4232 3529 4302 Mosaycorum

2222 4345 2586 4414 Erroremque
2610 4342 2756 4393 meat
2791 4329 3040 4390 Dosithei
3070 4328 3323 4400 linquere
3350 4330 3583 4387 sextum,

2137 4407 2197 4475 D
2221 4433 2472 4490 Messium
2491 4445 2682 4485 verum
2706 4424 3157 4492 Salvatoremque
3189 4419 3461 4488 receptat.

2224 4522 2359 4579 Hinc
2388 4521 2635 4596 digressa
2678 4517 2893 4571 Patrum
2925 4509 3186 4566 duodena
3213 4504 3470 4577 sepulcra
3491 4505 3681 4561 tuetur,

2223 4616 2632 4687 Samariamque
2659 4612 2830 4677 videt,
2859 4607 3061 4663 dictam
3091 4605 3195 4660 sub
3228 4604 3441 4659 honore
3468 4597 3736 4655 Sebastrm

2222 4707 2471 4782 Augusti,
2502 4711 2731 4760 tenuere
2762 4698 2839 4772 pii
2861 4714 2969 4771 qua
2987 4697 3149 4752 busta
3180 4693 3468 4767 prOphetaa

2222 4798 2443 4861 Abdias,
2476 4796 2706 4861 Eliseus,
2734 4804 2970 4864 magnus
3000 4785 3242 4858 Baptista
3270 4783 3518 4840 Joannes
3548 4796 3562 4835 ε

2219 4888 2500 4959 Valdeque
2521 4880 2856 4941 contremuit
2884 4876 3150 4933 miracula
3172 4875 3329 4947 plura
3352 4870 3595 4928 videndo
3625 4882 3640 4922 :

2219 4976 2385 5034 Audit
2412 4974 2560 5031 enim
2592 4978 2840 5043 strepere
2867 4966 3037 5026 variis
3060 4965 3217 5038 nigra
3249 4961 3474 5039 agmina
3493 4953 3699 5031 pennis

2224 5072 2548 5127 Sanctorum
2579 5065 2650 5122 ad
2679 5063 2916 5129 tumbas,
2942 5057 3198 5116 homines
3226 5053 3443 5111 ululare
3462 5052 3716 5123 luporum

2224 5160 2394 5226 More,
2422 5157 2621 5212 latrare
2652 5168 2874 5219 canum,
2908 5146 3241 5219 fremituque
3255 5141 3444 5217 rugire
3473 5140 3723 5195 leonum.

2225 5251 2386 5308 Tauri
2413 5249 2542 5304 hinc
2571 5245 2816 5320 mugitus
2845 5236 3168 5308 reboat,ﬂat
3197 5233 3397 5290 sibilus
3422 5228 3641 5305 anguis,

2232 5345 2358 5399 Post
2372 5348 2701 5415 tergumque
2729 5341 2908 5391 rotare
2936 5335 3121 5402 caput,
3152 5328 3254 5383 hos
3273 5323 3482 5381 vertice
3512 5328 3715 5375 terram

2231 5414 2555 5496 Percutere;
2587 5434 2753 5497 atque
2783 5422 2922 5477 alios
2948 5422 3264 5492 prospectat
3280 5414 3338 5468 in
3364 5427 3491 5468 aere
3520 5417 3729 5480 penses

2235 5523 2295 5575 In
2326 5518 2524 5574 faciem
2543 5514 2715 5571 versis
2742 5511 3003 5585 pedibus,
3046 5522 3150 5563 nec
3177 5518 3411 5580 vergere
3436 5505 3639 5557 vestes.

2304 5608 2452 5679 (158)
2479 5606 2647 5664 Iosue
2675 5620 2753 5672 vr,
2780 5602 2852 5657 26
2885 5617 2899 5667 ;
2933 5599 3003 5655 IlI
3037 5597 3170 5672 Reg.
3197 5610 3310 5664 xvr,
3338 5592 3430 5648 34.
