3938 6158
213 385 304 440 529
660 373 745 428 DE
780 370 1142 429 TRIUMPHIS
1181 370 1439 428 CHRISTI
1479 372 1560 428 ET
1599 374 1693 431 SS.
1736 371 2144 430 PAUESTINAE
2182 369 2358 427 LIBRI
2397 370 2584 426 TRES.
2625 402 2696 412 —
2734 372 2862 428 LIB.
2904 371 2997 429 III.

212 515 299 570 Pro
316 508 495 582 quibus
512 501 800 559 effundens
825 502 1094 573 lacrymas
1121 500 1509 574 Christumque
1528 512 1767 574 precata,
1806 509 1861 577 Α
1887 503 2134 575 Hospitio
2164 501 2332 557 nimis
2368 507 2602 572 angusto
2635 507 2746 556 tres
2775 500 2929 576 degit
2958 501 3013 556 in
3040 514 3217 556 annos

213 608 349 663 Fessa
376 601 508 666 licet,
538 604 778 653 montem
805 595 1047 669 pedibus
1077 597 1457 653 conscendere
1485 600 1709 670 gaudet,

209 701 259 754 In
278 695 415 763 cujus
440 688 668 765 geminis
696 695 921 745 centum
949 688 1053 744 sub
1089 695 1343 761 tempore
1370 691 1542 760 pestis

208 788 404 845 Abdiam
433 782 705 855 specubus
734 786 949 837 constat
968 780 1187 853 pavisse
1214 782 1532 852 prophetas,

209 878 319 934 Inde
341 874 424 947 pio
443 871 642 944 petitur
660 870 878 926 Domini
908 870 1183 926 nutricula
1201 887 1393 943 gressu

204 967 395 1027 Nazara,
424 968 642 1032 tumque
671 959 817 1014 Cana
847 959 1363 1032 Capharnaumque,
1395 977 1618 1032 capace.

204 1054 456 1126 Siguorum
495 1047 716 1115 Christi,
754 1054 1010 1120 stagnum
1041 1063 1262 1120 quoque
1292 1049 1603 1107 Tiberiadis

201 1144 394 1220 Navigio
419 1149 643 1208 sectum,
671 1138 798 1195 divo
828 1146 1095 1211 sectuque
1125 1148 1400 1196 sacratum

201 1237 364 1291 Vastus
390 1232 454 1287 ab
478 1229 605 1285 inde
641 1228 817 1294 locus,
849 1228 1057 1284 satians
1076 1229 1173 1284 ubi
1198 1228 1372 1285 millia
1400 1230 1651 1303 quinque

201 1328 406 1384 Panibus
431 1340 496 1379 ex
521 1322 731 1394 quinis,
760 1321 849 1377 bis
865 1338 962 1377 sex
991 1337 1147 1377 sacra
1173 1322 1390 1378 vascula
1421 1324 1646 1395 replens

204 1416 451 1490 Belliquiis
476 1414 739 1470 Dominus
767 1414 1090 1485 superantia
1118 1414 1266 1470 dona
1298 1416 1517 1487 reponit

200 1506 478 1579 Discipulis,
500 1505 699 1579 vulgus
722 1520 845 1576 quae
871 1505 1112 1560 condere
1131 1512 1321 1561 ventre
1351 1506 1636 1578 nequibat.

1885 596 1951 650 At
1979 595 2137 651 tollat
2169 594 2350 649 donec
2370 592 2637 663 collisque
2674 592 3138 664 monasteriisque

1883 687 2125 743 Sollicite
2147 686 2385 742 fabricas
2415 685 2645 742 diversis
2674 684 2869 741 usibus
2893 692 3067 756 aptas.

1882 778 2234 851 Diversisque
2263 776 2569 850 peregrinis
2593 775 2907 832 habitacula
2945 776 3147 833 condat

1882 870 2075 943 Ampla
2099 871 2241 925 viam
2255 870 2431 939 juxta,
2459 868 2694 925 veniens
2713 884 2821 940 qua
2838 867 3030 924 ccelica
3049 868 3213 945 Virgo

1882 959 2186 1031 Hospitium
2225 959 2428 1030 Joseph
2459 958 2730 1014 eomitans
2751 973 2862 1013 non
2890 958 3135 1028 repperit
3159 958 3311 1013 olim.

1880 1047 2010 1102 Nam
2042 1048 2449 1104 xenodochium
2471 1047 2663 1103 statuit
2685 1046 2932 1102 studiosa
2950 1046 3218 1114 virorum,

1880 1135 2283 1209 Virgineosque
2313 1137 2512 1193 choros
2541 1142 2714 1193 certat
2745 1136 3041 1207 diSponere
3070 1137 3285 1203 turmis,

1881 1228 2055 1300 Atque
2085 1228 2441 1284 monasteriis
2470 1226 2745 1284 famulans
2772 1244 2915 1301 quos
2944 1227 3136 1283 ultima
3162 1228 3320 1295 rexit,

1884 1322 1948 1377 Ut
1975 1324 2181 1378 servire
2208 1323 2384 1397 magis
2406 1323 2549 1379 hanc
2578 1339 2743 1396 quam
2763 1338 3000 1396 praeesse
3011 1322 3252 1379 videres.

1956 1411 2085 1467 Cum
2128 1429 2277 1467 mare
2309 1412 2569 1469 defuncto
2600 1413 2753 1468 nullo
2782 1412 2897 1468 edit
2922 1412 2991 1466 ab
3020 1411 3148 1466 inde
3175 1410 3396 1478 marito,

1885 1502 2144 1567 Quamvis
2171 1502 2277 1558 hoc
2299 1510 2492 1557 sancto
2514 1502 2732 1557 virtutis
2758 1502 2811 1556 in
2835 1516 2963 1555 arce
2979 1499 3264 1572 probaret.

256 1595 457 1653 Scandit
508 1593 718 1649 deinde
777 1592 1011 1661 Thabor,
1069 1610 1325 1666 superam
1380 1612 1490 1667 quo
1547 1595 1781 1666 prodere
1882 1591 1994 1646 Nec
2020 1597 2143 1662 post
2175 1590 2372 1645 balnea
2401 1590 2528 1644 linis
2548 1588 3214 1662 fractavaporelevatur’

1458 1687 1708 1759 [formam

197 1777 499 1850 Complacuit
525 1775 766 1832 Domino
795 1773 1006 1831 caalesti
1036 1774 1158 1830 luce
1188 1774 1503 1832 micantem.

198 1872 403 1927 Hermon
441 1868 893 1939 ﬂermoniimque
924 1866 1121 1923 videns
1151 1867 1258 1922 lata
1282 1873 1337 1922 et
1364 1866 1600 1923 Galilaaze

196 1965 318 2019 Rura
339 1970 512 2027 tuens,
552 1963 765 2034 Sysarae
797 1961 1001 2016 Barach
1040 1960 1298 2016 vincente
1331 1961 1635 2036 phalanges

194 2054 287 2118 Qua
312 2060 502 2120 stratae,
527 2053 820 2123 rivumque
843 2050 1003 2107 Cison
1027 2050 1145 2105 loca
1163 2051 1328 2122 plana
1352 2059 1629 2107 secantem
1653 2069 1668 2119 ;

188 2146 297 2201 Tum
324 2161 646 2218 peremensa
684 2144 862 2212 Naim,
888 2145 1070 2199 viduas
1101 2160 1243 2200 nova
1274 2146 1478 2216 gaudia
1508 2154 1772 2217 tractans,

184 2234 393 2290 Destinat
419 2234 714 2310 Egyptum
751 2234 957 2305 legere,
999 2233 1276 2305 pauloque
1303 2234 1509 2291 resistit

185 2324 247 2378 Ad
273 2324 462 2380 fontem
494 2325 594 2397 qui
622 2324 859 2379 maxillae
890 2324 960 2379 de
990 2323 1155 2378 dente
1183 2323 1375 2379 molari

182 2412 398 2469 Proﬂuus
412 2414 658 2470 Arcadiae
676 2414 940 2470 torrentia
967 2414 1184 2470 viscera
1215 2416 1452 2482 mulcet;

181 2504 544 2577 Morashimque
590 2506 740 2561 videt
770 2506 961 2561 Michae
993 2506 1244 2562 studiosa
1267 2508 1604 2579 sepulcrum.

178 2596 274 2650 Jarn
301 2613 438 2653 nunc
461 2598 780 2663 ecclesiam,
812 2597 1101 2654 sicfertur
1140 2598 1198 2653 in
1228 2615 1355 2655 arva
1388 2599 1592 2672 CanOpi

179 2684 335 2740 Visere
360 2685 593 2742 diffusos
622 2687 795 2742 eremi
837 2686 1059 2759 lateque
1093 2693 1347 2758 patentes

177 2775 412 2833 Virtutum
442 2794 680 2850 campos
707 2779 975 2834 mirorum
1006 2780 1219 2835 semine
1254 2780 1416 2836 fetos.

178 2871 395 2944 Quinque
424 2874 605 2929 urbes
643 2873 887 2944 Pharias,
918 2873 1252 2932 Chanaatide
1282 2891 1418 2932 voce
1459 2875 1770 2948 loquentes.

179 2961 352 3018 Gesscn
375 2950 772 3037 Tapsucosque
801 2966 897 3021 Dei
926 2965 1161 3021 Nilotica
1182 2982 1309 3021 rura

178 3055 287 3119 Quae
315 3060 507 3113 summi
534 3059 713 3127 jussis
735 3058 949 3131 Moyses
972 3059 1271 3131 splendore
1300 3059 1625 3131 triumphat,

177 3143 413 3201 Percurrit
441 3147 646 3203 celeris
677 3147 854 3202 celsas
882 3148 1134 3220 amplexa
1161 3147 1446 3203 columnas

176 3234 399 3291 Ecclesiae
436 3237 667 3302 Christi,
699 3238 1050 3310 pedibusque
1093 3238 1409 3293 advolvitur
1439 3239 1631 3294 horum

176 3322 277 3389 Qui,
307 3326 506 3382 mundo
526 3327 780 3399 profugi,
814 3334 1077 3398 superant
1098 3326 1357 3382 sublimia
1383 3328 1597 3396 mundi,

173 3410 333 3467 Obviat
367 3414 613 3471 Isidorus
647 3416 857 3487 primas
884 3425 1222 3490 sanctusque
1253 3418 1512 3474 sacerdos

174 3501 224 3555 tu
259 3503 435 3561 Nitriae
466 3515 661 3578 partes
676 3507 998 3574 confessor;
1040 3508 1220 3563 eidem

172 3591 394 3652 Macharii
419 3604 748 3670 preperant,
766 3599 1005 3669 Arsetes,
1024 3600 1376 3671 Serapiones.

172 3680 261 3737 Hos
285 3701 530 3754 cernens,
561 3689 863 3744 Dominum
891 3705 1020 3744 vere
1042 3705 1102 3744 se
1129 3706 1361 3745 cernere
1382 3691 1576 3760 credit,

170 3772 409 3847 Quodque
440 3777 726 3850 impendit
756 3770 857 3846 eis,
888 3778 1092 3853 gaudet
1122 3779 1444 3852 dependere
1469 3781 1702 3849 Christo,

174 3862 267 3919 Hac
291 3882 505 3940 quoque
536 3869 771 3942 legisset
804 3870 1033 3945 regione
1072 3871 1279 3942 quietis
1307 3872 1573 3927 honorem

168 3952 221 4007 Ni
254 3957 508 4015 desiderii
540 3969 736 4016 votum
759 3961 878 4017 loca
906 3968 1093 4017 sancta
1119 3971 1399 4029 tenerent;

166 4049 231 4103 Ad
259 4069 375 4123 quae
414 4072 518 4111 ceu
544 4056 756 4128 pennis
781 4057 972 4128 pernix
1002 4058 1266 4114 remeavit
1295 4059 1490 4115 avinis.

169 4141 318 4216 Inque
340 4165 551 4204 sacram
587 4158 803 4206 remeat
831 4150 1079 4206 Bethlem
1109 4168 1367 4207 mansura
1394 4168 1672 4224 perenne;

1879 1684 2060 1741 Mollia
2090 1703 2199 1741 non
2223 1687 2413 1742 habuit
2440 1686 2588 1759 lecti,
2609 1686 2716 1741 nisi
2743 1686 2989 1742 febribus
3006 1700 3173 1759 aegra,

1881 1777 2056 1833 Strata
2079 1778 2287 1845 cilicio;
2320 1795 2547 1835 somnos
2567 1779 2730 1835 dabat
2752 1796 2948 1851 aspera
2979 1783 3174 1839 tellus:

2574 1831 2727 1835 πη-
2755 1831 2948 1851 ηρη
2982 1831 3174 1839 πη--.

1808 1831 1858 1900 Β
1881 1866 2255 1940 Noctibusque
2284 1876 2337 1923 et
2366 1869 2638 1940 requiem,
2679 1869 2902 1941 requies
2931 1871 2975 1925 si
3002 1871 3103 1926 rite
3132 1880 3359 1929 vocatur

1880 1962 1994 2027 Qua
2025 1963 2403 2040 con)ungebat
2432 1965 2684 2037 p.ecibus
2725 1973 3026 2038 noctesque
3064 1966 3317 2039 diesque,

1879 2048 2186 2106 Infundens
2216 2052 2466 2123 lscrymis
2496 2068 2669 2109 cunas
2701 2054 2903 2126 pietate
2932 2055 3192 2128 profusis.

1878 2137 2076 2194 Crebra
2105 2140 2213 2211 piis
2242 2140 2452 2197 ducens
2483 2144 2689 2214 pariter
2711 2144 2924 2212 jejunia
2948 2144 3089 2200 votis

1876 2226 2069 2282 Omnia
2100 2230 2439 2301 pauperibus
2468 2232 2738 2299 tribuens,
2767 2231 2827 2287 fit
2854 2233 3021 2289 rebus
3050 2251 3226 2307 egena

1876 2317 2149 2386 Terrenis,
2183 2323 2371 2393 superi
2388 2323 2636 2396 locuples
2665 2325 2762 2379 sed
2785 2325 3028 2380 culmine
3052 2326 3208 2382 doni.

1878 2411 2009 2465 Nam
2042 2412 2236 2468 docilis
2264 2415 2494 2471 memori
2523 2416 2830 2488 Scripturas
2856 2424 3038 2473 mente
3067 2419 3295 2493 gerebat

1879 2502 2101 2559 Divinas
2131 2506 2430 2575 meditans,
2455 2508 2509 2562 in
2536 2508 2618 2563 eis
2644 2509 2934 2582 aenigmata
2962 2508 3101 2565 lucis

1879 2600 2250 2654 Instrumenta
2280 2599 2429 2668 novi,
2454 2600 2656 2656 veteris
2682 2618 2903 2674 quoque
2926 2603 3199 2675 dogmatis
3231 2601 3352 2673 ipso

1878 2690 2087 2745 Hausit.
2122 2690 2453 2762 Hieronymo
2485 2691 2689 2748 celebri
2713 2694 2960 2749 tradeute
2991 2693 3256 2769 magistro

1878 2779 2197 2835 Hebraicam
2229 2781 2422 2836 didicit
2449 2782 2712 2858 linguam,
2741 2800 3001 2841 sermone
3032 2785 3267 2839 canebat

1875 2874 2141 2930 Hebraico
2166 2877 2427 2946 psalmos,
2450 2878 2823 2952 genuina'hos
2852 2896 2986 2936 voce
3014 2881 3317 2945 resultans;

1874 2966 2162 3039 Eloquium
2181 2968 2329 3024 Latio
2350 2986 2576 3044 gramen
2609 2971 2906 3027 sine'more
2937 2971 3192 3037 sonabat,

1877 3058 2145 3113 Virtutum
2176 3060 2340 3115 rutila
2365 3061 2639 3116 variarum
2670 3062 2793 3117 luce
2823 3061 3055 3128 nitebat,

1799 3157 1847 3225 Ο
1878 3150 2231 3207 Eustochium
2265 3159 2509 3228 gnatam,
2541 3154 2660 3210 solo
2690 3171 2800 3226 quo
2831 3170 3060 3210 munere
3087 3154 3257 3211 ditem

1878 3242 2057 3314 Liquit
2096 3253 2149 3298 et
2172 3249 2411 3313 optatam
2440 3244 2506 3298 ad
2538 3245 2769 3315 patriam
2791 3245 3035 3315 joeunda
3069 3246 3315 3303 recessit.

1879 3330 2122 3403 Cumque
2146 3340 2430 3405 rogaretur
2452 3334 2693 3388 moriens
2714 3341 2969 3391 utrumne
2996 3336 3215 3392 dolores

1876 3421 2135 3489 Sentiret,
2170 3423 2351 3478 retulit
2374 3423 2450 3477 nil
2482 3439 2541 3479 se
2572 3424 2779 3480 sentire
2810 3425 3140 3480 molestum:

1880 3516 2085 3571 Cuncta
2113 3518 2301 3590 quieta
2340 3518 2467 3588 sibi,
2491 3519 2604 3588 jam
2636 3526 2834 3575 cuncta
2871 3535 3067 3575 serena
3105 3521 3317 3587 videri;

1878 3607 2080 3680 Sicque
2120 3625 2341 3664 crucem
2371 3609 2532 3664 labiis
2559 3610 2714 3685 digiti
2743 3610 3123 3666 moderamine
3152 3610 3330 3686 pingit

1877 3703 2193 3775 Emittitque
2221 3705 2484 3773 animam,
2514 3706 2638 3760 crnli
2668 3714 2882 3761 secreta
2907 3712 3205 3778 petentem.

1878 3794 2205 3850 Pontificum
2246 3797 2505 3851 manibus
2531 3798 2790 3852 feretrum
2834 3799 3089 3853 translata
3120 3799 3421 3865 ferentum,

1880 3887 2107 3943 Ponitur
2134 3889 2188 3942 in
2223 3889 2405 3943 media
2434 3890 2714 3961 speluncae
2743 3890 2956 3945 consita
2987 3890 3185 3946 Christi

1880 3976 2142 4032 Ecclesia.
2175 3977 2401 4043 Quimus
2432 3995 2555 4032 cum
2589 3979 2919 4051 Hieronymo
2948 3995 3080 4055 ergo
3100 3980 3316 4035 beatam

1880 4066 2247 4140 Martyrioque
2279 4074 2595 4125 coronatam
2622 4085 2750 4124 vere
2787 4069 2952 4124 edere
2984 4069 3170 4145 longo.

972 4342 1473 4433 INCIPIT
1560 4343 1952 4431 LIBER
2042 4341 2670 4432 TERTIUS.

1561 4521 1768 4579 CAPUT
1813 4523 2097 4580 PRIMUM.

1040 4650 1116 4710 De
1142 4651 1374 4711 sanctis
1405 4651 1682 4727 Eusebio,
1704 4652 1884 4713 [Peleo
1914 4660 1966 4712 et
1996 4652 2170 4731 ,Nilo,
2204 4650 2601 4727 martyribus.

161 4780 627 4841 Praetereamultis
655 4786 755 4841 ista
776 4785 971 4842 tellure
1002 4784 1297 4854 triumphis

161 4871 413 4931 Enituisse
448 4875 638 4948 liquet
665 4884 888 4931 sanctos
924 4874 1222 4932 formidine
1248 4876 1411 4932 victa.

161 4960 411 5020 Eusebius
430 4968 688 5038 quidam,
722 4965 849 5021 ﬁdei
878 4966 1109 5022 devotus
1138 4968 1411 5034 alumnus,

157 5052 187 5103 Α
216 5056 437 5112 custode
468 5057 773 5112 Palaestina
804 5073 903 5130 pro
943 5059 1169 5114 nomine
1211 5059 1408 5116 Christi

153 5142 357 5215 Tentus,
379 5156 671 5205 tormento
697 5150 936 5221 primum
965 5150 1241 5206 cruciatur
1257 5152 1464 5224 equino

155 5229 264 5290 Post
283 5236 484 5312 jugulo
520 5238 744 5310 plexus,
775 5238 975 5311 eaprtis
995 5238 1099 5295 sub
1122 5239 1311 5297 fenore
1343 5241 1454 5297 dite

1792 4789 1848 4857 Ι)
1873 4784 2115 4857 Martyrii
2135 4785 2370 4856 sumpsit
2397 4784 2660 4840 caelorum
2694 4780 2917 4853 przemia
2948 4795 3134 4851 poena,

1872 4876 2099 4951 Augusti
2130 4877 2324 4948 quinto
2348 4876 2563 4932 decimo
2592 4874 2739 4947 quod
2775 4873 2894 4929 sole
2925 4872 3139 4927 dicatur

1874 4968 1983 5023 Hac
2012 4968 2187 5039 patria
2217 4974 2507 5040 torquente
2538 4966 2659 5039 pios
2690 4964 3029 5021 Diocletiano

1873 5058 2165 5114 Pontifices
2185 5057 2382 5113 Christi
2406 5058 2711 5129 Peleusque
2746 5056 3013 5128 Nilusque
3031 5054 3282 5109 feruntur

1874 5149 2102 5225 Agmine
2142 5165 2264 5204 cum
2292 5149 2424 5205 cieri
2444 5149 2642 5204 coelum
2672 5147 2898 5220 petiisse
2928 5162 3025 5218 per
3055 5145 3211 5217 ignes

1876 5241 1937 5296 Et
1962 5240 2196 5297 Domino
2222 5257 2281 5296 se
2313 5256 2411 5312 pro
2444 5239 2663 5313 pepulis
2694 5240 3010 5295 holocausta
3037 5234 3274 5291 dedisse.

1664 5375 1871 5433 CAPUT
1912 5375 1980 5430 ll.

621 5476 697 5535 De
724 5475 995 5555 Asclepio
1026 5478 1319 5554 episcopo,
1359 5479 1611 5539 Eusebio
1642 5495 1900 5557 quoque,
1938 5476 2216 5536 Nectario
2250 5478 2600 5553 choncque
2632 5476 3026 5552 martyribus.

151 5582 385 5642 Gazenus
413 5585 555 5642 fidei
591 5585 925 5662 impugnans
953 5587 1238 5659 Asclepius
1277 5589 1464 5643 hostes

150 5672 355 5732 Pellitur
383 5677 632 5742 invidia,
653 5676 1008 5749 Romanaque
1035 5677 1305 5751 regimina
1334 5676 1512 5733 fidens

148 5766 366 5829 iustitia:
396 5772 654 5847 fulgore,
682 5772 837 5844 petit,
867 5789 988 5845 qua).
1012 5773 1193 5830 Julius
1219 5790 1376 5845 aequa

1870 5589 2055 5644 Lance
2076 5587 2304 5654 librans,
2334 5587 2564 5658 sedique
2592 5585 3020 5656 ministerioque
3044 5583 3326 5648 reformat,

1869 5680 2095 5735 Actores
2125 5679 2380 5750 culpans,
2412 5675 2747 5747 monitisque
2765 5674 3045 5745 minisque
3060 5687 3345 5736 coercens,

1870 5773 2139 5829 Eusebius
2178 5774 2288 5840 hic,
2330 5770 2611 5827 Nectarius
2639 5770 2932 5840 Zenonque
2966 5767 3327 5838 triumphant.
