3960 6160
461 280 559 335 531
1205 275 1573 331 FLODOARDI
1615 276 1919 331 CANONlCl
1964 275 2290 331 REMENSIS
2332 274 2673 330 OPUSCULA
2715 273 3024 330 METRICA.
3587 242 3593 247 -
3678 284 3763 341 532

461 436 756 500 Gazenses,
784 447 924 504 quos
961 430 1286 486 verberibus
1309 429 1615 503 vinclisque
1642 428 1872 501 fatigant

463 528 633 597 lmpia
662 524 811 597 quod
841 523 1037 579 studiis
1057 523 1255 578 horum
1287 522 1397 576 sint
1428 529 1593 577 strata
1624 523 1825 576 sacella
1850 539 1863 589 ;

461 618 715 674 Fustibus
749 616 1045 682 intersunt,
1079 616 1292 699 laceres
1323 615 1580 685 saxisque
1605 621 1857 688 gravatos

462 712 537 766 Ac
566 709 799 765 cerebro
826 708 1104 779 demptos,
1128 706 1503 761 membrorum
1527 714 1723 761 caetera
1748 705 1985 759 ﬂammis

462 800 602 853 Dant
636 798 1119 867 iumentorumque
1160 803 1354 850 serunt
1385 795 1544 850 mista
1583 794 1805 849 ossibus
1835 809 1983 858 ossa,

464 892 593 956 Quae
624 905 828 961 supero
858 888 1057 942 mulier
1085 887 1298 942 monitu
1328 902 1691 957 quaerensque
1722 887 2023 960 legensque

466 985 689 1058 Delegat
720 980 1069 1037 manifestato
1100 996 1197 1051 per
1221 979 1338 1035 visa
1367 979 1611 1035 sobrino.

469 1077 534 1131 At
565 1077 708 1130 Zeno
733 1073 1018 1145 accipiens
1049 1074 1337 1128 charorum
1370 1072 1601 1147 pignora
1631 1071 1858 1125 fratrum

466 1165 629 1220 Tecta
661 1163 811 1219 domi
838 1168 1037 1232 servat,
1068 1164 1196 1216 dum
1231 1161 1432 1232 praesul
1464 1160 1517 1214 in
1548 1159 1684 1213 urbe
1708 1159 1922 1214 dicatus

470 1253 704 1309 Basilica
743 1258 951 1308 structa
980 1250 1181 1307 sociari
1210 1250 1296 1304 his
1326 1250 1554 1305 Nestora
1584 1255 1777 1316 certat,

2106 417 2156 481 A
2184 409 2285 475 Qui
2313 408 2446 464 belli
2486 423 2674 465 comes
2701 408 2962 482 egregius
2990 423 3333 483 consorsque
3361 427 3575 468 coronae

2182 504 2442 576 Corporis
2467 503 2535 558 ad
2575 503 2817 574 speciem
2857 503 2987 558 dum
3019 504 3239 576 spirans
3276 506 3468 562 ultima
3495 509 3681 566 missus

2188 599 2406 652 Zenone
2424 596 2661 652 sollicite
2693 611 2879 651 curam
2902 603 3198 667 praestante
3232 597 3463 665 favetur,

2191 681 2396 745 Emicat
2425 687 2691 742 emeritus
2723 686 2964 759 caelique
2993 688 3234 759 capessit
3263 690 3552 746 honorem.

2193 782 2433 836 Antistes
2463 781 2643 835 Zenon
2683 795 2907 851 quoque
2947 780 3304 837 centenarius
3332 783 3493 837 almis

2195 874 2402 931 Ofﬁciis
2424 872 2774 940 indeﬁciens,
2799 874 3088 929 sollemnis
3116 882 3171 929 et
3198 882 3405 942 astans,

2196 965 2307 1019 Nec
2334 964 2517 1019 minor
2547 962 3101 1034 aspicitur,requiem
3133 979 3238 1021 nec
3267 964 3465 1020 ritibus
3489 966 3663 1022 aﬁ‘ert.

2196 1059 2327 1113 Jurc
2355 1055 2592 1111 maritali
2626 1061 2877 1111 t‘ernotus
2900 1056 3154 1128 jungitur
3181 1056 3284 1125 eis,

2200 1148 2335 1203 Huic
2360 1147 2521 1203 trinae
2552 1146 2774 1220 genitor
2797 1145 3026 1213 sobolis,
3060 1147 3149 1201 hic
3174 1146 3338 1202 laude
3364 1147 3623 1219 sophistze

2200 1237 2509 1304 Excellens,
2540 1236 2790 1307 actisque
2830 1235 3070 1290 animam
3102 1235 3400 1292 virtutibus
3428 1252 3645 1293 ornans.

1979 1339 2188 1397 CAPUT
2230 1337 2320 1392 ιιι.

1693 1453 1772 1512 De
1814 1459 2020 1512 sancto
2062 1447 2385 1507 Hilarione
2427 1441 2622 1517 (159).

472 1569 625 1631 Patre
654 1564 999 1621 Palaestinam
1030 1564 1231 1620 claram
1265 1563 1546 1619 Hilarione
1578 1562 1838 1628 feramus,

472 1656 862 1726 Hieronymum
895 1670 1003 1725 que
1033 1655 1231 1708 ducem
1260 1652 1383 1708 vitze
1411 1652 1466 1706 in
1495 1667 1755 1706 sermone
1780 1664 2092 1721 sequamur.

471 1743 672 1798 Scribit
695 1743 783 1797 hic
806 1748 1030 1797 exortus
1063 1741 1300 1811 primum
1334 1747 1392 1795 ut
1418 1740 1541 1796 vico
1566 1756 1739 1810 prope
1770 1739 1986 1806 Gazam,

471 1832 711 1887 ltlillibus
743 1837 795 1886 et
825 1830 1013 1902 quinis
1037 1830 1260 1885 distanti
1294 1829 1570 1884 moenibus
1601 1828 1776 1895 urbis,

473 1924 707 1980 Numine
725 1924 984 1989 Thavata,
1018 1930 1202 1993 partes
1241 1922 1334 1994 qui
1367 1920 1592 1993 respicit
1621 1921 1809 1976 austri.

478 2017 746 2073 Evolvens
774 2016 1015 2086 reliquos
1051 2014 1178 2069 vitae
1209 2030 1272 2069 ac
1301 2014 1512 2070 virtutis
1536 2028 1742 2088 agones

475 2109 571 2164 Hic
599 2108 747 2164 velut
768 2122 797 2161 e
816 2105 992 2178 spinis
1023 2105 1282 2160 redolens
1316 2122 1437 2161 rosa
1476 2105 1648 2179 surgit
1676 2105 1870 2169 acutis,

478 2199 827 2271 Sculptilium
861 2200 1011 2255 cultu
1037 2200 1196 2255 saevis
1225 2200 1569 2274 genitoribus
1598 2206 1771 2266 ortus,

479 2292 828 2347 Erudiendus
860 2292 1154 2347 Alexandri
1186 2292 1577 2348 transmittitur
1605 2291 1727 2346 urbi

480 2387 1012 2459 Grammaticamque
1042 2389 1177 2443 catis
1204 2388 1398 2443 didicit
1436 2387 1756 2442 doctoribus
1787 2395 1992 2442 artem:

479 2477 746 2531 Omnibus
776 2482 830 2529 et
858 2477 1057 2531 charus
1089 2477 1327 2531 studium
1362 2492 1657 2546 moresque
1689 2476 1922 2530 calebat.

481 2571 711 2646 Egregio
743 2572 851 2626 ritu
882 2570 1076 2626 Christi
1110 2588 1169 2625 se
1198 2571 1435 2625 cultibus
1468 2569 1666 2624 indens

476 2659 798 2731 Atfectuque
827 2659 919 2730 pio
948 2658 1221 2712 meditans
1253 2658 1307 2711 in
1341 2658 1653 2733 relligionis
1681 2674 1892 2714 amore.

477 2750 696 2805 Antonii
724 2765 923 2805 nomen
958 2749 1166 2804 celebri
1194 2765 1413 2805 rumore
1444 2748 1686 2820 capessit
1954 2734 1967 2739 ’

478 2845 663 2899 Visere
686 2861 851 2916 quem
884 2843 1118 2909 fervens,
1146 2859 1393 2898 cremum
1429 2844 1587 2913 petit,
1620 2851 1789 2914 utque
1822 2843 2033 2913 positus

479 2930 706 3000 Eﬂ‘ectu,
731 2932 888 2988 solita
911 2938 1155 2986 mutatur
1178 2939 1330 2987 veste
1354 2932 1574 2987 duobus

475 3025 775 3093 Mensibus,
808 3024 896 3080 hic
921 3024 1076 3093 juxta
1103 3023 1377 3079 recubans
1410 3030 1576 3095 atque
1605 3023 1775 3078 ardua
1806 3024 2036 3099 signans

480 3115 761 3172 Castorum
793 3116 994 3171 seriem
1030 3130 1238 3170 morum
1269 3131 1589 3187 normaeun
1622 3122 1894 3182 tenorem,

480 3209 647 3274 Quam
682 3208 819 3264 foret
848 3208 1058 3264 orando
1080 3207 1355 3273 assiduus,
1387 3207 1718 3262 summissus
1746 3208 2000 3262 alumnos

482 3303 789 3374 Excipiens,
812 3319 1048 3374 acerque
1065 3318 1323 3369 monens,
1345 3302 1640 3374 alacerque
1668 3303 1994 3365 cohortans;

481 3392 757 3462 Asperitas
788 3391 966 3463 qualis
995 3390 1124 3445 huic
1152 3390 1539 3461 propositique
1572 3390 1811 3462 cibique.

482 3487 557 3540 Ad
591 3484 820 3556 patriam
854 3486 1117 3555 posthaec
1146 3484 1432 3540 monachis
1463 3484 1674 3559 collega
1707 3486 2033 3557 quibusdam

484 3576 767 3632 Defunctis
799 3576 1022 3631 rediens
1065 3583 1216 3647 patre
1250 3576 1476 3647 jamque
1508 3582 1561 3630 et
1593 3582 1782 3644 matre,
1816 3576 2036 3632 decenti

484 3670 773 3740 Dispensat
803 3668 1031 3723 dimissa
1063 3668 1172 3723 sibi
1204 3667 1537 3738 patrimonia
1561 3668 1708 3737 jure,

484 3762 760 3816 Fratribus
800 3770 853 3815 et
893 3767 1122 3831 partem,
1148 3767 1355 3832 partem
1386 3760 1617 3834 largitur
1644 3761 1858 3834 egenis,

484 3854 567 3909 Nil
596 3853 817 3909 sibimet
846 3869 1091 3908 servans.
1119 3853 1221 3907 Ter
1244 3852 1445 3924 quinos
1477 3853 1659 3907 nudus
1682 3860 1735 3907 et
1765 3870 1940 3909 annos

485 3945 619 3997 Dum
649 3942 809 4017 regit,
843 3958 991 3995 arma
1021 3957 1220 4015 gerens
1239 3941 1457 4007 Christi,
1491 3942 1711 3997 deserta
1733 3943 1964 4011 subivit,

488 4035 636 4090 llirto
666 4033 865 4089 ruralis
905 4040 1199 4102 coopertus
1231 4032 1473 4104 tegmine
1505 4033 1619 4105 sagi

489 4126 702 4180 Vestem
727 4122 1125 4194 pelliceamque
1149 4122 1353 4186 ferens,
1381 4122 1648 4177 Antonius
1675 4123 1753 4176 illi

488 4215 656 4280 Quam
688 4213 839 4268 dedit
879 4213 1146 4267 instructo
1172 4213 1306 4284 juga
1342 4211 1483 4266 ferre
1513 4214 1702 4267 suavia
1730 4213 1942 4270 Christi.

491 4308 676 4363 Carica
700 4308 812 4376 jam
843 4313 1005 4361 noctu
1038 4305 1241 4360 fessum
1276 4313 1360 4360 ter
1389 4306 1560 4377 quina
1589 4307 1825 4363 cibabat.

491 4402 755 4467 Quattuor
784 4399 910 4454 huic
928 4398 1090 4453 annis
1120 4408 1284 4453 {estus
1311 4398 1639 4472 pluviasque
1669 4410 1931 4458 removet.

489 4494 735 4566 Angulus
772 4491 1000 4567 Augusti
1033 4492 1239 4566 tugurii
1264 4493 1575 4565 casulaéqne
1616 4493 1847 4564 pusillze,

491 4588 635 4652 Quas
666 4585 817 4639 molli
843 4574 1197 4655 juncto'cum
1230 4584 1407 4640 carice
1436 4586 1568 4640 texit
1594 4594 1772 4641 acuta.

2200 1575 2385 1646 Usque
2419 1572 2565 1627 diem
2598 1571 2810 1635 mortis,
2845 1586 2950 1626 nec
2969 1570 3021 1626 ei
3050 1570 3344 1642 pretiosior
3371 1587 3615 1643 unquam

2200 1669 2317 1732 Quo
2350 1664 2524 1721 semel
2553 1664 2779 1719 indutus
2799 1664 2999 1731 fuerat,
3032 1679 3140 1719 non
3164 1680 3358 1720 saccus
3388 1665 3445 1719 in
3476 1665 3641 1720 undis
3680 1724 3685 1729 ,

2200 1756 2328 1810 Post
2360 1756 2524 1820 lotus,
2560 1753 2818 1825 lacrymis
2850 1753 3035 1808 cordis
3064 1754 3169 1808 nisi
3200 1753 3355 1809 fonte
3385 1753 3647 1825 profusis.

2201 1847 2512 1919 Scripturas
2538 1852 2757 1901 sanctas
2784 1845 2990 1901 mentis
3017 1846 3295 1901 retinebat
3322 1846 3380 1901 in
3409 1863 3559 1913 arca,

2126 1954 2176 2022 Β
2202 1942 2437 2012 Postque
2463 1954 2656 2011 preces
2678 1940 2918 2010 psalmos
2941 1939 3172 1995 Domino
3196 1946 3255 1993 nt
3276 1947 3554 2010 praesente
3572 1940 3787 2005 canebat,

2204 2030 2348 2101 (160)
2382 2029 2474 2084 Cui
2505 2034 2664 2083 natus
2694 2027 2789 2083 ubi
2820 2028 3085 2100 praeteriit
3112 2027 3410 2083 vicesimus
3442 2044 3625 2084 annus

2203 2120 2284 2173 Nil
2315 2119 2540 2190 epulum
2576 2124 2771 2189 praeter
2800 2117 2965 2172 lentis
2995 2117 3175 2173 tribus
3204 2118 3320 2173 edit
3349 2118 3406 2173 in
3439 2119 3631 2187 annis,

2202 2207 2419 2279 Frigida
2451 2223 2616 2278 quam
2647 2205 2813 2277 paulo
2844 2206 3124 2262 domitans
3164 2206 3539 2263 madefecerat
3570 2211 3728 2275 unda;

2203 2296 2338 2351 llinc
2364 2296 2539 2351 tribus
2569 2301 2653 2350 est
2683 2294 2807 2350 aliis
2836 2295 2971 2362 sale,
3006 2310 3146 2366 pane
3178 2295 3418 2350 refectus
3440 2304 3494 2351 et
3526 2299 3702 2363 unda;

2203 2386 2470 2450 Quattuor
2497 2391 2579 2439 est
2611 2391 2734 2457 post
2776 2386 2919 2441 hanc
2951 2384 3141 2440 herbis
3181 2386 3495 2457 agrestibus
3533 2404 3661 2442 usus

2206 2477 2575 2541 Quorumdam
2602 2476 2810 2545 junctis
2833 2476 3122 2532 fructicum
3152 2478 3434 2533 radicibus
3456 2495 3557 2533 esu
3582 2497 3597 2545 ;

2208 2567 2459 2638 Quinque
2488 2566 2691 2621 dehinc
2720 2582 2917 2637 panem
2949 2567 3143 2622 medim
3174 2567 3307 2622 dant
3332 2568 3543 2623 hordea
3575 2567 3710 2622 librae

2203 2658 2377 2728 Atque
2400 2656 2523 2711 olus
2543 2656 2751 2729 absque
2779 2656 2903 2711 oleo
2927 2656 3207 2711 modicum
3230 2664 3569 2729 coctumque
3589 2659 3791 2732 iugatur.

2207 2745 2435 2800 Lumina
2462 2745 2668 2801 deinde
2699 2745 2896 2800 videns
2921 2744 3028 2800 sibi
3058 2746 3296 2819 caligare
3326 2746 3519 2803 labore

2206 2837 2539 2908 Pumiceque
2567 2844 2750 2892 cutem
2780 2837 2982 2892 retrabi
3007 2838 3326 2893 scabicdine
3351 2838 3615 2910 quadam.

2210 2927 2441 2983 Praefato
2484 2926 2729 2983 fomenta
2769 2926 2897 2983 cibo
2930 2926 3213 3000 conjungii
3246 2927 3405 2994 olivi;

2212 3022 2439 3092 llocque
2481 3028 2672 3075 tenore
2703 3018 2814 3074 cibi
2846 3019 2977 3073 dum
3009 3019 3394 3094 sexagesimus
3426 3018 3505 3074 illi

2209 3110 2425 3166 Tertius
2451 3119 2506 3165 et
2535 3110 2660 3166 vitae
2693 3108 3003 3181 completur
3025 3108 3266 3180 pascitur
3294 3124 3495 3175 annus,

2211 3200 2480 3255 Praeterea
2517 3198 2695 3254 victus
2725 3198 2830 3253 sibl
2863 3198 2940 3253 nil
2973 3197 3273 3268 cujuslibet
3298 3214 3508 3274 augens

2156 3332 2180 3354 η
2208 3290 2297 3346 Sic
2324 3289 2663 3358 indefessus,
2706 3305 2828 3344 cnm
2858 3288 2967 3358 jam
2999 3288 3103 3343 sibi
3135 3287 3329 3343 adesse
3368 3287 3622 3359 palestrze

2164 3374 2183 3397 ’
2211 3382 2505 3456 Colligeret
2531 3388 2753 3448 metam,
2790 3381 2951 3453 panis
2976 3379 3542 3448 contemnitofellam,

2212 3474 2695 3545 Contemnensque
2726 3473 2847 3529 dies
2886 3473 3279 3545 octogenarius
3310 3473 3523 3544 implet,

2213 3566 2486 3620 lmmenso
2518 3563 2734 3620 fervore
2766 3563 2978 3631 calens,
3008 3563 3167 3636 quasi
3202 3562 3306 3618 tiro
3339 3563 3579 3617 duellum

2212 3656 2506 3727 lnciperet,
2539 3655 2687 3712 soliti
2716 3671 2826 3729 quo
2858 3664 3108 3727 tempore
3135 3670 3339 3725 ponere
3370 3653 3545 3710 multi.

2208 3748 2453 3818 Namque
2484 3745 2683 3814 farina,
2716 3744 2910 3800 herbis
2941 3760 3165 3816 quoque
3194 3744 3588 3800 sorbitiuncula
3619 3743 3739 3798 tritis

2210 3839 2402 3893 Editur
2428 3839 2683 3909 buncque
2706 3838 2900 3893 cibans
2923 3844 3075 3909 potat
3106 3837 3194 3893 vix
3227 3838 3392 3893 uncia
3422 3838 3607 3910 quina.

2210 3928 2409 3999 Sicque
2439 3926 2676 3999 implens
2704 3927 2905 3982 seriem
2936 3925 3081 3993 vitae,
3115 3924 3433 3981 nullatenus
3461 3936 3584 3981 ante

2211 4023 2378 4088 Quam
2403 4024 2483 4079 sol
2514 4022 2780 4079 occiduus
2815 4022 2998 4077 radios
3038 4021 3570 4095 immergeretundis

2210 4116 2319 4171 Nec
2341 4115 2494 4171 festis
2522 4114 2833 4189 graviterve
2862 4114 3075 4170 cubans
3100 4113 3312 4183 jejunia
3327 4113 3509 4169 solvit.

2279 4227 2457 4281 Multa:
2490 4243 2716 4297 parvum
2757 4226 2923 4293 acies,
2971 4225 3275 4281 certamina
3328 4226 3500 4281 multa
3532 4224 3792 4283 lacessunt,

2211 4320 2368 4374 Extra
2399 4326 2624 4373 externa
2657 4324 2904 4389 crepant,
2948 4317 3096 4372 intus
3133 4317 3317 4373 civilia
3346 4326 3617 4380 mussant;

2213 4406 2455 4461 Flamine
2487 4407 2585 4461 sed
2614 4408 2809 4463 doctus
2840 4423 3046 4479 supero
3074 4406 3198 4478 pius
3230 4407 3422 4461 intima
3450 4411 3664 4479 pressat,

2216 4494 2676 4567 Componensque
2708 4495 2880 4550 animi
2912 4495 3050 4551 sudo
3080 4496 3463 4551 moderamine
3494 4495 3664 4551 turbas

2216 4590 2447 4646 Conficit
2486 4591 2798 4646 edomitans
2827 4592 3091 4647 lascivum
3124 4592 3371 4663 pondere
3402 4592 3642 4655 asellum,

490 4674 693 4731 Cellula
716 4680 837 4746 post
861 4673 1110 4740 struitur,
1144 4673 1381 4744 pedibus
1410 4690 1532 4745 quae
1574 4682 1833 4746 quattuor
1857 4676 2038 4747 ampla
2135 4705 2190 4774 D
2217 4681 2438 4755 Frangit
2459 4689 2514 4736 et
2539 4687 2798 4736 extenuat
2825 4680 3213 4753 bellorumque
3237 4681 3431 4737 usibus
3456 4688 3615 4752 aptat.

491 4767 736 4823 Culmine
767 4765 1014 4837 quinque
1040 4766 1244 4837 pedum
1275 4766 1566 4832 scandens,
1602 4767 1945 4824 summissior
1989 4769 2106 4837 ejus

488 4863 726 4929 Statura,
744 4861 977 4917 veniens
1007 4861 1232 4915 humilis
1254 4869 1547 4933 caperetur
1570 4871 1629 4917 ut
1658 4864 1861 4935 hospes

491 4952 728 5022 Corpore
763 4950 892 5005 dum
923 4950 1171 5017 recubat,
1203 4951 1366 5021 paulo
1399 4968 1522 5022 qua}
1564 4952 1780 5025 longior
1818 4959 1968 5007 esset

490 5046 659 5109 Quam
685 5058 796 5098 non
838 5058 958 5098 esse
984 5042 1230 5105 domum,
1265 5043 1533 5098 tumulum
1565 5045 1662 5099 sed
1696 5045 1832 5100 forte
1862 5053 2104 5116 putares.

489 5135 736 5191 Paschali
765 5135 857 5189 ille
879 5133 970 5190 die
1000 5135 1165 5191 modo
1199 5136 1528 5190 tondebatur
1558 5137 1612 5190 in
1634 5152 1804 5205 anno,

490 5226 607 5281 Non
638 5231 857 5280 mutans
887 5225 1125 5281 tunicam
1155 5226 1266 5280 nisi
1299 5242 1421 5281 cum
1462 5227 1684 5299 penitus
1726 5228 1873 5298 prior
1898 5234 2042 5284 esset

490 5317 553 5370 lu
585 5314 783 5385 pannis
814 5313 1054 5369 resoluta
1079 5313 1285 5385 pioque
1314 5314 1605 5386 absumpta
1632 5313 1840 5370 labore.

488 5405 697 5460 Stratus
738 5403 966 5457 humum
1007 5402 1211 5457 nudam
1236 5403 1777 5472 sternebatjunceus
1816 5404 1893 5458 illi

560 5517 701 5588 (159)
733 5517 866 5603 Vide
905 5517 1080 5603 sancti
1123 5516 1418 5603 llilarignis
1461 5517 2022 5603 ‘Vitaminter‘gpera
2052 5519 2105 5574 S.

487 5588 823 5671 Hiertonyrniio,
854 5595 1002 5643 tomo
1036 5591 1080 5668 ll
1122 5588 1267 5671 init,
1290 5588 1620 5671 Patrol-Ogia:
1652 5588 1999 5671 tom._X.\:lll.

562 5660 697 5729 (IGO;
756 5659 975 5715 l’lieron.
1035 5660 1087 5715 in
1144 5659 1260 5715 Vita
1290 5658 1647 5717 Malchionis:
1706 5682 1730 5711 «
1781 5664 1818 5714 A
1850 5663 2110 5718 vicesimo

2207 4774 2406 4827 Suetus
2437 4772 2491 4826 in
2519 4772 2772 4840 internis,
2806 4773 2875 4827 ad
2895 4773 3129 4828 barbara
3150 4772 3345 4829 fortior
3374 4774 3487 4829 exit

2209 4862 2358 4916 Bella
2387 4863 2610 4937 trahens
2641 4863 2812 4919 hostis
2836 4863 3004 4919 variis
3035 4865 3181 4920 hunc
3213 4871 3481 4935 provocat
3501 4862 3670 4924 armis,

2210 4953 2355 5009 Mille
2388 4955 2526 5026 petit
2558 4954 2735 5023 furtis,
2780 4955 3066 5028 impugnat
3106 4956 3257 5012 mille
3288 4957 3491 5012 duellis

2213 5046 2375 5101 Pusio
2407 5047 2555 5118 quod
2588 5048 2754 5123 vagit,
2788 5047 2873 5103 vel
2899 5048 3048 5120 quod
3078 5048 3407 5104 muliercula
3438 5048 3654 5122 plangit,

2213 5136 2365 5200 Quod
2390 5136 2567 5210 mugit
2592 5136 2711 5205 bos,
2744 5136 2891 5191 halat
2920 5137 3061 5203 ovis,
3093 5137 3241 5208 quod
3263 5137 3449 5192 bellua
3464 5136 3657 5211 gannit.

2212 5228 2507 5295 Admonet,
2537 5238 2702 5300 atque
2732 5228 3109 5300 pavendorum
3142 5234 3400 5300 portenta
3421 5244 3683 5289 sonorum,

2214 5320 2276 5374 Et
2306 5319 2565 5391 strepitus
2588 5320 2950 5375 exercituum.
2985 5320 3159 5385 Quem
3188 5335 3325 5376 voce
3355 5336 3575 5377 movere

2214 5412 2348 5465 Dum
2383 5411 2598 5483 nequit,
2641 5411 2912 5467 horriﬁcis
2934 5417 3107 5467 tentat
3126 5418 3485 5468 consternere
3513 5410 3657 5468 visis:

2213 5522 2390 5593 primo
2418 5536 2566 5593 anno
2605 5537 2778 5592 usque
2811 5522 2878 5576 ad
2931 5522 3253 5576 vicesimum
3285 5523 3595 5593 septimum,
3646 5515 3794 5574 tribus

2211 5591 2370 5646 annis
2401 5591 2706 5646 dimidium’
2739 5594 2902 5648 lentis
2948 5593 3245 5648 sextarium
3295 5591 3647 5659 madefactum
3673 5600 3793 5658 aqua

2211 5663 2413 5737 frigida
2443 5664 2704 5732 comedit,
2737 5676 2791 5719 et
2820 5665 2943 5720 aliis
2976 5665 3170 5732 tribus,
3200 5685 3224 5716 n
3263 5675 3369 5721 etc.
