3960 6160
437 249 543 307 535
1202 234 1567 291 FLODOARDI
1612 233 1914 293 CANONICI
1956 226 2283 285 REMENSIS
2322 226 2659 282 OPUSCULA
2696 224 3006 281 METRICA.
3658 229 3745 287 535

437 377 546 432 Sed
577 389 759 445 neque
779 380 905 442 pars
923 382 1112 423 aversa
1137 364 1282 430 silet,
1306 363 1479 419 virtus
1503 363 1636 434 quia
1667 363 1875 417 Marnas
1896 361 2049 432 (161)
2079 367 2125 433 Α
2153 359 2234 413 Me
2265 366 2459 426 terres,
2485 358 2631 413 idem
2654 357 2708 412 in
2732 372 2955 430 magno,
2988 354 3082 428 qui
3113 355 3171 410 in
3186 356 3369 427 vulpe,
3389 357 3622 423 camelo,

435 463 726 533 Subjaceat
747 459 957 514 Christo
988 474 1002 523 ;
1035 454 1280 525 fideique
1310 451 1527 507 occasio
1559 452 1744 505 multis

438 561 547 616 [loc
579 560 692 628 jam
721 563 828 611 tam
859 566 1098 625 prepero
1128 547 1399 621 praefulsit
1431 553 1582 617 parta
1609 546 1912 617 triumpho.

505 651 712 726 Anguis
742 648 829 703 hic
853 644 1063 716 antiqui
1096 643 1239 697 vires
1265 640 1533 696 vacuabat
1571 647 1626 694 et
1651 647 1842 706 artem,

437 748 546 802 Nec
570 758 754 799 coram
788 739 966 812 posito
995 734 1242 811 ﬁgmenti
1274 741 1517 789 monstra
1545 732 1824 787 valebant.

435 835 666 889 Sacratae
702 826 924 899 juvenis
946 823 1213 899 ﬂagrabat
1237 820 1465 894 virginis
1493 820 1643 895 igne,

436 928 671 983 Ludicra
702 923 1037 996 praetulerat,
1070 919 1167 973 sed
1200 916 1453 992 frangere
1480 923 1603 970 vota
1630 915 1915 987 nequibat.

440 1020 591 1075 Haud
613 1033 778 1093 grave
796 1014 947 1069 ducit
993 1014 1097 1067 iter
1122 1010 1476 1080 Memphitem
1504 1008 1735 1063 tendere
1759 1007 1812 1061 in
1844 1006 2058 1072 urbem,

438 1113 803 1180 Armaturque
834 1104 974 1160 dolis
999 1102 1198 1157 Christi
1227 1108 1287 1156 ut
1315 1116 1576 1171 superare
1606 1098 1812 1153 monile

438 1202 753 1258 Prazvaleat.
788 1198 980 1253 Totum
1019 1195 1175 1251 vanis
1201 1195 1273 1248 ita
1296 1192 1493 1247 deterit
1522 1207 1725 1245 annum
1760 1207 1774 1255 ;

442 1292 572 1346 [nde
597 1289 733 1346 vafri
760 1287 985 1345 rediens
1011 1285 1308 1338 instructus
1338 1281 1530 1335 fraude
1560 1280 1790 1341 colubri,

440 1384 949 1451 Praesumptumque
973 1391 1173 1449 gerens
1202 1372 1371 1427 animi
1390 1370 1727 1444 grassamine
1741 1370 1973 1435 crimen,

441 1475 549 1541 Ais,
582 1474 750 1527 limen
782 1471 993 1535 subter,
1026 1466 1275 1539 quaedam
1308 1466 1375 1519 ad
1418 1471 1671 1534 portenta
1709 1471 1953 1518 notatum

441 1570 679 1636 Defodit,
696 1566 963 1636 adjiciens
983 1563 1184 1637 magici
1213 1561 1327 1616 fera
1356 1576 1637 1614 murmura
1660 1559 1845 1615 vincli.

444 1660 598 1714 Ilicet
630 1655 894 1718 insanire,
936 1659 1119 1723 caput,
1150 1650 1425 1704 velamine
1453 1649 1610 1704 vulso

441 1754 602 1826 Virgo
630 1760 837 1816 rotans,
877 1747 1074 1803 diffusa
1102 1762 1289 1801 comas
1306 1751 1360 1799 et
1384 1744 1616 1798 stridula
1647 1743 1813 1798 dente

444 1847 649 1901 Ardere
682 1842 931 1908 incendi,
967 1854 1203 1912 puerum
1237 1838 1478 1893 clamore
1518 1852 1736 1892 vocare.

447 1941 704 1996 Traditur
726 1946 847 1993 acta
875 1935 1017 2003 seni,
1054 1933 1250 2008 retegit
1277 1932 1363 1988 cui
1397 1932 1546 1986 larva
1568 1931 1810 2002 piaclum

448 2033 727 2105 Ejululans
757 2038 810 2085 et
840 2030 983 2085 furta
1008 2028 1209 2093 fatens,
1237 2026 1551 2096 Memphyte
1580 2032 1853 2092 vocatum,

446 2128 507 2182 Vi
529 2129 776 2193 ductum,
809 2127 1082 2177 tormenta
1112 2120 1243 2191 pati,
1274 2119 1453 2174 crucis
1484 2118 1703 2190 ignibus
1732 2118 1837 2172 uri.

447 2216 627 2292 Cagis,
653 2214 753 2281 ait,
786 2228 875 2267 me
901 2211 1047 2265 exire
1076 2214 1225 2264 tenet
1257 2224 1421 2279 quem
1446 2208 1615 2261 limen
1646 2208 1922 2262 adactum.

447 2309 641 2382 Magna
667 2302 1059 2374 (senexlvirtus
1087 2312 1249 2372 quem
1281 2299 1485 2353 lamina
1514 2297 1640 2382 licia
1673 2306 1897 2353 nectunt
1922 2298 1934 2352 l

449 2370 566 2453 Cur;
581 2413 691 2451 non
726 2370 875 2449 hunc
901 2370 1213 2463 potius—qui
1242 2395 1294 2443 te
1324 2370 1640 2442 immitcbat
1666 2388 1818 2441 inisti
1848 2387 1876 2440 ‘l

448 2486 673 2558 thuid,
702 2484 799 2550 ait,
833 2482 1047 2555 collega
1078 2495 1257 2546 meus,
1281 2494 1445 2549 quem
1478 2478 1694 2532 daemon
1725 2478 1929 2532 amoris

446 2578 797 2649 lllaquearat,
822 2588 926 2648 ego
947 2572 1274 2642 impeterem
1311 2569 1340 2621 7
1369 2570 1479 2625 Sed
1499 2570 1652 2644 virgo
1684 2568 1928 2642 sigillum

447 2666 523 2720 Ne
548 2661 941 2732 tereretrapui.
964 2658 1161 2715 Fecisti
1185 2658 1409 2724 invitus,
1434 2664 1487 2712 at
1516 2658 1604 2711 exi

450 2756 709 2820 Perdere,
738 2768 851 2808 non
884 2767 1105 2806 servare
1132 2750 1340 2815 solens,
1372 2748 1640 2819 pellitque
1672 2747 1912 2803 ferocem

447 2845 558 2898 Nec
579 2843 843 2911 juvenem
875 2845 1176 2911 exspectat,
1211 2837 1420 2892 fraudis
1450 2836 1689 2911 vestigia
1718 2838 1924 2904 vitans;

444 2932 697 3002 Increpat
715 2935 963 2999 ereptam
988 2943 1098 2981 non
1120 2941 1181 2979 se
1205 2925 1411 2979 cavisse
1434 2923 1699 2994 puellam.

515 3024 635 3078 Non
667 3021 831 3075 modo
859 3018 1071 3075 vicinas
1100 3016 1267 3071 urbes
1299 3015 1389 3087 pia
1430 3015 1576 3069 fama
1598 3016 1852 3086 replerat.

444 3114 585 3179 Quin
614 3109 905 3185 longinqui
928 3109 1092 3163 etiam
1114 3114 1310 3182 gentes
1345 3106 1621 3162 exciverat
1651 3106 1820 3162 orbis.

446 3207 513 3261 Ut
543 3204 764 3268 nostris,
791 3200 984 3273 procul
1017 3216 1046 3254 c
1073 3201 1232 3255 terris
1263 3199 1498 3254 Orientis
1531 3199 1583 3252 in
1608 3214 1785 3266 axem,

446 3298 700 3360 Quaerere
725 3291 1030 3348 salvificum
1058 3290 1325 3365 delegerit
1347 3290 1438 3344 ille
1468 3289 1781 3344 medentem

446 3388 778 3443 Francorum
810 3384 1040 3438 illustris
1068 3398 1230 3455 quem
1258 3382 1506 3451 jussibus
1538 3381 1897 3452 induperator

448 3477 811 3548 Prosequitur
840 3475 1065 3541 chartis,
1097 3473 1357 3529 comitatu
1414 3481 1469 3529 ct
1496 3474 1804 3529 honoribus
1830 3480 2048 3529 auctum

448 3571 549 3637 Qui
571 3570 727 3626 furvo
756 3586 789 3624 a
826 3583 998 3638 puero
1030 3582 1323 3637 possessus
1356 3566 1633 3632 daemone,
1664 3574 1832 3620 noctu

450 3658 718 3715 Dentibus
744 3656 1062 3721 infremerc,
1084 3660 1138 3709 et
1163 3669 1409 3727 gemere,
1434 3663 1599 3725 atque
1623 3654 1836 3709 ululare
1858 3661 2069 3721 suetus,

447 3755 685 3826 Diraque
716 3752 883 3825 ﬂagra
906 3750 1112 3817 ferens,
1138 3748 1388 3820 requiem
1423 3748 1477 3802 in
1498 3754 1770 3803 tormenta
1800 3748 2067 3803 trahebat.

452 3844 615 3913 Cujus
636 3843 692 3897 in
717 3841 1047 3912 obsequium
1089 3839 1274 3910 plures
1302 3838 1374 3894 ob
1407 3839 1547 3909 patri
1578 3854 1823 3894 amorem

450 3936 782 3999 Procedunt,
815 3934 967 3988 videt
997 3940 1056 3987 ut
1087 3933 1302 3986 turbam
1337 3931 1638 3997 benedicit,
1671 3931 1825 3985 abire

451 4027 781 4098 Praecipicns
820 4024 1421 4092 senior,juvenemque
1445 4038 1686 4093 suosque
1717 4039 1965 4087 manere,

454 4119 587 4173 Nam
618 4132 839 4172 causam
862 4116 1132 4169 adventus
1158 4130 1225 4167 ex
1255 4113 1375 4183 ipso
1394 4112 1650 4188 intelligit
1671 4129 1788 4168 ore.
1962 4109 1975 4137 ‘

453 4208 575 4263 Mox
598 4207 863 4279 rogitatus
894 4206 1080 4260 homo.
1115 4204 1327 4273 rapitur
1357 4203 1444 4257 vix
1479 4210 1705 4276 tangere
1740 4210 1936 4259 terram

456 4300 522 4354 Ut
549 4297 786 4369 pedibus
815 4295 1014 4359 valeat,
1050 4294 1295 4365 loquitur
1333 4307 1588 4347 sermone
1630 4293 1889 4363 Syrorum

453 4391 605 4445 Tunc
636 4388 869 4459 primum
900 4386 1111 4452 audito,
1151 4401 1381 4440 servans
1420 4386 1683 4442 idiomata
1715 4387 1938 4461 linguae,

456 4482 568 4536 Nec
586 4480 769 4534 minus
798 4479 1050 4534 etGrzeco
1078 4479 1279 4534 citatus
1302 4477 1567 4549 [scitatus]
1590 4478 1791 4533 famine
1816 4480 2004 4549 pollet.

455 4572 783 4628 Praeterieris
812 4571 991 4627 varias
1021 4571 1229 4643 quibus
1258 4571 1349 4625 hic
1377 4571 1449 4626 sit
1473 4571 1739 4641 praeditus
1768 4579 1936 4638 artes,

456 4664 690 4721 Nomine
716 4670 771 4718 et
804 4664 1039 4734 imperio
1067 4663 1268 4719 Christi
1298 4670 1540 4724 curatus,
1572 4672 1632 4717 ut
1663 4670 1781 4717 atra

455 4756 615 4811 Pestc
644 4754 793 4828 viget
819 4754 980 4821 liber,
1014 4753 1278 4808 librarum
1307 4752 1553 4823 pondera
1593 4752 1799 4822 profert

455 4846 819 4916 Simpllcitate
844 4852 1046 4917 putans
1068 4844 1183 4899 auri
1213 4844 1419 4899 debere
1442 4843 1646 4898 talenta
1672 4861 1686 4908 ;

459 4936 673 4991 Hordea
702 4934 771 4989 ab
805 4935 909 4990 hoc
938 4934 1035 4989 sed
1065 4950 1206 5005 pane
1229 4935 1397 5004 capit,
1428 4933 1593 4988 simul
1621 4934 1848 5005 insuper
1878 4935 2033 4991 audit
2064 4953 2075 4989 :

455 5027 660 5080 Aurum
687 5025 838 5096 quod
869 5041 1081 5080 caenum
1116 5030 1372 5095 reputent
1394 5024 1490 5095 qui
1522 5023 1651 5078 talia
1679 5034 1917 5079 sumant.

527 5118 645 5173 Non
678 5116 929 5173 homines
959 5117 1123 5173 modo
1147 5116 1436 5183 reddebat,
1470 5117 1607 5187 quin
1631 5117 1793 5170 bruta
1819 5117 2001 5173 saluti.

457 5213 524 5268 Ut
558 5215 750 5269 Bactra
773 5212 1052 5286 quondam
1086 5212 1313 5266 ductum
1343 5211 1571 5281 regione
1602 5211 1896 5278 camelum,

456 5303 628 5368 Quem
657 5304 885 5358 terdena
921 5304 1098 5358 virum
1124 5303 1230 5357 sibi
1260 5309 1485 5373 pectora
1504 5302 1729 5357 funibus
1751 5312 1932 5358 actum

454 5396 785 5453 Praesentem
814 5396 1081 5451 dederant
1113 5413 1125 5449 :
1155 5394 1407 5449 rabidum
1435 5394 1961 5466 quilinquercjussi,

454 5490 755 5563 Diffugiunt
791 5506 1009 5558 omnes,
1035 5489 1317 5562 sociisque
1339 5506 1563 5544 manere
1596 5506 1698 5545 nec
1722 5492 1870 5547 ausis

456 5578 658 5635 Obvius
687 5581 779 5635 ille
812 5588 955 5635 meat
982 5599 994 5634 :
1028 5582 1144 5636 Non
1175 5582 1340 5650 mole,
1370 5580 1613 5651 diabolo,
1636 5587 1788 5638 vasta

529 5674 670 5742 (161)
698 5673 835 5728 ldoli
863 5674 1215 5731 Gazennium.

2153 448 2525 516 Proclamans,
2556 462 2903 523 pergensque
2937 446 3053 517 [pro
3074 445 3379 518 porrigens]
3415 462 3654 511 manum,
3673 450 3744 502 cui

3314 538 3555 609 [turbida
3585 540 3692 595 dire

2159 640 2334 711 Atque
2366 639 2605 693 immane
2635 637 2878 693 fremens
2905 638 3034 692 dum
3062 637 3310 708 proxima
3352 637 3538 692 bellua
3580 637 3749 695 fertur.

2162 729 2403 795 Labitur,
2436 736 2601 799 atque
2628 733 2793 798 caput
2826 726 3026 798 premit
3051 726 3389 797 exaequabile
3418 726 3598 782 terris.

2163 823 2429 877 Mirantur
2458 822 2663 889 cuncti,
2692 828 2842 877 tanto
2872 829 3079 876 terrore
3116 820 3388 875 furentem

2162 914 2290 968 Tam
2313 913 2516 979 subito,
2552 913 2645 968 tali
2669 912 2867 968 factam
2896 912 3160 967 lenimine
3186 912 3400 969 mitem.

2232 1009 2341 1062 Nec
2362 1008 2505 1079 potis
2534 1015 2618 1062 est
2649 1022 2881 1062 numero
2910 1006 3093 1062 claudi
3123 1006 3473 1080 pedibusque
3496 1007 3652 1081 ligari

2164 1096 2321 1150 Omni
2362 1096 2504 1152 facta
2531 1096 2621 1151 die
2654 1113 2754 1167 per
2781 1112 2908 1151 eum
2935 1096 3197 1151 miracula
3223 1095 3368 1150 vitae.

2166 1191 2317 1243 llaud
2347 1190 2528 1244 minus
2557 1205 2654 1244 ore
2686 1197 2882 1260 potens
2903 1188 3090 1244 turbas
3116 1188 3373 1260 explebat
3396 1196 3589 1244 euntes

2166 1280 2461 1347 lrradians,
2494 1281 2563 1335 ad
2586 1280 2732 1335 celsa
2760 1296 2984 1347 vocans,
3007 1287 3064 1335 et
3089 1280 3144 1334 in
3167 1280 3339 1335 ardua
3365 1281 3601 1336 ductans
3628 1297 3640 1333 ι

2163 1372 2351 1426 Visere
2381 1380 2626 1427 semotos
2657 1388 2766 1427 non
2794 1388 3091 1442 spernens,
3133 1372 3345 1437 semina
3371 1373 3535 1427 Verbi

2164 1461 2344 1515 Laetus
2409 1477 2578 1533 agens
2611 1461 2824 1516 Domini
2866 1471 2922 1515 et
2946 1470 3190 1535 segetem
3230 1476 3434 1532 supero
3479 1462 3655 1516 imbre
3688 1479 3765 1517 ve-

3412 1553 3663 1625 [nustans
3691 1574 3705 1619 ;

2097 1647 2137 1713 i3
2165 1644 2632 1717 Amplilicansque
2660 1646 2752 1717 pio
2780 1645 3057 1717 proscissa
3082 1644 3302 1700 novalia
3342 1652 3540 1711 rastro,

2165 1737 2340 1811 Auget
2370 1738 2515 1793 culta
2543 1737 2638 1793 Dei
2669 1738 2842 1794 veteri
2870 1753 3015 1793 nova
3044 1737 3257 1792 semina
3287 1737 3464 1813 glebae

2168 1826 2472 1881 lnculcans.
2497 1829 2873 1902 Agarenorum
2905 1843 3007 1881 ceu
3038 1826 3229 1897 pandit
3259 1826 3443 1893 Elusa,

2168 1916 2335 1981 Quam
2368 1919 2657 1973 inveniens
2682 1918 2813 1974 olim
2857 1917 3131 1973 Cithereia
3161 1917 3299 1973 festa
3329 1918 3605 1987 litantem,

2168 2007 2285 2062 Non
2315 2007 2465 2078 prius
2491 2008 2708 2062 absistit
2734 2006 2991 2077 lacrymis
3020 2014 3074 2061 et
3094 2006 3299 2062 famine
3330 2008 3475 2074 divo,

2170 2094 2427 2150 Ecclesia:
2456 2113 2620 2167 quam
2651 2096 2957 2151 condendae
2990 2094 3312 2151 fundamina
3338 2104 3574 2160 metans,

2090 2212 2093 2215 λ
2171 2187 2491 2243 Pontilicem
2514 2188 2686 2243 sacris
2708 2196 2767 2243 ut
2793 2197 2910 2243 erat
2939 2187 3162 2243 vittatus
3187 2187 3397 2243 Adonis

2173 2284 2455 2353 (Daemoue
2485 2300 2611 2338 nam
2645 2284 2804 2355 pulso
2839 2283 3024 2354 plures
3055 2290 3340 2338 curaverat
3371 2286 3586 2339 horum.

2173 2372 2412 2427 Adnotct
2441 2373 2646 2445 insigni
2677 2373 2992 2428 redimitum
3008 2379 3297 2427 stemmate
3322 2373 3540 2429 Christi.

2172 2464 2441 2535 Alapiona
2479 2464 2593 2520 fero
2617 2481 2857 2520 vacuans
2884 2464 3161 2519 afflamiue
3191 2466 3364 2520 menti

2171 2561 2307 2614 Dum
2340 2560 2615 2628 redhibet,
2654 2560 2864 2615 Christo
2895 2560 3140 2627 lucrans,
3165 2558 3431 2615 affinibus
3459 2560 3638 2616 auctis

2172 2655 2419 2710 Nominis
2448 2655 2640 2709 aeterni
2675 2655 2997 2711 Bethlchem
3025 2654 3294 2710 attollitur
3317 2663 3512 2709 auctor
3537 2672 3552 2718 ς

2170 2748 2370 2819 Sicque
2412 2748 2765 2803 monasteriis
2791 2747 2946 2802 vicus
2975 2746 3222 2818 repletur
3252 2754 3303 2802 et
3331 2747 3489 2801 aulis.

2172 2843 2563 2914 Sollicitusque
2594 2850 2654 2898 ut
2683 2852 2818 2910 erat,
2853 2842 3078 2899 fratrum
3108 2858 3384 2914 praenosse
3415 2843 3627 2899 solebat

2174 2932 2355 2999 Multa,
2388 2933 2570 2987 futura
2599 2948 2820 2996 cavens,
2849 2932 3021 2987 vitare
3052 2932 3309 2987 nocentia
3328 2931 3558 2986 callens.

2176 3019 2284 3075 Ceu
2317 3022 2595 3091 quondam
2628 3020 2796 3075 sociis
2820 3021 2987 3076 vetuli
3017 3020 3315 3076 discrimen
3331 3021 3479 3075 avari

2098 3119 2147 3185 ρ
2175 3110 2530 3177 Ρηῡηιοηιιίῐ,
2560 3109 2888 3181 turbamque
2915 3108 3084 3165 feram
3104 3116 3432 3182 turpemque
3451 3110 3715 3180 repulsam

2175 3202 2302 3266 Quae
2336 3202 2482 3273 passi
2514 3221 2529 3267 ;
2564 3202 2865 3273 hospitium
2898 3209 3110 3273 patrem
3144 3202 3375 3256 lustrare
3398 3209 3622 3256 tenaces

2176 3295 2311 3348 Dum
2338 3301 2564 3366 cogunt,
2601 3294 2759 3362 cujus
2788 3294 2961 3349 multa
2976 3294 3245 3367 vertigine
3272 3292 3458 3348 funda:

2175 3382 2345 3437 Vinea
2385 3382 2699 3453 praevallata
2728 3382 2914 3437 minus
2944 3382 3107 3438 solito
3131 3382 3327 3451 edidit,
3360 3390 3531 3453 atque

2177 3477 2233 3531 ld
2252 3492 2472 3548 quoque
2495 3477 2550 3530 in
2580 3476 2918 3531 horrendum
2947 3477 3155 3531 mensis
3192 3476 3426 3532 descivit
3445 3485 3676 3532 acetum.

2175 3566 2407 3637 Dapsilis
2437 3573 2490 3620 at
2521 3565 2717 3621 fratres
2744 3566 2902 3621 hilari
2933 3566 3029 3639 qui
3057 3566 3188 3622 dote
3214 3564 3412 3621 refovit

2176 3658 2365 3725 Vinea,
2397 3674 2519 3729 qua:
2554 3664 2773 3713 centum
2805 3658 3209 3714 fueratfactura
3236 3658 3462 3733 lagcnas

2175 3748 2411 3803 lllillibus
2437 3756 2496 3804 ut
2522 3749 2697 3804 tribus
2718 3756 2800 3804 est
2821 3749 3002 3821 plebis
3029 3750 3278 3820 depasta,
3312 3755 3582 3804 trecentas

2174 3838 2431 3893 Reddidit
2458 3839 2511 3893 in
2539 3840 2779 3910 spatium
2813 3839 3007 3911 viginti
3034 3840 3175 3894 lecta
3205 3839 3447 3905 dierum,

2175 3934 2304 3987 Nam
2325 3933 2484 3987 Pater
2512 3932 2752 3988 llilarion
2786 3932 2914 3988 lzeto
2931 3934 3070 3989 hanc
3092 3933 3454 3989 benedixerat
3478 3951 3589 3989 ore.

2176 4021 2303 4075 Cum
2325 4020 2565 4091 prepriis
2585 4021 2795 4076 sineret
2818 4022 3083 4096 gregibus
3102 4022 3309 4077 servire
3326 4022 3598 4088 fovendis,

2177 4116 2331 4170 Celsa
2361 4116 2515 4186 prius
2548 4116 2725 4171 doctis
2753 4116 3018 4171 alimenta
3049 4118 3332 4201 requirere
3360 4118 3579 4180 mentis,

2182 4210 2369 4266 llaeccc
2419 4209 2640 4281 quidem
2686 4212 2988 4282 quaerenda
3029 4212 3185 4285 juge,
3240 4215 3358 4268 haac
3386 4213 3640 4268 sectanda
3672 4227 3779 4265 ma-

3521 4304 3712 4375 [nebat,

2106 4395 2163 4463 D
2183 4396 2302 4453 Non
2333 4412 2397 4452 ea
2428 4413 2550 4468 quae
2580 4397 2803 4453 assidue
2834 4399 3044 4454 mundo
3070 4398 3292 4454 labente
3323 4398 3581 4455 fatiscunt
3612 4416 3624 4451 :

2182 4490 2420 4553 Quorum
2443 4506 2607 4559 quem
2640 4506 2825 4544 curam
2859 4491 3184 4546 monachum
3228 4492 3468 4546 retinere
3496 4490 3711 4554 sciebat,

2184 4581 2349 4652 Hujus
2381 4582 2621 4636 avaritiae
2650 4583 2797 4637 haud
2828 4583 3234 4638 norattolerare
3251 4583 3516 4639 furorem.

2182 4675 2357 4740 Quare
2387 4691 2417 4730 a
2444 4684 2745 4747 conspectu
2768 4677 3073 4732 venerandi
3104 4685 3386 4733 amoverat
3399 4679 3520 4733 ovis

2183 4767 2488 4823 Sollicitum
2520 4769 2838 4840 quemdam,
2872 4770 3155 4825 custodem
3189 4770 3452 4840 pauperis
3476 4768 3627 4832 horti,

2181 4864 2355 4935 Atque
2386 4864 2569 4919 animo
2606 4880 2862 4919 nummos
2888 4865 3112 4919 solitum
3141 4880 3358 4920 scrvare
3377 4865 3572 4936 pusillo
3600 4881 3613 4917 :

2181 4952 2282 5016 Qui
2314 4960 2533 5007 tentans
2574 4952 2749 5007 lenire
2778 4968 2990 5020 senem,
3021 4969 3143 5007 cum
3179 4953 3327 5008 fasce
3356 4953 3585 5008 virentis

2177 5044 2411 5099 Advenit
2440 5045 2655 5111 ciceris,
2686 5059 2984 5116 coramque
3018 5061 3123 5100 nec
3149 5061 3320 5100 ausus
3342 5045 3512 5109 adire,

2179 5134 2323 5189 Clam
2347 5135 2500 5191 dedit
2532 5135 2803 5207 Hesychio
2835 5137 3155 5206 ponendum
3186 5137 3252 5191 ad
3282 5136 3492 5191 fercula
3514 5147 3654 5202 ;sero

2176 5226 2424 5281 Fetorem
2459 5227 2704 5298 appliciti
2736 5228 2924 5284 senior
2956 5228 3173 5284 haurire
3201 5244 3487 5296 recusans,

2178 5316 2384 5373 Clamat
2405 5319 2685 5374 avaritiam
2714 5319 2907 5375 ciceris
2938 5328 3131 5391 putere
3161 5320 3361 5376 virore.

2174 5409 2399 5465 llorrida
2424 5411 2469 5465 si
2499 5410 2684 5466 minus
2715 5412 2849 5466 hinc.
2883 5410 3085 5482 inquit,
3116 5410 3418 5482 spiramina
3441 5411 3621 5473 sentis,

2173 5500 2374 5555 Saltem
2396 5500 2601 5555 adhibe
2629 5501 2827 5567 bobus,
2858 5501 3047 5575 fugere
3076 5503 3195 5557 haec
3224 5509 3279 5557 et
3295 5503 3455 5558 bruta
3486 5497 3687 5558 videbis.

2177 5591 2418 5657 Factum,
2452 5592 2718 5663 disruptis
2752 5592 2969 5665 fugiunt
2998 5594 3259 5649 animalia
3283 5595 3501 5652 vinclis.
