3938 6158
224 359 319 414 537
722 356 806 411 DE
843 356 1204 414 TRIUMPHIS
1243 356 1504 415 CHRISTI
1544 359 1623 416 ET
1661 360 1756 417 SS.
1796 361 2195 418 PALESTINAS
2234 362 2410 420 LIBRI
2449 362 2631 419 TRES.
2664 395 2735 406 --
2773 365 2898 422 LIB.
2942 366 3032 422 IIl.

226 484 463 539 Pellebat
487 483 763 556 siquidem
789 493 1057 557 praestans
1088 487 1189 543 hac
1216 487 1477 544 culminis
1497 504 1621 546 arce

226 576 472 646 Corporis
500 575 695 650 attigui
715 592 967 633 sensaeve
997 576 1279 635 afﬂamine
1304 580 1494 649 vestis,

224 665 486 736 Tangeret
514 671 608 719 aut
636 680 799 736 quam
821 665 1079 738 quisque,
1098 667 1212 741 regi
1237 684 1347 741 quo
1379 678 1566 727 nosset
1590 671 1763 728 odore

228 753 314 808 Cui
344 744 527 819 larvas,
560 753 819 809 addietus
844 755 978 811 vitio
1004 755 1090 811 vel
1120 756 1294 813 oleret
1321 759 1565 816 adustus.

288 844 481 900 Flebat
509 853 565 899 at
592 845 856 900 obsessus
881 849 1192 904 numerosis
1213 849 1459 922 undique
1480 852 1655 908 turbis

226 937 279 991 Et
307 952 478 1011 grege
507 936 742 1008 stipatus
773 936 999 992 fratrum
1029 954 1269 1012 curaque
1300 940 1521 998 fovendi

224 1030 457 1086 Affectus
484 1031 653 1102 pacis,
680 1032 958 1089 desiderio
982 1041 1146 1106 atque
1168 1036 1371 1107 quietis

223 1124 424 1178 Arctari
451 1124 735 1195 obsequiis
755 1125 1075 1181 venientum
1096 1133 1151 1181 et
1168 1127 1379 1184 honore
1399 1129 1625 1185 dolebat
1645 1147 1660 1185 :

225 1212 467 1267 Carceris
494 1212 610 1267 haec
640 1212 837 1268 tabens
860 1214 1098 1270 evadere
1116 1222 1273 1285 septa
1300 1216 1532 1285 calebat,

224 1300 551 1372 Oblatasque
579 1302 767 1357 animo
785 1317 1016 1374 pompas
1042 1319 1106 1359 ac
1134 1310 1427 1362 stemmata
1452 1306 1692 1374 calcans,

223 1390 406 1445 Solum
429 1390 727 1461 exoptabat
752 1406 1033 1460 eremum;
1066 1409 1230 1464 quam
1262 1410 1471 1465 pronus
1500 1396 1641 1451 inire

222 1483 353 1537 Dum
383 1482 610 1551 jamjam
651 1490 807 1552 parto
838 1499 1144 1554 preperans
1173 1493 1405 1541 conatur
1422 1488 1620 1556 asello,

222 1572 379 1627 Multa
421 1572 659 1627 subinde
690 1580 855 1628 ruunt
882 1575 1172 1646 lacrymosi
1197 1577 1370 1632 millia
1398 1579 1570 1654 vulgi,

222 1663 496 1718 Exeidium
528 1665 720 1735 patriae
744 1664 895 1721 velut
918 1665 1218 1722 intentetur
1243 1676 1298 1722 et
1319 1667 1482 1742 ignis,

222 1755 485 1810 Claudere
514 1755 691 1811 moliti
723 1757 1095 1829 precibusque
1126 1760 1431 1832 astringere
1459 1760 1585 1816 nisi.

219 1850 279 1905 At
307 1857 498 1905 manet
526 1850 763 1906 invictus
791 1858 1029 1907 tractans
1058 1853 1176 1908 haec
1199 1853 1402 1910 famina
1431 1871 1657 1911 secum:

222 1943 485 1998 Fallacem
509 1943 655 1998 haud
675 1942 816 2001 facio
843 1945 1158 2013 Dominum,
1183 1963 1286 2003 nec
1303 1947 1474 2019 quibo
1504 1947 1695 2004 videre

222 2037 486 2092 Proruere
524 2038 807 2105 ecclesias,
837 2038 1016 2095 fusum
1048 2041 1305 2112 squalere
1336 2058 1621 2111 cruorem;

224 2126 369 2181 Unde
407 2127 643 2198 probare
669 2127 857 2182 datum
889 2129 1080 2199 patriae
1114 2131 1366 2201 prazscita
1398 2132 1622 2202 pericla.

218 2217 427 2273 Vadere
446 2218 544 2273 sed
563 2219 883 2290 prohibent,
906 2226 1138 2275 testatur
1152 2229 1208 2277 at
1227 2222 1345 2292 ipse
1372 2223 1621 2280 ciborum

218 2309 445 2365 Sumere
473 2310 548 2364 nil
580 2316 835 2381 potusve,
866 2311 972 2367 nisi
1002 2312 1250 2369 mittatur
1267 2315 1439 2370 abire.

217 2405 300 2461 Sic
325 2414 543 2477 septem
567 2412 855 2479 postquam
883 2409 1099 2477 jejunia
1123 2417 1291 2466 tracta
1318 2411 1519 2467 diebus

214 2495 490 2565 Producit,
521 2498 745 2565 missus,
769 2500 922 2556 socio
941 2502 1117 2557 multo
1138 2502 1361 2575 agmine
1389 2505 1591 2579 pergit,

214 2588 451 2653 Quorum
483 2591 857 2662 quamplures.
891 2593 987 2647 ubi
1017 2609 1117 2664 per
1147 2610 1246 2650 sua
1266 2611 1411 2663 rura,
1444 2597 1691 2663 remittit,

213 2680 584 2755 Quadraginta
612 2682 806 2755 legens
840 2700 1051 2751 secum,
1078 2685 1296 2754 jejunia
1323 2687 1492 2743 fortes

218 2769 312 2834 Qui
332 2770 576 2826 tolerare
597 2778 824 2843 queant.
855 2773 1073 2829 Pelusia
1104 2775 1282 2829 tendit
1312 2776 1367 2829 in
1389 2788 1536 2831 arva.

209 2865 279 2919 Ac
301 2866 522 2921 Domini
546 2867 723 2938 patrio
751 2883 941 2925 servos
970 2869 1159 2925 invisit
1188 2885 1395 2926 amore.

208 2955 337 3012 Inde
380 2965 581 3029 petens
604 2975 875 3024 eremum,
898 2961 1067 3017 coluit
1090 2978 1255 3034 quam
1288 2963 1557 3018 Antonius
1585 2963 1724 3019 alter

208 3045 441 3117 (Nempe
466 3047 771 3103 revelatum
800 3048 910 3104 sibi
934 3051 1082 3122 quod
1101 3049 1228 3107 coeli
1265 3051 1376 3107 alta
1402 3052 1684 3124 subisset),

207 3134 376 3189 Selari
407 3133 626 3203 fratres,
663 3136 895 3192 lustrare
928 3138 1239 3194 habitacula
1269 3146 1461 3201 certat.

206 3225 446 3281 Delectis
474 3225 580 3280 sibi
618 3226 957 3298 subparibus
985 3228 1170 3284 vicina
1188 3229 1425 3298 duobus,

206 3317 364 3373 Vasta
398 3318 569 3373 eremi
600 3326 872 3390 penetrat,
902 3326 1230 3392 tantumque
1259 3321 1562 3377 abstemius
1583 3322 1695 3378 illic

204 3406 325 3461 Tam
332 3423 448 3478 pue
470 3407 643 3462 silens
661 3407 790 3482 agit.
817 3413 878 3463 ut
898 3408 1137 3479 primum
1156 3409 1392 3481 cepisse
1403 3411 1690 3482 professus

204 3496 349 3551 Tunc
383 3495 552 3551 fuerit
577 3497 786 3552 servire
812 3497 923 3553 Deo
949 3497 1073 3552 vitae
1112 3498 1311 3554 ordine
1341 3500 1577 3569 Lhristo,

203 3591 295 3645 Cui
327 3598 415 3647 tot
454 3592 650 3648 devoto
682 3598 921 3647 sacraret
950 3599 1202 3664 tempora
1230 3609 1414 3649 cursu.

203 3688 435 3743 Arentes
462 3687 636 3743 nimio
666 3687 999 3760 squalebant
1019 3688 1245 3759 pulvere
1268 3688 1468 3763 glebae,

203 3777 597 3850 Eﬂ'ervensque
619 3778 744 3834 sitis
770 3779 1103 3835 moribunda
1134 3779 1439 3837 obduxerat
1464 3798 1614 3850 arva,

203 3870 263 3925 Et
287 3877 555 3927 vacuarat
583 3872 742 3943 aquis
762 3872 1009 3928 clausum
1035 3872 1156 3928 sola
1176 3872 1384 3928 torrida
1409 3874 1608 3929 coelum

195 3960 313 4015 lam
339 3961 522 4016 tribus
549 3968 608 4016 ut
637 3961 799 4034 liquit
825 3970 1000 4018 terras
1030 3963 1302 4018 Antonius
1326 3964 1507 4031 annis,

200 4055 501 4112 Deccssum
531 4056 688 4126 cujus
703 4057 893 4130 lugere
924 4059 1202 4112 elementa
1232 4056 1500 4114 ferebant.

200 4147 404 4204 Adfore
436 4148 585 4204 fama
612 4148 806 4205 volans
834 4149 931 4204 ubi
955 4149 1200 4221 prodidit
1223 4150 1577 4219 Hilarionem,

201 4238 356 4295 Hunc
392 4239 644 4295 certatim
674 4240 901 4306 adeunt,
951 4239 1099 4295 ducti
1128 4239 1331 4310 passim
1361 4240 1622 4296 omnibus
1662 4241 1828 4315 agris,

198 4331 404 4388 Lurida
443 4333 574 4389 tabe
604 4333 766 4389 famis
795 4342 1108 4390 sternentes
1137 4350 1266 4391 ora:
1293 4335 1506 4391 colonis

198 4425 548 4499 Compatitur
574 4430 781 4499 pressis
812 4430 1006 4485 senior
1033 4430 1237 4501 pietate
1277 4430 1614 4497 redundans,

201 4516 237 4571 L’
244 4528 379 4591 tque
414 4520 546 4591 polo
576 4536 766 4591 passas
796 4521 1023 4596 gemino
1053 4537 1176 4577 cum
1206 4521 1416 4577 lumine
1444 4522 1656 4592 palmas

197 4611 407 4680 Exerit,
441 4630 506 4669 os
530 4630 806 4683 reserans,
829 4616 1014 4689 largos
1037 4631 1161 4673 mox
1190 4615 1417 4673 exhibet
1437 4617 1657 4672 imbres.

192 4704 284 4759 Ast
310 4706 411 4759 ubi
434 4707 719 4762 concessis
749 4708 979 4763 satiatur
1006 4709 1191 4781 glarea
1219 4708 1442 4775 nimbis,

194 4795 269 4849 En
303 4797 499 4852 subito
528 4799 737 4855 exortis
758 4800 1043 4870 replentur
1067 4816 1190 4855 rura
1213 4801 1508 4872 chelydris.

193 4883 314 4939 Non
350 4902 487 4942 arva
518 4888 777 4961 agricolis
816 4890 1004 4959 pecori
1029 4904 1139 4945 non
1163 4906 1366 4961 pascua
1397 4897 1545 4957 tuta;

197 4977 491 5047 Nusquam
531 4976 680 5051 agris
702 4979 949 5050 requies,
983 4985 1038 5034 et
1080 4986 1228 5034 certa
1259 4980 1505 5051 pericula
1533 4995 1832 5053 quaquam.

193 5066 343 5131 Quid
376 5066 703 5121 medicinali
734 5067 1033 5122 exhibeant
1071 5069 1139 5123 ad
1172 5066 1365 5123 funera
1392 5068 1507 5124 fotu

193 5158 511 5224 Incertum,
542 5157 648 5211 nisi
668 5166 958 5229 patronum
989 5160 1059 5214 ad
1085 5158 1342 5231 suffragia
1360 5167 1549 5215 notum

198 5247 366 5303 Certa
406 5254 626 5318 petant,
655 5264 765 5320 quo
798 5257 991 5305 moesta
1021 5250 1225 5316 levent,
1258 5265 1369 5322 quo
1408 5248 1569 5304 noxia
1600 5249 1828 5320 pellant.

198 5339 344 5416 Ergo
378 5340 480 5394 Dei
513 5339 704 5396 famuli
732 5350 924 5397 contra
955 5343 1073 5398 haec
1098 5343 1403 5397 munimina
1430 5349 1687 5414 poscunt,

195 5429 233 5483 Α
266 5445 387 5502 quo
408 5439 696 5485 sumentes
722 5432 1089 5488 medicamina
1118 5430 1229 5488 fida
1256 5434 1467 5501 salutis,

196 5518 320 5575 Mox
358 5519 661 5576 benedieto
682 5521 805 5576 oleo
835 5522 1129 5578 maledicta
1157 5540 1372 5579 venena
1395 5524 1685 5596 repellunt.

263 5606 532 5664 Afﬁcitur
559 5609 707 5665 cultu
733 5611 940 5678 senior,
974 5620 1239 5683 pertaesus
1268 5615 1500 5683 honore,

264 5718 437 5789 (16‘2)
474 5719 674 5776 Iuliani
704 5721 917 5779 scilicet
945 5723 1217 5794 Apostatze

3439 365 3547 422 538

1856 495 1911 563 Α
1935 492 1997 547 Et
2026 507 2283 564 pompam
2304 492 2523 568 fugiens
2547 500 2909 550 venerantum
2936 494 3329 561 ruricolonum,

1933 586 2211 641 Accelerat
2243 593 2456 640 mutare
2492 586 2697 654 locum,
2728 602 2839 642 non
2867 594 2997 643 nota
3035 587 3321 659 requirens

1935 674 2161 755 Climata
2188 674 2448 750 profugii.
2486 676 2546 730 In
2584 675 2820 730 Bruchio
2850 682 2999 731 tanto
3025 676 3245 747 hospite
3270 674 3408 731 laetis

1934 763 2215 818 Fratribus
2242 770 2523 834 exceptus,
2566 762 2902 835 jamjamque
2951 763 3283 819 instantibus
3312 762 3544 829 umbris,

1934 856 2225 912 Decretam
2254 861 2408 927 parat
2438 854 2518 910 ire
2550 854 3036 921 viam;turbantur
3066 854 3226 910 amici

1931 950 2005 1007 Ac
2030 950 2269 1006 retinere
2293 955 2518 1020 parant;
2552 947 2913 1004 nihilominus
2936 948 3030 1003 ille
3058 955 3333 1021 perurget.

1935 1042 2183 1115 Captum
2211 1042 2335 1109 iter,
2365 1049 2633 1098 attestans
2662 1057 2735 1098 ne
2760 1042 2830 1098 sit
2864 1056 3015 1097 mora
3047 1039 3185 1096 forte
3216 1040 3443 1095 molesta

1939 1137 2010 1191 Se
2035 1141 2367 1206 properante
2406 1134 2564 1206 fuga;
2593 1134 2740 1199 Post,
2763 1133 2965 1205 inquit,
2996 1148 3159 1188 causa
3189 1131 3394 1201 patebit

1940 1224 2022 1279 Me
2042 1224 2222 1279 subito
2242 1240 2274 1279 a
2290 1223 2448 1280 vobis
2472 1223 2749 1295 celerique
2765 1224 3030 1298 migrasse
3058 1237 3298 1278 recessu.

1937 1313 2048 1370 Nec
2075 1329 2230 1371 mora
2257 1320 2384 1386 post
2412 1322 2628 1369 noctem
2661 1312 2883 1368 lictores
2912 1311 3128 1382 hospita
3156 1310 3376 1381 pulsant

1938 1407 2167 1473 Limina,
2210 1414 2493 1478 portantes
2521 1406 2765 1478 perversi
2796 1406 2975 1461 edicta
3005 1404 3220 1476 tyranni
3245 1402 3423 1473 (162),

1939 1497 2090 1552 IIunc
2120 1497 2236 1568 qui,
2272 1497 2573 1563 destructo,
2610 1512 2721 1568 quo
2762 1503 2977 1550 rexerat
3006 1494 3248 1569 agmina,
3291 1493 3549 1559 claustro,

1938 1586 2281 1641 Funebribus
2304 1585 2474 1655 jussis
2500 1585 2785 1640 mandarat
2810 1584 3019 1654 ubique
3046 1581 3273 1653 requiri.

1939 1678 2198 1736 Frustrati
2230 1680 2389 1740 votis,
2417 1678 2606 1753 Magus
2633 1684 2737 1745 est,
2768 1684 2829 1732 ut
2857 1676 3077 1743 dicitur,
3112 1674 3228 1738 illi;

1937 1769 2077 1823 Yera
2108 1767 2357 1824 feruntur
2381 1783 2507 1822 eum
2530 1767 2758 1841 magicis
2787 1766 2989 1821 callere
3020 1764 3216 1819 futura.

1861 1866 1915 1935 Β
1940 1857 2034 1912 Ille
2063 1856 2235 1912 eremi
2262 1863 2476 1913 secreta
2497 1856 2707 1931 legens,
2737 1862 2984 1910 semotus
3012 1854 3068 1908 in
3094 1868 3301 1907 annum

1938 1951 2131 2007 Ferme
2161 1951 2368 2019 madet,
2394 1950 2591 2016 donec,
2633 1948 2777 2004 fama
2813 1949 3092 2023 vulgante,
3124 1944 3372 2009 nitescit;

1936 2040 2170 2113 Jamque
2201 2056 2396 2096 carens
2425 2039 2654 2106 latebra,
2677 2039 2839 2095 terris
2864 2038 3011 2092 bene
3042 2044 3208 2092 notus
3238 2034 3382 2089 Eois.

1937 2132 2159 2204 Appetit
2180 2132 2452 2204 aequoreis
2490 2132 2710 2188 tandem
2740 2147 2802 2186 se
2831 2130 3090 2186 claudere
3114 2127 3317 2183 arenis.

1936 2224 2246 2295 Discipulus
2261 2231 2391 2280 tune
2407 2225 2709 2281 adveniens
2726 2224 3000 2278 Adrianus
3031 2222 3099 2276 ab
3124 2221 3236 2276 oris

1938 2316 2096 2371 Forte
2127 2316 2453 2384 Palaestinis,
2484 2316 2677 2387 pandit
2707 2315 2938 2387 periisse
2968 2313 3268 2369 nefandum

1941 2407 2115 2483 Regni
2154 2410 2575 2483 seeptrigerum,
2605 2408 2799 2463 Christi
2829 2422 3062 2479 regnare
3086 2405 3342 2460 clientem
3380 2402 3551 2473 (163),

1941 2501 2301 2573 Hortaturque
2317 2500 2640 2556 monasterii
2670 2500 2908 2556 recidiva
2933 2498 3167 2570 reposci.

1936 2590 2269 2663 Abnuitjste
2299 2591 2471 2647 decus
2498 2589 2736 2665 fugiens,
2777 2605 2888 2645 non
2920 2588 3068 2643 bella
3094 2592 3390 2652 renutans;

1940 2681 2049 2738 Nec
2081 2682 2437 2739 reverebatur
2465 2681 2722 2752 pavidus,
2754 2681 2847 2752 qui
2876 2696 3042 2754 regna
3063 2693 3296 2749 perosus

1938 2776 2215 2847 Deviaque
2256 2775 2559 2848 ingressus,
2591 2774 2866 2829 conducto
2899 2771 3113 2826 interna
3138 2769 3373 2836 camelo,

1939 2873 2040 2927 Per
2079 2873 2198 2948 loca
2217 2880 2367 2928 vasta
2393 2870 2782 2926 Farhetonium
2823 2867 3141 2940 perducitur
3168 2866 3381 2921 urbem.

1932 2965 2025 3016 Ast
2053 2961 2323 3016 Adrianus
2342 2961 2555 3017 honore
2580 2959 2770 3015 calens
2791 2967 2847 3013 et
2874 2956 3132 3013 culminis
3160 2972 3295 3011 aura

1931 3049 2218 3117 Perflatns,
2244 3049 2400 3105 vellit
2428 3048 2587 3103 furiis
2615 3054 2671 3103 et
2692 3047 2882 3102 fraude
2908 3046 3254 3120 magistrum,

1931 3144 1993 3198 Et
2022 3142 2165 3198 male
2196 3142 2444 3214 protritis
2460 3156 2583 3213 quas
2605 3141 2684 3196 iili
2718 3138 2953 3215 legenda
2992 3137 3201 3193 dicarat

1852 3246 1902 3315 ρ
1934 3231 2105 3306 Larga
2134 3246 2353 3295 manus,
2380 3239 2569 3301 spreto
2600 3227 2789 3283 infelix
2815 3227 2967 3282 senis
2994 3242 3091 3282 ore
3114 3223 3376 3289 recessit;

1932 3324 2139 3399 Regius
2167 3322 2313 3378 haud
2342 3324 2567 3397 longum
2593 3320 2756 3377 morti
2788 3335 2952 3391 quem
2982 3317 3210 3373 morbus
3238 3314 3445 3388 adegit.

2000 3413 2219 3468 Zonano
2257 3410 2445 3466 senior
2458 3410 2656 3479 juneto
2685 3408 2837 3463 subit
2865 3406 3013 3462 edita
3045 3405 3242 3461 classis

1928 3502 2169 3558 Siciliam
2211 3502 2509 3566 tendentis,
2541 3517 2606 3555 ea
2633 3499 2804 3555 scissa
2834 3498 2999 3553 Adria
3027 3497 3201 3569 puppi

1848 3612 1853 3619 ·
1930 3596 2065 3649 Dum
2095 3594 2316 3667 legitur,
2343 3593 2530 3649 subito
2560 3591 2805 3648 naucleri
2838 3590 2983 3644 filius
3005 3595 3122 3644 atro

1931 3688 2177 3745 Flamine
2189 3696 2501 3759 correptus,
2521 3688 2876 3759 clamansque
2893 3686 2969 3741 ita
2988 3684 3219 3757 prodere
3242 3681 3445 3738 fervet:

1933 3778 2175 3834 Hilarion
2207 3794 2325 3845 cur,
2356 3792 2519 3831 serve
2549 3775 2666 3838 Dei,
2698 3791 2803 3830 nec
2831 3775 2887 3828 in
2905 3773 3147 3845 aequoris
3177 3771 3342 3827 undis

1931 3869 2062 3925 Esse
2090 3869 2219 3924 licet
2248 3875 2417 3933 tutus,
2441 3867 2680 3939 spatium
2711 3867 2781 3920 da
2810 3873 3036 3937 tangere
3063 3871 3234 3919 terras

1932 3964 2028 4019 llic
2057 3963 2195 4018 imas
2224 3978 2294 4018 ne
2326 3962 2640 4034 prarcipiter
2660 3960 2927 4032 depulsus
2942 3960 3196 4030 abyssos.

1932 4051 2029 4107 Ille
2062 4052 2257 4107 dolens
2275 4050 2478 4125 retegi:
2514 4050 2774 4114 Remane,
2806 4049 2947 4103 Deus
2976 4064 3045 4103 en
3074 4063 3256 4115 meus,
3280 4047 3479 4119 inquit.

1930 4139 1987 4193 Si
2018 4139 2172 4207 sinit,
2200 4140 2293 4195 hic
2317 4140 2536 4205 socius;
2569 4140 2844 4211 prohibet,
2878 4138 2963 4193 sin
2991 4137 3083 4192 ille
3106 4136 3307 4192 morari

1931 4229 2144 4285 Invidia
2171 4230 2317 4301 quod
2340 4229 2459 4305 agis
2480 4238 2827 4299 peccatorem
2859 4236 3024 4300 atque
3044 4234 3329 4281 vacantem
3349 4223 3377 4278 ?

1929 4318 2036 4373 Sed
2063 4325 2217 4389 patre
2239 4318 2402 4373 dante
2444 4316 2609 4373 fidem
2638 4317 2867 4396 reliquis
2897 4332 3008 4372 non
3038 4316 3265 4372 credere
3298 4313 3483 4381 terris,

1932 4413 2207 4488 Expurgat
2224 4412 2359 4469 vitio
2388 4429 2646 4484 puerum,
2670 4412 3068 4485 ingressusque
3097 4410 3416 4466 Paehimum
3430 4410 3550 4477 (Pa-

3199 4506 3484 4578 [chynum)

1934 4596 2088 4662 Quod
2103 4597 2283 4652 solum
2306 4604 2583 4667 superest,
2601 4596 2770 4651 rebus
2790 4596 2938 4668 quod
2956 4602 3120 4651 restat
3139 4611 3338 4672 egeno.

1854 4670 1908 4738 D
1936 4692 2061 4748 Fert
2086 4707 2184 4763 pro
2215 4693 2400 4759 naulo,
2424 4692 2781 4767 Evangelium
2808 4692 2956 4764 quod
2989 4670 3290 4761 scripserat
3314 4689 3448 4745 olim

1936 4786 2059 4856 Ipse
2080 4801 2247 4840 manu
2279 4785 2525 4857 propria,
2557 4785 2721 4840 nituit
2749 4786 2879 4840 dum
2904 4785 3082 4855 prima
3105 4784 3356 4853 juventa.

1936 4880 2346 4955 Navigiirenuit
2370 4882 2647 4949 dominus,
2679 4881 2810 4949 nisi,
2841 4881 3055 4947 codice,
3085 4885 3257 4935 veste.

1936 4972 2015 5028 Re
2041 4987 2274 5028 cernens
2300 4973 2518 5046 inopes.
2553 4973 2787 5029 Laetatus
2815 4988 2979 5048 egere
3009 4973 3229 5039 beatus;

1937 5065 2001 5119 At
2029 5080 2101 5119 ne
2127 5072 2410 5136 promatur
2434 5066 2744 5122 meditullia
2773 5066 2967 5122 transit
2995 5065 3050 5120 in
3077 5080 3229 5131 arva,

1938 5153 2219 5226 Lignaque
2246 5153 2516 5210 decidens
2541 5157 2804 5212 humeros
2834 5154 3101 5212 onerabat
3127 5150 3372 5216 alumni;

1935 5247 2049 5311 Quo
2078 5247 2348 5302 redeunte
2370 5247 2459 5303 die
2488 5249 2662 5319 pretio
2693 5263 2792 5319 pro
2822 5247 3067 5319 pondere
3092 5250 3312 5315 sumpto

1934 5340 2095 5396 Panis
2114 5356 2276 5411 opem
2316 5342 2407 5397 tali
2435 5342 2655 5399 sibimet
2673 5342 2874 5399 sudore
2900 5340 3188 5413 parabant.

1933 5434 2145 5489 Interea
2169 5434 2315 5489 Petri
2344 5436 2567 5507 quidam
2598 5435 2740 5490 intra
2767 5434 2962 5489 limina
2987 5433 3172 5488 Romae

1932 5527 2250 5584 Daemonico
2290 5529 2488 5585 clamat
2513 5530 2786 5586 scutarius
2813 5528 3014 5600 impete
3038 5532 3245 5596 raptus,

2004 5731 2146 5803 (163)
2183 5730 2553 5790 Iovinianum.
