3938 6158
426 296 532 352 539

426 424 663 479 Siciliam
695 430 820 478 ante
851 422 970 477 dies
1000 438 1207 494 paucos
1232 439 1354 478 esse
1389 424 1720 480 llilarionem

427 512 772 585 Ingressum;
806 527 968 582 quem
1011 527 1174 566 nemo
1203 513 1367 582 sapit,
1400 520 1555 583 putat
1586 513 1702 583 ipse
1733 513 1899 568 latere

423 607 712 671 Seeretus;
747 605 844 660 sed
873 607 1038 662 abibo
1073 615 1134 661 et
1160 623 1283 664 eum
1317 623 1426 679 per.
1447 609 1687 679 compita
1717 609 1944 680 prodam

428 700 657 772 Moxque
708 709 904 772 petens
971 709 1186 773 portum
1241 703 1473 775 appellit
1526 704 1752 759 sinuosa
1807 686 2050 759 Pachimi

1673 792 1978 864 [Pachyni],

428 880 498 934 Ac
524 879 668 934 duce
695 897 1024 951 possessore
1053 881 1197 954 (164)
1222 898 1404 938 casam
1430 883 1580 938 senis
1605 890 1731 938 ante
1755 881 2044 938 recumbit.

429 969 540 1023 Nec
577 985 748 1037 mora,
774 969 912 1025 liber
943 971 1078 1035 ablt,
1113 971 1428 1042 medicique
1457 971 1737 1028 notamina
1769 971 1978 1046 paugit.

429 1063 598 1126 Quem
632 1061 819 1132 plures
863 1063 1141 1134 extemplo
1180 1064 1405 1130 adeunt,
1439 1064 1763 1136 morbisque
1803 1064 2055 1119 levantur

431 1149 684 1220 Corporis
709 1168 772 1206 ac
796 1153 1018 1206 mentis.
1051 1153 1184 1207 Tum
1219 1153 1289 1207 de
1321 1153 1655 1224 primoribus
1675 1171 1837 1221 unus,

431 1239 524 1291 Cui
565 1240 845 1314 gravidam
879 1242 1157 1313 lymphata
1187 1249 1367 1296 cutem
1401 1242 1746 1298 distenderat
1775 1242 1944 1311 unda,

429 1334 543 1395 Quo
576 1332 724 1386 venit
744 1333 847 1387 sub
873 1335 1010 1400 sole,
1045 1334 1186 1388 redit
1215 1349 1341 1390 mox
1373 1335 1619 1405 pondere
1647 1335 1803 1390 liber.

429 1421 526 1484 Qui
561 1422 880 1478 medicatori
920 1424 1236 1494 praestantia
1267 1426 1490 1495 praemia
1523 1441 1806 1496 promens,

431 1509 553 1564 Htec
576 1527 838 1581 responsa
880 1513 1064 1580 capit:
1092 1513 1266 1568 Gratis
1297 1513 1421 1568 data
1449 1513 1632 1567 dedite
1657 1514 1846 1586 gratis.

501 1603 647 1656 lnter
661 1618 783 1673 quae
801 1603 1126 1674 Hesychius,
1146 1620 1400 1676 quaerens
1419 1610 1531 1659 toto
1549 1605 1686 1659 urbe
1706 1605 2046 1677 magistrum,

431 1692 632 1746 Littora
661 1692 974 1762 perlustrat,
1007 1703 1257 1765 penetrat
1289 1697 1528 1763 deserta,
1554 1697 1800 1750 levamen

432 1781 602 1837 Corde
633 1782 824 1838 fovvns
847 1785 1012 1851 istud,
1044 1792 1253 1840 tantum
1278 1802 1388 1842 non
1413 1802 1574 1857 posse
1598 1788 1767 1841 latere

432 1877 584 1930 llunc
605 1877 924 1950 ubicunque
943 1880 1036 1934 diu
1051 1922 1064 1935 .
1097 1881 1264 1945 Quam
1291 1897 1446 1951 spem
1472 1889 1581 1936 tres
1598 1880 1747 1936 ducit
1773 1881 1826 1935 in
1855 1897 2050 1937 annos.

432 1965 564 2019 Inde
595 1983 624 2020 a
663 1967 854 2023 Judaeo
892 1969 1153 2024 vendenti
1183 1980 1368 2025 scruta
1398 1971 1630 2027 Metona:

433 2058 597 2112 Audit
625 2059 826 2115 Sicilire
858 2063 1012 2116 mirze
1054 2062 1268 2117 virtutis
1295 2063 1348 2116 in
1381 2064 1493 2118 oris

434 2145 773 2202 Christicolis
802 2157 980 2204 vatem
1014 2153 1234 2223 pepulis
1264 2153 1496 2207 nituisse
1526 2153 1823 2221 novellum,

432 2239 529 2294 Tot
557 2240 732 2314 signis
760 2241 988 2310 clarum,
1023 2245 1188 2298 tantis
1218 2245 1519 2300 virtutibus
1550 2245 1740 2309 altum,

435 2329 757 2385 Sanctorum
777 2340 836 2385 ut
853 2340 1100 2386 veterum
1121 2333 1344 2404 quidam
1375 2351 1497 2389 esse
1525 2335 1791 2405 propheta
1811 2341 2055 2406 putetur.

435 2421 664 2477 Adriaco
694 2439 815 2478 mox
847 2425 937 2478 hic
966 2425 1162 2499 pelago
1187 2427 1465 2481 Trinacria
1497 2427 1668 2482 fertur

439 2511 498 2566 ln
529 2512 663 2576 sola,
690 2513 1143 2587 remigiojustum
1165 2515 1401 2570 ducente
1420 2516 1666 2571 secundo

438 2603 691 2658 Seitatus.
728 2605 925 2688 famam
957 2607 1108 2661 senis
1139 2623 1250 2663 uno
1279 2616 1338 2663 ut
1368 2609 1436 2662 ab
1469 2625 1564 2664 ore
1590 2609 1850 2680 capessit,

437 2692 689 2747 Consona
710 2701 1029 2749 cunctorum
1062 2696 1208 2750 rutili
1243 2697 1519 2767 praeconia
1551 2697 1720 2752 lichni
1752 2715 1765 2751 :

443 2786 556 2848 Qua
585 2784 774 2853 niteat,
800 2787 931 2858 quid
963 2795 1106 2860 agat,
1130 2805 1292 2860 quam
1316 2789 1472 2862 signa
1501 2791 1776 2862 stupenda
1797 2791 2058 2859 celebret,

442 2876 711 2932 Omnibus
739 2878 868 2935 hinc
897 2881 1037 2936 adeo
1066 2889 1308 2936 mentem
1338 2882 1669 2937 mirantibus
1696 2882 1847 2951 almi,

444 2965 597 3028 Quod
629 2981 731 3021 nec
749 2982 912 3037 Opem
935 2985 964 3022 a
1003 2984 1281 3040 quoquam
1309 2970 1490 3040 capiat
1516 2979 1641 3041 post
1667 2970 1793 3025 talia
1815 2971 1990 3042 panis.

447 3055 760 3126 Diseipulus
790 3056 1011 3113 tandem
1043 3058 1299 3130 lacrymis
1327 3075 1424 3130 per
1445 3060 1645 3133 gaudia
1680 3059 1817 3115 fusis

450 3143 642 3219 Irrigat
669 3145 877 3201 inventi
906 3147 1013 3203 hoc
1042 3147 1260 3218 plantas
1299 3149 1501 3204 sudore
1528 3149 1804 3224 magistri;

447 3232 656 3304 Vixque
677 3240 894 3289 erectus
927 3250 1014 3302 eo,
1047 3243 1102 3290 et
1127 3236 1295 3293 biduo
1319 3238 1570 3294 triduove
1594 3239 1802 3294 refotus

448 3329 671 3384 Famine
703 3330 989 3400 melliﬂuo,
1018 3333 1160 3387 velle
1198 3334 1343 3388 huuc
1367 3335 1598 3389 evadere
1631 3343 1801 3390 terras

448 3418 611 3472 Audit
639 3419 696 3473 in
720 3427 995 3490 externas,
1022 3422 1244 3496 ignotus
1274 3423 1503 3479 nomine
1535 3430 1591 3478 et
1619 3440 1716 3480 ore

449 3512 564 3577 Qua
591 3513 840 3569 residere
868 3523 1058 3587 queat,
1080 3515 1428 3588 Dominoque
1460 3533 1654 3572 vacare
1688 3516 1927 3589 quietus.

518 3605 743 3661 Ducitur
771 3623 900 3680 ergo
933 3608 1286 3680 Epidauraeos
1317 3617 1609 3680 proreptus
1640 3610 1695 3664 in
1723 3625 1906 3682 agros,

447 3696 561 3760 Qua
592 3712 772 3769 neque
791 3698 999 3753 celatus
1029 3699 1195 3774 longo
1225 3699 1329 3754 sub
1364 3708 1612 3770 tempore
1630 3700 1782 3773 degit

449 3785 592 3840 llure
625 3785 800 3841 latens
829 3787 1064 3844 modico.
1099 3788 1382 3860 Siquidem
1415 3789 1580 3844 draco
1607 3805 1838 3863 magnus
1879 3789 2066 3845 Achivi

451 3880 618 3944 Quos,
639 3885 766 3934 trito
796 3896 1074 3948 sermone,
1117 3881 1250 3936 boas
1275 3881 1514 3936 vocitare
1544 3882 1709 3948 sueti,

451 3965 578 4023 Late
605 3975 759 4024 actus
781 3971 1051 4026 vacuabat
1082 3987 1262 4043 agros,
1294 3978 1543 4026 armenta
1581 3986 1889 4043 gregesque

451 4065 813 4138 Pastoresque
865 4083 1088 4136 vorans,
1145 4067 1331 4123 lethali
1381 4066 1602 4121 ﬂamine
1650 4075 1890 4123 tractans
1949 4069 2068 4139 (pro

455 4241 550 4298 Cui
579 4251 785 4299 vastam
810 4246 970 4316 jubet
1000 4245 1092 4300 ille
1125 4262 1312 4316 pyram
1343 4245 1619 4317 funusque
1645 4157 1996 4316 [.aggiljens')

452 4333 814 4405 Exeitumque
834 4335 959 4390 data
972 4335 1323 4407 seriem(166)
1351 4351 1514 4407 prece
1536 4336 1803 4392 scandere
1825 4337 2066 4393 mandat.

453 4429 778 4502 Obsequitur
817 4446 1018 4503 supera
1047 4446 1278 4500 serpens
1307 4431 1507 4486 virtute
1539 4440 1782 4487 coactus.

455 4527 752 4598 Supposito
772 4527 864 4583 ille
887 4544 1140 4584 cremans
1164 4529 1466 4584 immanem
1500 4527 1690 4584 fomite
1715 4536 1925 4600 pestem

454 4621 786 4677 Admiranda
817 4623 969 4677 dedit
998 4623 1197 4694 pavido
1229 4623 1542 4694 spectacula
1568 4623 1753 4697 vulgo.

455 4713 801 4785 Tempestate
827 4715 930 4770 sub
962 4716 1085 4784 hac,
1128 4722 1286 4770 motae
1303 4715 1595 4770 concussio
1625 4721 1780 4769 teme

453 4807 689 4878 [Equora
726 4807 994 4863 limitibus
1023 4808 1299 4880 metisque
1331 4806 1527 4862 efludit
1551 4806 1779 4872 abactis,

455 4895 725 4950 Diluvium
759 4905 817 4952 ut
846 4913 1062 4952 rursum
1095 4897 1324 4952 instaret
1353 4895 1706 4963 mortalibus;
1739 4909 1934 4950 omnes

455 4987 752 5060 Antiquum
785 4989 1014 5044 timuere
1045 4990 1213 5045 chaos
1236 4989 1304 5044 de
1328 4988 1613 5044 montibus
1642 4993 1790 5042 actas

461 5082 698 5139 Excelsis
729 5084 970 5155 pendere
1004 5090 1167 5149 rates,
1199 5083 1509 5153 fluctusque
1543 5080 1842 5136 frementes

461 5172 743 5243 Gurgitum
765 5172 1130 5228 inundantum
1163 5172 1290 5228 ferri
1317 5187 1415 5242 per
1438 5171 1619 5224 iittora
1646 5175 1860 5225 montes

456 5261 755 5316 Cernentes
775 5263 1106 5333 Epidauraei,
1135 5263 1265 5317 dum
1293 5259 1568 5332 stragibus
1592 5257 1750 5313 urbis

457 5354 757 5410 Praeteritis
787 5356 1090 5428 trepidant,
1123 5355 1296 5410 Patris
1314 5352 1575 5427 suffragia
1603 5358 1876 5424 qumrunt,

457 5451 628 5515 Quem
661 5465 758 5521 spe
791 5455 1130 5520 prtesumpta
1160 5447 1439 5517 rapientes
1477 5446 1660 5500 littore
1686 5444 1904 5499 sistunt.

456 5540 579 5596 Mox
609 5539 712 5594 tria
735 5539 894 5611 signa
923 5537 1104 5592 erucis
1145 5535 1339 5592 sabulo
1379 5534 1508 5589 dum
1553 5532 1732 5606 pingit
1759 5539 1930 5598 arato,

531 5652 675 5720 (ltiti)
717 5651 774 5704 ld
802 5658 884 5705 est
916 5650 1187 5704 daemone.

537 5723 684 5791 (165)
727 5722 782 5776 ld
811 5731 892 5776 est
921 5727 1137 5777 struem.

1185 293 1553 350 FLODOARDI
1595 293 1897 351 CANONlCl
1939 296 2269 352 REMENSIS
2310 293 2652 352 OPUSCULA
2690 292 3002 349 METRICA.

3647 299 3738 351 5-ἱο

2065 434 2116 500 Α
2153 427 2501 498 lntendrtque
2532 441 2729 480 manus
2759 433 2971 492 contra,
2995 422 3250 478 mirabile
3272 422 3452 478 dictu!

2157 519 2399 575 Creverit
2430 528 2489 574 ut
2515 534 2750 593 surgens
2775 517 3098 588 steteritque
3131 517 3184 571 in
3220 515 3457 571 molibus
3485 532 3680 588 aequor,

2155 609 2563 681 lndignansque
2592 607 2946 678 fremensque
2969 606 3086 676 diu,
3108 605 3258 660 velut
3275 604 3435 660 obice.
3452 621 3681 672 versum,

2157 698 2215 750 ln
2246 705 2421 751 semet
2449 696 2655 750 sensim
2685 694 2961 766 lapsisque
2992 693 3271 748 reﬂuxerit
3298 693 3482 748 undis.

2155 787 2219 841 Ut
2251 801 2418 856 rupes
2447 785 2598 841 senis
2630 789 2757 838 ante
2788 782 2961 854 pedes
2992 782 3153 856 rigidi
3190 782 3243 835 in
3269 798 3419 836 mare
3448 789 3658 837 montes

2154 879 2310 934 Parte
2343 878 2519 933 fluunt
2549 877 2675 942 alia,
2704 877 2835 931 hinc
2865 891 2967 930 ceu
2996 874 3313 939 marmorei,
3347 874 3480 929 inde
3507 875 3745 945 liquores,

2153 966 2437 1041 Spargitur
2464 966 2516 1020 id
2550 973 2658 1020 tota
2699 965 2948 1038 regione,
2979 979 3078 1034 per
3116 979 3264 1028 arva,
3289 977 3388 1032 per
3416 961 3600 1027 urbes,

2152 1053 2418 1109 Mirantur
2445 1053 2626 1108 cuncti
2657 1052 2842 1107 eximii
2874 1050 3150 1124 magnalia
3189 1050 3352 1124 signi,

2155 1147 2253 1201 llle
2283 1146 2478 1201 dolens
2506 1144 2687 1216 prodi.
2721 1143 2910 1198 lembo
2938 1142 3076 1197 clam
3111 1151 3272 1196 nocte
3305 1141 3570 1196 recedens

2154 1240 2370 1316 Effugit,
2402 1247 2457 1294 et
2481 1239 2656 1295 classe
2678 1254 2925 1304 ascensa,
2951 1237 3110 1292 Malta
3126 1235 3330 1307 [Malea]
3349 1243 3514 1307 atque
3544 1234 3748 1305 Cythera

2150 1332 2466 1386 Occurrunt.
2494 1330 2744 1400 Dumque
2773 1329 2880 1382 alia
2909 1328 3040 1402 legit
3063 1327 3291 1398 piratica
3321 1341 3579 1400 grassans

2151 1424 2342 1478 Fertur
2353 1423 2547 1477 adesse
2560 1437 2776 1487 manus,
2802 1420 3080 1491 trepidant
3097 1419 3232 1474 socii
3249 1433 3506 1488 armaque
3519 1426 3754 1488 poscunt,

2149 1516 2417 1580 Exercent
2445 1513 2859 1584 eunetos(l66),
2896 1511 3230 1567 creberrima
3261 1511 3451 1564 nuntia
3479 1517 3697 1565 currunt

2152 1608 2211 1662 ld
2244 1608 2477 1662 recitare
2501 1607 2641 1661 seni.
2680 1606 2886 1660 Ridens
2917 1604 3108 1676 procul
3140 1603 3232 1658 ille
3263 1603 3478 1658 carinas

2152 1699 2383 1756 Utvidet
2414 1697 2670 1754 hostiles:
2702 1715 2725 1750 α
2760 1697 2920 1762 Quid,
2953 1697 3048 1762 ait,
3085 1695 3388 1766 trepidatis,
3413 1693 3669 1749 alumni?

2078 1803 2124 1869 Β
2156 1793 2192 1848 Ο
2227 1793 2455 1848 modicae
2487 1790 2644 1846 fidei!
2680 1790 2978 1845 Pharaonis
3003 1805 3070 1843 an
3093 1789 3310 1861 agmina
3339 1787 3496 1858 plura

2161 1884 2395 1940 Cernitis
2427 1882 2761 1954 agminibus,
2785 1882 2927 1937 divis
2953 1897 3074 1952 quae
3103 1895 3284 1934 mersa
3319 1879 3654 1948 triumphis?
3684 1901 3704 1927 υ

2159 1977 2439 2032 Saevorum
2472 1976 2686 2030 interea
2717 1974 3028 2045 spumantia
3061 1978 3231 2027 rostra
3256 1971 3660 2042 prepinquant;

2161 2068 2402 2121 Emissus
2435 2076 2700 2138 quantum
2735 2065 2894 2136 spatii
2931 2063 3071 2135 lapis
3098 2069 3331 2133 occupat
3361 2061 3587 2128 absunt,

2162 2158 2258 2212 llle
2298 2173 2463 2212 manu
2506 2165 2698 2212 contra
2729 2161 2932 2222 erecta,
2965 2153 3316 2208 venientibus
3344 2168 3440 2208 ora

2161 2247 2235 2302 De
2269 2247 2391 2301 navi
2424 2246 2697 2317 loquitur:
2727 2266 2751 2294 ξι
2787 2243 2928 2298 Satis
2958 2250 3043 2298 est
3070 2243 3178 2297 huc
3209 2257 3383 2313 usque
3417 2256 3652 2296 measse.
3685 2263 3701 2290 ι

2160 2337 2290 2390 Mira
2319 2336 2487 2389 fides!
2519 2334 2730 2390 resilire
2757 2340 2918 2400 rates,
2944 2332 3284 2403 puppimque
3308 2330 3480 2401 petita

2159 2427 2392 2501 Agmine
2417 2427 2685 2482 nitentum
2709 2433 2897 2481 contra
2928 2432 3053 2496 post
3084 2433 3235 2496 terga
3255 2423 3439 2478 redire

2160 2520 2389 2587 Invitos,
2421 2519 2676 2589 stupidos
2707 2518 2900 2573 citiore
2933 2517 2999 2571 ad
3031 2517 3211 2571 littora
3244 2531 3410 2571 cursu

2162 2608 2332 2672 Quam
2367 2613 2589 2660 ventum
2622 2605 2816 2666 fuerat,
2851 2619 3006 2660 casso
3037 2603 3322 2658 molimine
3356 2602 3505 2666 ferri,

2228 2699 2316 2754 Sic
2339 2705 2689 2772 grassantum
2713 2698 2913 2752 athleta
2943 2696 3037 2752 Dei
3064 2695 3184 2750 sine
3218 2696 3490 2768 sanguine
3512 2693 3701 2757 victor,

2161 2788 2302 2842 Laeta
2334 2797 2544 2858 trepzea
2571 2787 2776 2853 ferens,
2808 2786 2939 2861 legit
2969 2801 3191 2857 aequora
3225 2783 3487 2854 Cycladas
3509 2783 3669 2847 inter,

2161 2879 2462 2934 Littoribus
2493 2878 2661 2934 variis
2677 2878 3000 2948 crebrisque
3024 2875 3264 2930 furentia
3295 2875 3478 2942 terris,

2163 2967 2330 3021 Tutus
2359 2966 2436 3021 uti
2465 2963 2639 3021 sulcet
2663 2965 2865 3037 placidi
2895 2965 3032 3019 vada
3054 2964 3208 3019 mitia
3239 2963 3441 3036 stagni.

2171 3058 2409 3113 Urbibus
2434 3074 2497 3112 ac
2519 3057 2656 3113 vicis
2686 3057 2888 3128 passim
2917 3071 3247 3112 concurrere
3275 3055 3474 3127 vulgus

2168 3149 2425 3203 Dzemone
2454 3149 2808 3216 possessuum
2835 3161 2899 3200 ac
2926 3160 3093 3200 voces
3125 3143 3382 3198 incedere
3414 3143 3470 3197 in
3503 3157 3676 3196 aures.

2094 3225 2143 3293 C
2165 3239 2365 3310 Sicque
2390 3239 2637 3309 Paphum
2659 3238 2945 3308 appulsus,
2966 3235 3266 3308 requiescit
3282 3235 3351 3289 ab
3374 3235 3511 3289 urbe
3530 3242 3753 3288 remotus

2175 3337 2291 3391 Non
2322 3343 2503 3390 tamen
2537 3333 2592 3388 id
2627 3334 2887 3408 longum:
2918 3333 3112 3406 viginti
3145 3331 3284 3387 forte
3317 3331 3531 3386 dierum

2175 3429 2271 3483 Vix
2300 3428 2530 3482 volvens
2557 3427 2818 3497 spatium,
2855 3425 3068 3480 eunetis
3107 3440 3345 3495 namque
3378 3423 3553 3478 insula
3601 3423 3770 3476 clamat

2178 3516 2412 3571 Urbibus
2443 3530 2538 3570 ore
2569 3514 2901 3589 agitatorum
2923 3513 3121 3567 famam
3156 3510 3471 3577 Hilarionis,

2169 3611 2471 3666 Advenisse
2495 3610 2589 3664 Dei
2610 3625 2847 3671 servum,
2882 3609 3027 3662 hunc
3057 3608 3162 3661 sibi
3192 3607 3295 3661 rite
3324 3605 3644 3678 petendum.

2170 3705 2476 3761 Occurrunt
2516 3703 2779 3773 Lapithae.
2824 3700 3120 3766 Salamina,
3162 3699 3399 3770 aliaeque
3430 3696 3709 3752 resultant:

2169 3795 2592 3864 Appproperant
2633 3790 2849 3846 cunctis
2875 3789 3122 3844 certatim
3151 3805 3218 3843 ex
3246 3787 3481 3842 urbibus
3510 3785 3630 3849 acti,

2171 3885 2343 3954 Atque
2375 3897 2484 3937 nno
2515 3889 2715 3936 coeunt
2738 3880 2917 3935 vexati
2944 3887 3130 3934 mente
3161 3875 3406 3946 ducenti,

2167 3977 2309 4032 Sexu
2341 3975 2584 4030 discreti.
2611 3974 2986 4031 Doletauterri
3012 3973 3105 4028 ille
3133 3971 3402 4043 quietem,

2168 4067 2605 4139 Prmsidiumque
2623 4075 2821 4138 petens
2852 4076 3064 4132 notum,
3089 4065 3266 4135 precis
3285 4064 3411 4135 igne
3442 4062 3636 4134 fatigat,

2172 4162 2582 4228 Colluctatores,
2619 4162 2757 4216 alios
2787 4177 2910 4216 mox
2941 4160 3168 4223 decutit,
3201 4166 3367 4230 atque

2172 4253 2297 4307 Post
2318 4251 2544 4306 biduum
2574 4251 2886 4306 triduumve
2904 4250 3065 4316 alius,
3092 4248 3388 4320 nullusque
3421 4245 3634 4306 resistit,

2173 4339 2529 4395 Hebdomada
2551 4339 2832 4410 explicita,
2859 4338 2953 4410 qui
2971 4354 3080 4393 non
3098 4337 3313 4392 laetatus
3332 4335 3505 4390 abire.

2243 4435 2459 4490 Exactis
2479 4433 2717 4506 geminis
2739 4442 3030 4504 postquam
3055 4432 3356 4487 devenerat
3377 4431 3556 4494 annis,

2089 4503 2146 4573 D
2174 4526 2385 4600 Cogitat
2421 4503 2636 4600 Aigypti
2671 4525 2938 4599 profugus
2967 4525 3086 4580 loca
3117 4524 3348 4578 barbara
3380 4523 3565 4586 adire;

2177 4619 2384 4673 Suadet
2412 4629 2465 4673 at
2493 4618 2794 4688 Hesychius
2827 4617 2984 4688 Cypri
3020 4621 3311 4686 penetrare
3343 4630 3608 4678 recessus,

2175 4707 2518 4779 Abducitque
2549 4706 2710 4774 mari,
2732 4716 2950 4760 montes
2979 4704 3170 4776 procul
3196 4703 3342 4758 inter
3369 4718 3587 4773 Opaeos,

2178 4800 2466 4869 Reptando
2497 4799 2737 4873 genibus
2765 4797 3135 4868 manibusque
3167 4795 3403 4865 abrupta
3431 4793 3600 4850 subiri

2177 4889 2306 4954 Qua:
2334 4888 2424 4944 vix
2458 4887 2819 4958 prmvaleant:
2857 4886 3103 4957 pomaria
3133 4885 3345 4940 consita
3375 4900 3641 4940 amrenum

2178 4981 2529 5047 Reddebant,
2562 4980 2824 5052 ductique
2857 4980 3037 5034 locum
3071 4979 3138 5033 de
3169 4979 3372 5033 vertice
3401 4977 3522 5033 rivi.

2179 5070 2290 5126 Nec
2316 5070 2592 5125 detractus
2617 5070 2796 5124 honos
2817 5067 2885 5122 ab
2910 5083 2977 5123 eo
3007 5083 3107 5137 per
3134 5075 3379 5137 tempora
3407 5066 3642 5138 quinque

2172 5162 2452 5216 Annorum
2475 5160 2768 5216 arboribus
2792 5159 2998 5231 quibus
3019 5160 3107 5214 hic
3128 5159 3399 5214 mansisse
3429 5158 3700 5230 probatur;

2173 5253 2331 5308 Nullo
2356 5249 2871 5321 horumsumpsisse
2899 5249 3082 5304 cilium
3116 5249 3184 5303 de
3214 5249 3466 5320 germine
3495 5247 3670 5302 fertur.

2174 5343 2393 5415 Antiqui
2420 5343 2574 5411 juxta
2605 5342 2713 5396 fani
2735 5341 2976 5412 collapsa
2997 5340 3279 5412 patebant.

2176 5431 2395 5498 Moenia,
2429 5447 2536 5501 qua
2574 5429 2719 5484 sunti
2750 5429 2984 5483 inumeri
3018 5428 3120 5483 sub
3153 5435 3312 5484 nocte
3339 5428 3542 5499 dieque

2176 5524 2474 5581 Daemonici
2508 5539 2766 5580 resonare
2791 5521 2966 5596 globi,
2988 5521 3138 5577 velut
3168 5521 3389 5594 agmina
3409 5520 3543 5576 belli

2252 5714 2392 5785 (166)
2431 5714 2588 5770 Forte
2616 5713 2723 5787 leg.
2754 5721 2951 5769 contos.
