3938 6158
217 360 308 417 541

710 357 793 412 DE
832 356 1197 414 TRIUMPHIS
1235 357 1497 415 CHRISTI
1537 359 1620 416 ET
1658 359 1751 416 SS.
1794 358 2199 417 PALESTINAS
2236 359 2413 415 LIBRI
2451 359 2639 416 TRES.
2679 390 2752 402 —
2787 361 2914 416 LIB.
2958 361 3050 416 Ill.

3440 361 3549 416 542

218 483 418 540 Gaudet
445 483 502 538 in
533 483 618 538 his
644 481 835 538 senior
884 482 1087 538 habeat
1128 483 1277 554 quod
1304 483 1561 539 acumina
1600 488 1821 561 pugnaa‘
1849 493 1902 561 Α
1933 486 2167 558 Haecque
2189 483 2569 554 Evangelium,
2600 485 2798 540 tunica:
2826 501 2950 541 cum
3001 484 3267 561 tegmine,
3308 485 3477 553 sacci,

216 579 476 651 Quodque
503 578 571 634 ad
603 595 728 634 eum
760 578 992 633 auderet
1021 578 1206 635 nullus
1231 580 1318 635 vel
1349 581 1618 636 scandere
1649 596 1823 637 rarus.

217 670 410 741 Sicque
439 667 635 725 fovens
661 669 905 734 charam,
939 668 1168 724 Domino
1188 669 1825 744 inspectante,quietem,

217 760 451 827 Quadam
480 759 621 815 forte
652 758 743 813 die
775 758 1080 829 paralytica
1108 758 1355 814 membra
1376 758 1564 828 jacere

217 848 454 920 Respicit
489 854 620 903 ante
661 846 808 903 fores
841 864 856 912 ;
900 846 1103 918 quissit
1129 857 1305 922 rogat,
1328 858 1387 903 ut
1410 849 1542 920 quid
1573 848 1832 905 adactus?

216 943 648 1006 Procuratorem,
682 938 952 1011 lIesychio
984 947 1264 1007 narrante,
1290 940 1477 996 locelli

217 1034 440 1106 Accipit,
471 1050 535 1090 ac
554 1034 693 1089 villa;
732 1034 821 1089 cui
847 1033 1106 1088 subditur
1144 1033 1397 1088 hortulus
1436 1033 1580 1105 ipso.

216 1126 363 1179 [licet
391 1123 761 1199 illacrymans,
796 1122 1134 1194 inepemque
1165 1122 1361 1178 salutis
1389 1122 1617 1180 adortus

216 1216 297 1270 Sic
325 1214 522 1269 dextra
544 1212 705 1282 jubet
727 1212 947 1267 intensa
971 1211 1289 1267 recubantis
1320 1213 1376 1267 in
1404 1228 1500 1269 ora
1528 1229 1544 1268 :

216 1307 386 1379 Surge
417 1303 519 1361 tibi
548 1303 696 1370 dico;
721 1301 1074 1374 Chistiquein
1114 1302 1337 1358 nomine
1374 1318 1563 1377 perge.

217 1395 344 1450 Mira
360 1391 617 1448 medela!
652 1391 975 1448 rotabantur
991 1391 1225 1447 dicentis
1265 1391 1318 1446 in
1350 1407 1446 1447 ore

1931 574 2260 646 Palliolique
2286 574 2475 639 decus,
2517 573 2677 629 simul
2703 590 2766 629 ac
2789 575 3107 630 veneranda
3131 574 3370 641 cuculla,

1926 664 2046 718 Jam
2078 664 2297 719 modico
2348 662 2477 735 igne
2511 669 2707 733 tepens
2760 662 2818 717 in
2851 670 3071 734 pectore
3104 664 3323 719 flamma
3348 664 3549 720 caloris

1933 752 2241 818 Restiterat,
2255 752 2370 820 jam
2393 751 2470 806 nil
2498 750 2759 817 hominis,
2791 766 2989 805 sensus
3017 751 3144 815 nisi,
3179 751 3287 806 vivi

1931 847 2127 923 Magno
2154 848 2323 903 corde
2350 847 2518 923 viget,
2547 846 2775 917 visuque
2804 845 3050 917 profatur
3079 853 3271 917 aperto
3297 863 3312 903 :

1872 984 1877 989 .
1934 941 2208 1016 Egredere
2239 940 2387 996 unde
2416 940 2578 996 times
2615 938 2643 992 ?
2680 938 2866 993 anima
2904 938 3173 1013 egredere
3205 939 3353 994 unde
3383 938 3555 994 vacil-

3320 1028 3419 1101 [las
3455 1030 3484 1082 ’ἰ

1930 1119 2048 1174 Jam
2081 1119 2268 1176 decies
2291 1124 2504 1191 septem
2535 1117 2750 1172 Christo
2778 1116 3060 1172 famularis
3092 1117 3145 1171 in
3177 1132 3374 1184 annos,

1932 1207 1996 1261 Et
2014 1207 2223 1263 lethum
2251 1222 2399 1280 aegra
2430 1206 2592 1263 times
2623 1205 2636 1260 l
2674 1207 2826 1275 Ilaec;
2856 1216 2912 1262 et
2939 1206 3075 1277 petit
3096 1205 3299 1260 halitus
3324 1205 3553 1261 althram

1931 1300 2151 1357 Robore
2191 1300 2530 1372 pervalidus,
2562 1299 2655 1371 pia
2684 1315 2781 1371 per
2812 1298 3312 1371 miraculaclarus,

1929 1395 2107 1468 thue
2130 1394 2310 1451 virum
2340 1394 2553 1450 meritis
2588 1394 2678 1448 vix
2707 1401 2841 1449 tunc
2860 1391 3153 1465 aequabilis
3184 1391 3304 1447 ulli.

216 1485 406 1553 Verba,
449 1500 555 1539 nec
605 1483 853 1539 ediderat
902 1482 1144 1554 perfecte
1198 1484 1317 1538 haec
1363 1484 1571 1551 omnia,
1601 1484 1826 1555 jamque
1924 1490 2086 1545 Terra
2114 1489 2234 1545 solo
2263 1489 2518 1557 adjicitur
2546 1503 2692 1555 mox,
2716 1502 2815 1542 ceu
2847 1494 3190 1558 praeceperat
3214 1501 3385 1559 aeger,

215 1578 453 1633 Membra
478 1576 626 1632 salus
656 1591 893 1647 prepera
932 1576 1001 1630 ad
1031 1576 1289 1632 standum
1319 1577 1554 1633 solidata
1591 1576 1808 1633 levabat

216 1669 333 1724 Haec
362 1667 459 1722 ubi
486 1675 841 1739 sparguntur,
874 1666 1063 1721 multis
1092 1665 1197 1721 iter
1224 1666 1430 1721 invium
1458 1659 1620 1735 inire,

217 1763 505 1819 Difficilem
533 1778 796 1834 superare
815 1762 1045 1830 aditum,
1073 1777 1200 1832 spes
1229 1770 1382 1816 certa
1398 1761 1614 1816 suadet.

217 1855 270 1909 Id
300 1869 407 1924 per
425 1851 713 1907 circuitum
747 1850 890 1906 villis
916 1849 1266 1907 servantibus
1287 1867 1481 1918 unum,

217 1944 437 1998 Secreto
457 1940 677 2016 fugiens
696 1956 765 1995 ne
782 1940 937 2012 lapsu
955 1940 1144 2015 ignota
1173 1946 1441 2010 capessat.

215 2035 326 2090 Non
351 2034 613 2106 equidem
643 2032 795 2088 velut
825 2031 1103 2088 instabilis
1130 2032 1355 2087 levitate
1383 2032 1682 2088 modernos
1712 2033 1835 2104 (pro

1576 2129 1765 2194 novos)

214 2217 501 2284 Quaerebat
527 2216 737 2273 loculos
767 2234 783 2282 ;
839 2216 969 2288 quia
1031 2215 1234 2290 defuga
1262 2231 1483 2288 semper
1512 2217 1760 2282 honoris,

215 2308 441 2381 Ignotus
473 2306 535 2378 [f.
567 2304 916 2378 ignotusque]
968 2305 1234 2360 humilem
1267 2306 1504 2377 gestibat
1533 2306 1737 2362 ducere
1753 2306 1836 2361 vi-

1611 2399 1760 2469 [tam.

278 2490 553 2559 Tempore
569 2487 702 2543 dum
722 2487 865 2542 senii
894 2486 1062 2543 sentit
1088 2504 1149 2542 se
1178 2487 1246 2543 ad
1279 2488 1507 2558 praemia
1538 2488 1695 2561 ferri,

218 2578 513 2650 Hesychio,
537 2578 633 2649 qui
654 2593 873 2649 semper
901 2593 1026 2633 cum
1056 2578 1259 2649 pietate
1280 2578 1521 2646 colebat,

216 2673 272 2725 ln
300 2670 619 2726 testamenti
651 2670 772 2726 vice
812 2670 984 2725 fertur
1021 2669 1263 2742 epistola
1296 2688 1463 2742 parva

216 2763 338 2830 Ejus
366 2761 575 2832 scripta
606 2775 776 2815 manu
806 2759 937 2815 ditis
970 2776 1080 2832 qua
1110 2767 1307 2815 cuncta
1334 2762 1589 2832 supellex

213 2852 538 2926 Divitiaeque
569 2850 753 2924 inopis
764 2850 997 2907 memori
1012 2851 1304 2907 traduntur
1324 2851 1555 2908 honore.

1931 1582 2057 1638 Post
2081 1581 2293 1637 obitum
2313 1598 2538 1653 parvam
2562 1597 2630 1636 ne
2658 1580 2973 1636 detineatur
3004 1578 3059 1632 in
3077 1580 3271 1633 horam

1929 1669 2092 1725 Audit
2117 1678 2177 1726 ut
2215 1669 2535 1741 Hesychius,
2562 1668 2721 1740 Cypri
2749 1668 2887 1741 petit
2916 1668 3063 1723 illico
3085 1668 3273 1739 littus:

1938 1758 2036 1814 Hic
2061 1775 2123 1813 se
2148 1759 2481 1814 versandum
2508 1758 2745 1833 pingens
2774 1756 3100 1812 discrimine
3141 1756 3337 1823 multo,

1863 1821 1913 1888 Β
1938 1852 2144 1926 Pignus
2164 1852 2405 1926 sublegit
2435 1821 2649 1909 decim;
2682 1860 2807 1924 post
2835 1851 3031 1907 funera
3062 1867 3274 1919 mense,

1936 1943 2109 2012 Majas
2138 1959 2379 2015 namque
2406 1944 2697 1999 Palestinae
2727 1942 3120 1998 comitantibus
3153 1941 3311 1997 affert

1935 2031 2221 2087 Laetisonis
2249 2032 2442 2104 populi
2472 2032 2648 2087 turbis
2677 2032 3127 2102 monachumque
3152 2030 3408 2099 catervis,

1936 2124 2086 2191 Quae,
2118 2123 2474 2179 Constantino
2507 2123 2691 2179 civilia
2715 2124 2843 2193 jura
2872 2123 3107 2191 ferente,

1936 2214 2013 2269 Ob
2050 2214 2251 2270 densas
2280 2214 2411 2270 fidei
2432 2221 2654 2287 segetes
2673 2214 2987 2270 Constantia
3017 2213 3182 2281 dicta,

1938 2307 2113 2377 Inque
2143 2307 2481 2363 monasterio
2519 2306 2686 2378 prisci
2724 2307 3121 2363 moderaminis
3150 2307 3321 2363 abdit.

1945 2394 2126 2451 Illaasa
2155 2396 2361 2459 tunica,
2397 2412 2522 2452 cum
2553 2395 2779 2467 palliolo
2808 2403 2975 2468 atque
3007 2397 3240 2453 cuculla.

1934 2490 2175 2562 Torpore
2198 2499 2316 2547 erat
2346 2498 2482 2560 toto,
2515 2492 2671 2564 quasi
2701 2493 2932 2560 viveret,
2966 2492 3217 2568 integer;
3250 2499 3401 2548 artus

1943 2585 2005 2641 Et
2026 2587 2198 2642 multo
2223 2592 2282 2642 ut
2312 2586 2459 2643 fetus
2472 2588 2755 2643 refovebat
2777 2593 3022 2643 aromate
3053 2588 3276 2661 vulgus,

1944 2675 2229 2747 Quemque
2250 2676 2339 2747 pia
2366 2676 2475 2732 late
2516 2677 2723 2733 mundo
2753 2677 2955 2732 virtute
2983 2676 3210 2743 refudit,

1948 2765 2229 2823 Carnalem
2262 2767 2316 2822 in
2345 2784 2569 2825 sensum
2601 2784 2826 2841 quoque
2851 2769 3212 2843 respergebat
3249 2768 3478 2825 odorem

1708 2954 1927 3012 CAPUT
1975 2959 2060 3016 IV.

1332 3055 1412 3115 De
1453 3057 1655 3118 Maria
1701 3058 2060 3135 zEgyptiaca
2100 3069 2153 3119 et
2196 3062 2469 3122 Zosima.

216 3164 511 3220 incoluere
540 3162 884 3219 Palaestinam
905 3162 1199 3219 virtutibus
1226 3163 1319 3219 alti

214 3253 551 3327 Egregiique
570 3252 693 3320 viri,
709 3252 803 3324 qui
833 3251 1066 3307 tramitis
1094 3259 1213 3307 arta
1242 3252 1419 3309 secuti

212 3345 431 3413 Eximii,
460 3344 673 3416 petiere
696 3344 810 3416 poli
829 3344 1088 3399 sublimia
1110 3344 1279 3400 celsl.

213 3435 460 3500 Quorum
484 3434 579 3489 alii
607 3434 869 3506 placuere
885 3434 997 3490 Deo
1023 3434 1246 3490 deserta
1274 3435 1449 3490 secuti
1482 3452 1498 3501 ;

212 3528 305 3582 Ast
330 3525 429 3582 alii
459 3525 670 3597 pariter
700 3525 943 3580 fraterna
982 3541 1120 3596 pace
1149 3526 1381 3601 gregati,
1472 3566 1477 3573 .

219 3625 397 3696 Inque
415 3622 769 3678 monasteriis
783 3622 994 3678 caelesti
1018 3622 1145 3691 jure
1174 3622 1393 3677 morati.

213 3719 464 3783 Quorum
501 3717 631 3773 olim
654 3716 934 3789 quoddam
956 3716 1214 3772 Iordanis
1253 3715 1374 3788 ripa
1406 3714 1652 3797 tenebat.

212 3814 331 3876 Quo
360 3811 547 3884 legem
572 3810 816 3885 viguisse
847 3809 1049 3876 ferunt,
1088 3824 1187 3880 pro
1240 3815 1513 3879 tempore,
1544 3815 1782 3879 utraque

213 3901 347 3955 Nam
376 3899 603 3955 socialis
633 3914 776 3973 agon
805 3898 920 3954 fere
951 3898 1266 3954 certabatur
1293 3897 1348 3950 in
1373 3911 1544 3964 anno,

211 3992 353 4046 Ante
386 3990 560 4053 diem,
590 3989 769 4045 donec
799 3988 968 4044 solito
992 3988 1206 4057 jejunia
1237 3986 1467 4042 Pascha:

212 4082 506 4154 Incipiunt
544 4097 612 4136 ex
638 4095 792 4136 more
830 4080 946 4153 geri
974 4086 1089 4135 tum
1115 4079 1331 4153 singula
1368 4078 1510 4134 vitae.

212 4172 440 4244 Quique
470 4170 643 4225 eremi
673 4169 803 4224 dum
829 4175 982 4224 vasta
1007 4175 1229 4241 petunt,
1252 4167 1554 4223 certamina
1582 4172 1812 4221 sumunt
1838 4181 1854 4233 ;

212 4264 277 4318 At
300 4280 436 4319 cum
458 4263 576 4332 jam
613 4262 848 4317 redeunt
877 4260 1159 4332 paschalia
1191 4260 1354 4327 festa,
1386 4264 1698 4324 recurrunt,

213 4355 277 4409 Ut
310 4355 476 4425 pacis
504 4352 797 4408 Dominum
828 4353 1046 4407 valeant
1071 4351 1407 4406 benedicere
1436 4351 1492 4406 in
1519 4367 1710 4406 unum.

284 4445 406 4501 Hoc
431 4444 681 4500 Zozimas
728 4459 932 4515 supero
982 4442 1293 4517 ingreditur
1349 4441 1729 4498 moderamine
1753 4440 1855 4495 du-

1623 4535 1782 4606 [ctus,

208 4628 415 4683 Militia
444 4643 572 4683 sese
598 4627 852 4700 reliquos
882 4642 1176 4698 superasse
1190 4625 1343 4682 ﬁdeli

207 4720 353 4774 Dum
388 4727 632 4790 reputat,
674 4719 890 4776 Christo
920 4737 1044 4776 cum
1073 4720 1198 4792 quis
1224 4724 1462 4775 certarat
1483 4733 1742 4791 agonem.

209 4815 331 4871 lIuc
366 4815 542 4889 igitur
571 4815 822 4882 veniens,
844 4815 1067 4870 tandem
1097 4814 1420 4870 certaminis
1452 4813 1641 4882 hujus,

208 4908 542 4979 Discipulus
563 4907 757 4975 factus,
785 4910 1084 4964 meditatur
1118 4924 1339 4963 sumere
1370 4923 1639 4963 normam.

206 4998 316 5062 Qui
350 4999 579 5053 deserta
605 4998 712 5053 loci
742 5005 996 5072 peragrat
1026 4999 1157 5053 dum
1189 5005 1437 5068 tempore
1457 4997 1605 5052 dicto

208 5087 471 5145 Interius
492 5093 786 5159 penetrare
817 5088 1049 5142 studens
1070 5087 1276 5143 inculta
1298 5086 1570 5155 locorum,

212 5182 487 5235 Rimatur
512 5179 559 5234 si
591 5178 732 5235 forte
758 5180 943 5235 vivum
973 5180 1218 5251 reperire
1246 5179 1471 5234 daretur

212 5273 329 5328 [Iac
373 5285 605 5343 quoque
636 5271 740 5326 sub
768 5271 961 5326 validae
991 5271 1177 5327 studio
1206 5271 1423 5327 virtutis
1449 5277 1731 5345 agentem,

211 5368 401 5437 llujus
436 5366 646 5421 militiae
668 5366 772 5421 sibi
806 5367 900 5439 qui
923 5366 1253 5438 dependerit
1281 5383 1459 5423 usum.

209 5457 463 5512 Deditus
492 5456 598 5522 his,
631 5456 743 5510 usti
770 5456 958 5512 medio
987 5455 1209 5512 fervore
1250 5456 1362 5511 diei

212 5544 546 5613 Quondam,
570 5544 702 5599 dum
762 5544 1006 5616 perferre
1040 5560 1234 5617 preces
1259 5544 1545 5601 contendit
1571 5544 1627 5598 in
1667 5544 1857 5609 altum,

210 5637 621 5707 Approperare
650 5634 865 5706 nigram
885 5634 1019 5689 solis
1050 5640 1331 5706 exspectat
1358 5634 1426 5688 ab
1455 5640 1577 5689 ortu

215 5725 544 5779 Humanam
572 5723 743 5781 veluti
773 5723 1026 5793 formam,
1059 5725 1178 5781 loca
1210 5740 1384 5797 prona
1416 5731 1719 5796 petentem,

1874 3172 1923 3238 (ζ
1946 3166 2154 3223 Canitie
2171 3174 2232 3222 ut
2261 3168 2444 3224 lanam
2484 3168 2665 3224 crines
2695 3167 3006 3224 collotcnus
3028 3167 3230 3222 albam.

1946 3260 2189 3314 Territus
2213 3268 2459 3332 aspectu,
2494 3260 2673 3316 crucis
2702 3276 2797 3316 ora
2827 3259 3102 3315 levamine
3124 3259 3320 3314 munit.

1948 3352 2153 3407 Obvius
2177 3360 2231 3408 at
2261 3352 2379 3408 ﬁeri
2409 3353 2655 3408 venienti
2680 3360 2741 3408 ut
2789 3353 2978 3424 cmpit,
3011 3353 3287 3419 eamdem,

1948 3445 2255 3501 Maturante
2282 3446 2430 3522 fuga,
2464 3447 2616 3502 videt
2646 3447 2714 3502 ad
2744 3453 2957 3501 secreta
2984 3446 3311 3520 migrantem
3344 3463 3358 3511 ;

1951 3538 2121 3602 Quam
2151 3539 2402 3611 sequitur
2425 3539 2617 3609 rapido
2650 3537 2832 3593 nitens
2862 3537 3180 3609 contingere
3209 3553 3394 3603 cursu,

1954 3631 2207 3703 Dumque
2227 3631 2575 3702 pmpinquus
2603 3630 2655 3685 ei
2689 3628 2938 3698 fierijam
2969 3628 3155 3699 cmpit,
3182 3628 3236 3682 in
3270 3628 3401 3683 istas

1955 3719 2263 3791 Erumpens
2290 3735 2479 3786 voces,
2517 3718 2774 3791 lacrymis
2806 3718 2881 3772 ita
2911 3717 3109 3772 clamat
3137 3717 3351 3772 obortis
3384 3734 3398 3770 :

1955 3809 2100 3864 Heus
2134 3808 2148 3862 l
2181 3808 2337 3880 quid,
2378 3823 2537 3862 serve
2569 3808 2687 3874 Dei,
2722 3807 2940 3880 fugiens
2989 3806 3303 3861 contemnis
3346 3805 3575 3860 inertem

1958 3897 2422 3968 Decrepitumque
2446 3911 2639 3951 senem
2656 3894 2685 3948 ?
2710 3894 3324 3966 Exspecta,quicunque
3346 3893 3573 3949 videris.

1958 3991 2223 4062 Exspecta
2251 4006 2352 4061 per
2373 4005 2498 4045 eum
2532 3989 2690 4059 cujus
2721 3988 2825 4044 sub
2855 3988 3080 4043 nomine
3109 3988 3262 4043 solus

1958 4084 2155 4141 Incolis
2185 4084 2281 4139 has
2311 4090 2487 4139 terras
2519 4101 2535 4150 ;
2576 4089 2855 4154 exspecta,
2884 4083 3110 4137 attende
3149 4081 3315 4147 victo,

1958 4173 2099 4229 Siste
2126 4174 2381 4247 gradum,
2414 4189 2513 4244 per
2540 4187 2696 4243 spem
2728 4171 2863 4226 tanti
2891 4170 3153 4225 mercede
3182 4169 3384 4225 laboris

1957 4262 2320 4334 Propositam,
2354 4261 2706 4333 benedicque
2744 4276 2957 4325 senem,
3013 4266 3119 4325 sta,
3161 4260 3397 4330 reSpicc,
3429 4268 3582 4314 verte

1956 4352 2029 4407 Te
2062 4352 2223 4407 nobis
2252 4368 2351 4423 per
2378 4368 2505 4407 eum
2538 4351 2632 4423 qui
2661 4365 2944 4422 nunquam
2974 4348 3154 4417 rejicit
3173 4348 3366 4403 ullum.

1955 4443 2103 4499 Talia
2134 4443 2266 4500 dum
2316 4460 2545 4499 currens
2578 4442 2829 4514 replicat,
2890 4441 3307 4513 lacrymansque
3350 4457 3582 4512 rogans-

1875 4553 1935 4622 D
3365 4535 3512 4606 [(ιιιθ,

1961 4629 2246 4683 Devenere
2273 4627 2457 4682 locum
2492 4626 2789 4698 quemdam
2813 4643 2924 4698 quo
2950 4627 3196 4682 fluminis
3222 4627 3382 4680 alvus

1958 4716 2271 4783 Restiterat,
2298 4716 2447 4771 sicco
2471 4722 2737 4785 torrente,
2767 4716 3009 4772 abeunte
3022 4724 3227 4771 meatu.

1963 4809 2116 4863 llunc
2140 4822 2365 4880 quoque
2415 4808 2857 4882 transgrediens,
2908 4824 3112 4881 corpus
3168 4808 3316 4879 quod
3374 4808 3587 4881 fugerat

3336 4901 3517 4973 [isthic

1958 4995 2234 5063 Substitit,
2274 4996 2503 5067 haecque
2536 4995 2703 5052 refert
2753 4997 3096 5069 lacrymanti,
3129 5005 3185 5052 et
3231 4996 3403 5051 multa
3434 5012 3585 5067 qua:-

3302 5087 3462 5159 [renti
3496 5105 3512 5151 ;

1960 5180 2131 5247 Abba,
2159 5180 2406 5254 ignosce,
2437 5193 2591 5253 rogo,
2651 5179 2888 5247 Zozima,
2950 5179 3081 5252 quia
3112 5179 3352 5249 pandere
3382 5185 3587 5232 memet

1961 5268 2075 5323 Non
2108 5283 2331 5339 possum
2371 5283 2637 5323 conversa
2664 5268 2787 5335 tibi,
2822 5285 2943 5324 sum
2977 5267 3201 5335 femina,
3233 5275 3289 5322 et
3314 5266 3441 5337 ipsa

1963 5358 2255 5431 Corporeo,
2285 5361 2435 5415 velut
2455 5376 2586 5416 ecce
2623 5360 2802 5427 vides,
2831 5376 2930 5432 pro
2961 5361 3230 5435 tegmine,
3270 5358 3439 5413 nuda.

1964 5448 2073 5503 Sed
2096 5448 2275 5517 jacias
2302 5456 2539 5516 vestem,
2578 5449 2623 5504 si
2656 5449 2739 5505 vis
2760 5449 2936 5505 oratio
2962 5449 3142 5515 detur,

1964 5537 2100 5592 lluic
2129 5538 2444 5608 peccatrici,
2478 5554 2588 5610 qua
2612 5539 2727 5608 jam
2759 5537 3096 5593 circumdata
3123 5542 3319 5591 vertat.

1961 5629 2162 5684 Audito
2183 5630 2432 5685 Zozimas
2464 5630 2690 5701 proprio
2722 5628 3073 5702 cognomine,
3110 5633 3296 5682 mente

1964 5722 2307 5789 Concutitur,
2349 5723 2633 5794 nimioque
2655 5729 2806 5778 metu
2836 5721 3154 5792 pervaditur
3178 5721 3434 5784 haerens;
