3960 6160
431 268 536 322 543
1189 264 1555 321 FLODOARDI
1595 264 1902 321 CANONICI
1943 265 2271 322 REMENSIS
2311 265 2646 324 OPUSCULA
2683 265 2997 322 METPICA.
3655 271 3745 329 5H

431 407 843 476 Advertensque
872 403 949 458 illi
980 418 1182 475 supero
1211 419 1272 457 se
1298 402 1553 474 dogmate
1582 409 1796 469 notum,

433 496 718 551 Palliolum
739 495 960 549 tandem
988 494 1143 562 jacit,
1169 507 1339 564 osque
1372 491 1426 545 in
1461 499 1612 566 terga
1629 491 1878 546 reﬂectit.

431 589 524 643 llla
551 589 700 661 quod
728 588 1024 659 accipiens,
1053 588 1232 644 carnis
1263 588 1586 659 pudibunda
1607 593 1846 653 coercet,

428 684 686 749 Vertitur,
719 683 976 754 implorat
1005 692 1187 738 tantus
1217 683 1350 754 quid
1377 683 1590 738 venerit
1618 682 1758 736 abba

426 773 923 827 Sternunturtcrraa
953 772 1176 843 pariter,
1201 772 1523 827 bcnedicier
1551 778 1712 827 orant
1739 789 1752 825 :

428 863 523 918 llla
539 864 838 918 sacerdotis
864 864 1090 919 Zozimzc
1123 865 1414 935 praetendit
1442 864 1733 929 honorem,

425 958 698 1013 Donorum
727 956 820 1011 1110
840 957 936 1012 Dei
969 957 1128 1011 matri
1160 957 1421 1012 sublimia
1455 957 1682 1028 prefert.

425 1051 552 1115 Quae
583 1049 858 1121 praecibus
888 1050 1076 1104 multis
1106 1050 1327 1104 tandem
1342 1049 1424 1104 sic
1452 1049 1594 1104 victa
1621 1047 1882 1119 praefatur
1915 1065 1928 1102 :

424 1140 508 1193 Sis
538 1139 828 1194 benedicte
860 1140 1003 1194 Deus
1037 1139 1288 1194 columen
1322 1154 1519 1203 curans
1550 1137 1874 1192 animarum.

421 1230 714 1284 Surrexere
747 1229 932 1300 igitur,
968 1229 1278 1303 rogitatque
1307 1228 1550 1300 benigna
1582 1227 1821 1281 viantem

424 1320 488 1374 Ut
517 1327 692 1374 status
713 1319 995 1374 Ecclesiae.
1029 1328 1257 1374 sacerut
1284 1319 1599 1390 disponitur
1617 1320 1773 1375 ordo.

420 1414 515 1469 1110
539 1414 704 1469 refert
733 1416 852 1482 e,us
892 1413 1055 1468 tribui
1083 1413 1362 1468 fulcimine
1393 1431 1606 1484 pacem,

423 1502 481 1556 Et
499 1503 632 1573 petit
655 1504 853 1557 obnixe
883 1520 979 1574 pro
1007 1511 1204 1558 cuncto
1229 1503 1438 1577 ﬂagitet
1467 1504 1601 1558 orbe
1625 1521 1639 1568 ;

419 1595 529 1647 Nec
548 1595 699 1665 prius
727 1595 938 1649 absistit
967 1603 1144 1650 mater
1173 1611 1336 1666 quam
1363 1603 1485 1650 vota
1517 1594 1818 1666 profundit,

421 1685 549 1748 Qua:
572 1685 733 1740 labiis
749 1686 932 1753 motis,
953 1687 1117 1741 tacita
1138 1687 1237 1739 sed
1267 1702 1402 1741 voce
1441 1685 1676 1758 precari,

423 1779 740 1851 Erectisquc
765 1779 941 1834 oculis
970 1779 1336 1850 manibusque
1368 1781 1434 1834 ad
1469 1781 1709 1834 culmina
1741 1779 1887 1841 01011,

418 1874 553 1928 Dum
586 1871 771 1944 coiipit,
801 1881 912 1930 tota
942 1874 1160 1944 penitus
1191 1874 1390 1928 tellure
1423 1876 1652 1941 levatur,

422 1964 481 2018 Et
512 1963 685 2018 cubiti
715 1963 892 2034 spatio
910 1971 1052 2017 terra
1078 1963 1294 2018 sublata
1309 1963 1543 2020 videtur.

418 2057 646 2127 Jamque
670 2064 874 2109 tremor
906 2056 1170 2110 membris
1197 2057 1446 2122 Zozimae,
1473 2054 1731 2112 titubatio
1757 2055 1926 2110 menti

420 2146 689 2219 Gignitur,
717 2154 881 2218 atque
911 2145 1065 2200 timet
1096 2151 1234 2201 vano
1278 2163 1348 2201 ne
1370 2147 1591 2201 ﬂamine
1621 2146 1804 2201 forsan

418 2236 676 2303 Ludatur,
711 2251 1025 2307 pronusque
1047 2236 1361 2304 jacet,dum
1390 2237 1610 2292 conscia
1635 2236 1796 2293 vertit

416 2329 484 2383 Se
517 2329 735 2395 mulier,
769 2331 1211 2401 monachumque
1232 2330 1373 2386 levat
1413 2331 1680 2402 pellitque
1739 2330 1989 2386 timorem
2017 2347 2031 2395 ;

414 2421 604 2489 Arguit
633 2437 874 2476 errorem
902 2441 918 2487 ;
951 2422 1249 2477 humanam
1279 2423 1476 2492 probat
1505 2440 1600 2479 ore
1615 2423 1855 2478 favillam
1883 2439 1897 2488 ;

419 2511 652 2581 Insuper
688 2511 988 2565 ostendens
1020 2517 1210 2566 sancto
1239 2511 1566 2581 baptismate
1599 2512 1788 2577 lotam,

421 2598 617 2653 Fronte
639 2598 818 2653 crucis
849 2598 1011 2654 labiis
1027 2605 1080 2652 et
1107 2608 1327 2670 pectore
1366 2599 1620 2673 stigmata
1643 2599 1778 2674 figit,

420 2691 492 2745 Ac
529 2691 842 2760 Dominum,
869 2692 1044 2746 hostis
1060 2692 1126 2746 ab
1155 2691 1373 2746 insidiis
1401 2708 1461 2746 se
1485 2693 1683 2748 liberet
1711 2700 1848 2748 orat.

421 2784 516 2837 1110
548 2783 744 2837 iterum
767 2800 824 2838 80
857 2794 1216 2854 prosterneus
1245 2784 1593 2855 amplectitur
1614 2784 1777 2852 hujus

418 2875 549 2930 Cum
583 2875 847 2947 plangore
877 2877 1063 2946 pedes,
1124 2877 1486 2948 lacrymarum
1515 2878 1742 2932 ﬂumina
1773 2876 2033 2946 fundens,

418 2967 593 3038 Atque
615 2975 829 3038 petens,
854 2984 1171 3040 superoque
1206 2968 1300 3022 Dei
1325 2969 1428 3023 sub
1460 2969 1686 3023 numine
1710 2969 1924 3038 jurans,

418 3062 520 3115 Per
551 3062 821 3118 Christum
853 3063 1140 3118 Dominum
1162 3064 1444 3139 dignatum
1477 3063 1702 3137 Virgine
1734 3065 1907 3132 nasci,

419 3152 494 3207 Ne
524 3153 666 3208 celet
690 3169 812 3225 quae
834 3153 924 3218 sit,
957 3154 1201 3224 quando,
1227 3170 1326 3209 cur
1364 3153 1596 3224 venerit,
1631 3155 1800 3220 unde,

423 3247 481 3302 Et
511 3256 619 3302 tam
651 3255 800 3303 vasta
822 3248 992 3303 eremi
1016 3249 1342 3323 peragrandi
1383 3249 1600 3305 occasio
1632 3250 1810 3322 qualis
1831 3250 1859 3304 ?

421 3338 483 3391 At
513 3343 718 3392 testans
754 3344 808 3392 et
833 3337 904 3392 ob
930 3338 1241 3404 id,missum
1275 3354 1337 3393 80
1365 3339 1590 3393 credere
1618 3339 1686 3393 ad
1711 3339 1904 3411 ipsam,

425 3426 488 3481 Ut
514 3425 804 3481 manifesta
824 3425 919 3481 Dei
953 3426 1149 3482 fierent
1188 3443 1312 3499 quae
1342 3437 1588 3502 gesserat
1617 3435 1761 3496 acta,

424 3518 831 3587 Cujusjudiciis
855 3519 1131 3574 obsistere
1161 3527 1330 3574 staret
1354 3518 1602 3590 iniquum
1638 3537 1652 3586 ;

421 3612 514 3666 Cui
544 3611 647 3666 nisi
668 3611 1059 3683 complacitum
1093 3611 1234 3668 foret
1271 3612 1392 3683 ejus
1422 3627 1676 3682 promere
1706 3612 1870 3668 vitam

419 3705 536 3760 Non
568 3704 716 3760 illam
743 3705 965 3760 sibimet
993 3705 1277 3760 visendam
1303 3705 1441 3759 forte
1473 3704 1708 3772 tulisset,

417 3795 526 3850 Nec
547 3795 826 3850 tribuisset
849 3795 900 3850 ei
932 3803 1142 3850 tantum
1165 3796 1397 3850 tolerare
1428 3795 1677 3850 laborem

418 3889 478 3943 Et
509 3898 712 3946 tantam
746 3906 1070 3961 properasse
1100 3892 1264 3956 viam,
1298 3892 1390 3962 qui
1421 3891 1625 3947 debilis
1655 3898 1820 3963 atque

418 3979 686 4053 Longaavo
723 3982 928 4038 fractus
953 3984 1131 4048 senio,
1160 3999 1262 4038 ceu
1286 3993 1558 4050 cerneret,
1583 3991 1744 4049 astet,

421 4069 511 4124 His
539 4071 773 4142 aliisque
800 4071 998 4127 inﬂexa
1025 4073 1128 4143 piis
1166 4073 1540 4138 sermonibus,
1563 4073 1714 4127 illum

417 4160 454 4213 E
487 4160 678 4215 tellure
701 4161 845 4217 levat
875 4161 1091 4228 mulier,
1133 4163 1214 4218 sic
1245 4163 1411 4218 farier
1439 4179 1563 4219 orsa
1591 4181 1604 4217 :

411 4250 582 4316 Abba,
613 4252 858 4325 ignosce,
891 4251 1062 4321 pudet
1088 4253 1344 4308 vitiorum
1377 4262 1556 4309 texere
1585 4263 1760 4327 gesta,

412 4345 588 4415 Atque
604 4361 834 4415 operum
861 4345 1054 4401 sordes
1084 4346 1180 4401 tibi
1210 4347 1559 4404 dinumerare
1587 4365 1861 4405 meorum.

411 4436 518 4490 Sed
549 4438 677 4508 quia
709 4438 893 4494 vidisti
926 4451 1126 4494 memet
1154 4438 1276 4495 sine
1304 4442 1546 4515 tegmine
1575 4442 1800 4510 nudam,

411 4523 615 4597 Turpia
651 4543 772 4598 quae
809 4530 952 4602 gessi
987 4545 1213 4602 quoque
1242 4529 1540 4587 denudabo
1572 4532 1785 4602 piacla;

417 4613 668 4670 Luxuriae
698 4615 893 4672 fuerim
915 4619 1120 4689 poteris
1150 4633 1481 4689 pesnoscere
1510 4627 1749 4692 quantae,

417 4710 586 4773 Quam
616 4711 800 4782 magni
831 4711 1057 4766 sceleris
1085 4711 1346 4782 squalens
1367 4718 1421 4766 et
1446 4713 1669 4768 sordida
1699 4728 1853 4768 00)νο

415 4800 531 4854 Νο0
558 4800 837 4871 equidem,
871 4801 990 4871 ipse
1020 4801 1171 4856 velut
1202 4801 1507 4868 reris,mihi
1531 4802 1708 4875 gloria
1737 4811 1924 4858 mente

415 4890 584 4954 Quam
610 4889 709 4944 tibi
731 4890 1003 4962 dedigner
1040 4889 1181 4946 fastu
1214 4908 1518 4948 memorare
1551 4893 1820 4949 nitescat:

417 4984 612 5046 Quaeve
632 4981 892 5036 mihitam
939 4981 1162 5052 pollutae
1185 4982 1412 5051 jactatio
1445 4991 1629 5049 restet,

419 5074 548 5138 Quae
576 5075 791 5131 delecta
818 5073 896 5130 fui
924 5073 1122 5131 zabulo
1162 5091 1258 5130 vas
1294 5076 1626 5147 perditionis
1647 5077 1676 5130 ‘?

419 5167 481 5220 At
513 5182 707 5222 vereor
729 5183 797 5222 ne
827 5167 969 5224 forte
997 5169 1093 5224 tibi
1125 5183 1250 5224 cum
1276 5184 1500 5239 carpere
1532 5169 1731 5239 probra

417 5257 632 5332 Flagitii
655 5261 864 5316 nudare
894 5261 1218 5338 mei,fugias
1245 5263 1396 5316 velut
1423 5276 1684 5336 anguem,

410 5349 554 5405 Aure
584 5366 688 5407 nec
717 5353 1011 5410 admittens
1049 5371 1172 5426 quae
1211 5369 1444 5426 corpore
1480 5353 1714 5425 turpiter
1743 5354 1854 5427 egi,

413 5449 521 5504 Sed
549 5449 782 5503 narrabo
815 5459 1018 5512 tamen,
1043 5449 1314 5504 scelerum
1349 5465 1451 5504 nec
1470 5449 1609 5504 facta
1635 5448 1833 5506 silebo.

415 5540 570 5594 Unde
598 5539 750 5611 prius
779 5540 1008 5609 supplex
1037 5539 1162 5594 imis
1191 5538 1480 5611 expostulo
1511 5539 1654 5594 votis

422 5629 486 5683 Ut
515 5645 583 5684 ne
605 5629 832 5686 deﬁcias
855 5630 1073 5685 veniam
1098 5631 1232 5684 mihi
1265 5646 1492 5700 poscere
1509 5630 1728 5686 tandem

423 5718 622 5775 Judicii
651 5722 914 5790 prodesse
945 5721 1038 5778 die
1056 5721 1407 5777 miseramine
1431 5721 1644 5778 Christi.

2079 408 2125 474 Α
2153 403 2269 459 Stat
2307 403 2835 474 madiduslacrymis
2864 402 3052 458 senior
3080 402 3286 474 pietate
3316 404 3576 476 profusis,
3603 433 3612 441 -

2154 493 2247 549 llla
2271 509 2384 549 suae
2413 493 2612 548 seriem
2643 492 2766 548 vitae
2790 491 2872 548 sic
2901 492 3124 548 inchoat
3153 507 3250 548 ore
3284 509 3299 548 :

2215 603 2506 678 lEgyptum
2537 603 2711 658 fateor
2738 602 2971 674 patriam
3014 603 3357 676 Phariosque
3391 610 3671 675 parentes,

2143 699 2384 765 Quorum
2407 697 2723 768 despiciens
2751 695 3005 752 affectum
3033 697 3146 765 jam
3173 697 3510 765 duodennis,

2144 788 2303 844 Urbis
2329 787 2616 842 Alexandri
2648 802 2953 858 prOperans
2984 787 3040 841 in
3069 786 3276 842 muenia
3303 787 3428 842 veni
3455 804 3469 852 ;

2141 881 2205 934 At
2236 879 2406 949 pudet
2427 877 2719 949 expediam
2749 877 2962 944 sordes,
2993 885 3333 948 tractemque
3367 885 3580 932 reatum

2139 970 2254 1036 Quo
2282 986 2367 1025 me
2395 969 2685 1043 virginitas
2705 975 2894 1039 stupro
2917 967 3200 1038 petulante
3221 967 3448 1039 reliquit

2141 1062 2204 1116 Ut
2226 1061 2458 1116 sordens
2481 1059 2629 1128 jacui
2661 1058 2935 1113 substrata
2967 1057 3221 1111 libidinis
3251 1057 3437 1112 armis.

2140 1151 2268 1220 Ejus
2291 1167 2529 1222 namque
2559 1150 2694 1204 mihi
2725 1148 3001 1221 quondam
3032 1147 3365 1202 insatiabilis
3389 1147 3578 1214 ardor,

2141 1240 2342 1311 Hisque
2370 1241 2561 1295 decem
2586 1247 2639 1294 et
2668 1246 2879 1309 septem
2913 1237 3062 1305 duxi,
3091 1236 3177 1292 vel
3205 1253 3271 1292 eo
3294 1236 3554 1308 amplius,
3591 1252 3754 1292 annos

2140 1329 2500 1384 Debacchans
2531 1327 2708 1395 furiis,
2743 1337 2798 1384 et
2829 1327 3051 1399 publica
3073 1325 3216 1383 facta
3234 1328 3474 1399 popello.

2138 1424 2248 1479 Nec
2276 1439 2400 1496 quae
2428 1423 2730 1490 nonnullis,
2768 1422 3011 1476 tulerant
3040 1419 3177 1474 mihi
3211 1420 3356 1474 dona
3389 1419 3682 1490 pudorem.

2138 1513 2268 1567 Nam
2297 1513 2476 1584 pretio
2506 1529 2614 1568 non
2646 1513 2967 1585 quaerebam
3003 1511 3266 1565 damnare
3289 1511 3559 1582 petulcos,

2138 1600 2202 1656 [Tt
2240 1601 2502 1673 laqueans
2531 1602 2700 1675 gratis
2717 1617 2932 1673 possem
2955 1600 3090 1654 mihi
3120 1599 3352 1670 prodere
3383 1599 3596 1669 plures.

2137 1693 2194 1747 ld
2227 1709 2406 1766 neque
2429 1693 2784 1764 praecipiebat
2813 1709 2981 1763 opum
3012 1708 3100 1745 me
3133 1691 3295 1762 cepia
3321 1689 3498 1754 ferre;

2137 1782 2452 1838 Mcndicans
2480 1783 2709 1850 etenim,
2743 1789 2973 1852 stuppas
3011 1781 3095 1836 vel
3127 1779 3218 1834 ﬁla
3247 1779 3518 1834 trahendo

2138 1829 2450 1838 -.-----.--..-
2483 1829 2709 1850 -.v-...-.,
2744 1829 2971 1852 --_,.r_-
3023 1829 3095 1836 .-_
3127 1829 3217 1834 η--
3251 1829 3511 1834 --ωηηη

2058 1829 2109 1896 Β
2138 1873 2420 1939 Vivebam,
2447 1888 2835 1943 summumque
2859 1871 3065 1926 bonum
3096 1869 3422 1925 illecebrosa
3473 1869 3742 1939 putabam.

2139 1962 2277 2035 Ergo
2309 1963 2475 2017 modo
2511 1962 2602 2017 tali
2633 1962 2799 2017 vitam
2825 1960 3137 2016 maculante
3169 1958 3456 2031 probrosis

2137 2057 2382 2123 Actibus,
2416 2056 2692 2126 aspiciens
2743 2054 3034 2126 quosdam,
3066 2052 3224 2124 quasi
3273 2060 3525 2122 tempore
3548 2051 3745 2113 messis,

2136 2149 2351 2223 ZEgypti
2383 2150 2675 2220 Libyaeque
2699 2147 2848 2203 viros
2873 2144 3044 2201 maris
3064 2145 3172 2200 alta
3195 2152 3468 2217 petentes,

2137 2243 2312 2298 Audio
2342 2243 2630 2298 adoratum
2665 2240 2844 2295 crucis
2875 2240 2976 2294 hos
3007 2254 3303 2310 prOpcrare
3334 2245 3550 2308 tropaea

2137 2333 2302 2402 Cujus
2333 2339 2490 2387 erant
2516 2332 2908 2402 Hicrosolymae
2939 2345 3064 2384 mox
3098 2328 3234 2384 festa
3262 2329 3516 2385 colenda.

2135 2425 2472 2496 Abjectoquc
2499 2423 2620 2479 colo
2653 2422 2910 2478 manibus
2931 2421 3184 2492 fusoque,
3217 2421 3434 2477 cucurri
3468 2438 3482 2487 ;

2132 2515 2278 2580 Quos
2315 2514 2478 2568 video
2503 2513 2716 2568 validos
2746 2510 3075 2583 placitisque
3101 2509 3238 2565 mihi
3263 2509 3458 2565 usibus
3485 2517 3643 2581 aptos

2133 2608 2470 2684 Aggrediens
2482 2607 2738 2676 juvenes,
2779 2606 2836 2660 in
2856 2607 3036 2661 littore
3055 2603 3196 2660 forte
3219 2611 3492 2671 natantes,

2135 2701 2305 2770 Inque
2335 2697 2647 2753 verecundo
2678 2696 2916 2750 mediam
2949 2709 3034 2748 me
3065 2695 3348 2749 schemate
3379 2693 3608 2762 dedens,

2135 2788 2402 2859 Accipite,
2433 2787 2541 2853 aio,
2566 2787 2668 2841 viri
2699 2786 2987 2842 vobiscum
3012 2792 3218 2839 memet
3251 2783 3503 2850 amicam,

2136 2880 2268 2934 Nam
2309 2879 2503 2934 faciam
2538 2878 2744 2950 possim
2772 2894 2881 2950 quo
2910 2894 3020 2933 non
3040 2877 3254 2952 ingrata
3273 2874 3472 2932 videri.

2139 2975 2229 3030 His
2249 2974 2482 3046 aliisque
2510 2973 2589 3027 illi
2619 2973 2804 3029 verbis
2822 2973 3003 3027 ridere
3028 2971 3198 3042 jocati
3235 2989 3248 3024 :

2063 3103 2112 3172 Ο
2141 3067 2400 3122 Navicula
2430 3083 2518 3121 me
2544 3065 2872 3137 suscipiunt,
2905 3081 3014 3137 qua
3033 3064 3320 3120 scanditur
3347 3063 3520 3118 altum

2139 3160 2363 3232 Navigio
2396 3168 2596 3230 cozpto,
2637 3175 2759 3231 qua:
2781 3158 2893 3213 sint
2913 3159 3027 3227 jam
3068 3157 3302 3228 turpiter
3331 3163 3452 3211 acta

2137 3251 2422 3316 Quomodo
2451 3253 2536 3306 vel
2570 3250 2887 3306 meminisse
2907 3266 3109 3322 queam
3139 3249 3168 3303 Ὺ
3198 3249 3329 3303 Nam
3356 3248 3546 3303 dicere
3570 3247 3730 3319 lingua

2139 3342 2267 3406 Quae
2296 3340 2493 3407 valeat,
2529 3346 2753 3411 captare
2782 3355 2980 3394 sonum
3015 3354 3138 3410 quae
3167 3337 3407 3409 perferat
3436 3337 3585 3392 auris

2139 3431 2424 3486 Gestorum
2456 3438 2566 3484 tam
2600 3429 2906 3502 nigrorum,
2939 3427 3144 3500 quibus
3174 3427 3294 3497 ipsa
3326 3427 3589 3498 magistra

2141 3519 2485 3585 Exstiteram,
2510 3535 2634 3591 quae
2663 3518 2995 3590 navigioque
3019 3517 3218 3588 viaque
3248 3516 3482 3588 patravi,

2139 3609 2398 3666 Nolentes
2431 3623 2637 3681 cogens
2657 3607 3024 3677 stimulosque
3062 3607 3382 3662 volentibus
3412 3602 3646 3660 addens!

2139 3707 2307 3774 Abba,
2342 3705 2569 3779 ignosce
2591 3710 2823 3775 stupens
2853 3703 2986 3775 quia
3012 3719 3102 3758 me
3129 3717 3238 3759 non
3256 3701 3474 3758 sorbuit
3486 3715 3676 3772 aequor,

2141 3799 2374 3869 ipsaque
2405 3797 2576 3852 miror
2607 3797 2768 3851 hians
2807 3796 2956 3868 quod
2998 3811 3086 3850 me
3113 3810 3224 3851 non
3255 3802 3400 3850 terra
3430 3794 3645 3859 vorarit,

2139 3889 2198 3943 ln
2234 3890 2496 3961 laqueum
2519 3889 2714 3944 mortis
2745 3897 2931 3944 tantus
2959 3903 3081 3959 quae
3099 3887 3339 3958 pessima
3362 3887 3498 3955 jeci.

2135 3982 2241 4038 Sed
2272 3989 2407 4054 puto
2439 4026 2453 4049 ,
2487 3982 2582 4054 qui
2615 3981 2827 4036 nullum
2850 3981 3508 4051 Dominusvultperdere.
3534 3984 3728 4034 cunctos

2133 4074 2264 4128 Esse
2294 4073 2488 4128 volens
2519 4073 2719 4139 salvos,
2751 4071 2900 4144 quod
2928 4087 3015 4126 me
3028 4079 3481 4144 quoquevertere
3497 4083 3722 4142 quaerens

2131 4163 2242 4218 Nec
2265 4164 2528 4218 damnare
2554 4177 2778 4233 parans,
2797 4161 3028 4234 patienti
3059 4170 3246 4216 mente
3275 4159 3512 4216 ferebat.

2129 4255 2464 4311 Perveniens
2484 4254 2704 4309 tandem
2731 4253 3029 4324 Solymam,
3065 4253 3270 4325 quibus
3293 4260 3420 4308 ante
3448 4252 3635 4308 diebus

2129 4348 2342 4403 Festum
2376 4346 2453 4401 ibi
2476 4345 2735 4414 sustinui,
2765 4345 3108 4417 nequissima
3129 4361 3366 4417 quaeque
3396 4345 3600 4418 peregi.

2041 4475 2097 4544 Β
2126 4439 2235 4496 Νο0
2259 4439 2392 4495 satis
2413 4454 2532 4494 esse
2560 4438 2647 4493 via
2663 4438 2895 4506 juvenes
2925 4436 3060 4491 mihi
3090 4438 3297 4508 deputo
3323 4437 3564 4506 junctos.

2137 4531 2416 4601 Adjiciens
2448 4532 2709 4602 civesque
2737 4530 2844 4586 loci
2875 4539 3040 4601 atque
3072 4530 3293 4585 aliunde
3326 4537 3567 4586 coactos.

2137 4620 2296 4675 Venit
2317 4619 2411 4674 ubi
2437 4635 2568 4692 ergo
2595 4619 2716 4673 dies
2739 4618 2914 4674 sancti
2947 4617 3205 4673 cxaltatio
3243 4618 3380 4692 ligni

2135 4715 2249 4781 Qua
2279 4715 2495 4782 colitur,
2519 4714 2719 4769 ludens
2750 4714 3016 4782 juvcnum
3051 4713 3304 4784 praecedo
3335 4713 3617 4779 tumultus,

2134 4803 2374 4858 Luxibus
2412 4802 2649 4858 illiciens
2678 4802 2909 4863 animas,
2942 4801 3217 4873 venioqne
3250 4802 3395 4856 beati

2129 4895 2266 4948 Ante
2297 4892 2444 4948 fores
2473 4891 2686 4960 templi,
2719 4897 2936 4945 tentans
2967 4890 3170 4945 intrare
3203 4897 3432 4945 sacrata

2126 4982 2289 5036 Tecta
2313 4981 2530 5048 domus,
2561 4987 2684 5034 acta
2702 4980 2937 5034 aitherea
2965 4979 3168 5034 virtute
3194 4979 3455 5050 repellor.

2132 5074 2362 5130 Misceor
2385 5073 2514 5128 hinc
2545 5072 2744 5128 iterum
2773 5071 2987 5139 turmis,
3012 5072 3323 5142 iterumque
3349 5071 3600 5143 repellor.

2133 5167 2346 5238 Terque
2377 5172 2682 5237 quaterque
2722 5163 2844 5219 aliis
2876 5165 3058 5219 nitens
3089 5164 3513 5235 penetrantibus
3535 5170 3664 5224 asto,

2133 5262 2259 5317 Sola
2297 5259 2428 5316 foris
2457 5277 2583 5314 nam
2609 5259 2661 5314 vi
2691 5259 2877 5330 superi
2918 5259 3253 5330 prohibebar
3285 5258 3530 5315 honoris.

2135 5352 2342 5424 Yixque
2372 5351 2671 5423 aliquando
2686 5351 2926 5422 probans
2945 5351 3168 5425 dignam
3186 5365 3273 5405 me
3288 5349 3433 5406 ferre
3451 5348 3728 5421 repulsam,

2136 5442 2345 5512 Incipio
2367 5457 2582 5496 mecum
2616 5441 2798 5497 tacitis
2831 5449 3058 5496 tractare
3091 5441 3333 5513 querelis

2133 5533 2192 5587 ld
2224 5531 2343 5586 dira
2375 5531 2645 5586 scelerum
2672 5530 2791 5586 ﬁeri
2818 5532 3084 5603 gravitate
3113 5548 3392 5588 meorum.

2132 5625 2266 5679 Dum
2300 5640 2540 5680 moerens
2567 5624 2736 5699 igitur
2766 5625 2950 5694 doleo,
2985 5626 3228 5697 dumque
3266 5626 3407 5681 atria
3434 5625 3595 5680 lustro

2131 5720 2325 5777 Pectus
2350 5718 2719 5788 contundens,
2746 5719 2872 5776 imis
2901 5719 3138 5791 suspiria
3169 5721 3312 5776 duco
3346 5738 3362 5786 ;
