3960 6160
243 197 349 251 545
745 194 829 249 DE
867 194 1232 252 TRIUMPHIS
1273 195 1534 253 CHRISTI
1577 197 1654 252 ET
1693 197 1784 253 SS.
1828 196 2233 252 PALESTINIE
2271 197 2448 251 LIBRI
2487 197 2673 252 TRES.
2717 227 2782 238 —
2825 195 2952 253 LIB.
2997 197 3087 254 III.
3369 169 3376 184 '
3484 202 3592 258 548

245 317 436 372 Mmsta
465 322 689 387 aspecto
719 315 886 384 fores,
918 318 1248 376 circumfero
1270 321 1479 376 lumina
1505 321 1663 377 tectis
1695 339 1708 375 :
1892 321 1944 390 Α
1972 322 2178 376 Panum
2205 329 2597 376 commemorat
2618 321 2820 376 victum
2850 320 2954 375 sibi
2989 337 3155 391 parva
3183 321 3465 390 diurnum,

245 408 374 460 Arte
403 421 600 460 manus
625 405 786 460 video
809 405 1004 461 Christi
1030 409 1318 483 genitricis
1343 409 1548 484 imago,
1971 411 2116 475 Quos
2144 425 2367 482 egressa
2399 410 2748 476 tulitsecum,
2789 410 3094 483 fragmenta
3125 411 3369 465 dedisse.

247 500 362 564 Qua
385 499 729 572 signabatur,
761 498 1033 569 picturam
1067 503 1274 573 parjete
1305 504 1523 558 ductam
1552 522 1566 570 ;
1972 505 2174 560 Caetera
2195 505 2329 577 quid
2359 503 2560 575 quaeris
2590 502 2618 556 ?
2643 503 2847 559 Vereor
2876 520 3000 558 nam
3034 511 3252 571 caetera,
3286 503 3444 570 dixit,

247 589 438 643 Visere
470 603 634 659 quam
667 587 896 658 propius
929 589 1171 660 speciem
1195 590 1397 646 festina
1424 593 1763 666 propinquo,
1969 592 2047 648 Ne
2083 593 2260 663 patiar
2280 608 2404 665 quae
2427 607 2584 664 passa
2616 592 2732 658 diu,
2754 592 2799 645 si
2828 608 3082 662 promere
3110 608 3300 649 coner.

250 682 770 754 lndeclinanterque
799 688 962 737 tuens
989 684 1106 738 haec
1133 701 1414 741 murmure
1446 703 1626 762 pango
1655 705 1670 742 :
1967 683 2235 756 Tempore
2255 686 2419 741 crede
2450 692 2630 739 tamen
2660 691 2812 739 tanto
2838 685 3087 755 graviora
3114 686 3305 740 tulisse

247 772 447 837 Cerno,
483 771 576 826 Dei
601 772 859 846 genitrix.
886 766 1171 846 indignam
1203 791 1292 830 me
1317 784 1581 832 veneratu
1970 775 2181 840 Quanto
2216 775 2446 830 luxuria:
2477 773 2627 843 jacui
2657 773 2947 830 submersa
2975 774 3176 830 cloaca:

247 867 378 922 Esse
409 874 524 934 tuo,
559 867 697 922 tanti
731 868 996 938 pollutam
1031 869 1450 938 criminisactu,
1969 863 2217 936 Namque
2247 863 2439 920 decem
2471 869 2526 919 et
2574 872 2788 935 septem
2824 863 3057 937 {gravius
3085 872 3366 920 cortamen
3401 863 3455 918 in
3482 881 3588 920 an-

249 958 380 1022 Qua:
399 958 713 1013 veneranda
744 957 886 1013 nites
903 958 1198 1031 animaque
1224 967 1279 1015 et
1307 976 1538 1031 corpore
1569 962 1797 1030 munda,
3397 959 3516 1030 [nos

249 1053 379 1117 Quae
410 1053 601 1108 mundi
632 1055 1172 1128 Dominumgenuisti
1203 1073 1366 1113 carne
1398 1059 1598 1129 pudica
1640 1077 1652 1113 :
1971 1043 2102 1099 cum
2143 1045 2439 1102 deSidet‘iiS
2473 1045 2687 1114 mundi:
2713 1060 2833 1118 qua?
2848 1062 2985 1102 Vana
3007 1045 3277 1118 νοῙυΡῐλεο

251 1144 428 1200 Nosco
450 1145 676 1216 quidem
707 1146 874 1217 digne
895 1147 1025 1218 quia
1051 1149 1303 1220 squalida
1322 1151 1607 1206 abominer
1625 1167 1656 1205 a
1688 1159 1762 1220 te,
1971 1139 2088 1194 Νοη
2115 1138 2332 1213 ignotas
2351 1139 2488 1194 mihi
2515 1140 2746 1208 άυάιιῐην
2779 1140 3032 1197 conferre
3051 1141 3302 1207 SOlebal;

250 1240 429 1295 Audio
451 1241 548 1296 sed
581 1240 850 1298 Christum
881 1250 1067 1299 nostra
1090 1245 1163 1300 ob
1203 1247 1488 1319 purganda
1518 1247 1695 1317 piacla
1971 1229 2218 1302 Namque
2269 1231 2512 1287 animum
2567 1232 2749 1303 Pisces
2832 1231 3010 1287 Pharii
3088 1248 3393 1305 θετοοείιαο
3453 1235 3590 1289 ⁸υ¹)’

249 1331 625 1402 Assumpsisse
655 1338 750 1387 tuo
778 1339 1029 1388 sanctum
1062 1334 1131 1389 de
1161 1349 1392 1405 corpore
1420 1351 1621 1406 corpus
1649 1355 1664 1402 ;
3300 1324 3472 1395 [ibam
3504 1344 3518 1392 ;

254 1421 432 1491 Unde,
465 1439 679 1494 precor,
713 1424 796 1479 fer
817 1440 980 1497 opem
1008 1442 1277 1498 nusquam
1305 1427 1551 1483 solamen
1577 1429 1799 1485 habenti
1977 1417 2171 1473 Vinum
2200 1419 2562 1491 οοηουρίθηεν
2594 1435 2697 1474 nec
2727 1435 2924 1491 aquam
2955 1418 3202 1491 reperire
3222 1419 3496 1476 valebam-

249 1511 371 1566 Jam
403 1513 459 1566 ni
495 1512 550 1566 in
585 1521 635 1567 te
673 1513 958 1586 Natoque:
993 1515 1090 1570 tibi
1124 1525 1272 1586 peto,
1306 1517 1545 1588 pracipe
1577 1518 1745 1589 pandi
1975 1508 2227 1569 Carmina
2256 1528 2653 1584 nonnunquam
2669 1513 2801 1568 mihi
2825 1514 3103 1570 luxuriosa
3125 1516 3381 1572 redibant

254 1605 467 1659 Limina
493 1621 648 1660 sacra
670 1605 828 1671 mihi,
859 1606 982 1662 sine
1012 1608 1165 1684 regia
1191 1609 1370 1665 visere
1387 1617 1588 1666 sancta:
1975 1608 2035 1661 In
2056 1613 2324 1671 mentem,
2359 1605 2544 1676 lepide
2574 1621 2696 1677 quae
2730 1607 3026 1663 decantare
3065 1624 3303 1664 sueram.

253 1697 424 1771 Signa
453 1698 796 1764 crucis,cceli
828 1699 1074 1768 domina,
1098 1717 1206 1772 qua
1236 1717 1470 1773 corpore
1498 1717 1690 1774 passus
1725 1719 1738 1755 :
1893 1696 2085 1770 BMox
2142 1695 2448 1766 lacrymans
2495 1703 2800 1766 pectusque
2852 1712 3018 1752 manu
3072 1698 3409 1754 validissime
3463 1706 3592 1753 tun-

254 1789 428 1862 lnque
460 1797 553 1846 tua
582 1808 671 1847 me
696 1808 852 1846 sume
879 1791 1011 1860 fide,
1035 1792 1147 1860 jam
1175 1795 1339 1849 sorde
1366 1810 1553 1850 carere
3340 1789 3522 1859 [dens’

255 1880 529 1950 Luxuriae,
560 1891 854 1956 postquam
869 1884 1066 1940 Christi
1087 1901 1241 1941 sacra
1267 1887 1459 1944 videro
1475 1897 1691 1960 sceptra
1969 1877 2146 1933 verba
2174 1875 2530 1943 reducebam:
2564 1877 2714 1932 cordi
2747 1894 2869 1950 (μιθὲ
2899 1879 3138 1951 Virginis
3170 1881 3300 1936 οιίηι

249 1975 486 2031 Luxibus
511 1993 579 2032 en
610 1978 756 2033 saecli
795 1978 991 2049 positis
1023 1980 1352 2053 pompisque
1391 1982 1619 2051 relictis,
1971 1973 2050 2028 Ad
2077 1972 2260 2027 vultus
2279 1971 2565 2037 dederam,
2595 1979 2843 2030 statuens
2864 1991 2951 2030 me
2982 1983 3167 2032 mente
3199 1978 3302 2032 sub
3333 1978 3487 2049 ipsis,

249 2069 513 2143 Egrediar
537 2087 840 2143 properans
866 2089 974 2144 quo
1004 2089 1114 2141 me,
1138 2073 1438 2130 benedicta
1468 2077 1701 2134 vocaris.

1975 2064 2187 2136 Corque
2215 2063 2351 2118 mihi
2381 2065 2649 2120 mundum
2678 2066 2797 2121 fieri
2822 2067 3136 2138 importuna
3169 2070 3452 2144 rogabam,

246 2160 338 2214 llis
363 2161 525 2215 dictis
550 2159 761 2216 foribus
777 2163 971 2233 pernix
1011 2179 1111 2218 ceu
1131 2163 1285 2232 jussa
1315 2165 1653 2238 propinquo,
1970 2154 2107 2208 Dum
2131 2155 2361 2208 Veniens
2385 2155 2603 2224 superis
2627 2156 2813 2212 lumen
2839 2157 3226 2222 αἰτουωάθτθῐ»
3253 2166 3416 2231 atque

247 2254 590 2309 ιζοτάθιεηυε
609 2255 791 2311 valido
820 2255 948 2311 ﬁdei
973 2271 1240 2312 succensa
1269 2257 1472 2322 calore,
1967 2250 2049 2306 Me
2075 2250 2352 2316 stabilem,
2386 2251 2574 2306 mitem
2593 2259 2648 2306 et
2677 2253 2912 2307 validam
2937 2261 3227 2309 renovaret
3258 2257 3446 2330 agoni.

245 2349 486 2424 Virginis
514 2366 577 2405 ac
605 2351 774 2406 veluti
795 2353 1073 2422 jussorum
1103 2353 1267 2409 ducta
1294 2362 1508 2422 tenore,
1966 2344 2030 2398 Αῑ
2051 2343 2200 2415 qua“
2231 2343 2414 2417 elogio
2443 2343 2680 2398 narrabo
2712 2344 2962 2400 libidinis
2985 2353 3150 2401 ωδίυδ
3179 2346 3208 2400 Ῠ

244 2439 538 2514 Ingredior
553 2441 782 2497 veniens
814 2443 1148 2498 intrantibus
1179 2443 1366 2498 addita
1397 2443 1594 2500 turbis,
1969 2433 2118 2504 Ignis
2147 2432 2296 2487 enim
2323 2433 2536 2489 validus
2552 2450 2772 2491 carnem
2806 2435 3140 2490 incendebat
3167 2437 3236 2490 ab
3273 2437 3424 2493 intus

243 2531 318 2584 Ac
340 2531 496 2586 nullo
518 2531 847 2601 prohibente
873 2532 1026 2588 velut
1053 2532 1191 2586 mihi
1221 2532 1616 2604 tramiteparto,
1969 2527 2031 2582 Et
2055 2533 2225 2581 totam
2260 2527 2510 2598 rapiebat
2535 2543 2690 2583 amor
2716 2528 3062 2599 nimiumque
3089 2528 3359 2593 trahebat.

247 2618 536 2690 Suscipior
573 2621 801 2692 templo,
827 2628 985 2678 tueor
1015 2624 1256 2694 pretiosa
1281 2622 1457 2678 beatae
1969 2618 2048 2672 Ad
2077 2618 2262 2688 spurci
2292 2625 2484 2689 turpes
2513 2619 2808 2690 impellens
2820 2619 3068 2675 criminis
3097 2636 3250 2676 usus.

248 2708 426 2783 Ligna
452 2709 649 2777 crucis,
679 2710 1227 2767 tremebundasacris
1259 2714 1577 2769 coelestibus
1597 2721 1736 2770 asto.
1973 2708 2132 2772 Quod
2177 2709 2417 2781 patiens,
2475 2715 2790 2780 terramque
2846 2715 3061 2780 petens,
3118 2709 3484 2782 lacrymisque
3519 2712 3597 2766 ri-

245 2797 410 2852 Sensi
439 2807 501 2854 ut
530 2799 644 2854 vult
685 2801 901 2870 aperire
932 2801 1112 2856 sinum
1167 2818 1332 2873 quem
1363 2804 1615 2875 poenitet,
1648 2806 1800 2861 omni
3332 2803 3534 2876 [gando

244 2889 488 2944 Crimina
515 2898 700 2946 nostra
722 2891 844 2961 pius
870 2907 1069 2948 censor
1094 2892 1372 2949 dimittere
1405 2903 1693 2965 promptus
1726 2913 1741 2963 ;
1976 2891 2284 2947 lnfundens
2305 2898 2484 2946 astare
2511 2891 2646 2946 mihi
2663 2893 2778 2961 jam
2800 2891 3040 2964 Virginis
3061 2907 3158 2948 ora

242 2980 443 3052 Meque
473 2981 803 3052 pavimentis
823 2989 1094 3049 sternens,
1121 2983 1206 3037 his
1234 2983 1423 3039 oscula
1453 2982 1583 3059 figo.
1975 2980 2155 3036 Mente
2174 2981 2370 3036 videns
2397 2980 2550 3048 fidei,
2575 2980 2886 3036 meditabar
2901 2988 3068 3035 strata
3098 2988 3346 3036 tenorem

243 3075 662 3149 Egrediensque
685 3076 754 3130 ab
775 3091 864 3144 eo,
896 3092 1005 3148 qua
1030 3076 1270 3150 Virginis
1299 3078 1446 3134 edita
1473 3078 1670 3147 forma,
1896 3080 1946 3150 (ζ
1976 3073 2123 3129 Hanc
2152 3073 2578 3145 compellantem
2610 3083 2835 3139 memet,
2863 3074 3128 3145 vultuque
3159 3073 3362 3128 minaci
3451 3114 3453 3116 -

245 3166 458 3236 Stoquc
487 3182 633 3239 genu
661 3166 826 3234 ﬂexo,
858 3184 1020 3224 veros
1049 3186 1138 3224 me
1165 3184 1393 3224 cernere
1419 3169 1602 3224 vultus
1971 3159 2309 3225 Terrentem,
2346 3161 2642 3232 aspiciens,
2670 3176 2977 3234 puellasque
3000 3162 3201 3218 furoris
3231 3169 3490 3236 agentem

248 3256 572 3325 Conﬁdens,
603 3260 950 3331 supplexque
984 3259 1102 3315 haec
1129 3260 1299 3316 verba
1329 3259 1665 3331 precaminis
1689 3259 1812 3316 addi

1753 3259 1870 3318 ldo;
1975 3249 2264 3320 Vindictae,
2294 3258 2350 3306 et
2375 3252 2560 3324 gladio
2584 3260 2982 3308 monstrantem
3005 3253 3212 3322 judicia
3239 3253 3317 3309 ira

245 3346 586 3415 Monstrasti,
615 3349 861 3416 domina,
900 3366 1032 3406 ecce
1054 3350 1186 3404 mihi
1217 3350 1500 3406 miseratio
1527 3358 1732 3423 quanta
1975 3342 2114 3397 Ante
2146 3357 2249 3398 nec
2279 3359 2311 3398 a
2340 3350 2482 3398 terra
2513 3344 2809 3418 surgebam
2839 3345 2896 3399 ni
2928 3344 3084 3416 prius
3102 3344 3196 3400 illa

249 3440 335 3495 Sit
360 3451 473 3504 tua,
516 3442 827 3513 suscipiens
856 3442 1102 3518 indigna;
1131 3442 1338 3498 famina
1365 3459 1558 3499 serve,
1978 3435 2090 3490 Lux
2116 3433 2298 3490 infusa
2328 3435 2672 3508 mihisuperi
2697 3437 2983 3492 salaminis
3009 3453 3206 3494 omnes

249 3530 441 3586 Gloria
470 3531 585 3586 visa
609 3532 746 3586 mihi
766 3549 888 3605 quae
912 3533 1076 3588 nobis
1099 3533 1267 3606 digna
1290 3534 1467 3590 videri
1977 3525 2214 3583 Turbato
2231 3527 2423 3582 victrix
2452 3527 2623 3583 furias
2653 3545 2684 3584 e
2710 3529 2877 3584 corde
2899 3528 3135 3604 fugaret.

247 3624 372 3678 Non
407 3623 585 3679 fuerat
608 3625 834 3699 gravido
853 3626 1109 3681 vitiorum
1137 3625 1385 3696 pondere
1412 3626 1635 3697 pressis,
1980 3621 2212 3693 Semper
2242 3622 2391 3676 enim
2429 3623 2668 3678 dominae
2697 3624 2988 3694 poscebam
3020 3624 3248 3697 virginis
3279 3634 3490 3693 actum,

245 3714 438 3770 Gloria
462 3731 674 3770 summa
691 3716 823 3779 Deo,
858 3723 1020 3786 perte
1042 3715 1136 3788 qui
1168 3715 1609 3788 suscipitomnes
1981 3710 2106 3780 Ipsa
2127 3710 2341 3766 ferebat
2361 3727 2548 3782 opem,
2581 3727 2794 3767 mecum
2829 3713 3147 3768 certabatet
3177 3714 3296 3784 ipsa
3326 3732 3341 3780 ;

243 3809 332 3862 Ad
355 3809 479 3864 vim
501 3825 640 3882 quos
669 3825 799 3865 νει-ει
827 3809 971 3865 viam
1001 3810 1291 3865 conversio
1317 3809 1488 3865 ducit,
1979 3800 2210 3870 Ipsaque
2241 3815 2330 3853 me
2352 3801 2564 3854 cunctis
2593 3807 2648 3854 et
2677 3817 2825 3855 nunc
2855 3802 3172 3856 moderatur
3204 3802 3257 3855 in
3290 3803 3450 3857 actis.

243 3899 358 3954 sed
386 3900 521 3972 quid
575 3901 734 3971 plura
778 3900 972 3972 loquar
1021 3899 1049 3954 φ
1087 3901 1217 3955 dum
1269 3901 1383 3970 jam
1436 3901 1709 3974 promissa
1771 3920 1874 3974 pa-
1980 3889 2140 3944 Istius
2169 3887 2296 3943 inde
2331 3889 2513 3944 cibum
2546 3889 2760 3944 Zozima
2785 3899 3108 3961 vestemque
3143 3903 3394 3965 rogante,

1609 3991 1806 4063 [tl-andi
1979 3979 2198 4048 Majoris
2223 3980 2385 4034 lucta:
2415 3989 2753 4035 memoratus
2770 3979 2907 4035 dixit
2939 3981 2994 4034 in
3015 3998 3191 4037 annos

244 4079 490 4150 Tempus
517 4079 672 4134 adest
694 4079 817 4145 tibi,
850 4095 960 4152 quo
994 4078 1208 4149 placeat
1235 4095 1323 4134 me
1355 4077 1532 4154 dirige
1557 4079 1772 4134 ductrix
1979 4075 2048 4131 Se
2064 4076 2303 4150 geminis
2332 4092 2394 4130 ac
2425 4075 2656 4131 dimidio
2687 4093 2824 4149 quos
2855 4075 3053 4133 detulit
3081 4079 3252 4150 ipsam

249 4173 694 4245 Demonstraque
723 4174 888 4238 viam,
923 4172 1176 4243 praecede
1202 4172 1458 4246 magistra
1491 4171 1703 4228 salutis.
1982 4166 2222 4221 Panibus
2239 4173 2293 4222 et
2317 4174 2437 4238 post
2467 4167 2597 4222 hinc
2628 4167 2816 4222 herbis
2845 4167 3048 4224 vixisse
3071 4169 3304 4242 repertis
3339 4189 3354 4235 ;

250 4264 458 4319 Haurio
490 4281 613 4320 cum
643 4265 789 4320 dicto
816 4280 1005 4320 vocem
1041 4264 1156 4320 hinc
1177 4265 1428 4320 consulta
1459 4263 1727 4320 ferentem
1754 4282 1766 4318 :
1977 4255 2235 4310 Vestibus
2263 4256 2587 4326 assumptis,
2613 4256 2796 4328 rapuit
2827 4274 2964 4330 quas
2994 4259 3259 4329 temporis
3287 4265 3418 4313 aetas

243 4353 593 4408 Transmisso
625 4353 878 4409 invenies
906 4353 1155 4425 requiem
1186 4351 1427 4408 Iordane
1458 4351 1695 4406 beatam.
1979 4347 2039 4401 Vi
2071 4347 2205 4402 solis
2229 4347 2482 4415 nimium,
2519 4348 2750 4403 nimium
2779 4349 2830 4404 vi
2864 4349 3086 4424 frigoris
3107 4359 3319 4417 actam;

249 4444 426 4508 Quam
452 4459 644 4499 vocem
669 4459 872 4516 supero
913 4453 1171 4516 reputans
1197 4442 1332 4498 mihi
1363 4443 1588 4497 nomine
1618 4442 1805 4509 latam,
1911 4457 1967 4526 ι)
1989 4438 2100 4494 Sed
2123 4440 2326 4496 virtute
2358 4440 2451 4495 Dei
2484 4456 2542 4495 se
2574 4448 2760 4496 mente
2783 4449 2839 4496 et
2860 4457 3093 4513 corpore
3123 4450 3321 4498 tectam

245 4537 432 4606 Atque
459 4544 657 4605 petens
682 4533 964 4590 dominam
995 4550 1066 4589 ne
1106 4533 1325 4590 deserat
1361 4533 1499 4588 atria
1524 4533 1735 4604 linquo.
1986 4531 2191 4586 Nutriri
2218 4537 2384 4604 atque
2407 4533 2517 4604 tegi
2548 4532 2766 4588 Domini
2807 4534 3113 4589 munimine
3144 4535 3322 4605 verbi,

249 4627 503 4681 Flentem
529 4643 617 4682 me
648 4642 885 4682 cernens
913 4627 1138 4699 quidam
1166 4626 1270 4681 tria
1296 4625 1528 4681 contulit
1556 4640 1702 4691 aera;
1985 4626 2118 4681 Cum
2151 4642 2261 4682 non
2292 4626 2440 4682 vivat
2466 4627 2632 4682 homo
2666 4626 2844 4682 solum
2875 4628 3146 4684 solamine
3177 4631 3337 4702 panis

253 4715 415 4771 Ilicet
435 4717 523 4770 his
552 4733 725 4788 panes
757 4717 984 4772 totidem
1013 4724 1252 4772 mercata
1280 4715 1504 4772 recedo.
1985 4717 2126 4782 Quin
2153 4717 2304 4774 omni
2336 4717 2506 4774 verbo
2537 4719 2754 4774 Domini
2788 4720 2938 4792 quod
2961 4721 3147 4792 prodit
3175 4721 3245 4776 ab
3275 4738 3391 4790 ore,

250 4807 421 4863 Pacta
454 4808 617 4864 simul
645 4808 901 4864 Jordanis
933 4810 1054 4876 iter,
1090 4816 1204 4864 tum
1235 4808 1442 4879 templa
1476 4805 1708 4862 Joannis
1985 4809 2185 4865 Nudati
2211 4817 2266 4866 et
2293 4810 2442 4867 vitiis
2464 4811 2742 4868 donentur
2770 4818 3014 4888 tegmine
3047 4823 3233 4885 petrae.

253 4901 518 4972 Baptistae
542 4902 740 4969 subeo,
773 4902 1124 4958 communico
1155 4917 1388 4972 verpere
1419 4899 1591 4954 sacris
1624 4915 1640 4967 ;
2057 4902 2268 4957 Auditis
2294 4918 2462 4957 sacra:
2489 4903 2680 4972 titulis,
2717 4904 3023 4981 interrogat
3054 4906 3218 4962 heros

255 4996 424 5051 Pasta
445 4997 568 5052 cibo
600 4997 780 5068 panis,
809 4997 1069 5053 Jordanis
1104 4995 1287 5051 lambo
1318 4994 1526 5050 ﬂuenta
1985 4990 2278 5064 Scripturze
2317 4993 2516 5048 mulier
2544 4993 2768 5064 sapiens
2798 5011 2866 5049 an
2898 5006 3201 5072 grammata
3227 5007 3436 5054 nosset.

255 5089 598 5146 Lucescente
624 5091 741 5156 die,
773 5097 1193 5162 quemtranseo,
1212 5097 1366 5146 vasta
1394 5088 1682 5159 sequendo
1987 5087 2082 5141 [lla
2112 5097 2297 5162 negat,
2329 5089 2626 5161 vivumque
2647 5089 2740 5145 Dei
2773 5092 3082 5162 penetralia
3104 5092 3285 5148 cordis

254 5182 493 5248 Deserti,
527 5183 813 5238 dominum
832 5190 1159 5254 exspectans
1189 5182 1283 5254 qui
1315 5181 1488 5236 salvat
1513 5194 1742 5253 egenos.
1987 5175 2270 5232 Illustrare
2305 5177 2467 5232 docet
2497 5178 2724 5233 verbum
2758 5179 3065 5252 sensusque
3092 5181 3305 5251 replere

257 5273 355 5327 llic
381 5274 598 5328 Zozima
623 5275 745 5329 vitae
768 5275 966 5330 seriem
999 5275 1227 5330 scitante
1250 5280 1386 5345 quot
1419 5278 1605 5326 essent
1986 5263 2117 5318 Tum
2146 5280 2244 5335 pro
2270 5281 2328 5320 se
2361 5265 2631 5320 Zozimam
2666 5269 2898 5338 supplex
2926 5284 3082 5323 orare
3115 5275 3391 5340 precatur,

255 5365 392 5420 Illuc
423 5383 533 5438 quo
562 5368 832 5422 mundum
859 5369 1116 5439 linquens
1146 5368 1445 5422 devenerat
1474 5363 1629 5430 anni,
1989 5355 2051 5409 Et
2089 5357 2229 5426 petit
2257 5357 2541 5412 obtestans
2573 5374 2642 5412 ne
2661 5374 2741 5425 se,
2776 5359 2906 5415 dum
2939 5360 3157 5416 vincula
3185 5362 3369 5415 carnis

255 5455 399 5518 Quid
423 5455 598 5511 victus
636 5457 872 5528 sumpsit
903 5456 1088 5512 tulerit
1115 5471 1257 5527 quos
1297 5455 1434 5510 dura
1468 5454 1705 5507 labores.
1987 5445 2234 5512 Deserat,
2268 5445 2387 5517 ipse
2420 5446 2599 5517 palam
2623 5447 2786 5504 faciat
2818 5467 2832 5517 ;
2861 5449 2960 5503 sed
2989 5449 3172 5518 vadat,
3206 5450 3450 5523 itemque

258 5543 635 5618 Quadraginta
653 5545 864 5600 hiemes
884 5551 1212 5616 septemque
1242 5541 1509 5617 recogitet
1541 5555 1605 5596 ex
1632 5553 1741 5611 quo
1986 5538 2257 5611 Tempore
2287 5556 2346 5595 sc
2374 5541 2541 5596 simili
2580 5550 2813 5598 venturo
2843 5542 3026 5599 visitet
3055 5559 3201 5600 anno
3235 5563 3248 5598 :

260 5631 517 5690 Deseruit
543 5635 842 5708 Solymam,
865 5641 1158 5708 postquam
1187 5634 1408 5691 deserta
1437 5629 1676 5688 colebat.
1987 5627 2260 5700 Sacraque
2287 5630 2418 5686 dum
2448 5631 2859 5688 redeuntsolito
2879 5631 3092 5700 jejunia
3121 5647 3294 5700 more,
