3958 6158
430 189 529 244 547

430 313 686 369 Iordanis
713 322 970 386 repetens
990 331 1241 372 eremum
1272 335 1342 374 ne
1365 326 1603 376 transeat
1623 337 1850 389 annum,

436 405 742 461 I’raerlicens
771 406 919 478 quod
941 423 1044 463 nec
1072 425 1348 481 quoquam
1370 411 1417 465 si
1448 418 1622 467 tentet
1659 413 1833 481 abire,

432 500 509 553 Sit
535 501 697 571 potis,
716 510 770 556 at
791 510 1008 558 maneat
1036 520 1250 560 orenam
1280 506 1600 563 benedictio
1631 506 1831 564 Christi

431 596 597 657 Quam
651 593 779 651 facit
818 605 1145 668 exspectans
1193 603 1586 670 venerandam,
1641 621 1874 676 vespere
1919 620 2044 661 sur-

1871 699 1982 770 (gat

430 777 684 849 Corporis
713 787 878 854 atque
904 783 1010 838 sibi
1030 784 1243 840 Domini
1275 788 1534 858 mysteria
1557 794 1772 859 portet;

430 871 505 924 Ad
529 872 700 942 ripam
740 875 996 931 Jordanis
1027 893 1146 932 eam
1176 895 1298 933 cum
1331 895 1562 936 munere
1595 881 1796 936 Christi

428 963 726 1034 Sustineat,
750 982 861 1038 quo
891 984 1018 1023 mox
1046 970 1275 1024 veniens
1289 973 1661 1027 communicet
1689 973 1872 1027 almis.

432 1057 562 1112 lude
591 1062 912 1116 monasterii
935 1063 1147 1118 Patrem
1177 1065 1279 1120 sub
1303 1066 1526 1121 nomine
1559 1066 1788 1140 signans

432 1147 681 1217 Praecipit
712 1151 939 1218 hortari,
971 1153 1181 1225 vigilet,
1214 1155 1318 1209 sibi
1361 1155 1568 1210 credita
1598 1162 1800 1220 servet,

429 1241 794 1314 Altendatque
824 1245 1002 1318 gregi,
1037 1254 1247 1302 resecet
1275 1264 1396 1319 qua)
1429 1261 1594 1319 prava
1613 1247 1844 1313 videbit,

430 1331 525 1385 Ille
556 1335 948 1389 monasterium
982 1343 1104 1406 post
1133 1339 1249 1392 haec
1279 1339 1433 1409 petit,
1466 1338 1559 1393 illa
1592 1354 1867 1393 recessus.

500 1421 652 1477 Abba
678 1424 845 1498 igitur
868 1432 982 1482 toto
1000 1429 1169 1484 tacuit
1192 1446 1313 1500 qua:
1340 1430 1555 1484 viderat
1586 1445 1731 1484 anno
1751 1447 1766 1495 ;

428 1513 491 1567 At
516 1515 759 1584 cumjam
793 1521 1318 1590 preperantjejunia
1339 1538 1493 1576 sacra
1517 1521 1732 1586 residit,

425 1599 690 1657 Febribus
720 1605 962 1674 invasus,
997 1608 1225 1680 reliquis
1245 1609 1584 1664 abeuntibus
1615 1617 1786 1674 extra,

425 1690 712 1749 Dixeratut
743 1695 848 1750 sibi
873 1699 1182 1754 vaticinans
1215 1716 1353 1756 anus
1379 1715 1478 1755 ore
1501 1699 1690 1754 beato.

423 1781 735 1841 Atredeunt
761 1797 964 1845 sanctae
992 1790 1187 1847 fratres
1216 1793 1312 1848 ubi
1340 1807 1572 1863 vespere
1599 1807 1791 1854 omna),

431 1879 690 1933 Dulcibus
719 1879 814 1935 ille
834 1898 1037 1952 parans
1061 1884 1286 1939 monitis
1307 1883 1630 1954 impendere
1657 1897 1867 1947 curam,

427 1975 780 2032 Sacramenta
805 1979 957 2034 vehit
985 1979 1422 2051 divinicorporis
1453 1987 1620 2050 atque

425 2067 721 2144 Sanguinis
751 2071 807 2125 in
825 2071 1052 2126 calicem
1084 2088 1271 2127 secum
1301 2070 1558 2127 Iordanis
1588 2071 1657 2125 ad
1673 2085 1847 2125 oram.

423 2158 728 2214 Adventum
759 2167 961 2215 sanctae
992 2161 1288 2232 opperiens
1315 2160 1368 2214 in
1397 2159 1647 2233 margine
1681 2158 1816 2229 ripae
1847 2174 1861 2211 :

427 2247 744 2318 Exspectata
772 2248 888 2314 diu,
908 2265 1031 2320 quae
1047 2249 1162 2317 jam
1191 2249 1292 2303 sub
1324 2256 1573 2320 tempore
1605 2247 1781 2303 noctis

424 2340 735 2396 Adveniens
762 2357 924 2396 cruce
949 2342 1351 2416 transgreditur
1376 2341 1480 2396 sibi
1509 2347 1677 2411 ponte
1707 2344 1899 2410 parato

429 2429 489 2483 Et
513 2429 752 2484 solidum
787 2430 1023 2502 liquidas
1044 2447 1246 2502 corpus
1267 2430 1682 2502 superambulat
1711 2429 1911 2484 undas.

426 2521 711 2592 Aspiciens
749 2528 932 2592 stupet
959 2523 1062 2576 ista
1085 2538 1274 2585 senex,
1309 2523 1412 2577 sub
1443 2521 1652 2576 lumine
1685 2520 1854 2586 lunm,

427 2614 770 2687 Perfectique
798 2615 948 2670 videt
975 2631 1138 2686 quam
1171 2615 1240 2670 sit
1269 2614 1589 2669 certaminis
1628 2614 1826 2686 impar,

431 2705 563 2759 Inde
593 2705 734 2776 petit
762 2711 937 2760 mater
968 2705 1097 2760 ﬁdei
1127 2704 1344 2760 dicatur
1363 2713 1422 2760 ut
1451 2705 1612 2772 ordo,

425 2797 805 2869 Jungaturque
841 2797 971 2852 dein
1004 2797 1254 2869 locuples
1275 2798 1450 2852 oratio
1483 2795 1705 2852 Christi.

428 2889 720 2960 Postquam
753 2898 1032 2962 perpetuae
1045 2891 1279 2962 sumpsit
1299 2890 1561 2962 mysteria
1587 2889 1735 2945 vita}.

430 2976 545 3033 Mox
580 2978 635 3032 in
665 2995 799 3048 pace
830 2979 923 3034 Dei
964 2995 1087 3035 sese
1113 2981 1379 3036 dimittier
1408 2988 1546 3036 orat.

430 3067 520 3120 Ast
541 3069 830 3140 compulsa
857 3068 959 3124 viri
988 3070 1269 3140 precibus,
1301 3071 1408 3125 tria
1447 3069 1680 3126 contulit
1699 3067 1783 3125 ori

429 3164 465 3212 Λ
497 3175 633 3214 sene
652 3159 926 3216 lenticulae
953 3161 1148 3218 delata:
1175 3178 1345 3238 grana
1370 3162 1635 3218 canistro.

432 3251 569 3307 Ilinc
597 3253 737 3324 petit
764 3261 822 3308 ut
850 3254 1040 3310 senior
1054 3262 1287 3310 venturo
1312 3271 1504 3310 rursus
1527 3255 1582 3308 in
1614 3268 1761 3309 anno

426 3347 742 3404 Torrentem
769 3357 982 3421 repetat
1011 3365 1121 3422 quo
1160 3357 1291 3406 sunt
1321 3350 1485 3405 simul
1517 3356 1644 3405 ante
1678 3347 1866 3404 locuti.

431 3437 498 3492 Sc
528 3438 672 3492 Deus
698 3445 756 3493 ut
781 3438 974 3507 jubeat
1001 3455 1315 3495 memorans
1343 3439 1436 3494 hic
1466 3455 1586 3494 esse
1615 3438 1934 3493 videndam.

428 3530 518 3585 Sic
539 3530 646 3586 sibi
674 3540 967 3601 poscentes
999 3532 1204 3587 abeunt
1235 3531 1508 3588 solamina
1535 3530 1666 3586 ferri

425 3622 631 3690 Mutua,
665 3625 1001 3697 devotasque
1024 3640 1217 3696 preces
1245 3625 1504 3697 utrinque
1529 3623 1810 3696 profundi.

426 3713 558 3768 Tum
586 3729 756 3785 super
775 3715 952 3769 amnis
971 3730 1082 3770 anu
1114 3714 1310 3770 fluctus
1334 3715 1636 3786 repedante
1657 3715 1838 3783 beata,

1144 192 1513 249 FLODOARDI
1555 193 1858 252 CANONICI
1902 198 2235 255 REMENSIS
2276 201 2613 260 OPUSCULA
2653 205 2963 263 METRICA.
3649 213 3733 273 548

2071 341 2125 409 Α
2151 333 2316 404 Septa
2347 335 2666 390 monasterii
2690 337 2890 407 repetit
2918 337 3230 392 laetissimus
3246 337 3409 392 abba.

2153 423 2348 479 Exacto
2383 425 2603 480 rediens
2633 441 2778 480 anno
2803 425 2919 482 loca
2945 427 3097 496 jussa
3128 428 3336 493 revisit,

2148 515 2574 585 Adveniensque
2603 515 2752 571 videt
2773 515 2886 584 jam
2902 517 3146 571 membra
3177 516 3364 572 relicta
3395 517 3592 584 calore,

2151 601 2478 671 Compositis
2499 603 2776 670 manibus,
2808 621 3138 676 versumque
3165 606 3350 673 jacere
3390 606 3615 660 cadaver

2154 690 2296 745 Solis
2327 692 2393 744 ad
2419 707 2702 765 egressum
2737 711 2750 759 ;
2785 695 3038 766 lacrymis
3081 696 3431 766 perfunditur
3470 698 3642 763 heros,

2154 782 2401 854 Dumque
2435 801 2626 854 preces
2658 786 2849 841 dicens
2879 795 2932 842 et
2963 788 3203 858 psalmos
3219 788 3409 842 usibus
3440 795 3595 858 aptos

2158 873 2454 944 Exsequias
2476 874 2722 930 celebrat
2751 895 2764 941 ;
2799 877 2896 931 sed
2929 877 3172 932 nominis
3205 877 3411 932 inscius
3436 878 3602 932 hazrct
3632 897 3643 940 ;

2154 967 2374 1021 Terram
2406 968 2742 1039 despiciens,
2775 971 2960 1042 apices
2987 971 3041 1025 in
3069 972 3294 1043 pulvere
3324 971 3516 1028 ductos

2155 1062 2354 1121 Cernit.
2393 1062 2763 1135 decessusque
2793 1064 2940 1119 diem
2968 1080 3285 1136 nomenque
3313 1064 3593 1119 ferentem.

2155 1148 2535 1222 Conjicitergo
2567 1151 2741 1222 ipsam
2772 1153 3041 1225 migrasse
3069 1153 3125 1206 in
3165 1160 3326 1208 nocte
3351 1153 3591 1220 Mariam,

2157 1239 2440 1296 Praeterito
2471 1241 2676 1296 sanctis
2707 1258 2816 1312 qua
2844 1241 3263 1314 participaverat
3293 1258 3457 1310 anno,

2154 1328 2346 1399 Adque
2380 1330 2557 1384 locum
2591 1331 2746 1384 trina.-
2785 1331 2962 1401 spatio
2997 1331 3226 1386 rediisse
3257 1331 3358 1386 sub
3390 1333 3559 1399 horae,

2153 1417 2232 1471 Ad
2253 1433 2419 1488 quem
2449 1418 2533 1472 his
2560 1419 2720 1473 denis
2760 1419 2847 1475 vix
2867 1427 3094 1474 venerat
3124 1420 3220 1474 ille
3250 1420 3472 1475 diebus.

2150 1505 2380 1580 Angitur
2416 1522 2546 1580 ergo
2578 1524 2750 1563 senex
2782 1508 2983 1562 desunt
3013 1508 3142 1579 quia
3175 1517 3343 1563 rastra
3383 1509 3559 1564 labori

2147 1595 2320 1664 Atque
2351 1597 2646 1665 sepultura:
2678 1612 2776 1667 per
2804 1612 2928 1667 quae
2961 1597 3238 1651 deserviat
3278 1613 3427 1651 arma
3458 1614 3474 1662 ;

2079 1674 2128 1740 Β
2155 1686 2536 1761 Exiguumque
2563 1686 2759 1740 videns
2789 1687 3000 1761 lignum
3031 1687 3138 1742 sibi
3178 1687 3314 1743 forte
3341 1688 3527 1756 jacere

2152 1777 2765 1849 Corripit,‘_enitensque
2796 1779 2933 1833 fodit
2969 1779 3264 1834 durissima
3307 1790 3484 1846 terrae,

2148 1872 2319 1944 Terga
2351 1881 2555 1938 terens,
2591 1888 2691 1927 nec
2726 1871 3044 1944 proﬁciens,
3077 1874 3364 1945 imparque
3397 1873 3618 1928 laboris.

2147 1965 2209 2017 At
2239 1965 2440 2020 sudore
2471 1965 2657 2036 Operis
2687 1965 3044 2028 madefactus,
3082 1966 3276 2033 lassus,
3309 1966 3542 2021 anhelus

2150 2055 2472 2127 Respiciens
2510 2057 2659 2112 videt
2690 2057 2969 2132 ingentem
3011 2074 3182 2129 prope
3214 2065 3357 2112 stare
3390 2058 3607 2113 leonem

2147 2147 2395 2221 Pigneris
2424 2157 2588 2220 atque
2622 2149 2794 2219 pedes
2834 2149 2950 2202 miti
2983 2150 3556 2221 prolambarelingua.

2145 2243 2386 2298 Territus
2416 2243 2507 2298 ille
2540 2260 2763 2314 pavore,
2796 2244 2975 2298 crucis
3002 2261 3061 2299 se
3088 2245 3289 2300 muniit
3318 2244 3508 2312 armis,

2146 2333 2386 2388 Motibus
2415 2341 2470 2389 et
2503 2334 2767 2389 blandum
2800 2351 3033 2390 cernens
3063 2335 3310 2403 tandem,
3347 2337 3450 2392 ista
3492 2336 3690 2391 volutat

2147 2425 2303 2479 Forte
2335 2424 2441 2480 sibi
2473 2426 2689 2481 socium
2719 2426 2989 2496 patranda
3013 2426 3078 2480 ad
3100 2427 3287 2481 munia
3318 2426 3571 2491 missum,

2148 2516 2387 2586 Imperat
2420 2517 2508 2572 hic
2536 2517 2716 2572 ﬁdens
2740 2525 2916 2572 vertat
2954 2535 3063 2589 quo
3106 2519 3289 2573 bellua
3324 2519 3519 2591 glebas

2150 2611 2523 2682 Expediatque
2557 2611 2663 2682 piis
2696 2613 2960 2666 membris
2993 2613 3191 2668 festina
3221 2614 3568 2684 sepulcrum.

2149 2699 2305 2753 Paret
2335 2706 2388 2753 at
2419 2699 2540 2770 ipsa
2568 2700 2741 2767 senis,
2772 2707 2992 2772 sumpto
3024 2701 3317 2768 lenimine,
3343 2701 3519 2771 jussis
3549 2715 3563 2767 ;

2150 2792 2209 2845 Et
2238 2791 2431 2846 didicit
2464 2793 2682 2847 tandem
2718 2791 2904 2847 feritas
2942 2793 3118 2848 oblita
3159 2793 3384 2860 furoris,

2150 2883 2348 2938 Nescia
2377 2884 2610 2950 servitii,
2643 2891 2835 2939 sancto
2849 2885 3057 2940 servire
3090 2884 3267 2940 labori
3303 2902 3316 2938 :

2151 2973 2346 3029 Libera
2378 2974 2548 3029 corda
2575 2990 2796 3048 gerens,
2833 2975 3064 3030 serviles
3091 2975 3332 3047 explicat
3362 2982 3519 3030 actus

2071 3051 2120 3120 C
2152 3065 2385 3120 Funeris
2413 3065 2598 3122 ofﬁcio
2629 3067 2852 3123 diverso
2885 3083 3039 3124 more
3068 3077 3314 3138 peracto,

2152 3158 2358 3214 Diversi
2399 3165 2650 3214 remeant
2681 3159 2931 3226 comites,
2963 3160 3180 3215 diversa
3207 3166 3481 3231 petentes.

2063 3330 2067 3333 ι
2157 3251 2252 3306 llic
2281 3251 2501 3307 deserta
2530 3267 2773 3323 sequens
2812 3253 2948 3324 petit
2978 3253 3163 3308 abdita
3195 3253 3365 3307 lustra
3397 3252 3634 3307 ferarum
3661 3268 3676 3312 ς

2147 3346 2253 3400 Iste
2273 3346 2672 3401 monasterium
2707 3346 2932 3402 rediens
2963 3346 3076 3401 adit
3105 3346 3332 3422 agmina
3363 3345 3615 3410 fratrum,

2148 3440 2380 3497 Cernere
2420 3459 2543 3515 quae
2582 3443 2984 3499 meruitnarrat
3012 3442 3286 3515 magnalia
3313 3442 3540 3498 Christi.

2150 3531 2449 3586 Instituunt
2481 3531 2674 3586 fratres
2703 3531 2902 3586 festum
2933 3531 3218 3586 celebrare
3248 3531 3450 3598 beatae,

2155 3619 2598 3692 Crandaevusque
2616 3635 2786 3675 senex
2815 3620 3060 3677 Zozimas
3090 3621 3147 3674 in
3168 3637 3305 3692 pace
3326 3619 3584 3692 quiescit.

1944 3812 2156 3870 CAPUT
2195 3814 2256 3868 V.

1649 3919 1729 3980 De
1768 3927 1974 3980 sancto
2021 3918 2207 3978 Fabio
2249 3925 2539 3992 martyre.

424 4013 593 4086 Multa
629 4027 974 4085 Palaestinam
1007 4035 1222 4086 constat
1243 4029 1536 4085 decorasse
1566 4033 1794 4100 tropaea,

429 4124 497 4178 Ex
525 4141 636 4197 quo
668 4123 945 4199 prOgressi
975 4122 1242 4177 mundum
1261 4137 1528 4177 ornavere
1561 4121 1852 4193 triumphis

427 4215 686 4292 Signiferi
708 4216 961 4290 insignes
991 4214 1210 4279 Christi,
1243 4214 1448 4284 pietate
1472 4213 1657 4269 viriles
1687 4232 1701 4280 ;

429 4310 530 4374 Qui
547 4307 817 4364 mundum
840 4315 896 4362 et
921 4305 1113 4361 mundi
1146 4320 1403 4376 proceres
1423 4306 1528 4362 sub
1547 4313 1766 4378 sceptra
1797 4321 2048 4377 premen-

1855 4399 1974 4471 [tes,

430 4495 578 4550 Ilanc
606 4491 804 4565 palmis
832 4507 1058 4548 vacuam
1100 4505 1211 4546 non
1235 4490 1486 4562 abjeeere
1515 4488 1750 4563 negatis.

428 4585 488 4638 In
518 4599 626 4654 qua
651 4581 888 4637 victores
916 4579 1206 4652 veterique
1237 4595 1490 4651 novaque
1517 4585 1812 4635 coruscant

429 4675 572 4749 Lege
600 4673 807 4735 Patres,
840 4685 1074 4744 quorum
1101 4684 1306 4741 paucos
1332 4667 1569 4724 coluisse
1602 4668 1776 4722 relatu

425 4763 508 4817 Me
537 4761 715 4817 fateor
739 4759 949 4826 stricto,
983 4759 1168 4830 lepida
1198 4773 1304 4813 nec
1331 4758 1453 4813 luce
1476 4757 1670 4828 polito,

426 4851 559 4906 Nam
586 4850 716 4905 licet
745 4846 987 4920 antiquis
1002 4846 1309 4918 pictoribus
1331 4852 1495 4916 atque
1517 4844 1694 4916 poetis

425 4945 691 5010 Quaelibet
721 4941 963 4998 audendi
994 4941 1171 4996 fuerat
1200 4940 1481 5012 quondam
1499 4955 1656 5012 aequa
1673 4943 1937 5010 potestas,

425 5040 604 5096 Pauca
624 5037 800 5112 magis
828 5036 1045 5107 cupiam
1088 5035 1342 5102 strictim,
1365 5035 1463 5089 sed
1490 5051 1618 5088 vera
1650 5032 1914 5104 profatus,

424 5131 657 5184 Sirmate
683 5143 848 5199 quam
869 5126 1038 5198 longo
1070 5124 1302 5196 reperiri
1334 5122 1470 5178 falsa
1501 5131 1742 5178 secutus.

424 5218 580 5274 Unde
611 5234 714 5273 nec
741 5215 936 5271 admisi
968 5223 1026 5269 ut
1053 5229 1308 5272 canerem
1342 5213 1650 5267 certamina
1680 5227 1912 5283 quorum

424 5313 541 5367 Non
573 5309 763 5366 titulos
785 5309 896 5364 ulla
937 5307 1122 5364 inveni
1155 5306 1210 5360 in
1245 5305 1475 5381 regione
1504 5312 1720 5361 notatos

426 5406 638 5460 Incerta
665 5415 970 5475 quorumve
1002 5399 1266 5472 leguntur
1292 5398 1360 5452 ab
1393 5399 1526 5454 urbe
1555 5398 1836 5470 triumphi.

420 5497 722 5568 Propterea
753 5493 980 5549 Fabium
1014 5492 1243 5548 rutilant
1281 5491 1573 5559 solemnia,
1605 5492 1764 5561 cujus

430 5589 682 5643 Extrema
710 5600 835 5640 cum
864 5582 997 5638 solis
1028 5581 1255 5636 humum
1285 5579 1401 5638 face
1426 5579 1602 5636 Julius
1623 5581 1729 5636 urit

435 5675 692 5733 Cresarea‘
717 5675 976 5746 expositae
1001 5687 1113 5727 non
1143 5669 1546 5743 assignavimus
1565 5670 1709 5746 urbi,

2148 4025 2410 4081 Caesarem
2438 4022 2701 4096 quoniam
2733 4023 2920 4094 plures
2951 4039 2980 4078 a
3009 4023 3220 4079 Caesare
3251 4023 3433 4090 dictat,

2148 4116 2211 4170 Et
2238 4130 2399 4187 quam
2431 4112 2658 4168 sacrarit
2681 4112 2874 4184 jugulo
2907 4127 3016 4166 non
3048 4113 3288 4185 legimus
3318 4114 3537 4167 harum.

2147 4210 2403 4265 Traditur
2432 4215 2491 4264 ut
2514 4208 2706 4263 Christi
2726 4208 3025 4263 certamine
3047 4207 3263 4263 fortiter
3300 4224 3455 4263 usus.

2149 4302 2400 4358 Praesidis
2428 4301 2547 4373 ipse
2579 4300 2801 4373 quidem
2834 4301 2964 4372 quia
2994 4316 3212 4355 sumere
3240 4301 3397 4375 signa
3431 4307 3670 4358 recusat,

2149 4392 2404 4446 Traditur
2435 4392 2488 4444 in
2520 4397 2660 4446 tetro
2692 4389 2847 4444 fortis
2868 4389 2964 4444 sed
2995 4405 3218 4444 carcere
3245 4390 3405 4444 miles
3439 4407 3454 4453 ;

2151 4485 2277 4539 Post
2303 4484 2625 4554 aliquotque
2651 4482 2772 4536 dies
2795 4482 2924 4537 hinc
2947 4481 3161 4536 sistitur
3192 4489 3319 4538 ante
3345 4481 3615 4544 tribunal,

2151 4572 2388 4627 Scitatur
2415 4569 2587 4626 semel
2609 4579 2774 4641 atque
2815 4570 3032 4635 iterum,
3065 4569 3341 4642 duratque
3366 4568 3575 4624 ﬁdelis.

2151 4661 2483 4735 Moxjugulo
2517 4661 2682 4732 plecti
2713 4660 3010 4716 furibundo
3043 4677 3074 4716 a
3099 4661 3291 4729 judice
3315 4662 3512 4730 jussus

2153 4753 2461 4809 Pcrcutitur
2489 4751 2697 4827 gladio,
2729 4752 2948 4823 capitali
2983 4753 3104 4827 lege
3136 4753 3425 4808 subactus.

2151 4845 2284 4900 Tum
2315 4861 2385 4899 ne
2417 4844 2752 4899 deturhumo
2774 4851 2993 4900 servant
3014 4845 3243 4900 custode
3266 4846 3525 4912 cadaver,

2148 4941 2507 5012 Rcticuloque
2536 4941 2698 4996 situm
2728 4941 2885 4996 salsis
2915 4942 3079 4996 maris
3109 4941 3325 4996 inditur
3346 4942 3539 4996 undis.

2148 5034 2273 5089 Post
2307 5035 2546 5089 triduum
2579 5051 2818 5089 mersum
2853 5051 3164 5107 corpusque
3206 5044 3488 5108 caputque
3523 5036 3777 5090 deorsum

2151 5127 2425 5194 Reticulo,
2465 5127 2562 5182 sed
2595 5128 2697 5182 sub
2731 5128 2944 5182 Domini
2987 5129 3188 5183 virtute
3220 5129 3438 5184 revulso

2150 5215 2370 5272 Sacrata
2405 5199 2568 5287 capiti
2599 5216 2966 5271 redhibeatur
2995 5217 3240 5272 membra
3271 5217 3416 5272 beati

2066 5279 2124 5347 D
2150 5307 2211 5360 Et
2236 5307 2480 5378 scapulis
2494 5307 2674 5362 cervix
2704 5308 2935 5363 servatis
2957 5307 3209 5381 jungitur
3237 5308 3380 5362 ictus

2149 5399 2396 5468 Iudiciis,
2429 5408 2713 5473 totumque
2742 5401 2907 5456 simul
2929 5409 3217 5457 revocatur
3249 5417 3428 5456 arena:

2148 5492 2422 5561 Littorem,
2462 5493 2687 5548 blandis
2717 5493 2875 5549 oneri
2891 5493 3283 5549 famulantibus
3307 5492 3500 5557 undis,

2166 5581 2493 5656 lutegroque
2525 5582 2600 5653 pii
2633 5582 2812 5637 cultus
2839 5583 3104 5653 sepelitur
3131 5583 3362 5638 honore.
