  <div class='ocr_page' id='page_1' title='image "/cluster/home/n/w/nwhite01/storage/ocr_20150623/135/hvd.32044054759956/280.png"; bbox 0 0 3962 6140; ppageno 0'>
   <div class='ocr_carea' id='block_1_1' title="bbox 261 147 3581 216">
    <p class='ocr_par' dir='ltr' id='par_1_1' title="bbox 261 147 3581 216">
     <span class='ocr_line' id='line_1_1' title="bbox 261 147 3581 216; baseline 0.004 -12"><span class='ocrx_word' id='word_1_1' title='bbox 261 150 360 204; x_wconf 73' lang='grc'><strong>549</strong></span> <span class='ocrx_word' id='word_1_2' title='bbox 801 147 882 200; x_wconf 85' lang='lat' dir='ltr'><strong>DE</strong></span> <span class='ocrx_word' id='word_1_3' title='bbox 921 147 1282 204; x_wconf 83' lang='lat' dir='ltr'><strong>TRIUMPIIIS</strong></span> <span class='ocrx_word' id='word_1_4' title='bbox 1324 149 1578 205; x_wconf 78' lang='lat' dir='ltr'><strong>CHRISTI</strong></span> <span class='ocrx_word' id='word_1_5' title='bbox 1621 150 1989 207; x_wconf 74' lang='grc' dir='ltr'><strong>ΑΝΤΙΟΟΗΙᾹΞ</strong></span> <span class='ocrx_word' id='word_1_6' title='bbox 2029 153 2250 208; x_wconf 79' lang='lat' dir='ltr'><strong>GESTIS</strong></span> <span class='ocrx_word' id='word_1_7' title='bbox 2293 155 2468 209; x_wconf 82' lang='lat' dir='ltr'><strong>LIBRI</strong></span> <span class='ocrx_word' id='word_1_8' title='bbox 2508 154 2658 210; x_wconf 88' lang='lat' dir='ltr'><strong>DUO.</strong></span> <span class='ocrx_word' id='word_1_9' title='bbox 2700 186 2770 196; x_wconf 92' lang='lat'>—</span> <span class='ocrx_word' id='word_1_10' title='bbox 2809 155 2935 212; x_wconf 86' lang='lat' dir='ltr'><strong>LIB.</strong></span> <span class='ocrx_word' id='word_1_11' title='bbox 2979 157 3021 211; x_wconf 87' lang='grc' dir='ltr'><strong>Ι.</strong></span> <span class='ocrx_word' id='word_1_12' title='bbox 3471 161 3581 216; x_wconf 76' lang='lat'><strong>550</strong></span> 
     </span>
    </p>
   </div>
   <div class='ocr_carea' id='block_1_2' title="bbox 1740 281 2081 338">
    <p class='ocr_par' dir='ltr' id='par_1_2' title="bbox 1740 281 2081 338">
     <span class='ocr_line' id='line_1_2' title="bbox 1740 281 2081 338; baseline 0.006 -2"><span class='ocrx_word' id='word_1_13' title='bbox 1740 281 1953 338; x_wconf 80' lang='lat' dir='ltr'><strong>CAPUT</strong></span> <span class='ocrx_word' id='word_1_14' title='bbox 1995 285 2081 338; x_wconf 82' lang='lat' dir='ltr'><strong>VI.</strong></span> 
     </span>
    </p>
   </div>
   <div class='ocr_carea' id='block_1_3' title="bbox 1554 383 2270 447">
    <p class='ocr_par' dir='ltr' id='par_1_3' title="bbox 1554 383 2270 447">
     <span class='ocr_line' id='line_1_3' title="bbox 1554 383 2270 447; baseline 0.006 -5"><span class='ocrx_word' id='word_1_15' title='bbox 1554 383 1634 443; x_wconf 83' lang='lat' dir='ltr'><strong>De</strong></span> <span class='ocrx_word' id='word_1_16' title='bbox 1664 395 1876 445; x_wconf 82' lang='lat' dir='ltr'><strong>sancta</strong></span> <span class='ocrx_word' id='word_1_17' title='bbox 1925 385 2270 447; x_wconf 82' lang='lat' dir='ltr'><strong>Theodosia.</strong></span> 
     </span>
    </p>
   </div>
   <div class='ocr_carea' id='block_1_4' title="bbox 257 491 3252 571">
    <p class='ocr_par' dir='ltr' id='par_1_4' title="bbox 257 491 3252 571">
     <span class='ocr_line' id='line_1_4' title="bbox 257 491 3252 571; baseline 0.003 -23"><span class='ocrx_word' id='word_1_18' title='bbox 257 494 377 548; x_wconf 84' lang='lat' dir='ltr'><strong>Huic</strong></span> <span class='ocrx_word' id='word_1_19' title='bbox 404 493 526 546; x_wconf 90' lang='lat' dir='ltr'><strong>data</strong></span> <span class='ocrx_word' id='word_1_20' title='bbox 556 507 666 546; x_wconf 90' lang='lat' dir='ltr'><strong>non</strong></span> <span class='ocrx_word' id='word_1_21' title='bbox 698 491 822 546; x_wconf 85' lang='lat' dir='ltr'><strong>urbi</strong></span> <span class='ocrx_word' id='word_1_22' title='bbox 846 507 876 545; x_wconf 88' lang='lat' dir='ltr'><strong>a</strong></span> <span class='ocrx_word' id='word_1_23' title='bbox 898 492 1060 546; x_wconf 91' lang='lat' dir='ltr'><strong>nobis</strong></span> <span class='ocrx_word' id='word_1_24' title='bbox 1083 491 1395 547; x_wconf 87' lang='lat' dir='ltr'><strong>Theodosia</strong></span> <span class='ocrx_word' id='word_1_25' title='bbox 1424 492 1578 566; x_wconf 86' lang='lat' dir='ltr'><strong>virgo</strong></span> <span class='ocrx_word' id='word_1_26' title='bbox 1873 503 1923 568; x_wconf 78' lang='grc' dir='ltr'><strong>Α</strong></span> <span class='ocrx_word' id='word_1_27' title='bbox 1958 495 2150 551; x_wconf 84' lang='lat' dir='ltr'>Omnia</span> <span class='ocrx_word' id='word_1_28' title='bbox 2178 513 2300 568; x_wconf 64' lang='lat' dir='ltr'><strong>quae</strong></span> <span class='ocrx_word' id='word_1_29' title='bbox 2333 497 2532 553; x_wconf 88' lang='lat' dir='ltr'><strong>virtute</strong></span> <span class='ocrx_word' id='word_1_30' title='bbox 2566 499 2660 553; x_wconf 86' lang='lat' dir='ltr'><strong>Dei</strong></span> <span class='ocrx_word' id='word_1_31' title='bbox 2692 499 2940 571; x_wconf 79' lang='lat' dir='ltr'><strong>disrupta</strong></span> <span class='ocrx_word' id='word_1_32' title='bbox 2971 501 3252 557; x_wconf 78' lang='lat' dir='ltr'><strong>facessunt</strong></span> 
     </span>
    </p>
   </div>
   <div class='ocr_carea' id='block_1_5' title="bbox 255 584 3404 660">
    <p class='ocr_par' dir='ltr' id='par_1_5' title="bbox 255 584 3404 660">
     <span class='ocr_line' id='line_1_5' title="bbox 255 584 3404 660; baseline 0.003 -20"><span class='ocrx_word' id='word_1_33' title='bbox 255 589 479 651; x_wconf 80' lang='lat' dir='ltr'><strong>Constat,</strong></span> <span class='ocrx_word' id='word_1_34' title='bbox 522 585 912 656; x_wconf 82' lang='lat' dir='ltr'><strong>Cappadocum</strong></span> <span class='ocrx_word' id='word_1_35' title='bbox 943 585 1148 658; x_wconf 83' lang='lat' dir='ltr'><strong>legitur</strong></span> <span class='ocrx_word' id='word_1_36' title='bbox 1167 585 1314 656; x_wconf 91' lang='lat' dir='ltr'><strong>quod</strong></span> <span class='ocrx_word' id='word_1_37' title='bbox 1338 584 1522 639; x_wconf 83' lang='lat' dir='ltr'><strong>sidera</strong></span> <span class='ocrx_word' id='word_1_38' title='bbox 1550 593 1708 641; x_wconf 86' lang='lat' dir='ltr'><strong>nacta</strong></span> <span class='ocrx_word' id='word_1_39' title='bbox 1956 585 2202 650; x_wconf 85' lang='lat' dir='ltr'><strong>Vincula,</strong></span> <span class='ocrx_word' id='word_1_40' title='bbox 2223 585 2319 639; x_wconf 90' lang='lat' dir='ltr'><strong>sed</strong></span> <span class='ocrx_word' id='word_1_41' title='bbox 2347 585 2544 641; x_wconf 85' lang='lat' dir='ltr'><strong>vinclis</strong></span> <span class='ocrx_word' id='word_1_42' title='bbox 2572 595 2746 643; x_wconf 94' lang='lat' dir='ltr'><strong>semet</strong></span> <span class='ocrx_word' id='word_1_43' title='bbox 2777 588 2899 643; x_wconf 86' lang='lat' dir='ltr'><strong>sine</strong></span> <span class='ocrx_word' id='word_1_44' title='bbox 2925 591 3196 660; x_wconf 86' lang='lat' dir='ltr'><strong>compede</strong></span> <span class='ocrx_word' id='word_1_45' title='bbox 3225 602 3404 648; x_wconf 78' lang='lat' dir='ltr'><strong>servat</strong></span> 
     </span>
    </p>
   </div>
   <div class='ocr_carea' id='block_1_6' title="bbox 257 674 3294 755">
    <p class='ocr_par' dir='ltr' id='par_1_6' title="bbox 257 674 3294 755">
     <span class='ocr_line' id='line_1_6' title="bbox 257 674 3294 755; baseline -0.001 -18"><span class='ocrx_word' id='word_1_46' title='bbox 257 683 530 737; x_wconf 67' lang='lat' dir='ltr'><strong>Czesanea:</strong></span> <span class='ocrx_word' id='word_1_47' title='bbox 567 681 789 735; x_wconf 90' lang='lat' dir='ltr'><strong>tradunt</strong></span> <span class='ocrx_word' id='word_1_48' title='bbox 816 689 1001 735; x_wconf 89' lang='lat' dir='ltr'><strong>tamen</strong></span> <span class='ocrx_word' id='word_1_49' title='bbox 1032 680 1176 735; x_wconf 87' lang='lat' dir='ltr'><strong>hanc</strong></span> <span class='ocrx_word' id='word_1_50' title='bbox 1206 679 1336 751; x_wconf 86' lang='lat' dir='ltr'><strong>quia</strong></span> <span class='ocrx_word' id='word_1_51' title='bbox 1367 680 1603 751; x_wconf 90' lang='lat' dir='ltr'><strong>plurima</strong></span> <span class='ocrx_word' id='word_1_52' title='bbox 1631 689 1786 755; x_wconf 89' lang='lat' dir='ltr'><strong>gesta</strong></span> <span class='ocrx_word' id='word_1_53' title='bbox 1957 674 2220 748; x_wconf 71' lang='lat' dir='ltr'><strong>Mergitur</strong></span> <span class='ocrx_word' id='word_1_54' title='bbox 2248 674 2376 729; x_wconf 79' lang='lat' dir='ltr'><strong>hinc</strong></span> <span class='ocrx_word' id='word_1_55' title='bbox 2401 675 2535 742; x_wconf 81' lang='lat' dir='ltr'><strong>allO,</strong></span> <span class='ocrx_word' id='word_1_56' title='bbox 2569 692 2768 749; x_wconf 84' lang='lat' dir='ltr'><strong>magna</strong></span> <span class='ocrx_word' id='word_1_57' title='bbox 2785 677 2892 731; x_wconf 89' lang='lat' dir='ltr'><strong>sibi</strong></span> <span class='ocrx_word' id='word_1_58' title='bbox 2926 696 3062 749; x_wconf 91' lang='lat' dir='ltr'><strong>rupe</strong></span> <span class='ocrx_word' id='word_1_59' title='bbox 3095 680 3294 755; x_wconf 88' lang='lat' dir='ltr'><strong>ligata;</strong></span> 
     </span>
    </p>
   </div>
   <div class='ocr_carea' id='block_1_7' title="bbox 256 767 3466 840">
    <p class='ocr_par' dir='ltr' id='par_1_7' title="bbox 256 767 3466 840">
     <span class='ocr_line' id='line_1_7' title="bbox 256 767 3466 840; baseline 0.001 -11"><span class='ocrx_word' id='word_1_60' title='bbox 256 775 497 829; x_wconf 59' lang='lat' dir='ltr'><strong>C&#39;rsarea-r</strong></span> <span class='ocrx_word' id='word_1_61' title='bbox 518 789 642 829; x_wconf 91' lang='lat' dir='ltr'><strong>esse</strong></span> <span class='ocrx_word' id='word_1_62' title='bbox 671 773 984 840; x_wconf 82' lang='lat' dir='ltr'><strong>Palestinae,</strong></span> <span class='ocrx_word' id='word_1_63' title='bbox 1015 788 1354 828; x_wconf 86' lang='lat' dir='ltr'><strong>memorasse</strong></span> <span class='ocrx_word' id='word_1_64' title='bbox 1377 772 1609 829; x_wconf 86' lang='lat' dir='ltr'><strong>videbor</strong></span> <span class='ocrx_word' id='word_1_65' title='bbox 1964 768 2136 832; x_wconf 78' lang='lat' dir='ltr'><strong>Qoam</strong></span> <span class='ocrx_word' id='word_1_66' title='bbox 2162 782 2286 822; x_wconf 78' lang='lat' dir='ltr'><strong>mox</strong></span> <span class='ocrx_word' id='word_1_67' title='bbox 2316 767 2654 824; x_wconf 85' lang='lat' dir='ltr'><strong>incolumem</strong></span> <span class='ocrx_word' id='word_1_68' title='bbox 2685 769 2846 825; x_wconf 89' lang='lat' dir='ltr'><strong>siccis</strong></span> <span class='ocrx_word' id='word_1_69' title='bbox 2877 787 3026 826; x_wconf 89' lang='lat' dir='ltr'><strong>mare</strong></span> <span class='ocrx_word' id='word_1_70' title='bbox 3057 773 3235 828; x_wconf 87' lang='lat' dir='ltr'><strong>reddit</strong></span> <span class='ocrx_word' id='word_1_71' title='bbox 3265 776 3466 833; x_wconf 86' lang='lat' dir='ltr'><strong>arenis.</strong></span> 
     </span>
    </p>
   </div>
   <div class='ocr_carea' id='block_1_8' title="bbox 256 861 3340 938">
    <p class='ocr_par' dir='ltr' id='par_1_8' title="bbox 256 861 3340 938">
     <span class='ocr_line' id='line_1_8' title="bbox 256 861 3340 938; baseline 0.001 -18"><span class='ocrx_word' id='word_1_72' title='bbox 256 868 387 920; x_wconf 88' lang='lat' dir='ltr'><strong>llanc</strong></span> <span class='ocrx_word' id='word_1_73' title='bbox 415 866 500 920; x_wconf 86' lang='lat' dir='ltr'><strong>vel</strong></span> <span class='ocrx_word' id='word_1_74' title='bbox 533 864 645 919; x_wconf 78' lang='lat' dir='ltr'><strong>fine</strong></span> <span class='ocrx_word' id='word_1_75' title='bbox 675 864 824 920; x_wconf 90' lang='lat' dir='ltr'><strong>libri.</strong></span> <span class='ocrx_word' id='word_1_76' title='bbox 858 865 988 930; x_wconf 68' lang='lat' dir='ltr'><strong>Quae</strong></span> <span class='ocrx_word' id='word_1_77' title='bbox 1017 864 1434 921; x_wconf 89' lang='lat' dir='ltr'><strong>confessoribus</strong></span> <span class='ocrx_word' id='word_1_78' title='bbox 1462 865 1608 920; x_wconf 86' lang='lat' dir='ltr'><strong>ultro</strong></span> <span class='ocrx_word' id='word_1_79' title='bbox 1965 861 2389 936; x_wconf 85' lang='lat' dir='ltr'><strong>Snbrigiturque</strong></span> <span class='ocrx_word' id='word_1_80' title='bbox 2419 861 2571 927; x_wconf 87' lang='lat' dir='ltr'><strong>feris,</strong></span> <span class='ocrx_word' id='word_1_81' title='bbox 2605 861 2776 916; x_wconf 67' lang='lat' dir='ltr'><strong>illzesa</strong></span> <span class='ocrx_word' id='word_1_82' title='bbox 2806 863 2904 917; x_wconf 91' lang='lat' dir='ltr'><strong>sed</strong></span> <span class='ocrx_word' id='word_1_83' title='bbox 2935 863 3045 918; x_wconf 83' lang='lat' dir='ltr'><strong>exit</strong></span> <span class='ocrx_word' id='word_1_84' title='bbox 3074 864 3143 918; x_wconf 89' lang='lat' dir='ltr'><strong>ab</strong></span> <span class='ocrx_word' id='word_1_85' title='bbox 3184 866 3340 938; x_wconf 83' lang='lat' dir='ltr'><strong>ipsis,</strong></span> 
     </span>
    </p>
   </div>
   <div class='ocr_carea' id='block_1_9' title="bbox 256 951 3478 1033">
    <p class='ocr_par' dir='ltr' id='par_1_9' title="bbox 256 951 3478 1033">
     <span class='ocr_line' id='line_1_9' title="bbox 256 951 3478 1033; baseline 0.001 -21"><span class='ocrx_word' id='word_1_86' title='bbox 256 960 318 1012; x_wconf 75' lang='lat' dir='ltr'><strong>Se</strong></span> <span class='ocrx_word' id='word_1_87' title='bbox 352 957 566 1012; x_wconf 90' lang='lat' dir='ltr'><strong>socians</strong></span> <span class='ocrx_word' id='word_1_88' title='bbox 595 955 819 1025; x_wconf 89' lang='lat' dir='ltr'><strong>Christi,</strong></span> <span class='ocrx_word' id='word_1_89' title='bbox 851 955 954 1010; x_wconf 92' lang='lat' dir='ltr'><strong>sdb</strong></span> <span class='ocrx_word' id='word_1_90' title='bbox 975 956 1127 1012; x_wconf 67' lang='lat' dir='ltr'><strong>caede</strong></span> <span class='ocrx_word' id='word_1_91' title='bbox 1155 955 1480 1011; x_wconf 87' lang='lat' dir='ltr'><strong>Diocletiani</strong></span> <span class='ocrx_word' id='word_1_92' title='bbox 1888 1014 1909 1033; x_wconf 51' lang='grc'><em>³</em></span> <span class='ocrx_word' id='word_1_93' title='bbox 1967 953 2121 1017; x_wconf 87' lang='lat' dir='ltr'><strong>Quod</strong></span> <span class='ocrx_word' id='word_1_94' title='bbox 2152 970 2302 1009; x_wconf 87' lang='lat' dir='ltr'><strong>mare</strong></span> <span class='ocrx_word' id='word_1_95' title='bbox 2327 953 2587 1026; x_wconf 87' lang='lat' dir='ltr'><strong>quodque</strong></span> <span class='ocrx_word' id='word_1_96' title='bbox 2621 951 2748 1007; x_wconf 69' lang='lat' dir='ltr'><strong>ferte</strong></span> <span class='ocrx_word' id='word_1_97' title='bbox 2778 952 2953 1008; x_wconf 82' lang='lat' dir='ltr'><strong>vitant</strong></span> <span class='ocrx_word' id='word_1_98' title='bbox 2983 953 3226 1024; x_wconf 88' lang='lat' dir='ltr'><strong>explere,</strong></span> <span class='ocrx_word' id='word_1_99' title='bbox 3258 960 3478 1015; x_wconf 89' lang='lat' dir='ltr'><strong>satelles</strong></span> 
     </span>
    </p>
   </div>
   <div class='ocr_carea' id='block_1_10' title="bbox 256 1041 3341 1119">
    <p class='ocr_par' dir='ltr' id='par_1_10' title="bbox 256 1041 3341 1119">
     <span class='ocr_line' id='line_1_10' title="bbox 256 1041 3341 1119; baseline 0 -19"><span class='ocrx_word' id='word_1_100' title='bbox 256 1047 370 1100; x_wconf 88' lang='lat' dir='ltr'><strong>Octo</strong></span> <span class='ocrx_word' id='word_1_101' title='bbox 389 1045 696 1116; x_wconf 88' lang='lat' dir='ltr'><strong>decemque</strong></span> <span class='ocrx_word' id='word_1_102' title='bbox 726 1059 926 1119; x_wconf 80' lang='lat' dir='ltr'><strong>gerens</strong></span> <span class='ocrx_word' id='word_1_103' title='bbox 951 1043 1150 1098; x_wconf 82' lang='lat' dir='ltr'><strong>caelebs</strong></span> <span class='ocrx_word' id='word_1_104' title='bbox 1189 1043 1425 1099; x_wconf 86' lang='lat' dir='ltr'><strong>feliciter</strong></span> <span class='ocrx_word' id='word_1_105' title='bbox 1454 1059 1649 1111; x_wconf 89' lang='lat' dir='ltr'><strong>annos,</strong></span> <span class='ocrx_word' id='word_1_106' title='bbox 1970 1043 2207 1098; x_wconf 82' lang='lat' dir='ltr'><strong>Funesto</strong></span> <span class='ocrx_word' id='word_1_107' title='bbox 2236 1052 2493 1114; x_wconf 90' lang='lat' dir='ltr'><strong>pr0perat</strong></span> <span class='ocrx_word' id='word_1_108' title='bbox 2518 1041 2727 1117; x_wconf 91' lang='lat' dir='ltr'><strong>gladio,</strong></span> <span class='ocrx_word' id='word_1_109' title='bbox 2761 1059 2923 1113; x_wconf 83' lang='lat' dir='ltr'><strong>quem</strong></span> <span class='ocrx_word' id='word_1_110' title='bbox 2958 1043 3081 1098; x_wconf 84' lang='lat' dir='ltr'><strong>laeta</strong></span> <span class='ocrx_word' id='word_1_111' title='bbox 3102 1046 3341 1116; x_wconf 89' lang='lat' dir='ltr'><strong>recepit:</strong></span> 
     </span>
    </p>
   </div>
   <div class='ocr_carea' id='block_1_11' title="bbox 256 1131 3388 1208">
    <p class='ocr_par' dir='ltr' id='par_1_11' title="bbox 256 1131 3388 1208">
     <span class='ocr_line' id='line_1_11' title="bbox 256 1131 3388 1208; baseline 0.002 -21"><span class='ocrx_word' id='word_1_112' title='bbox 256 1135 407 1188; x_wconf 89' lang='lat' dir='ltr'><strong>Tenta</strong></span> <span class='ocrx_word' id='word_1_113' title='bbox 439 1141 495 1188; x_wconf 78' lang='lat' dir='ltr'><strong>at</strong></span> <span class='ocrx_word' id='word_1_114' title='bbox 515 1133 584 1186; x_wconf 90' lang='lat' dir='ltr'><strong>ab</strong></span> <span class='ocrx_word' id='word_1_115' title='bbox 607 1131 824 1187; x_wconf 90' lang='lat' dir='ltr'><strong>Urbano</strong></span> <span class='ocrx_word' id='word_1_116' title='bbox 858 1131 1138 1202; x_wconf 64' lang='lat' dir='ltr'><strong>praefecto,</strong></span> <span class='ocrx_word' id='word_1_117' title='bbox 1160 1131 1393 1187; x_wconf 81' lang='lat' dir='ltr'><strong>verbere</strong></span> <span class='ocrx_word' id='word_1_118' title='bbox 1419 1147 1578 1198; x_wconf 63' lang='lat' dir='ltr'><strong>caesa,</strong></span> <span class='ocrx_word' id='word_1_119' title='bbox 1969 1131 2402 1203; x_wconf 87' lang='lat' dir='ltr'><strong>Ultroncumqne</strong></span> <span class='ocrx_word' id='word_1_120' title='bbox 2429 1131 2620 1186; x_wconf 89' lang='lat' dir='ltr'><strong>hilaris</strong></span> <span class='ocrx_word' id='word_1_121' title='bbox 2645 1131 2836 1187; x_wconf 78' lang='lat' dir='ltr'><strong>victrix</strong></span> <span class='ocrx_word' id='word_1_122' title='bbox 2867 1131 3120 1204; x_wconf 83' lang='lat' dir='ltr'><strong>implevit</strong></span> <span class='ocrx_word' id='word_1_123' title='bbox 3157 1152 3388 1208; x_wconf 82' lang='lat' dir='ltr'><strong>agonem</strong></span> 
     </span>
    </p>
   </div>
   <div class='ocr_carea' id='block_1_12' title="bbox 258 1220 3380 1297">
    <p class='ocr_par' dir='ltr' id='par_1_12' title="bbox 258 1220 3380 1297">
     <span class='ocr_line' id='line_1_12' title="bbox 258 1220 3380 1297; baseline 0.001 -20"><span class='ocrx_word' id='word_1_124' title='bbox 258 1222 488 1294; x_wconf 89' lang='lat' dir='ltr'><strong>Equuleo</strong></span> <span class='ocrx_word' id='word_1_125' title='bbox 507 1236 798 1292; x_wconf 88' lang='lat' dir='ltr'><strong>suspensa,</strong></span> <span class='ocrx_word' id='word_1_126' title='bbox 830 1220 968 1276; x_wconf 90' lang='lat' dir='ltr'><strong>truci</strong></span> <span class='ocrx_word' id='word_1_127' title='bbox 999 1220 1242 1276; x_wconf 90' lang='lat' dir='ltr'><strong>cruciata</strong></span> <span class='ocrx_word' id='word_1_128' title='bbox 1269 1220 1471 1292; x_wconf 90' lang='lat' dir='ltr'><strong>rigore,</strong></span> <span class='ocrx_word' id='word_1_129' title='bbox 1965 1221 2102 1277; x_wconf 80' lang='lat' dir='ltr'><strong>Ante</strong></span> <span class='ocrx_word' id='word_1_130' title='bbox 2124 1223 2383 1278; x_wconf 86' lang='lat' dir='ltr'><strong>thronum</strong></span> <span class='ocrx_word' id='word_1_131' title='bbox 2415 1222 2612 1294; x_wconf 91' lang='lat' dir='ltr'><strong>Sponsi</strong></span> <span class='ocrx_word' id='word_1_132' title='bbox 2648 1221 2892 1278; x_wconf 86' lang='lat' dir='ltr'><strong>referens</strong></span> <span class='ocrx_word' id='word_1_133' title='bbox 2922 1223 3125 1280; x_wconf 86' lang='lat' dir='ltr'><strong>festina</strong></span> <span class='ocrx_word' id='word_1_134' title='bbox 3157 1232 3380 1297; x_wconf 64' lang='lat' dir='ltr'><strong>tropaaa.</strong></span> 
     </span>
    </p>
   </div>
   <div class='ocr_carea' id='block_1_13' title="bbox 258 1311 1532 1380">
    <p class='ocr_par' dir='ltr' id='par_1_13' title="bbox 258 1311 1532 1380">
     <span class='ocr_line' id='line_1_13' title="bbox 258 1311 1532 1380; baseline -0.003 -10"><span class='ocrx_word' id='word_1_135' title='bbox 258 1315 471 1370; x_wconf 87' lang='lat' dir='ltr'><strong>Carcere</strong></span> <span class='ocrx_word' id='word_1_136' title='bbox 501 1315 557 1368; x_wconf 91' lang='lat' dir='ltr'><strong>in</strong></span> <span class='ocrx_word' id='word_1_137' title='bbox 583 1314 843 1379; x_wconf 87' lang='lat' dir='ltr'><strong>obscuro,</strong></span> <span class='ocrx_word' id='word_1_138' title='bbox 872 1312 1017 1368; x_wconf 88' lang='lat' dir='ltr'><strong>ferro</strong></span> <span class='ocrx_word' id='word_1_139' title='bbox 1034 1311 1272 1368; x_wconf 85' lang='lat' dir='ltr'><strong>vincitur</strong></span> <span class='ocrx_word' id='word_1_140' title='bbox 1301 1319 1532 1380; x_wconf 83' lang='lat' dir='ltr'><strong>onusta;</strong></span> 
     </span>
    </p>
   </div>
   <div class='ocr_carea' id='block_1_14' title="bbox 625 1653 3208 1807">
    <p class='ocr_par' dir='ltr' id='par_1_14' title="bbox 625 1653 3208 1807">
     <span class='ocr_line' id='line_1_14' title="bbox 625 1653 3208 1807; baseline 0.001 -4"><span class='ocrx_word' id='word_1_141' title='bbox 625 1657 758 1803; x_wconf 77' lang='grc' dir='ltr'><strong>ΒΕ</strong></span> <span class='ocrx_word' id='word_1_142' title='bbox 872 1653 1450 1805; x_wconf 81' lang='lat' dir='ltr'><strong>TRIUMPHIS</strong></span> <span class='ocrx_word' id='word_1_143' title='bbox 1571 1653 1996 1802; x_wconf 78' lang='lat' dir='ltr'><strong>CHRISTI</strong></span> <span class='ocrx_word' id='word_1_144' title='bbox 2106 1653 2722 1806; x_wconf 74' lang='lat' dir='ltr'><strong>ANTIOCHMI</strong></span> <span class='ocrx_word' id='word_1_145' title='bbox 2850 1657 3208 1807; x_wconf 80' lang='lat' dir='ltr'><strong>GESTIS</strong></span> 
     </span>
    </p>
   </div>
   <div class='ocr_carea' id='block_1_15' title="bbox 1582 1950 2264 2053">
    <p class='ocr_par' dir='ltr' id='par_1_15' title="bbox 1582 1950 2264 2053">
     <span class='ocr_line' id='line_1_15' title="bbox 1582 1950 2264 2053; baseline 0.009 -5"><span class='ocrx_word' id='word_1_146' title='bbox 1582 1950 1925 2050; x_wconf 80' lang='lat' dir='ltr'><strong>LIBRI</strong></span> <span class='ocrx_word' id='word_1_147' title='bbox 2001 1955 2264 2053; x_wconf 87' lang='lat' dir='ltr'><strong>DUO</strong></span> 
     </span>
    </p>
   </div>
   <div class='ocr_carea' id='block_1_16' title="bbox 909 2289 2924 2404">
    <p class='ocr_par' dir='ltr' id='par_1_16' title="bbox 909 2289 2924 2404">
     <span class='ocr_line' id='line_1_16' title="bbox 909 2289 2924 2404; baseline 0.001 -29"><span class='ocrx_word' id='word_1_148' title='bbox 909 2289 1530 2377; x_wconf 56' lang='lat' dir='ltr'><strong>PRJEFATIO</strong></span> <span class='ocrx_word' id='word_1_149' title='bbox 1592 2290 2242 2404; x_wconf 82' lang='lat' dir='ltr'><strong>SEQUENTIS</strong></span> <span class='ocrx_word' id='word_1_150' title='bbox 2310 2289 2924 2379; x_wconf 88' lang='lat' dir='ltr'><strong>OPUSCULI.</strong></span> 
     </span>
    </p>
   </div>
   <div class='ocr_carea' id='block_1_17' title="bbox 356 2647 3157 2724">
    <p class='ocr_par' dir='ltr' id='par_1_17' title="bbox 356 2647 3157 2724">
     <span class='ocr_line' id='line_1_17' title="bbox 356 2647 3157 2724; baseline 0.001 -22"><span class='ocrx_word' id='word_1_151' title='bbox 356 2647 646 2719; x_wconf 90' lang='lat' dir='ltr'><strong>Temporis</strong></span> <span class='ocrx_word' id='word_1_152' title='bbox 674 2647 1130 2720; x_wconf 60' lang='lat' dir='ltr'><strong>prisciproceres</strong></span> <span class='ocrx_word' id='word_1_153' title='bbox 1163 2647 1481 2702; x_wconf 90' lang='lat' dir='ltr'><strong>Damascum</strong></span> <span class='ocrx_word' id='word_1_154' title='bbox 1898 2655 1950 2721; x_wconf 72' lang='grc' dir='ltr'><strong>Β</strong></span> <span class='ocrx_word' id='word_1_155' title='bbox 2080 2649 2221 2704; x_wconf 87' lang='lat' dir='ltr'><strong>Tum</strong></span> <span class='ocrx_word' id='word_1_156' title='bbox 2248 2649 2398 2705; x_wconf 86' lang='lat' dir='ltr'><strong>ferax</strong></span> <span class='ocrx_word' id='word_1_157' title='bbox 2429 2667 2745 2707; x_wconf 88' lang='lat' dir='ltr'><strong>accrescere</strong></span> <span class='ocrx_word' id='word_1_158' title='bbox 2775 2653 3157 2724; x_wconf 66' lang='lat' dir='ltr'><strong>praeminentis</strong></span> 
     </span>
    </p>
   </div>
   <div class='ocr_carea' id='block_1_18' title="bbox 356 2736 3007 2820">
    <p class='ocr_par' dir='ltr' id='par_1_18' title="bbox 356 2736 3007 2820">
     <span class='ocr_line' id='line_1_18' title="bbox 356 2736 3007 2820; baseline 0.003 -28"><span class='ocrx_word' id='word_1_159' title='bbox 356 2738 618 2792; x_wconf 87' lang='lat' dir='ltr'><strong>Dixerant</strong></span> <span class='ocrx_word' id='word_1_160' title='bbox 659 2737 875 2792; x_wconf 90' lang='lat' dir='ltr'><strong>culmen</strong></span> <span class='ocrx_word' id='word_1_161' title='bbox 905 2736 1096 2806; x_wconf 73' lang='lat' dir='ltr'><strong>Syrize,</strong></span> <span class='ocrx_word' id='word_1_162' title='bbox 1130 2744 1408 2808; x_wconf 84' lang='lat' dir='ltr'><strong>caputque</strong></span> <span class='ocrx_word' id='word_1_163' title='bbox 2083 2744 2269 2800; x_wconf 88' lang='lat' dir='ltr'><strong>Tritici</strong></span> <span class='ocrx_word' id='word_1_164' title='bbox 2297 2745 2474 2820; x_wconf 83' lang='lat' dir='ltr'><strong>surgit</strong></span> <span class='ocrx_word' id='word_1_165' title='bbox 2502 2762 2684 2820; x_wconf 85' lang='lat' dir='ltr'><strong>seges,</strong></span> <span class='ocrx_word' id='word_1_166' title='bbox 2715 2763 2777 2801; x_wconf 93' lang='lat' dir='ltr'><strong>ac</strong></span> <span class='ocrx_word' id='word_1_167' title='bbox 2801 2746 3007 2802; x_wconf 87' lang='lat' dir='ltr'><strong>referre</strong></span> 
     </span>
    </p>
   </div>
   <div class='ocr_carea' id='block_1_19' title="bbox 354 2825 1918 2906">
    <p class='ocr_par' dir='ltr' id='par_1_19' title="bbox 354 2825 1367 2880">
     <span class='ocr_line' id='line_1_19' title="bbox 354 2825 1367 2880; baseline 0 -2"><span class='ocrx_word' id='word_1_168' title='bbox 354 2825 533 2879; x_wconf 86' lang='lat' dir='ltr'><strong>Patris</strong></span> <span class='ocrx_word' id='word_1_169' title='bbox 564 2825 796 2880; x_wconf 65' lang='lat' dir='ltr'><strong>Abrahae</strong></span> <span class='ocrx_word' id='word_1_170' title='bbox 825 2825 1086 2880; x_wconf 88' lang='lat' dir='ltr'><strong>Chanami</strong></span> <span class='ocrx_word' id='word_1_171' title='bbox 1119 2833 1367 2880; x_wconf 87' lang='lat' dir='ltr'><strong>vccatam</strong></span> 
     </span>
    </p>
   </div>
   <div class='ocr_carea' id='block_1_20' title="bbox 1528 2825 3092 2906">
    <p class='ocr_par' dir='ltr' id='par_1_20' title="bbox 2084 2835 3092 2906">
     <span class='ocr_line' id='line_1_20' title="bbox 2084 2835 3092 2906; baseline 0.002 -16"><span class='ocrx_word' id='word_1_172' title='bbox 2084 2835 2414 2906; x_wconf 85' lang='lat' dir='ltr'><strong>Centuplum</strong></span> <span class='ocrx_word' id='word_1_173' title='bbox 2444 2835 2600 2890; x_wconf 71' lang='lat' dir='ltr'><strong>oculis</strong></span> <span class='ocrx_word' id='word_1_174' title='bbox 2630 2836 2905 2906; x_wconf 87' lang='lat' dir='ltr'><strong>patienter</strong></span> <span class='ocrx_word' id='word_1_175' title='bbox 2933 2847 3092 2892; x_wconf 87' lang='lat' dir='ltr'><strong>aucto</strong></span> 
     </span>
    </p>
   </div>
   <div class='ocr_carea' id='block_1_21' title="bbox 574 2921 2818 2997">
    <p class='ocr_par' dir='ltr' id='par_1_21' title="bbox 574 2921 2818 2997">
     <span class='ocr_line' id='line_1_21' title="bbox 574 2921 2818 2997; baseline 0.002 -23"><span class='ocrx_word' id='word_1_176' title='bbox 574 2921 731 2975; x_wconf 90' lang='lat' dir='ltr'><strong>Prole</strong></span> <span class='ocrx_word' id='word_1_177' title='bbox 761 2921 1104 2976; x_wconf 90' lang='lat' dir='ltr'><strong>Damascum.</strong></span> <span class='ocrx_word' id='word_1_178' title='bbox 2301 2923 2528 2997; x_wconf 82' lang='lat' dir='ltr'><strong>Mergite</strong></span> <span class='ocrx_word' id='word_1_179' title='bbox 2558 2923 2818 2979; x_wconf 91' lang='lat' dir='ltr'><strong>fructum.</strong></span> 
     </span>
    </p>
   </div>
   <div class='ocr_carea' id='block_1_22' title="bbox 361 3008 2944 3086">
    <p class='ocr_par' dir='ltr' id='par_1_22' title="bbox 361 3008 2944 3086">
     <span class='ocr_line' id='line_1_22' title="bbox 361 3008 2944 3086; baseline 0.005 -25"><span class='ocrx_word' id='word_1_180' title='bbox 361 3008 537 3063; x_wconf 85' lang='lat' dir='ltr'><strong>Cessit</strong></span> <span class='ocrx_word' id='word_1_181' title='bbox 567 3015 620 3061; x_wconf 91' lang='lat' dir='ltr'><strong>at</strong></span> <span class='ocrx_word' id='word_1_182' title='bbox 650 3016 941 3080; x_wconf 86' lang='lat' dir='ltr'><strong>postquam</strong></span> <span class='ocrx_word' id='word_1_183' title='bbox 971 3009 1140 3080; x_wconf 90' lang='lat' dir='ltr'><strong>patris</strong></span> <span class='ocrx_word' id='word_1_184' title='bbox 1166 3008 1449 3065; x_wconf 89' lang='lat' dir='ltr'><strong>aSeleuco</strong></span> <span class='ocrx_word' id='word_1_185' title='bbox 2085 3015 2324 3086; x_wconf 89' lang='lat' dir='ltr'><strong>Spiritus</strong></span> <span class='ocrx_word' id='word_1_186' title='bbox 2354 3016 2530 3071; x_wconf 89' lang='lat' dir='ltr'><strong>sancti</strong></span> <span class='ocrx_word' id='word_1_187' title='bbox 2559 3017 2767 3072; x_wconf 87' lang='lat' dir='ltr'><strong>radiata</strong></span> <span class='ocrx_word' id='word_1_188' title='bbox 2801 3017 2944 3084; x_wconf 87' lang='lat' dir='ltr'><strong>luce,</strong></span> 
     </span>
    </p>
   </div>
   <div class='ocr_carea' id='block_1_23' title="bbox 362 3097 3131 3170">
    <p class='ocr_par' dir='ltr' id='par_1_23' title="bbox 362 3097 3131 3170">
     <span class='ocr_line' id='line_1_23' title="bbox 362 3097 3131 3170; baseline 0.004 -19"><span class='ocrx_word' id='word_1_189' title='bbox 362 3097 571 3152; x_wconf 84' lang='lat' dir='ltr'><strong>Civitas</strong></span> <span class='ocrx_word' id='word_1_190' title='bbox 590 3106 674 3153; x_wconf 90' lang='lat' dir='ltr'><strong>est</strong></span> <span class='ocrx_word' id='word_1_191' title='bbox 692 3099 944 3154; x_wconf 78' lang='lat' dir='ltr'><strong>Antiochi</strong></span> <span class='ocrx_word' id='word_1_192' title='bbox 969 3099 1167 3154; x_wconf 90' lang='lat' dir='ltr'><strong>decore</strong></span> <span class='ocrx_word' id='word_1_193' title='bbox 2089 3104 2314 3158; x_wconf 89' lang='lat' dir='ltr'><strong>lntuens</strong></span> <span class='ocrx_word' id='word_1_194' title='bbox 2346 3111 2458 3159; x_wconf 91' lang='lat' dir='ltr'><strong>toto</strong></span> <span class='ocrx_word' id='word_1_195' title='bbox 2481 3104 2615 3160; x_wconf 87' lang='lat' dir='ltr'><strong>orbe</strong></span> <span class='ocrx_word' id='word_1_196' title='bbox 2646 3106 2846 3160; x_wconf 92' lang='lat' dir='ltr'><strong>famem</strong></span> <span class='ocrx_word' id='word_1_197' title='bbox 2867 3106 3131 3170; x_wconf 81' lang='lat' dir='ltr'><strong>futuram,</strong></span> 
     </span>
    </p>
   </div>
   <div class='ocr_carea' id='block_1_24' title="bbox 359 3190 3089 3266">
    <p class='ocr_par' dir='ltr' id='par_1_24' title="bbox 359 3190 3089 3266">
     <span class='ocr_line' id='line_1_24' title="bbox 359 3190 3089 3266; baseline 0.001 -22"><span class='ocrx_word' id='word_1_198' title='bbox 359 3190 604 3258; x_wconf 87' lang='lat' dir='ltr'><strong>Structa,</strong></span> <span class='ocrx_word' id='word_1_199' title='bbox 636 3207 799 3263; x_wconf 90' lang='lat' dir='ltr'><strong>quam</strong></span> <span class='ocrx_word' id='word_1_200' title='bbox 833 3200 1044 3246; x_wconf 71' lang='lat' dir='ltr'><strong>cuncta:</strong></span> <span class='ocrx_word' id='word_1_201' title='bbox 1076 3191 1245 3263; x_wconf 61' lang='lat' dir='ltr'><strong>Syriae</strong></span> <span class='ocrx_word' id='word_1_202' title='bbox 1275 3191 1521 3246; x_wconf 90' lang='lat' dir='ltr'><strong>eminere</strong></span> <span class='ocrx_word' id='word_1_203' title='bbox 2089 3191 2318 3247; x_wconf 86' lang='lat' dir='ltr'><strong>Fertilcs</strong></span> <span class='ocrx_word' id='word_1_204' title='bbox 2347 3201 2522 3248; x_wconf 88' lang='lat' dir='ltr'><strong>certat</strong></span> <span class='ocrx_word' id='word_1_205' title='bbox 2552 3194 2812 3249; x_wconf 90' lang='lat' dir='ltr'><strong>Solimam</strong></span> <span class='ocrx_word' id='word_1_206' title='bbox 2838 3196 3089 3266; x_wconf 85' lang='lat' dir='ltr'><strong>patronis</strong></span> 
     </span>
    </p>
   </div>
   <div class='ocr_carea' id='block_1_25' title="bbox 578 3282 2789 3354">
    <p class='ocr_par' dir='ltr' id='par_1_25' title="bbox 578 3282 2789 3354">
     <span class='ocr_line' id='line_1_25' title="bbox 578 3282 2789 3354; baseline -0.002 -14"><span class='ocrx_word' id='word_1_207' title='bbox 578 3285 765 3342; x_wconf 82' lang='lat' dir='ltr'><strong>Maluit</strong></span> <span class='ocrx_word' id='word_1_208' title='bbox 795 3294 1006 3343; x_wconf 91' lang='lat' dir='ltr'><strong>auctor.</strong></span> <span class='ocrx_word' id='word_1_209' title='bbox 2306 3282 2469 3336; x_wconf 89' lang='lat' dir='ltr'><strong>Ferrc</strong></span> <span class='ocrx_word' id='word_1_210' title='bbox 2492 3282 2789 3354; x_wconf 89' lang='lat' dir='ltr'><strong>maniplos.</strong></span> 
     </span>
    </p>
   </div>
   <div class='ocr_carea' id='block_1_26' title="bbox 359 3369 3261 3449">
    <p class='ocr_par' dir='ltr' id='par_1_26' title="bbox 359 3369 3261 3449">
     <span class='ocr_line' id='line_1_26' title="bbox 359 3369 3261 3449; baseline -0 -18"><span class='ocrx_word' id='word_1_211' title='bbox 359 3377 551 3449; x_wconf 87' lang='lat' dir='ltr'><strong>Nuper</strong></span> <span class='ocrx_word' id='word_1_212' title='bbox 578 3378 688 3432; x_wconf 91' lang='lat' dir='ltr'><strong>huc</strong></span> <span class='ocrx_word' id='word_1_213' title='bbox 716 3378 912 3434; x_wconf 85' lang='lat' dir='ltr'><strong>Christi</strong></span> <span class='ocrx_word' id='word_1_214' title='bbox 951 3379 1138 3432; x_wconf 83' lang='lat' dir='ltr'><strong>famuli</strong></span> <span class='ocrx_word' id='word_1_215' title='bbox 1172 3379 1422 3434; x_wconf 84' lang='lat' dir='ltr'><strong>feruntur</strong></span> <span class='ocrx_word' id='word_1_216' title='bbox 2088 3369 2221 3424; x_wconf 88' lang='lat' dir='ltr'><strong>Nam</strong></span> <span class='ocrx_word' id='word_1_217' title='bbox 2254 3371 2562 3442; x_wconf 54' lang='lat' dir='ltr'><strong>prophetia</strong></span> <span class='ocrx_word' id='word_1_218' title='bbox 2589 3388 2816 3444; x_wconf 87' lang='lat' dir='ltr'><strong>quoque</strong></span> <span class='ocrx_word' id='word_1_219' title='bbox 2846 3373 2992 3428; x_wconf 85' lang='lat' dir='ltr'><strong>dona</strong></span> <span class='ocrx_word' id='word_1_220' title='bbox 3025 3374 3261 3445; x_wconf 86' lang='lat' dir='ltr'><strong>sumpsit</strong></span> 
     </span>
    </p>
   </div>
   <div class='ocr_carea' id='block_1_27' title="bbox 359 3461 3127 3540">
    <p class='ocr_par' dir='ltr' id='par_1_27' title="bbox 359 3461 3127 3540">
     <span class='ocr_line' id='line_1_27' title="bbox 359 3461 3127 3540; baseline -0.001 -16"><span class='ocrx_word' id='word_1_221' title='bbox 359 3469 564 3524; x_wconf 87' lang='lat' dir='ltr'><strong>Territi</strong></span> <span class='ocrx_word' id='word_1_222' title='bbox 594 3469 771 3540; x_wconf 88' lang='lat' dir='ltr'><strong>prima</strong></span> <span class='ocrx_word' id='word_1_223' title='bbox 790 3470 1149 3526; x_wconf 87' lang='lat' dir='ltr'><strong>tribulatione</strong></span> <span class='ocrx_word' id='word_1_224' title='bbox 2090 3461 2331 3517; x_wconf 88' lang='lat' dir='ltr'><strong>Muneris</strong></span> <span class='ocrx_word' id='word_1_225' title='bbox 2361 3463 2716 3532; x_wconf 90' lang='lat' dir='ltr'><strong>charismate,</strong></span> <span class='ocrx_word' id='word_1_226' title='bbox 2750 3480 2878 3536; x_wconf 92' lang='lat' dir='ltr'><strong>quo,</strong></span> <span class='ocrx_word' id='word_1_227' title='bbox 2915 3464 3127 3521; x_wconf 89' lang='lat' dir='ltr'><strong>tributo</strong></span> 
     </span>
    </p>
   </div>
   <div class='ocr_carea' id='block_1_28' title="bbox 357 3553 3029 3632">
    <p class='ocr_par' dir='ltr' id='par_1_28' title="bbox 357 3553 3029 3632">
     <span class='ocr_line' id='line_1_28' title="bbox 357 3553 3029 3632; baseline -0.001 -18"><span class='ocrx_word' id='word_1_228' title='bbox 357 3561 473 3625; x_wconf 79' lang='lat' dir='ltr'><strong>Qua</strong></span> <span class='ocrx_word' id='word_1_229' title='bbox 517 3560 667 3630; x_wconf 90' lang='lat' dir='ltr'><strong>pium</strong></span> <span class='ocrx_word' id='word_1_230' title='bbox 699 3566 911 3615; x_wconf 90' lang='lat' dir='ltr'><strong>constat</strong></span> <span class='ocrx_word' id='word_1_231' title='bbox 931 3560 1272 3632; x_wconf 88' lang='lat' dir='ltr'><strong>Stephanum</strong></span> <span class='ocrx_word' id='word_1_232' title='bbox 1306 3569 1538 3615; x_wconf 90' lang='lat' dir='ltr'><strong>cruento</strong></span> <span class='ocrx_word' id='word_1_233' title='bbox 2093 3553 2386 3625; x_wconf 88' lang='lat' dir='ltr'><strong>Gentibus,</strong></span> <span class='ocrx_word' id='word_1_234' title='bbox 2414 3555 2604 3611; x_wconf 71' lang='lat' dir='ltr'><strong>Iudaea</strong></span> <span class='ocrx_word' id='word_1_235' title='bbox 2633 3566 2801 3625; x_wconf 90' lang='lat' dir='ltr'><strong>caret,</strong></span> <span class='ocrx_word' id='word_1_236' title='bbox 2834 3557 3029 3613; x_wconf 89' lang='lat' dir='ltr'><strong>salutis</strong></span> 
     </span>
    </p>
   </div>
   <div class='ocr_carea' id='block_1_29' title="bbox 582 3647 2731 3726">
    <p class='ocr_par' dir='ltr' id='par_1_29' title="bbox 582 3647 2731 3726">
     <span class='ocr_line' id='line_1_29' title="bbox 582 3647 2731 3726; baseline -0.003 -16"><span class='ocrx_word' id='word_1_237' title='bbox 582 3656 861 3710; x_wconf 87' lang='lat' dir='ltr'><strong>Grandine</strong></span> <span class='ocrx_word' id='word_1_238' title='bbox 891 3672 1167 3726; x_wconf 91' lang='lat' dir='ltr'><strong>pressum.</strong></span> <span class='ocrx_word' id='word_1_239' title='bbox 2311 3647 2481 3703; x_wconf 87' lang='lat' dir='ltr'><strong>Fonte</strong></span> <span class='ocrx_word' id='word_1_240' title='bbox 2510 3659 2731 3724; x_wconf 90' lang='lat' dir='ltr'><strong>negato.</strong></span> 
     </span>
    </p>
   </div>
   <div class='ocr_carea' id='block_1_30' title="bbox 359 3739 3077 3821">
    <p class='ocr_par' dir='ltr' id='par_1_30' title="bbox 359 3739 3077 3821">
     <span class='ocr_line' id='line_1_30' title="bbox 359 3739 3077 3821; baseline -0.003 -21"><span class='ocrx_word' id='word_1_241' title='bbox 359 3747 498 3802; x_wconf 84' lang='lat' dir='ltr'><strong>Hinc</strong></span> <span class='ocrx_word' id='word_1_242' title='bbox 519 3746 611 3801; x_wconf 86' lang='lat' dir='ltr'><strong>via</strong></span> <span class='ocrx_word' id='word_1_243' title='bbox 644 3746 786 3802; x_wconf 89' lang='lat' dir='ltr'><strong>facta</strong></span> <span class='ocrx_word' id='word_1_244' title='bbox 815 3747 993 3821; x_wconf 81' lang='lat' dir='ltr'><strong>geruli</strong></span> <span class='ocrx_word' id='word_1_245' title='bbox 1027 3748 1221 3802; x_wconf 79' lang='lat' dir='ltr'><strong>fideles</strong></span> <span class='ocrx_word' id='word_1_246' title='bbox 2094 3739 2238 3794; x_wconf 87' lang='lat' dir='ltr'><strong>Urbe</strong></span> <span class='ocrx_word' id='word_1_247' title='bbox 2264 3757 2372 3810; x_wconf 88' lang='lat' dir='ltr'><strong>pua</strong></span> <span class='ocrx_word' id='word_1_248' title='bbox 2397 3741 2700 3794; x_wconf 87' lang='lat' dir='ltr'><strong>certamina</strong></span> <span class='ocrx_word' id='word_1_249' title='bbox 2729 3749 2858 3796; x_wconf 90' lang='lat' dir='ltr'><strong>sunt</strong></span> <span class='ocrx_word' id='word_1_250' title='bbox 2888 3741 3077 3796; x_wconf 85' lang='lat' dir='ltr'><strong>labore</strong></span> 
     </span>
    </p>
   </div>
   <div class='ocr_carea' id='block_1_31' title="bbox 355 3828 2936 3899">
    <p class='ocr_par' dir='ltr' id='par_1_31' title="bbox 355 3828 2936 3899">
     <span class='ocr_line' id='line_1_31' title="bbox 355 3828 2936 3899; baseline -0.001 -11"><span class='ocrx_word' id='word_1_251' title='bbox 355 3836 495 3889; x_wconf 89' lang='lat' dir='ltr'><strong>Huic</strong></span> <span class='ocrx_word' id='word_1_252' title='bbox 523 3835 710 3891; x_wconf 89' lang='lat' dir='ltr'><strong>ferunt</strong></span> <span class='ocrx_word' id='word_1_253' title='bbox 731 3836 854 3890; x_wconf 89' lang='lat' dir='ltr'><strong>urbi</strong></span> <span class='ocrx_word' id='word_1_254' title='bbox 886 3836 1073 3891; x_wconf 89' lang='lat' dir='ltr'><strong>radios</strong></span> <span class='ocrx_word' id='word_1_255' title='bbox 1091 3836 1238 3890; x_wconf 89' lang='lat' dir='ltr'><strong>beati</strong></span> <span class='ocrx_word' id='word_1_256' title='bbox 2091 3828 2252 3883; x_wconf 84' lang='lat' dir='ltr'><strong>Plura</strong></span> <span class='ocrx_word' id='word_1_257' title='bbox 2285 3829 2564 3883; x_wconf 83' lang='lat' dir='ltr'><strong>decertata</strong></span> <span class='ocrx_word' id='word_1_258' title='bbox 2594 3829 2706 3899; x_wconf 89' lang='lat' dir='ltr'><strong>pio,</strong></span> <span class='ocrx_word' id='word_1_259' title='bbox 2741 3828 2936 3883; x_wconf 79' lang='lat' dir='ltr'><strong>ﬁdeles</strong></span> 
     </span>
    </p>
   </div>
   <div class='ocr_carea' id='block_1_32' title="bbox 359 3919 3156 3992">
    <p class='ocr_par' dir='ltr' id='par_1_32' title="bbox 359 3919 3156 3992">
     <span class='ocr_line' id='line_1_32' title="bbox 359 3919 3156 3992; baseline -0.002 -12"><span class='ocrx_word' id='word_1_260' title='bbox 359 3926 632 3992; x_wconf 87' lang='lat' dir='ltr'><strong>Luminis,</strong></span> <span class='ocrx_word' id='word_1_261' title='bbox 656 3927 894 3982; x_wconf 86' lang='lat' dir='ltr'><strong>fecunda</strong></span> <span class='ocrx_word' id='word_1_262' title='bbox 924 3927 1020 3982; x_wconf 92' lang='lat' dir='ltr'><strong>Dei</strong></span> <span class='ocrx_word' id='word_1_263' title='bbox 1041 3934 1294 3982; x_wconf 86' lang='lat' dir='ltr'><strong>serentes</strong></span> <span class='ocrx_word' id='word_1_264' title='bbox 2093 3920 2247 3976; x_wconf 90' lang='lat' dir='ltr'><strong>Clara</strong></span> <span class='ocrx_word' id='word_1_265' title='bbox 2277 3920 2402 3992; x_wconf 92' lang='lat' dir='ltr'><strong>quis</strong></span> <span class='ocrx_word' id='word_1_266' title='bbox 2430 3919 2624 3975; x_wconf 87' lang='lat' dir='ltr'><strong>Christi</strong></span> <span class='ocrx_word' id='word_1_267' title='bbox 2669 3920 2917 3976; x_wconf 87' lang='lat' dir='ltr'><strong>referunt</strong></span> <span class='ocrx_word' id='word_1_268' title='bbox 2946 3921 3156 3976; x_wconf 85' lang='lat' dir='ltr'><strong>alumni</strong></span> 
     </span>
    </p>
   </div>
   <div class='ocr_carea' id='block_1_33' title="bbox 580 4008 2743 4123">
    <p class='ocr_par' dir='ltr' id='par_1_33' title="bbox 580 4008 2743 4123">
     <span class='ocr_line' id='line_1_33' title="bbox 580 4008 2743 4123; baseline -0.003 -53"><span class='ocrx_word' id='word_1_269' title='bbox 580 4015 803 4070; x_wconf 89' lang='lat' dir='ltr'><strong>Semina</strong></span> <span class='ocrx_word' id='word_1_270' title='bbox 832 4015 1010 4071; x_wconf 88' lang='lat' dir='ltr'><strong>verbi.</strong></span> <span class='ocrx_word' id='word_1_271' title='bbox 1917 4055 1966 4123; x_wconf 67' lang='grc' dir='ltr'><strong>Ο</strong></span> <span class='ocrx_word' id='word_1_272' title='bbox 2312 4009 2542 4063; x_wconf 61' lang='lat' dir='ltr'><strong>Praemia</strong></span> <span class='ocrx_word' id='word_1_273' title='bbox 2565 4008 2743 4082; x_wconf 87' lang='lat' dir='ltr'><strong>regni.</strong></span> 
     </span>
     <span class='ocr_line' id='line_1_34' title="bbox 580 4096 2743 4123; baseline 0 0"><span class='ocrx_word' id='word_1_274' title='bbox 580 4104 648 4123; x_wconf 34' lang='lat'><strong>494</strong></span> <span class='ocrx_word' id='word_1_275' title='bbox 683 4104 780 4123; x_wconf 42' lang='grc' dir='ltr'><strong>ξυμ</strong></span> <span class='ocrx_word' id='word_1_276' title='bbox 821 4104 893 4123; x_wconf 35' lang='grc' dir='ltr'><strong>ινη</strong></span> <span class='ocrx_word' id='word_1_277' title='bbox 961 4111 1002 4123; x_wconf 39' lang='grc' dir='ltr'><strong>ιᾼ</strong></span> <span class='ocrx_word' id='word_1_278' title='bbox 1034 4122 1043 4123; x_wconf 31' lang='grc' dir='ltr'><em>κ</em></span> <span class='ocrx_word' id='word_1_279' title='bbox 1069 4105 1104 4123; x_wconf 65' lang='lat'><strong>,1</strong></span> <span class='ocrx_word' id='word_1_280' title='bbox 1160 4104 1201 4123; x_wconf 56' lang='lat'><strong>&#39;,,</strong></span> <span class='ocrx_word' id='word_1_281' title='bbox 1231 4103 1432 4123; x_wconf 61' lang='lat' dir='ltr'><strong>n-,__.!_</strong></span> <span class='ocrx_word' id='word_1_282' title='bbox 2101 4097 2136 4123; x_wconf 66' lang='grc' dir='ltr'><strong>ις’</strong></span> <span class='ocrx_word' id='word_1_283' title='bbox 2171 4096 2368 4123; x_wconf 50' lang='lat' dir='ltr'><strong>“nil”...</strong></span> <span class='ocrx_word' id='word_1_284' title='bbox 2395 4097 2579 4123; x_wconf 66' lang='grc' dir='ltr'><strong>...ηιιζΑ</strong></span> <span class='ocrx_word' id='word_1_285' title='bbox 2630 4098 2743 4123; x_wconf 52' lang='lat' dir='ltr'><strong>aut.</strong></span> 
     </span>
    </p>
   </div>
   <div class='ocr_carea' id='block_1_34' title="bbox 362 4096 3079 4178">
    <p class='ocr_par' dir='ltr' id='par_1_34' title="bbox 362 4096 3079 4178">
     <span class='ocr_line' id='line_1_35' title="bbox 362 4096 3079 4178; baseline -0.002 -21"><span class='ocrx_word' id='word_1_286' title='bbox 362 4103 546 4175; x_wconf 69' lang='lat' dir='ltr'><strong>Cmpit</strong></span> <span class='ocrx_word' id='word_1_287' title='bbox 566 4104 655 4158; x_wconf 90' lang='lat' dir='ltr'><strong>hic</strong></span> <span class='ocrx_word' id='word_1_288' title='bbox 677 4104 789 4175; x_wconf 90' lang='lat' dir='ltr'><strong>jam</strong></span> <span class='ocrx_word' id='word_1_289' title='bbox 821 4104 936 4167; x_wconf 85' lang='lat' dir='ltr'><strong>lux,</strong></span> <span class='ocrx_word' id='word_1_290' title='bbox 960 4104 1204 4160; x_wconf 87' lang='lat' dir='ltr'><strong>tenebris</strong></span> <span class='ocrx_word' id='word_1_291' title='bbox 1229 4103 1453 4178; x_wconf 77' lang='lat' dir='ltr'><strong>fugatis,</strong></span> <span class='ocrx_word' id='word_1_292' title='bbox 1917 4096 1966 4123; x_wconf 73' lang='grc' dir='ltr'>υ</span> <span class='ocrx_word' id='word_1_293' title='bbox 2101 4097 2138 4151; x_wconf 87' lang='grc' dir='ltr'>Ε</span> <span class='ocrx_word' id='word_1_294' title='bbox 2169 4096 2371 4169; x_wconf 88' lang='lat' dir='ltr'><strong>quibus</strong></span> <span class='ocrx_word' id='word_1_295' title='bbox 2395 4097 2602 4164; x_wconf 92' lang='lat' dir='ltr'><strong>multis,</strong></span> <span class='ocrx_word' id='word_1_296' title='bbox 2627 4098 2757 4169; x_wconf 91' lang='lat' dir='ltr'><strong>quia</strong></span> <span class='ocrx_word' id='word_1_297' title='bbox 2784 4096 3079 4153; x_wconf 89' lang='lat' dir='ltr'><strong>Christiani</strong></span> 
     </span>
    </p>
   </div>
   <div class='ocr_carea' id='block_1_35' title="bbox 362 4187 3116 4267">
    <p class='ocr_par' dir='ltr' id='par_1_35' title="bbox 362 4187 3116 4267">
     <span class='ocr_line' id='line_1_36' title="bbox 362 4187 3116 4267; baseline -0.001 -21"><span class='ocrx_word' id='word_1_298' title='bbox 362 4193 676 4263; x_wconf 90' lang='lat' dir='ltr'><strong>Splendide</strong></span> <span class='ocrx_word' id='word_1_299' title='bbox 717 4192 934 4267; x_wconf 83' lang='lat' dir='ltr'><strong>fulgens</strong></span> <span class='ocrx_word' id='word_1_300' title='bbox 961 4195 1098 4249; x_wconf 89' lang='lat' dir='ltr'><strong>adeo</strong></span> <span class='ocrx_word' id='word_1_301' title='bbox 1129 4195 1356 4260; x_wconf 90' lang='lat' dir='ltr'><strong>micare,</strong></span> <span class='ocrx_word' id='word_1_302' title='bbox 2100 4188 2349 4244; x_wconf 84' lang='lat' dir='ltr'><strong>Nominis</strong></span> <span class='ocrx_word' id='word_1_303' title='bbox 2379 4187 2501 4243; x_wconf 88' lang='lat' dir='ltr'><strong>fons</strong></span> <span class='ocrx_word' id='word_1_304' title='bbox 2533 4188 2624 4243; x_wconf 88' lang='lat' dir='ltr'><strong>hic</strong></span> <span class='ocrx_word' id='word_1_305' title='bbox 2650 4195 2705 4243; x_wconf 87' lang='lat' dir='ltr'><strong>et</strong></span> <span class='ocrx_word' id='word_1_306' title='bbox 2733 4188 2890 4261; x_wconf 85' lang='lat' dir='ltr'><strong>origo</strong></span> <span class='ocrx_word' id='word_1_307' title='bbox 2923 4188 3116 4260; x_wconf 60' lang='lat' dir='ltr'><strong>cepit,</strong></span> 
     </span>
    </p>
   </div>
   <div class='ocr_carea' id='block_1_36' title="bbox 361 4280 3189 4355">
    <p class='ocr_par' dir='ltr' id='par_1_36' title="bbox 361 4280 3189 4355">
     <span class='ocr_line' id='line_1_37' title="bbox 361 4280 3189 4355; baseline -0 -19"><span class='ocrx_word' id='word_1_308' title='bbox 361 4284 589 4339; x_wconf 89' lang='lat' dir='ltr'><strong>Nomini</strong></span> <span class='ocrx_word' id='word_1_309' title='bbox 630 4293 690 4338; x_wconf 92' lang='lat' dir='ltr'><strong>nt</strong></span> <span class='ocrx_word' id='word_1_310' title='bbox 721 4285 1025 4355; x_wconf 90' lang='lat' dir='ltr'><strong>primordia</strong></span> <span class='ocrx_word' id='word_1_311' title='bbox 1056 4285 1372 4340; x_wconf 88' lang='lat' dir='ltr'><strong>Christiano</strong></span> <span class='ocrx_word' id='word_1_312' title='bbox 2100 4280 2237 4337; x_wconf 90' lang='lat' dir='ltr'><strong>Post</strong></span> <span class='ocrx_word' id='word_1_313' title='bbox 2268 4281 2586 4338; x_wconf 64' lang='lat' dir='ltr'><strong>Palaestinos</strong></span> <span class='ocrx_word' id='word_1_314' title='bbox 2613 4281 2853 4339; x_wconf 84' lang='lat' dir='ltr'><strong>breviter</strong></span> <span class='ocrx_word' id='word_1_315' title='bbox 2878 4283 3189 4354; x_wconf 86' lang='lat' dir='ltr'><strong>triumphos</strong></span> 
     </span>
    </p>
   </div>
   <div class='ocr_carea' id='block_1_37' title="bbox 589 4371 2831 4447">
    <p class='ocr_par' dir='ltr' id='par_1_37' title="bbox 589 4371 2831 4447">
     <span class='ocr_line' id='line_1_38' title="bbox 589 4371 2831 4447; baseline -0.002 -17"><span class='ocrx_word' id='word_1_316' title='bbox 589 4375 727 4430; x_wconf 92' lang='lat' dir='ltr'><strong>Urbs</strong></span> <span class='ocrx_word' id='word_1_317' title='bbox 754 4375 912 4431; x_wconf 87' lang='lat' dir='ltr'><strong>daret</strong></span> <span class='ocrx_word' id='word_1_318' title='bbox 941 4377 1062 4431; x_wconf 90' lang='lat' dir='ltr'><strong>ista.</strong></span> <span class='ocrx_word' id='word_1_319' title='bbox 2316 4371 2556 4426; x_wconf 90' lang='lat' dir='ltr'><strong>Paucula</strong></span> <span class='ocrx_word' id='word_1_320' title='bbox 2587 4379 2831 4447; x_wconf 89' lang='lat' dir='ltr'><strong>tangam.</strong></span> 
     </span>
    </p>
   </div>
   <div class='ocr_carea' id='block_1_38' title="bbox 1231 4539 2638 4640">
    <p class='ocr_par' dir='ltr' id='par_1_38' title="bbox 1231 4539 2638 4640">
     <span class='ocr_line' id='line_1_39' title="bbox 1231 4539 2638 4640; baseline -0.009 -2"><span class='ocrx_word' id='word_1_321' title='bbox 1231 4549 1676 4640; x_wconf 87' lang='lat' dir='ltr'><strong>INCIPIT</strong></span> <span class='ocrx_word' id='word_1_322' title='bbox 1744 4544 2098 4634; x_wconf 83' lang='lat' dir='ltr'>LIBER</span> <span class='ocrx_word' id='word_1_323' title='bbox 2164 4539 2638 4628; x_wconf 84' lang='lat' dir='ltr'><strong>PRIMUS.</strong></span> 
     </span>
    </p>
   </div>
   <div class='ocr_carea' id='block_1_39' title="bbox 1681 4723 2210 4786">
    <p class='ocr_par' dir='ltr' id='par_1_39' title="bbox 1681 4723 2210 4786">
     <span class='ocr_line' id='line_1_40' title="bbox 1681 4723 2210 4786; baseline -0.015 0"><span class='ocrx_word' id='word_1_324' title='bbox 1681 4728 1890 4786; x_wconf 84' lang='lat' dir='ltr'><strong>CAPUT</strong></span> <span class='ocrx_word' id='word_1_325' title='bbox 1930 4723 2210 4780; x_wconf 79' lang='lat' dir='ltr'><strong>PRIMUM.</strong></span> 
     </span>
    </p>
   </div>
   <div class='ocr_carea' id='block_1_40' title="bbox 267 4856 3344 4944">
    <p class='ocr_par' dir='ltr' id='par_1_40' title="bbox 267 4856 3344 4944">
     <span class='ocr_line' id='line_1_41' title="bbox 267 4856 3344 4944; baseline -0.003 -21"><span class='ocrx_word' id='word_1_326' title='bbox 267 4870 404 4925; x_wconf 88' lang='lat' dir='ltr'><strong>Urbs</strong></span> <span class='ocrx_word' id='word_1_327' title='bbox 434 4878 598 4926; x_wconf 79' lang='lat' dir='ltr'><strong>nacta</strong></span> <span class='ocrx_word' id='word_1_328' title='bbox 629 4870 882 4926; x_wconf 83' lang='lat' dir='ltr'><strong>Antiochi</strong></span> <span class='ocrx_word' id='word_1_329' title='bbox 915 4885 1117 4926; x_wconf 85' lang='lat' dir='ltr'><strong>nomen</strong></span> <span class='ocrx_word' id='word_1_330' title='bbox 1163 4870 1232 4924; x_wconf 82' lang='lat' dir='ltr'><strong>de</strong></span> <span class='ocrx_word' id='word_1_331' title='bbox 1265 4869 1488 4925; x_wconf 86' lang='lat' dir='ltr'><strong>nomine</strong></span> <span class='ocrx_word' id='word_1_332' title='bbox 1513 4867 1680 4942; x_wconf 77' lang='lat' dir='ltr'><strong>regis,</strong></span> <span class='ocrx_word' id='word_1_333' title='bbox 1907 4876 1966 4944; x_wconf 85' lang='lat' dir='ltr'><strong>D</strong></span> <span class='ocrx_word' id='word_1_334' title='bbox 1994 4860 2054 4915; x_wconf 82' lang='lat' dir='ltr'><strong>Et</strong></span> <span class='ocrx_word' id='word_1_335' title='bbox 2083 4857 2521 4913; x_wconf 66' lang='lat' dir='ltr'><strong>Machabzeorum</strong></span> <span class='ocrx_word' id='word_1_336' title='bbox 2557 4857 2748 4912; x_wconf 92' lang='lat' dir='ltr'><strong>recolit</strong></span> <span class='ocrx_word' id='word_1_337' title='bbox 2778 4856 3048 4912; x_wconf 89' lang='lat' dir='ltr'><strong>solemnia</strong></span> <span class='ocrx_word' id='word_1_338' title='bbox 3078 4857 3304 4914; x_wconf 88' lang='lat' dir='ltr'><strong>fratrum</strong></span> <span class='ocrx_word' id='word_1_339' title='bbox 3332 4877 3344 4914; x_wconf 92' lang='lat'>:</span> 
     </span>
    </p>
   </div>
   <div class='ocr_carea' id='block_1_41' title="bbox 266 4949 3227 5034">
    <p class='ocr_par' dir='ltr' id='par_1_41' title="bbox 266 4949 3227 5034">
     <span class='ocr_line' id='line_1_42' title="bbox 266 4949 3227 5034; baseline -0.003 -19"><span class='ocrx_word' id='word_1_340' title='bbox 266 4962 443 5016; x_wconf 68' lang='lat' dir='ltr'><strong>Sortis</strong></span> <span class='ocrx_word' id='word_1_341' title='bbox 463 4961 788 5032; x_wconf 66' lang='lat' dir='ltr'><strong>apostolicae</strong></span> <span class='ocrx_word' id='word_1_342' title='bbox 825 4961 1043 5034; x_wconf 87' lang='lat' dir='ltr'><strong>magnis</strong></span> <span class='ocrx_word' id='word_1_343' title='bbox 1071 4961 1336 5016; x_wconf 86' lang='lat' dir='ltr'><strong>instructa</strong></span> <span class='ocrx_word' id='word_1_344' title='bbox 1365 4958 1674 5034; x_wconf 88' lang='lat' dir='ltr'><strong>magistris;</strong></span> <span class='ocrx_word' id='word_1_345' title='bbox 1991 4955 2032 5006; x_wconf 86' lang='lat' dir='ltr'><strong>A</strong></span> <span class='ocrx_word' id='word_1_346' title='bbox 2063 4952 2267 5024; x_wconf 92' lang='lat' dir='ltr'><strong>quibus</strong></span> <span class='ocrx_word' id='word_1_347' title='bbox 2291 4951 2532 5022; x_wconf 66' lang='lat' dir='ltr'><strong>antiqua:</strong></span> <span class='ocrx_word' id='word_1_348' title='bbox 2564 4950 2695 5004; x_wconf 92' lang='lat' dir='ltr'><strong>dum</strong></span> <span class='ocrx_word' id='word_1_349' title='bbox 2737 4949 3049 5006; x_wconf 85' lang='lat' dir='ltr'><strong>testiﬁcatio</strong></span> <span class='ocrx_word' id='word_1_350' title='bbox 3083 4951 3227 5024; x_wconf 81' lang='lat' dir='ltr'><strong>legis</strong></span> 
     </span>
    </p>
   </div>
   <div class='ocr_carea' id='block_1_42' title="bbox 266 5042 3294 5124">
    <p class='ocr_par' dir='ltr' id='par_1_42' title="bbox 266 5042 3294 5124">
     <span class='ocr_line' id='line_1_43' title="bbox 266 5042 3294 5124; baseline -0.001 -18"><span class='ocrx_word' id='word_1_351' title='bbox 266 5054 524 5108; x_wconf 88' lang='lat' dir='ltr'><strong>lcrarcha</strong></span> <span class='ocrx_word' id='word_1_352' title='bbox 555 5053 736 5118; x_wconf 88' lang='lat' dir='ltr'><strong>Petro,</strong></span> <span class='ocrx_word' id='word_1_353' title='bbox 765 5054 853 5109; x_wconf 91' lang='lat' dir='ltr'><strong>hic</strong></span> <span class='ocrx_word' id='word_1_354' title='bbox 883 5054 1061 5124; x_wconf 85' lang='lat' dir='ltr'><strong>prima</strong></span> <span class='ocrx_word' id='word_1_355' title='bbox 1092 5054 1373 5108; x_wconf 90' lang='lat' dir='ltr'><strong>residente</strong></span> <span class='ocrx_word' id='word_1_356' title='bbox 1391 5051 1672 5114; x_wconf 88' lang='lat' dir='ltr'><strong>cathedra,</strong></span> <span class='ocrx_word' id='word_1_357' title='bbox 1992 5043 2224 5098; x_wconf 68' lang='lat' dir='ltr'><strong>Fortiter</strong></span> <span class='ocrx_word' id='word_1_358' title='bbox 2248 5042 2533 5107; x_wconf 74' lang='lat' dir='ltr'><strong>asserilur.</strong></span> <span class='ocrx_word' id='word_1_359' title='bbox 2561 5048 2734 5096; x_wconf 74' lang='lat' dir='ltr'><strong>matre</strong></span> <span class='ocrx_word' id='word_1_360' title='bbox 2766 5042 3090 5096; x_wconf 68' lang='lat' dir='ltr'><strong>exhortante</strong></span> <span class='ocrx_word' id='word_1_361' title='bbox 3116 5042 3294 5102; x_wconf 73' lang='lat' dir='ltr'><strong>beata.</strong></span> 
     </span>
    </p>
   </div>
   <div class='ocr_carea' id='block_1_43' title="bbox 265 5133 3189 5217">
    <p class='ocr_par' dir='ltr' id='par_1_43' title="bbox 265 5133 3189 5217">
     <span class='ocr_line' id='line_1_44' title="bbox 265 5133 3189 5217; baseline 0.001 -22"><span class='ocrx_word' id='word_1_362' title='bbox 265 5142 528 5198; x_wconf 73' lang='lat' dir='ltr'><strong>I‘rzcsulis</strong></span> <span class='ocrx_word' id='word_1_363' title='bbox 554 5150 608 5197; x_wconf 90' lang='lat' dir='ltr'><strong>et</strong></span> <span class='ocrx_word' id='word_1_364' title='bbox 639 5143 792 5217; x_wconf 86' lang='lat' dir='ltr'><strong>digni</strong></span> <span class='ocrx_word' id='word_1_365' title='bbox 823 5142 1067 5198; x_wconf 80' lang='lat' dir='ltr'><strong>officium</strong></span> <span class='ocrx_word' id='word_1_366' title='bbox 1100 5143 1332 5199; x_wconf 80' lang='lat' dir='ltr'><strong>solerter</strong></span> <span class='ocrx_word' id='word_1_367' title='bbox 1359 5151 1584 5216; x_wconf 80' lang='lat' dir='ltr'><strong>agente,</strong></span> <span class='ocrx_word' id='word_1_368' title='bbox 1993 5133 2092 5188; x_wconf 83' lang='lat' dir='ltr'><strong>Pro</strong></span> <span class='ocrx_word' id='word_1_369' title='bbox 2129 5133 2445 5206; x_wconf 78' lang='lat' dir='ltr'><strong>legislalorc</strong></span> <span class='ocrx_word' id='word_1_370' title='bbox 2475 5133 2586 5188; x_wconf 85' lang='lat' dir='ltr'><strong>Deo</strong></span> <span class='ocrx_word' id='word_1_371' title='bbox 2616 5140 2761 5187; x_wconf 77' lang='lat' dir='ltr'><strong>stant</strong></span> <span class='ocrx_word' id='word_1_372' title='bbox 2799 5133 2992 5187; x_wconf 75' lang='lat' dir='ltr'><strong>ultima</strong></span> <span class='ocrx_word' id='word_1_373' title='bbox 3026 5133 3189 5204; x_wconf 80' lang='lat' dir='ltr'><strong>passi.</strong></span> 
     </span>
    </p>
   </div>
   <div class='ocr_carea' id='block_1_44' title="bbox 262 5224 3248 5302">
    <p class='ocr_par' dir='ltr' id='par_1_44' title="bbox 262 5224 3248 5302">
     <span class='ocr_line' id='line_1_45' title="bbox 262 5224 3248 5302; baseline -0.002 -19"><span class='ocrx_word' id='word_1_374' title='bbox 262 5234 441 5302; x_wconf 80' lang='lat' dir='ltr'><strong>Atque</strong></span> <span class='ocrx_word' id='word_1_375' title='bbox 463 5231 669 5287; x_wconf 77' lang='lat' dir='ltr'><strong>scholae</strong></span> <span class='ocrx_word' id='word_1_376' title='bbox 701 5232 866 5287; x_wconf 90' lang='lat' dir='ltr'><strong>Paulo</strong></span> <span class='ocrx_word' id='word_1_377' title='bbox 891 5232 1058 5288; x_wconf 89' lang='lat' dir='ltr'><strong>docili</strong></span> <span class='ocrx_word' id='word_1_378' title='bbox 1086 5231 1328 5288; x_wconf 84' lang='lat' dir='ltr'><strong>caelestis</strong></span> <span class='ocrx_word' id='word_1_379' title='bbox 1356 5233 1602 5298; x_wconf 86' lang='lat' dir='ltr'><strong>alumno,</strong></span> <span class='ocrx_word' id='word_1_380' title='bbox 1994 5226 2057 5280; x_wconf 84' lang='lat' dir='ltr'><strong>Et</strong></span> <span class='ocrx_word' id='word_1_381' title='bbox 2086 5225 2215 5298; x_wconf 89' lang='lat' dir='ltr'><strong>quia</strong></span> <span class='ocrx_word' id='word_1_382' title='bbox 2242 5240 2340 5296; x_wconf 90' lang='lat' dir='ltr'><strong>pro</strong></span> <span class='ocrx_word' id='word_1_383' title='bbox 2371 5234 2520 5280; x_wconf 88' lang='lat' dir='ltr'><strong>casta</strong></span> <span class='ocrx_word' id='word_1_384' title='bbox 2549 5224 2796 5278; x_wconf 90' lang='lat' dir='ltr'><strong>mandati</strong></span> <span class='ocrx_word' id='word_1_385' title='bbox 2820 5225 2944 5298; x_wconf 87' lang='lat' dir='ltr'><strong>lege</strong></span> <span class='ocrx_word' id='word_1_386' title='bbox 2965 5233 3248 5286; x_wconf 89' lang='lat' dir='ltr'><strong>necantur,</strong></span> 
     </span>
    </p>
   </div>
   <div class='ocr_carea' id='block_1_45' title="bbox 265 5314 3366 5396">
    <p class='ocr_par' dir='ltr' id='par_1_45' title="bbox 265 5314 3366 5396">
     <span class='ocr_line' id='line_1_46' title="bbox 265 5314 3366 5396; baseline -0.001 -22"><span class='ocrx_word' id='word_1_387' title='bbox 265 5321 535 5396; x_wconf 83' lang='lat' dir='ltr'><strong>Egregius</strong></span> <span class='ocrx_word' id='word_1_388' title='bbox 563 5323 830 5390; x_wconf 89' lang='lat' dir='ltr'><strong>celebrat,</strong></span> <span class='ocrx_word' id='word_1_389' title='bbox 873 5323 1084 5379; x_wconf 90' lang='lat' dir='ltr'><strong>Christo</strong></span> <span class='ocrx_word' id='word_1_390' title='bbox 1110 5324 1372 5389; x_wconf 89' lang='lat' dir='ltr'><strong>donante,</strong></span> <span class='ocrx_word' id='word_1_391' title='bbox 1405 5320 1746 5391; x_wconf 86' lang='lat' dir='ltr'><strong>triumphos;</strong></span> <span class='ocrx_word' id='word_1_392' title='bbox 1995 5315 2189 5370; x_wconf 90' lang='lat' dir='ltr'><strong>Christi</strong></span> <span class='ocrx_word' id='word_1_393' title='bbox 2218 5323 2346 5370; x_wconf 91' lang='lat' dir='ltr'><strong>sunt</strong></span> <span class='ocrx_word' id='word_1_394' title='bbox 2376 5322 2564 5382; x_wconf 91' lang='lat' dir='ltr'><strong>testes,</strong></span> <span class='ocrx_word' id='word_1_395' title='bbox 2595 5314 2798 5370; x_wconf 89' lang='lat' dir='ltr'><strong>veteris</strong></span> <span class='ocrx_word' id='word_1_396' title='bbox 2825 5315 2919 5387; x_wconf 91' lang='lat' dir='ltr'><strong>qui</strong></span> <span class='ocrx_word' id='word_1_397' title='bbox 2962 5315 3101 5388; x_wconf 87' lang='lat' dir='ltr'><strong>legis</strong></span> <span class='ocrx_word' id='word_1_398' title='bbox 3130 5315 3366 5369; x_wconf 89' lang='lat' dir='ltr'><strong>habetur</strong></span> 
     </span>
    </p>
   </div>
   <div class='ocr_carea' id='block_1_46' title="bbox 265 5410 3536 5484">
    <p class='ocr_par' dir='ltr' id='par_1_46' title="bbox 265 5410 3536 5484">
     <span class='ocr_line' id='line_1_47' title="bbox 265 5410 3536 5484; baseline 0.001 -19"><span class='ocrx_word' id='word_1_399' title='bbox 265 5413 602 5484; x_wconf 84' lang='lat' dir='ltr'><strong>Martyribus</strong></span> <span class='ocrx_word' id='word_1_400' title='bbox 633 5413 808 5479; x_wconf 89' lang='lat' dir='ltr'><strong>factis,</strong></span> <span class='ocrx_word' id='word_1_401' title='bbox 838 5414 941 5470; x_wconf 90' lang='lat' dir='ltr'><strong>isto</strong></span> <span class='ocrx_word' id='word_1_402' title='bbox 970 5415 1068 5469; x_wconf 91' lang='lat' dir='ltr'><strong>sed</strong></span> <span class='ocrx_word' id='word_1_403' title='bbox 1100 5415 1322 5470; x_wconf 91' lang='lat' dir='ltr'><strong>nomine</strong></span> <span class='ocrx_word' id='word_1_404' title='bbox 1350 5428 1452 5468; x_wconf 90' lang='lat' dir='ltr'><strong>nec</strong></span> <span class='ocrx_word' id='word_1_405' title='bbox 1472 5412 1604 5467; x_wconf 88' lang='lat' dir='ltr'><strong>dum</strong></span> <span class='ocrx_word' id='word_1_406' title='bbox 1993 5411 2143 5465; x_wconf 86' lang='lat' dir='ltr'><strong>Finis</strong></span> <span class='ocrx_word' id='word_1_407' title='bbox 2163 5410 2615 5481; x_wconf 89' lang='lat' dir='ltr'><strong>principiumque</strong></span> <span class='ocrx_word' id='word_1_408' title='bbox 2647 5425 2822 5478; x_wconf 75' lang='lat' dir='ltr'><strong>uovzc,</strong></span> <span class='ocrx_word' id='word_1_409' title='bbox 2853 5410 3050 5481; x_wconf 86' lang='lat' dir='ltr'><strong>probat</strong></span> <span class='ocrx_word' id='word_1_410' title='bbox 3074 5419 3267 5466; x_wconf 88' lang='lat' dir='ltr'><strong>auctor</strong></span> <span class='ocrx_word' id='word_1_411' title='bbox 3295 5410 3536 5482; x_wconf 90' lang='lat' dir='ltr'><strong>utrique.</strong></span> 
     </span>
    </p>
   </div>
   <div class='ocr_carea' id='block_1_47' title="bbox 265 5502 3402 5578">
    <p class='ocr_par' dir='ltr' id='par_1_47' title="bbox 265 5502 3402 5578">
     <span class='ocr_line' id='line_1_48' title="bbox 265 5502 3402 5578; baseline 0 -22"><span class='ocrx_word' id='word_1_412' title='bbox 265 5503 463 5573; x_wconf 85' lang='lat' dir='ltr'><strong>Dictis,</strong></span> <span class='ocrx_word' id='word_1_413' title='bbox 497 5505 744 5577; x_wconf 87' lang='lat' dir='ltr'><strong>martyrii</strong></span> <span class='ocrx_word' id='word_1_414' title='bbox 777 5521 998 5578; x_wconf 90' lang='lat' dir='ltr'><strong>quoque</strong></span> <span class='ocrx_word' id='word_1_415' title='bbox 1023 5506 1116 5560; x_wconf 88' lang='lat' dir='ltr'><strong>dat</strong></span> <span class='ocrx_word' id='word_1_416' title='bbox 1147 5511 1464 5562; x_wconf 88' lang='lat' dir='ltr'><strong>reverenter</strong></span> <span class='ocrx_word' id='word_1_417' title='bbox 1490 5504 1784 5568; x_wconf 90' lang='lat' dir='ltr'><strong>honorem,</strong></span> <span class='ocrx_word' id='word_1_418' title='bbox 1994 5503 2094 5568; x_wconf 87' lang='lat' dir='ltr'><strong>Qui</strong></span> <span class='ocrx_word' id='word_1_419' title='bbox 2124 5519 2279 5559; x_wconf 88' lang='lat' dir='ltr'><strong>sacra</strong></span> <span class='ocrx_word' id='word_1_420' title='bbox 2309 5503 2439 5558; x_wconf 91' lang='lat' dir='ltr'><strong>dum</strong></span> <span class='ocrx_word' id='word_1_421' title='bbox 2481 5510 2696 5558; x_wconf 87' lang='lat' dir='ltr'><strong>certant</strong></span> <span class='ocrx_word' id='word_1_422' title='bbox 2735 5517 2845 5558; x_wconf 91' lang='lat' dir='ltr'><strong>non</strong></span> <span class='ocrx_word' id='word_1_423' title='bbox 2872 5502 3126 5571; x_wconf 74' lang='lat' dir='ltr'><strong>abiurare</strong></span> <span class='ocrx_word' id='word_1_424' title='bbox 3154 5510 3402 5573; x_wconf 86' lang='lat' dir='ltr'><strong>paterna,</strong></span> 
     </span>
    </p>
   </div>
  </div>
