3960 6160
403 200 502 256 551
1164 201 1532 258 FLODOARDI
1573 201 1877 259 CANONICI
1917 202 2250 260 REMENSIS
2293 203 2625 261 OPUSCULA
2663 202 2973 259 METRlCA.
3626 207 3716 261 ὅδὲ

404 325 651 382 lnterimi
685 341 787 381 nec
815 326 1002 381 seduci
1042 326 1257 383 vincive
1290 329 1576 396 valebant;
2043 338 2089 405 Α
2118 330 2387 387 Victorem
2420 347 2611 404 regum
2632 335 2859 403 superat
2878 328 3147 402 patientia
3177 328 3424 385 fratrum.

404 419 689 474 Terrorem
711 418 856 494 regis
878 435 1173 490 puerorum
1208 430 1430 492 pectora
1460 420 1738 494 frangunt,
2120 423 2272 478 Haud
2298 423 2523 478 dubium
2546 438 2643 494 pro
2664 422 2788 496 lege
2815 422 2912 477 Dei
2941 421 3091 494 quod
3115 422 3265 477 caede
3295 422 3573 493 perempti

407 511 590 566 Munia
620 527 722 567 nec
749 511 909 586 legis,
930 514 1190 569 tormenti
1232 513 1487 569 machina
1516 512 1677 588 fregit
2119 516 2157 568 A
2198 515 2438 571 Domino
2469 514 2610 590 legis
2639 514 2860 586 capient
2891 513 2983 586 pia
3013 513 3241 585 praemia
3267 513 3454 580 morti,

405 600 577 667 Quem
593 602 820 659 vincunt
838 603 994 675 pueri
1014 603 1271 660 barbatos
1290 605 1500 662 vicerat
1517 605 1733 674 hostes;
2121 608 2415 666 Sumentes
2445 624 2657 679 roseas,
2690 608 2901 665 Christo
2942 607 3243 675 tribuente,
3271 622 3522 664 coronas.

1909 726 2119 783 CAPUT
2165 729 2231 784 Il.

1726 828 1802 886 De
1844 827 2042 905 Agabo
2080 828 2394 905 propheta.

406 933 504 990 Hic
532 933 701 1008 Agabi
733 935 946 1006 pollent
972 936 1145 992 sancti
1174 942 1527 992 monumenta
1545 936 1850 1007 propheta),
2121 937 2349 1004 Judaais,
2380 936 2584 1004 ablata,
2616 936 2720 1008 piae
2745 935 2841 992 sed
2883 936 3082 992 tradita
3119 935 3272 1013 genti
3299 952 3315 990 :

407 1026 582 1099 Inque
614 1026 735 1084 rudi
766 1033 1108 1093 testamento,
1137 1026 1225 1081 cui
1258 1026 1433 1102 gratia
1448 1034 1631 1080 vatum
2125 1031 2330 1087 Lumen
2359 1030 2427 1085 ab
2470 1030 2714 1086 Hebraeis
2735 1038 3015 1086 extrusum
3039 1031 3300 1103 gentibus
3322 1034 3523 1085 ortum.

406 1118 613 1174 Enituit
642 1126 909 1186 veterum,
937 1118 1086 1174 claro
1105 1124 1334 1174 ventura
1364 1116 1604 1172 canenti.
2123 1119 2222 1175 llic
2247 1127 2438 1174 sancto
2469 1119 2671 1175 cecinit
2700 1118 2868 1173 Paulo
2897 1134 2999 1173 sua
3036 1117 3215 1174 vincla
3241 1133 3499 1184 manere;

410 1208 505 1262 Ille
535 1207 736 1263 famem
768 1207 956 1263 multis
986 1207 1310 1279 praedixerat
1340 1215 1466 1261 ante
1500 1205 1698 1262 diebus
2125 1210 2286 1280 Cujus
2316 1211 2623 1283 corripiens
2653 1226 2869 1277 zonam,
2903 1210 3223 1283 palmasque
3252 1210 3565 1282 pedesque,

407 1296 537 1362 Quae
562 1297 762 1368 pressit
792 1303 987 1360 totum,
1021 1305 1215 1369 regnat
1244 1296 1375 1351 dum
1408 1295 1686 1364 Claudius,
1722 1295 1914 1351 orbem
2124 1300 2378 1356 Devinxit
2411 1300 2543 1370 sibi,
2574 1300 2883 1356 vaticinans
2909 1299 2990 1356 sic
3016 1315 3138 1355 esse
3164 1299 3448 1372 ligandum

406 1386 653 1459 Namque
685 1388 997 1459 prophetali
1029 1388 1224 1459 pulsus
1256 1404 1380 1443 cum
1397 1403 1648 1456 munere,
1680 1387 1825 1444 dona
2129 1392 2187 1446 ln
2215 1392 2419 1448 Solima
2452 1391 2693 1461 fratrem,
2719 1391 2875 1463 cujus
2902 1392 3181 1449 vincimen
3213 1392 3266 1446 id
3297 1400 3464 1448 esset.

408 1478 523 1536 lluc
550 1496 582 1535 a
601 1479 791 1535 Judaea
817 1479 1180 1537 manifestans
1199 1480 1391 1537 ccelica
1416 1480 1586 1548 venit,

1905 1615 2112 1671 CAPUT
2152 1616 2247 1671 Ill.

1504 1717 1583 1778 De
1624 1719 1944 1793 Manahen,
1996 1718 2244 1780 Procoro
2288 1727 2345 1780 et
2380 1716 2641 1781 Joanne.

412 1824 511 1879 llic
539 1824 704 1879 etiam
737 1824 1027 1891 Manahcn,
1047 1823 1142 1897 qui
1169 1824 1541 1880 collactaneus
1570 1825 1677 1897 ipsi
2057 1834 2107 1902 ί]
2133 1825 2302 1891 Quam
2328 1826 2578 1882 meminit
2603 1826 2773 1881 Lucas
2800 1823 3013 1881 Domini
3042 1824 3272 1898 vestigia
3302 1822 3497 1878 Christi

410 1915 682 1972 Scribitur
704 1916 925 1985 Herodi,
960 1917 1151 1973 doctor
1176 1917 1340 1972 simul
1370 1926 1533 1989 atque
1566 1918 1854 1989 propheta,
2133 1918 2428 1985 Sectatam,
2456 1916 2736 1988 sociisque
2766 1914 2985 1987 ipsique
3007 1913 3176 1970 fuisse
3201 1913 3526 1968 ministram.

408 2010 469 2062 lu
502 2009 712 2064 Christo
727 2009 873 2064 clara
898 2010 1201 2065 tumulatus
1225 2018 1371 2064 sorte
1392 2009 1642 2080 quiescit.
2134 2007 2281 2069 Hanc
2303 2023 2524 2080 quoque
2553 2008 2824 2063 Procorus
2854 2005 3104 2062 habitare
3125 2007 3393 2061 diaconus
3418 2003 3614 2059 urbem

408 2099 670 2174 Conjugis
691 2101 782 2157 hic
810 2101 1025 2169 Chuzze,
1058 2102 1151 2174 qui
1183 2102 1312 2158 olim
1346 2110 1566 2159 curator
1594 2102 1775 2158 alebat
2131 2103 2364 2176 Delegit,
2395 2101 2525 2159 fidei
2555 2103 2775 2170 merito,
2805 2102 3103 2158 virtutibus
3132 2109 3298 2174 atque

409 2192 701 2265 Herodem,
734 2202 938 2266 pariter
966 2196 1284 2253 recoluntur
1308 2196 1446 2277 festa
1465 2196 1713 2253 Joannw.
2130 2197 2390 2254 Pluribus
2408 2196 2664 2272 insignis,
2696 2197 2788 2254 hic
2808 2204 2864 2255 et
2888 2197 3188 2270 complevit
3207 2212 3464 2273 agonem.

1902 2327 2112 2383 CAPUT
2152 2328 2237 2384 IV.

1739 2431 1816 2491 De
1857 2431 2087 2493 Evodio
2131 2433 2419 2511 episcopo.

482 2540 618 2597 Huic
638 2540 852 2613 primus
883 2539 1105 2612 praesul,
1137 2546 1260 2610 post
1289 2538 1532 2605 Petrum,
1565 2538 1803 2594 Evodius
1832 2537 1957 2593 urbi
2132 2538 2256 2609 lpse
2294 2537 2425 2593 feris
2444 2536 2637 2592 abiens
2668 2535 2971 2592 tradendus
2990 2548 3226 2605 corpore
3250 2532 3477 2588 Romam

407 2638 537 2692 .Iura
557 2636 880 2703 sacerdotis,
902 2636 1056 2692 Petro
1080 2634 1355 2701 tradente,
1387 2633 1614 2689 subivit.
2129 2629 2395 2703 Discipuli
2426 2629 2578 2698 estis,
2599 2630 2694 2695 ait,
2720 2628 2862 2683 Petri
2894 2626 3160 2698 Paulique
3181 2625 3359 2681 vocati

409 2728 620 2803 Dignus
644 2744 810 2801 quem
839 2727 1035 2783 Petrus
1061 2726 1155 2782 tali
1188 2726 1420 2782 donaret
1448 2725 1680 2791 honore,
2129 2726 2447 2799 Depositum
2472 2725 2635 2783 vobis
2665 2725 2734 2780 ab
2765 2724 2846 2780 eis
2874 2730 3090 2779 servate
3121 2721 3398 2792 relictum,

410 2823 586 2893 Atque
605 2821 757 2878 vices
785 2821 921 2876 tanti
950 2826 1174 2892 caperet
1200 2819 1435 2892 pastoris
1463 2818 1531 2874 ab
1562 2816 1706 2889 ipso,
2129 2820 2192 2874 Et
2221 2833 2496 2875 memores
2527 2825 2703 2875 estote
2733 2817 2814 2890 pii
2842 2815 3097 2889 pastoris,
3132 2814 3199 2869 ab
3228 2812 3364 2885 ipsis

411 2911 514 2966 Pro
545 2926 713 2984 grege
738 2910 1034 2965 commisso
1065 2908 1191 2966 forti
1220 2909 1315 2981 qui
1345 2908 1546 2965 robore
1568 2908 1744 2964 fretus
2129 2913 2229 2979 Qui
2261 2914 2421 2970 datus
2447 2919 2532 2968 est
2558 2910 2733 2979 vobis,
2766 2927 2871 2967 nec
2896 2909 3301 2967 confundamur
3328 2905 3538 2963 alumni

411 3001 648 3073 Martyrii
677 3001 879 3058 meruit
900 3009 1118 3057 certans
1140 3002 1244 3057 hac
1272 3001 1412 3057 urbe
1436 3018 1713 3058 coronam.
2127 3010 2278 3066 Sicut
2308 3008 2581 3065 adulterio
2620 3007 2863 3079 corrupti
2897 3006 3125 3061 seminis
3155 3005 3281 3060 οτιί,

412 3090 581 3155 Quam
613 3091 818 3166 dignus
846 3091 1058 3146 meritis
1085 3106 1338 3147 81100880r
1366 3091 1626 3147 18ndibus
1656 3089 1834 3159 θίτοΐῑν
2126 3105 2257 3160 Tam
2279 3104 2496 3160 dulcem
2511 3110 2875 3174 sanctumque
2898 3101 3115 3157 Patrem
3127 3099 3224 3156 sed
3244 3097 3495 3154 moribus
3520 3095 3666 3150 almis

413 3180 666 3237 Ecclesia:
694 3181 949 3237 scribens
966 3180 1207 3257 lgnatius
1225 3179 1564 3250 Antichenaz,

2127 3195 2441 3253 Efﬁciamur
2467 3211 2535 3253 eo
2561 3204 2673 3253 tam
2704 3194 2949 3252 castifico
2979 3194 3134 3250 Patre
3167 3192 3343 3269 digni.

1923 3333 2132 3391 CAPUT
2168 3334 2232 3392 V.

1751 3438 1831 3499 De
1870 3445 2076 3500 saneto
2118 3436 2382 3513 Ignatt'o.
2497 3498 2503 3502 ,

411 3548 519 3605 Hac
549 3547 756 3605 etenim
780 3547 1033 3603 residens
1054 3546 1303 3624 Ignatius
1325 3544 1464 3601 urbe
1490 3543 1720 3612 nitebat,
2059 3552 2110 3624 ρ
2131 3542 2400 3614 Martyrii;
2427 3540 2542 3611 jam
2574 3539 2756 3597 carnis
2778 3540 2862 3596 eis
2882 3537 3098 3595 affectio
3119 3536 3263 3594 desit

413 3641 550 3697 Huic
578 3649 706 3712 post
727 3641 874 3696 hunc
900 3639 1100 3713 praesul
1131 3636 1261 3694 ﬁdei
1294 3639 1385 3711 pia
1407 3639 1663 3711 dogmata
1693 3637 1924 3707 dedens,
2134 3631 2273 3705 Erga
2297 3646 2378 3699 se,
2413 3646 2607 3703 poenas
2623 3629 2785 3685 hilari
2817 3629 2912 3702 qui
2931 3628 3097 3685 corde
3114 3631 3365 3697 receptet

409 3731 581 3787 Morte
610 3729 962 3802 triumphata,
994 3745 1159 3802 quem
1189 3744 1247 3783 se
1275 3727 1483 3784 vidisse
1513 3726 1734 3796 fatetur,
2140 3747 2162 3776 ε
2205 3727 2343 3782 Ecce
2374 3726 2662 3790 salutares,
2698 3725 2898 3797 inquit,
2938 3723 3076 3779 mihi
3106 3736 3275 3778 nosco
3299 3719 3537 3775 ferarum

410 3829 655 3900 Sumpsit
683 3826 991 3899 apostolico
1022 3825 1208 3882 socius
1234 3841 1356 3898 quae
1380 3832 1639 3881 strenuus
1657 3839 1774 3880 ore.
2086 3840 2105 3852 ι
2134 3818 2335 3874 Exacui
2365 3818 2579 3884 dentes,
2611 3816 2859 3885 veniant,
2891 3815 2980 3871 his
3009 3814 3272 3871 carnibus
3303 3814 3403 3882 uti,

410 3921 609 3977 Audito
640 3920 796 3989 cujus
826 3919 1033 3975 celebri
1067 3934 1286 3975 rumore
1317 3924 1564 3986 senatus,
2134 3910 2349 3977 Quaeso,
2371 3909 2511 3966 meis
2540 3908 2707 3965 liceat
2735 3908 2907 3976 diras,
2930 3923 3067 3980 quas
3096 3915 3225 3980 opto
3256 3904 3460 3978 parari,

409 4016 663 4088 Priucipe
689 4015 918 4085 Trajano
950 4014 1226 4071 fervorem
1255 4013 1455 4086 stragis
1484 4019 1684 4086 agente
2129 4005 2203 4060 Ac
2229 4012 2359 4076 peto
2390 4019 2460 4059 ne
2490 4011 2738 4060 nostrum
2764 4008 3016 4059 metuant
3040 4002 3365 4076 contingere
3391 4015 3611 4072 corpus,

411 4108 472 4161 ln
504 4113 743 4170 nostros,
772 4104 964 4159 statuit
993 4120 1102 4177 qua
1132 4109 1382 4175 pasceret
1409 4118 1505 4158 ora
1530 4101 1767 4157 ferarum
2130 4095 2501 4162 Quorumdam
2526 4096 2697 4153 veluti
2719 4095 2914 4152 crebro
2939 4095 3187 4151 timuisse
3214 4093 3481 4165 patescit:

413 4200 736 4270 [nsanteque
767 4197 922 4252 daret
949 4196 1133 4253 Romae
1155 4194 1435 4266 spetacula
1461 4193 1633 4264 plebi.
2128 4186 2270 4252 Quin
2301 4193 2357 4242 et
2377 4186 2422 4242 si
2444 4185 2722 4251 dubitent,
2759 4201 2862 4260 ego
2888 4201 2999 4254 me,
3023 4185 3242 4240 veniam
3272 4183 3400 4239 date
3421 4181 3665 4238 subdam.

410 4267 714 4364 Abripitur,
743 4290 1070 4360 vinctusque
1100 4288 1261 4343 datur
1281 4285 1606 4343 custodibus
1630 4285 1794 4353 ultro,
2126 4275 2302 4333 Nosco
2333 4276 2468 4348 quid
2509 4275 2763 4348 expediat
2793 4275 2930 4330 mihi
2960 4273 3265 4346 discipulus
3295 4273 3412 4330 fore
3442 4274 3561 4346 [pro
3601 4267 3726 4364 e§$el

411 4362 787 4453 Militibusque
818 4380 1010 4434 decem
1030 4377 1320 4433 ducendus
1345 4376 1578 4433 traditur
1606 4376 1759 4433 Urbi.
3451 4362 3662 4437 [Christi

413 4473 515 4538 Qui
544 4472 665 4527 loca
693 4467 1017 4541 praeteriens
1050 4467 1206 4533 Asiae,
1241 4466 1371 4522 dum
1399 4466 1602 4522 czerula
1629 4466 1781 4523 vadit
2129 4459 2285 4516 Nunc
2312 4460 2477 4531 ccepi,
2495 4475 2608 4516 non
2637 4459 2880 4517 invideat
2905 4475 3071 4531 quem
3100 4457 3392 4530 quisquam
3416 4456 3665 4529 adipisci.

408 4558 656 4633 Navigio,
685 4555 1001 4614 veneranda
1031 4555 1138 4627 piis
1176 4555 1268 4610 dat
1297 4555 1512 4611 semina
1532 4555 1713 4622 terris,
2122 4551 2395 4609 Fornaces
2423 4552 2714 4628 ignesque,
2746 4567 3070 4624 crucesque,
3116 4552 3356 4622 feraeque
3386 4556 3664 4621 parentur,

410 4651 777 4723 Ecclesiaeque
806 4648 969 4705 docet
988 4648 1224 4721 populos
1249 4647 1545 4719 persistere
1573 4654 1684 4704 toto
2122 4644 2365 4699 Membra
2390 4644 2748 4713 revellantur,
2776 4654 3115 4717 pateantque
3135 4643 3460 4700 medullitus
3485 4658 3634 4709 ossa;

410 4749 470 4803 In
500 4753 686 4803 sancta
703 4762 828 4802 cum
857 4745 1027 4802 corde
1049 4742 1180 4811 fide,
1212 4743 1384 4800 vitare
1404 4743 1664 4815 profanas
2123 4737 2184 4792 ln
2208 4754 2296 4793 me
2322 4737 2585 4809 supplicii
2615 4737 2925 4794 contlentur
2952 4735 3153 4792 robora
3183 4735 3400 4800 cuncti,

408 4841 537 4907 Quae.
564 4848 697 4895 tunc
725 4837 1032 4894 extulerant
1058 4837 1280 4893 hereses
1308 4844 1474 4907 caput
1493 4851 1590 4891 ore
1612 4833 1881 4905 chelydri,
2052 4891 2104 4907 ἢ
2127 4829 2195 4885 Ut
2224 4829 2391 4885 modo
2411 4829 2728 4900 pervaleam
2753 4828 3027 4885 Christum
3047 4826 3446 4899 comprendere
3476 4826 3672 4883 Iesum.
3702 4843 3730 4874 ι

410 4891 713 4990 Exhortans
743 4937 804 4987 ut
823 4928 1143 5002 apostolicis
1168 4891 1461 4985 nexamine
1494 4926 1619 4983 forti
1700 4924 1705 4929 ”
1739 4891 1756 4905 υ
1868 4891 1880 4901 ’
2050 4891 2109 4960 D
2201 4921 2334 4977 lude
2363 4891 2507 4976 datis
2539 4922 2781 4993 scriptis,
2810 4922 3110 4993 Polycarpo
3141 4891 3310 4976 tradit
3334 4921 3589 4977 alendam

409 5023 690 5079 Haererent
719 5018 964 5087 monitis,
1005 5020 1200 5075 horum
1242 5023 1519 5090 praecepta
1544 5015 1719 5072 secuti
2129 5010 2449 5078 Ecclesiam,
2481 5019 2724 5082 ereptum
2751 5017 3013 5082 repetens
3040 5010 3166 5079 iter,
3199 5011 3628 5076 Antiochenam;

407 5113 720 5171 Adveniens
740 5112 1048 5183 Smyrnam,
1073 5107 1361 5182 Polycarpi
1381 5106 1552 5162 fultus
1573 5122 1778 5170 amore,
2129 5107 2191 5162 Et
2218 5106 2449 5162 veniens
2480 5106 2706 5162 Romam
2739 5106 2953 5176 Trajam
2980 5106 3210 5162 sedibus
3239 5114 3399 5162 astat.

406 5208 598 5286 Dirigit
618 5208 749 5264 hinc
778 5207 1053 5278 Ephesum
1082 5203 1302 5276 scriptis
1330 5203 1602 5261 solamina
1629 5200 1806 5258 verbi.
2128 5196 2222 5253 Hic
2248 5197 2467 5254 oblatus
2505 5198 2557 5254 ei
2587 5199 2792 5269 pariter
2828 5198 3108 5254 residente
3139 5206 3335 5256 senatu

406 5299 543 5355 Hinc
567 5298 732 5353 simul
753 5295 1040 5351 instruitur
1064 5293 1364 5368 Magnesia,
1396 5308 1575 5349 necne
1604 5292 1892 5360 Meander;
2126 5287 2571 5360 Praeponensque
2603 5289 2698 5344 Dei
2725 5289 2929 5346 cultum
2959 5289 3266 5346 terroribus
3298 5291 3516 5347 horum.

409 5387 662 5444 Ecclesia
686 5384 879 5440 Trallis
907 5383 1110 5438 dantur
1129 5398 1353 5455 quoque
1384 5382 1597 5438 semina
1619 5382 1760 5438 vitae.
2126 5382 2442 5439 Plumbatas
2467 5383 2708 5456 scapulis
2740 5385 2917 5456 primo
2947 5384 3146 5457 accipit
3178 5385 3382 5442 ictibns
3406 5394 3577 5450 actas;

410 5475 674 5534 Romanis
704 5472 867 5528 etiam
892 5470 1144 5527 scribens
1164 5471 1255 5542 pia
1280 5476 1581 5543 grammata
1609 5470 1793 5527 mittit.
2128 5473 2264 5530 Hinc
2292 5475 2412 5545 cjus
2439 5475 2656 5530 lanians
2693 5476 2840 5532 latus
2872 5477 3078 5552 ungula
3115 5477 3292 5533 sulcat
3320 5485 3624 5550 utrumque,

414 5569 657 5626 Poscens
684 5582 755 5621 ne
778 5579 878 5637 pro
900 5579 959 5620 se
989 5561 1233 5633 doleant,
1268 5578 1337 5620 ne
1360 5578 1513 5636 spem
1544 5563 1651 5619 sibi
1677 5563 1871 5620 tollant
2129 5565 2397 5640 Quodque
2412 5566 2652 5626 subinde
2673 5568 2873 5626 fricant
2901 5568 3081 5627 scabri
3104 5569 3386 5644 rigidique
3407 5569 3591 5643 lapilli,
