3962 6140
121 271 213 326 553
653 270 735 324 DE
769 236 1128 323 TRIUMPHIS
1168 267 1422 322 CHRISTI
1463 267 1836 324 ANTIOCHIE
1875 270 2099 324 GESTIS
2140 269 2314 325 LIBRI
2355 271 2506 328 DUO.
2545 303 2616 313 —
2655 272 2780 328 LIB.
2823 275 2862 329 I.
3309 279 3412 336 554

125 390 310 448 Deinde
335 390 474 445 volze
495 405 754 444 manuum
779 390 903 444 vivo
925 391 1161 445 carbone
1202 390 1503 460 replentur,
1749 399 1794 462 Α
1824 393 1888 446 Ut
1917 392 2083 463 coepit
2114 391 2384 458 fremitus,
2427 393 2746 468 ﬂagramine
2778 397 2908 451 talia
2937 397 3080 453 fatur

125 485 402 554 Infusoque
422 483 529 537 olei
552 481 665 537 fotu
698 480 962 556 flagrante
986 497 1192 552 papyro
1823 486 2054 557 Martyrii
2083 494 2138 540 et
2168 500 2372 558 magno
2402 502 2705 541 succensus
2734 505 2918 544 amore
2941 491 3202 564 triumphi
3229 510 3243 548 :

126 576 382 631 Costarum
413 575 576 628 cratis
596 571 937 642 laterumque
955 571 1142 625 arvina
1173 578 1506 654 cremantur,
1822 599 1850 627 α
1888 577 2120 643 Sumite,
2169 575 2435 642 Romani,
2479 584 2716 631 nostram
2767 581 3084 654 quicunque
3127 584 3434 654 palaestram

128 666 243 721 [nde
273 663 583 734 pavimento
607 678 907 732 prunarum
939 661 1252 735 aspergitur
1273 649 1444 732 ignis,
1821 667 2112 737 Spectatis,
2145 663 2442 736 cunctique
2474 664 2596 729 viri,
2627 681 2747 720 mea
2777 649 2975 724 sumite
2996 649 3175 726 verba
3207 689 3222 738 ;

127 756 177 810 Et
199 769 356 822 super
384 753 530 806 hunc
558 757 760 804 sanctae
788 750 1024 804 tolerant
1057 750 1360 805 consistere
1386 751 1610 820 plantae.
1821 761 1935 816 Νοη
1968 761 2068 815 abs
2096 777 2154 816 re
2187 762 2385 832 patior,
2417 777 2520 817 nec
2545 771 2769 834 propter
2794 779 2933 818 vana
2955 765 3166 822 laboro.

126 843 241 898 Tum
270 840 490 911 requies
508 839 660 907 justo
690 839 860 892 lectus
890 837 1214 892 conceditur
1245 838 1468 903 ardens,
1821 853 1900 907 Me
1925 853 2122 923 pietas,
2154 869 2264 908 non
2297 853 2548 924 impietas
2578 855 2832 925 perducit
2860 856 2927 909 ad
2954 856 3080 922 ista,

128 931 331 986 Vellitus
351 928 500 983 unde
533 929 729 982 iterum
765 926 1323 981 trahiturdiscindere
1352 927 1574 981 dorsum
1821 941 1930 997 Nec
1958 951 2186 1013 propter
2214 941 2564 1009 facinus,sed
2600 959 2698 1014 pro
2731 944 2934 1014 pietate
2967 945 3233 1010 trucidor,

130 1023 318 1098 Ungula
340 1021 651 1074 dilacera“
674 1035 867 1074 Games
904 1029 958 1074 ει
986 1019 1053 1073 ad
1083 1035 1210 1074 088³
1242 1025 1584 1089 ρθηθιπειηες
1822 1027 2177 1084 Frumentum
2211 1028 2432 1097 Christi,
2461 1030 2655 1099 fateor,
2688 1047 2775 1086 me
2807 1032 3066 1087 dentibus
3084 1034 3297 1100 harum,

129 1109 376 1175 Quaeritur
406 1107 535 1161 inde
567 1107 744 1173 dolor,
773 1107 992 1178 patiens
1023 1108 1152 1160 dum
1183 1107 1309 1175 talia
1340 1105 1549 1171 suffert,

1822 1124 2054 1179 Mundus
2069 1133 2129 1178 ut
2157 1125 2413 1180 inveniar
2441 1127 2624 1197 panis,
2649 1126 2825 1182 molar
2853 1127 2968 1198 ipse
3001 1127 3258 1182 ferarum.
3307 1151 3330 1174 η

131 1205 191 1256 ΑΟ
213 1201 318 1254 5313
343 1215 466 1254 cum
507 1198 686 1253 "alido
709 1200 883 1272 Plaga?
915 1198 1283 1252 infunduntur
1301 1205 1478 1264 δοθιον
1823 1213 2076 1267 Permissi
2099 1214 2354 1284 veniunt,
2373 1213 2468 1270 illo
2500 1215 2616 1270 haec
2645 1215 2887 1282 dicente,
2920 1216 3131 1280 leones,

134 1293 458 1360 Haacpassus,
484 1286 746 1358 fortisque
776 1303 1030 1352 manens,
1055 1290 1280 1343 horrore
1307 1287 1495 1363 fatigat
1824 1303 2234 1376 meocamque
2267 1305 2440 1376 pium,
2467 1306 2608 1374 jussi
2637 1321 2974 1378 componere
3005 1307 3232 1376 ludam,

129 1383 359 1438 Tortores
381 1381 654 1447 οτυοὶδῐιδν
682 1380 887 1454 subigit
911 1380 1222 1456 frangitque
1254 1381 1472 1455 ηδεθιιε
1827 1395 2029 1450 Caetera
2060 1413 2170 1453 non
2199 1399 2426 1465 audent,
2459 1415 2565 1454 nec
2597 1399 2744 1454 enim
2778 1399 3103 1471 contingere
3119 1413 3316 1454 carnes

135 1472 548 1543 νὶειίευρριὶοἰὶε
572 1472 704 1526 lanii
729 1473 938 1528 VinCil'e
972 1473 1132 1528 beata
1826 1484 2196 1548 Praesumunt.
2228 1496 2508 1542 tantumve
2531 1487 2654 1543 cibo
2672 1488 2878 1543 violare
2906 1489 3160 1544 cadaver.

136 1565 274 1619 Ferro
301 1563 550 1618 membra
576 1569 792 1635 parant.
825 1564 940 1619 imo
973 1579 1198 1636 quoque
1229 1579 1449 1619 carcere
1477 1563 1722 1631 trudunt.
1826 1572 2036 1628 Mortua
2063 1574 2309 1629 membra
2359 1576 2522 1645 feras,
2583 1577 2750 1632 homo
2797 1592 2921 1648 quae
2968 1576 3325 1643 laceraverat,
3357 1593 3448 1630 ar-

135 1655 611 1726 Constringuntwe
637 1652 810 1724 pedes
835 1653 1020 1727 magni
1051 1654 1152 1708 sub
1184 1653 1427 1725 pondere
1459 1653 1616 1728 ligni.
1753 1714 1798 1740 ῃ
3211 1669 3375 1740 [θεοί.

135 1746 355 1816 Cumque
396 1744 589 1811 tribus,
620 1744 771 1799 nullo
810 1745 987 1800 victus
1008 1745 1277 1800 solamine
1309 1754 1516 1816 pastus,

1751 1714 1803 1782 Β
1830 1754 1958 1819 Quae
1985 1753 2200 1811 ratione
2233 1754 2429 1829 vigens
2458 1755 2672 1811 ratione
2701 1755 2946 1831 vigentia
2976 1756 3157 1826 torsit,

137 1841 226 1896 Sed
247 1855 425 1912 neque
454 1847 698 1912 potatus,
721 1840 1016 1895 mansisset
1041 1841 1246 1894 athleta
1275 1841 1491 1908 diebus,
1831 1846 1953 1901 Haec
1979 1848 2192 1902 ratione
2219 1863 2414 1902 carens
2441 1848 2651 1903 ratione
2673 1848 2916 1903 carentia
2936 1855 3139 1915 servat,

137 1933 213 1987 llis
240 1930 550 1988 indofessus
578 1931 943 2000 Trajanisede
973 1932 1198 2002 superbi
1833 1937 2279 2010 Christicolisque
2313 1955 2426 1994 sua:
2454 1939 2776 2011 linquuntur
2815 1947 2871 1995 et
2892 1939 3105 2014 integra
3131 1939 3270 1993 sedi.

138 2021 567 2093 Amphitheatrali
601 2020 894 2076 deducitur
923 2030 1049 2076 ante
1073 2021 1334 2086 tribunal.
1832 2029 1954 2084 Haec
1983 2029 2048 2084 ad
2082 2045 2245 2102 quam
2276 2031 2544 2085 revehunt
2573 2031 2805 2086 comites
2826 2030 3029 2086 invicta
3051 2029 3293 2085 ferentes

135 2113 252 2178 Quo,
280 2114 650 2193 Romanorum
689 2120 887 2168 cuncta
915 2121 1246 2184 properante
1275 2122 1514 2179 caterva,
1832 2118 1961 2172 Ossa
1992 2118 2334 2189 triumphati,
2362 2134 2618 2190 proceres
2657 2119 2937 2174 vincentia
2959 2119 3172 2186 mundi,

137 2204 378 2272 Ohjicitur
404 2205 642 2276 geminis
670 2204 772 2259 sub
799 2204 976 2259 vincla
998 2204 1256 2259 leonibus
1286 2215 1462 2272 actus,
1835 2206 2327 2278 Daphniticamque
2353 2207 2706 2262 locantextra
2733 2208 2824 2278 pia
2843 2208 3078 2281 pignora
3109 2215 3319 2278 portam

135 2295 340 2367 Jamque
369 2296 555 2364 datus,
588 2312 767 2352 caveae
799 2296 1023 2352 rabidos
1052 2297 1241 2352 audire
1281 2297 1519 2352 ferarum
1837 2298 2082 2353 Mortuus
2112 2306 2395 2374 uttegeret
2421 2299 2612 2355 vivens
2641 2315 2805 2371 quam
2834 2306 3047 2354 rexerat
3071 2299 3286 2354 urbem.

1618 2434 1827 2489 CAPUT
1865 2435 1952 2490 VI.

1265 2538 1343 2597 De
1371 2538 1600 2598 Herone
1624 2548 1675 2598 et
1706 2539 2139 2598 successoribus
2166 2539 2318 2614 ejus.

139 2656 392 2729 Angelicis
419 2656 700 2728 quondam
731 2663 1092 2727 conspexerat
1120 2655 1226 2710 iste
1257 2655 1477 2710 choreis
1842 2653 2068 2710 Instruit
2099 2655 2242 2708 hanc
2269 2660 2394 2724 post
2422 2669 2588 2725 quem
2614 2655 2811 2726 praesul
2833 2654 3116 2711 Cornelius
3142 2655 3358 2710 urbem.

142 2750 376 2807 Sidereos
410 2751 614 2806 trinum
634 2752 781 2806 cives
809 2751 1006 2806 eﬂerre
1037 2751 1292 2806 decorem
1318 2769 1332 2817 ;
1840 2744 1972 2798 Tum
2004 2759 2224 2815 quoque
2256 2751 2380 2814 post
2409 2743 2624 2799 Petrum
2655 2743 2882 2815 quintus
2904 2743 2994 2799 hic
3019 2743 3240 2816 praefuit
3269 2744 3462 2808 Heros,

140 2837 348 2894 Caelicus
377 2839 700 2910 antiphonis
731 2840 1022 2895 modulans
1049 2839 1330 2895 recinebat
1352 2846 1410 2894 ut
1434 2840 1669 2910 hymnos
1841 2837 2182 2907 TheOphilus
2212 2844 2420 2905 sextus,
2447 2839 2672 2910 sapiens
2692 2845 3027 2912 sanctusque
3057 2839 3337 2907 sacerdos,

143 2928 288 2996 Ordo,
318 2938 635 3003 notansque
664 2931 858 2987 modos
889 2930 1162 3002 proprios,
1195 2929 1358 3004 docet
1387 2945 1592 3005 organa
1619 2937 1738 2986 tur-
1844 2927 2006 2996 Cujus
2035 2927 2321 2983 catholicae
2344 2928 2606 2984 doctrina;
2636 2930 2842 3000 scripta
2873 2929 3147 2996 feruntur,

1513 3020 1670 3092 [mas
1773 3013 1822 3081 C
1849 3018 2054 3074 Contra
2085 3019 2334 3075 diversas
2359 3019 2520 3076 docte
2548 3020 2814 3076 bellantia
2847 3028 3046 3088 sectas,

143 3111 402 3188 Spargitur
431 3113 568 3169 hinc
595 3113 831 3169 celebris
856 3113 1048 3168 mundi
1079 3129 1178 3184 per
1205 3113 1424 3169 climata
1456 3113 1616 3168 ritus.
1850 3111 2250 3186 Hermogenem
2279 3119 2334 3168 et
2364 3112 2609 3184 reliquos
2634 3113 2728 3185 qui
2760 3113 3062 3170 confutavit
3091 3113 3330 3183 ineptos.

147 3202 262 3258 lluic
289 3203 698 3259 manifestatum
733 3203 983 3278 pergenti
1015 3203 1083 3257 ad
1124 3203 1313 3274 praelia
1345 3202 1514 3258 fertur
1571 3243 1580 3254 .
1850 3201 2299 3276 Congressusque
2331 3203 2511 3273 palam
2543 3203 2825 3273 superavit
2847 3201 2982 3256 falsa
3012 3206 3332 3272 sequentes.

147 3291 259 3360 Ejus
291 3291 612 3363 pontiﬁcem
632 3300 754 3364 post
790 3309 850 3348 se
875 3291 990 3348 fore
1007 3291 1157 3347 sedis
1181 3293 1473 3358 Heronem,
1855 3289 1956 3353 Qui
1985 3289 2176 3360 procul
2204 3291 2505 3346 exturbans
2535 3291 2681 3346 docti
2720 3289 3116 3346 celeberrimus
3144 3287 3256 3342 oris

152 3379 287 3436 L'tilis
306 3383 483 3454 ipsius
513 3383 611 3454 qui
638 3389 768 3438 tunc
790 3382 953 3436 levita
982 3381 1216 3447 nitebat,
1855 3376 1920 3432 Ut
1949 3376 2184 3450 vigilans
2215 3387 2402 3448 pastor
2428 3379 2596 3434 rictus
2623 3379 2862 3434 clamore
2901 3377 3141 3433 ferarum

150 3470 341 3542 Quique
369 3473 605 3546 gradum
645 3473 814 3549 digne
833 3472 1060 3527 subiens
1081 3471 1310 3540 hujusce
1336 3471 1575 3538 decoris,
1855 3470 2028 3542 Atque
2059 3472 2175 3542 lupi
2206 3471 2402 3528 Christi
2435 3473 2619 3548 gregis
2648 3472 2966 3527 insidiantis
2994 3471 3148 3538 ovili,

153 3559 304 3630 llujus
329 3569 384 3618 et
409 3562 728 3634 exemplum
760 3569 978 3617 sectans
1009 3561 1253 3616 imitator
1284 3561 1539 3627 habetur,
1859 3565 2163 3622 Praesentes
2190 3574 2428 3642 vegetat,
2451 3568 2698 3624 venturis
2717 3583 2868 3622 arma
2894 3566 3193 3630 ministrat,

151 3650 343 3724 Proque
371 3654 564 3730 gregis
586 3653 784 3709 Christi
812 3670 943 3710 cura
973 3653 1288 3724 procumbit
1318 3652 1524 3720 alendi,
1854 3654 2267 3731 Ecclesiamque
2292 3659 2388 3716 Dei
2418 3660 2529 3716 vita
2565 3660 2850 3732 verboque
2880 3663 3157 3715 venustat.

1629 3779 1834 3836 CAPUT
1869 3781 1981 3837 VII.

1342 3887 1420 3946 De
1450 3887 1782 3948 Μαωὶγηὶηο
1812 3898 1864 3947 et
1892 3888 2241 3968 Serapione.

214 4004 342 4062 Hinc
378 4004 714 4061 Maximinus
730 4003 835 4061 rite
851 4011 976 4076 post
996 4005 1278 4076 apostolos
1934 4004 2174 4074 Hujusce
2203 4004 2583 4077 subscripsere
2604 4003 2779 4060 sancti
2806 4003 3056 4076 epistolis

213 4095 304 4160 Qui
331 4099 474 4152 rexit
515 4095 710 4151 urbem
749 4095 922 4152 fertur
953 4096 1112 4150 istam
1139 4095 1431 4167 septimus.
1937 4099 2050 4154 Viri
2086 4099 2323 4170 probati,
2355 4101 2622 4171 prtesules
2652 4114 2714 4154 ac
2735 4106 3024 4170 martyres,
3102 4125 3108 4130 -

213 4187 479 4259 Serapion
511 4193 640 4259 post
663 4187 829 4252 hunc,
852 4184 960 4241 fide
977 4186 1312 4241 clarissimus
1935 4188 2034 4252 Qui
2058 4188 2312 4258 pluribus
2340 4187 2555 4244 fervore
2583 4197 2774 4243 sancto
2806 4187 3145 4258 scriptitans,

215 4281 283 4334 Ac
301 4280 559 4335 eruditus
597 4281 804 4352 regulis
819 4279 1175 4346 authenticis,
1938 4279 2106 4334 Docet
2129 4278 2343 4346 ﬁdeles,
2377 4279 2634 4334 infideles
2661 4277 2860 4351 arguit,

214 4368 413 4432 Quibus
435 4367 644 4424 refutat
672 4368 1048 4440 improborum
1079 4367 1288 4423 naenias
1321 4386 1336 4435 ;
1779 4399 1835 4467 Β
1937 4367 2134 4424 Rectos
2155 4375 2358 4435 tuetur,
2388 4367 2675 4423 deviantes
2707 4365 2952 4438 corrigit,

214 4459 306 4523 Qui
343 4477 403 4517 se
435 4460 746 4532 prophetas
770 4459 1096 4530 jactitabant
1126 4459 1371 4532 publice,
1779 4458 1826 4467 ”
1937 4460 2093 4514 Nunc
2122 4467 2248 4530 apta
2287 4459 2534 4526 firmans,
2566 4475 2715 4513 nunc
2746 4458 2934 4528 inepta
2961 4474 3234 4529 respuens
3269 4477 3283 4527 ;

215 4552 422 4610 Sanctis
441 4561 680 4627 agentes
693 4553 911 4608 vatibus
927 4553 1202 4608 contraria
1939 4551 2040 4615 Qui
2061 4549 2308 4605 Martiani
2342 4549 2762 4620 reprehendens
2792 4548 3048 4622 dogmata

215 4643 273 4698 Et
306 4662 516 4717 spurca
545 4644 772 4700 mundis
799 4643 1115 4700 inserebant
1153 4643 1367 4699 semina
1939 4643 2200 4698 Monstrat
2220 4642 2329 4697 sibi
2350 4643 2484 4714 ipsis
2513 4641 2662 4714 quod
2693 4641 2838 4696 sient
2864 4642 3160 4697 contraria.

215 4733 343 4789 Dum
377 4735 573 4790 tritico
603 4739 1039 4809 conspergerent
1067 4731 1278 4786 zizania
1307 4747 1322 4797 ;
1942 4737 2147 4792 Notans
2173 4751 2441 4807 sequaces
2469 4751 2610 4808 quos
2641 4735 2886 4790 dotcetas
2925 4735 3240 4804 nominant,

219 4826 308 4882 llic
338 4827 654 4882 Maximilla
687 4826 957 4900 detegens
1000 4823 1311 4891 mendacia,
1946 4824 2247 4896 Servatque
2274 4825 2485 4898 agellos
2511 4841 2541 4879 a
2561 4823 2804 4899 maligno
2829 4824 3067 4893 semine,

220 4919 432 4975 Honore
461 4919 609 4975 vatis
638 4933 803 4991 quam
831 4918 1092 4974 colebant
1111 4917 1295 4984 inscii,
1949 4917 2009 4970 In
2039 4917 2164 4988 quis
2192 4916 2436 4991 benigna
2467 4917 2748 4974 nutriebat
2767 4917 3037 4992 gramina.

221 5006 474 5064 Ostendit
497 5009 623 5083 ejus
652 5005 991 5062 exsecranda
1018 5004 1266 5062 semina.
1659 5073 1688 5083 η
1707 5076 1716 5083 ,
1735 5075 1864 5083 _,,_
1903 5075 2018 5083 ,____
2376 4996 2384 5003 .

1653 5073 1864 5132 CAPUT
1903 5075 2040 5130 VIII.

1093 5177 1172 5236 De
1198 5173 1568 5253 Asclepiade,
1605 5175 1857 5252 Phileto,
1892 5179 2171 5240 Zabenno
2201 5186 2255 5239 et
2287 5177 2552 5240 Gemino.

229 5295 319 5351 llic
335 5297 408 5352 ad
440 5309 748 5366 supernam
766 5293 896 5349 dum
917 5292 1148 5349 recessit
1169 5291 1424 5364 patriam,
1959 5293 2380 5368 Congratulatur
2409 5295 2540 5350 huic
2564 5292 2890 5364 Alexander,
2923 5294 3108 5351 datum

230 5387 592 5459 Asclepiades
620 5386 913 5457 praesulatu
936 5385 1184 5460 fungitur
1959 5385 2193 5457 Solyma:
2225 5402 2256 5440 a
2277 5385 2388 5441 Deo
2415 5402 2580 5457 quem
2607 5385 2897 5457 praesulem
2928 5386 3284 5461 signavimus.

232 5479 392 5536 Istius
421 5479 610 5544 urbis,
626 5481 770 5535 inter
799 5479 976 5535 almos
1012 5479 1220 5534 milites
1959 5477 2154 5534 Solans
2180 5479 2432 5534 alumnos
2460 5478 2613 5534 urbis
2641 5477 2805 5547 hujus
2831 5477 3051 5546 litteris,

233 5568 600 5629 Confessione
629 5572 811 5627 clarus
826 5579 881 5628 et
903 5571 1252 5628 fortissimus.
1968 5589 1994 5622 α
2023 5570 2264 5637 Levavit,
2295 5570 2499 5642 inquit,
2532 5577 2719 5626 nostra
2739 5568 2985 5626 Christus
3003 5568 3221 5626 vincula

498 5737 782 5798 pA'l‘ROL.
833 5737 1157 5798 CXXXV.
3101 5731 3172 5794 18
