3958 6158
478 337 584 392 555
1173 319 1543 377 FLODOARDI
1585 315 1888 372 CANONICI
1930 311 2256 370 REMENSIS
2297 309 2635 367 OPUSCULA
2673 307 2985 364 METRICA.

548 465 618 519 Et
641 467 789 518 arcta
817 455 1065 513 dilatavit
1093 449 1530 520 hujuscarceris,

547 551 946 623 Asclepiadem,
978 546 1269 602 sanctitate
1299 541 1613 613 praeditum,

550 647 720 715 Hujus
749 645 959 698 honore
985 637 1244 694 culminis
1274 631 1683 708 dignissimum,

551 735 1057 809 Sumpsissevestra
1085 727 1329 801 comperi
1361 726 1508 798 quod
1530 721 1780 797 tegmina
1825 741 1850 771 ι

2109 449 2163 516 Α
2256 440 2383 494 Post
2411 455 2575 510 quem
2608 437 2873 504 Philetus,
2899 435 3030 490 hinc
3055 434 3338 490 Zabennus
3361 437 3600 512 jungitur,

2261 535 2522 589 Geminus
2563 540 2757 587 senatu
2789 531 3046 602 splendet
3075 530 3236 597 hujus
3266 531 3536 602 presbyter

2268 626 2476 696 Lepore
2498 625 2700 690 clarus,
2733 623 2981 678 emicans
3007 621 3264 687 scientia,

2265 714 2604 770 Monimenta
2634 713 2793 767 libris
2819 709 3122 783 praedicant
3145 717 3205 764 ut
3235 708 3422 764 indita.

1983 815 2196 872 CAPUT
2240 813 2326 868 IX.

1638 922 1720 984 De
1746 929 1950 982 sancto
1980 920 2207 995 Bubyla
2236 925 2289 976 et
2326 915 2641 974 Theodoro.

552 1046 766 1102 Abhinc
791 1042 1027 1098 Babillas
1047 1038 1202 1094 urbis
1229 1036 1394 1105 hujus
1415 1032 1664 1106 pontifex

558 1134 928 1193 Confessionis
952 1130 1218 1203 dignitate
1241 1127 1560 1200 praeminet:

559 1231 659 1295 Qui
690 1229 820 1283 dum
853 1227 1176 1300 frequenter
1213 1218 1567 1291 passionibus
1591 1215 1708 1271 suis

561 1318 756 1376 Christi
783 1315 1134 1386 triumphans
1163 1309 1448 1365 extulisset
1475 1305 1729 1380 gloriam,

562 1413 622 1467 Et
649 1408 924 1465 innovatis
946 1405 1182 1459 invicem
1214 1397 1582 1470 carptoribus,

562 1499 798 1575 Flagella
827 1495 986 1552 fortis
1010 1491 1324 1565 pertulisset
1350 1485 1608 1550 maxima,

561 1596 706 1650 Intra
736 1605 984 1648 cavernae
1009 1583 1300 1642 carceralis
1327 1579 1546 1636 vincula

560 1687 695 1742 Vita:
724 1681 963 1755 capessit
989 1678 1245 1754 gloriosae
1268 1672 1588 1729 terminum.

563 1777 694 1834 Cum
725 1789 834 1845 quo
866 1771 1116 1825 feruntur
1141 1772 1253 1819 tres
1282 1761 1460 1816 necati
1495 1755 1705 1830 parvuli

565 1867 909 1930 Philidanus,
940 1860 1234 1931 Epolanus,
1257 1855 1510 1910 Urbanus
1539 1848 1703 1904 simul

569 1960 740 2027 Hujus
768 1955 942 2012 secuti
983 1950 1157 2006 Patris
1186 1949 1354 2003 altum
1389 1943 1686 2000 tramitem.

571 2051 734 2119 Cujus
762 2046 909 2102 beati
942 2041 1194 2114 martyris
1222 2037 1568 2093 mausoleum

569 2140 814 2212 Daphnis
843 2136 1082 2199 renidet,
1116 2131 1272 2188 urbis
1303 2130 1361 2183 in
1391 2124 1684 2183 suburbio.

569 2230 668 2296 Qui
686 2228 959 2292 Julianus,
996 2221 1261 2294 pestilens
1286 2225 1558 2290 apostata.

575 2328 730 2385 Dum,
763 2318 890 2372 fana
911 2312 1158 2370 Castaliae
1195 2311 1385 2365 colens
1423 2302 1773 2376 scaturiginis

576 2410 773 2465 Misero
803 2407 986 2460 litaret
1017 2399 1314 2472 impudens
1340 2393 1602 2466 Apollini,

575 2499 860 2569 Responsa
889 2507 992 2547 nec
1023 2488 1319 2560 stipulatus
1348 2484 1460 2539 ulla
1481 2486 1745 2546 sumeret,

578 2591 856 2660 Cujusque
887 2599 1080 2640 causas
1106 2583 1380 2652 quaereret
1405 2572 1638 2638 silentii,

577 2683 739 2739 Juxta
775 2677 1000 2733 Babilla:
1021 2675 1181 2727 busta
1209 2667 1400 2724 haberi
1427 2662 1705 2734 martyris,

578 2765 822 2828 Tandem
851 2766 1039 2823 remisi
1079 2763 1328 2818 detulere
1355 2759 1636 2813 daemones

585 2868 872 2936 Responsa
895 2877 958 2916 se
985 2873 1095 2914 non
1126 2871 1287 2927 posse
1319 2867 1490 2924 quare
1515 2847 1771 2904 reddere.

585 2963 648 3016 At
677 2960 770 3014 ille
801 2972 930 3012 mox
948 2952 1138 3010 venire
1166 2949 1404 3003 Galileos
1433 2945 1595 3014 jubet

589 3053 740 3122 (Nam
770 3045 1108 3104 Christianos
1136 3041 1218 3096 sic
1245 3052 1444 3095 vocare
1465 3032 1743 3099 sueverat)

590 3120 652 3198 Et
678 3141 807 3195 hinc
835 3135 1150 3208 sepulcrum
1184 3126 1442 3199 martyris
1483 3120 1818 3195 propellere.

588 3236 739 3290 Tunc
768 3226 1062 3285 Christiani
1090 3237 1220 3295 rege
1253 3218 1462 3273 Christo
1495 3212 1733 3286 praediti,

593 3332 782 3385 Arcam
815 3326 1061 3380 levantes
1090 3314 1464 3390 hymnizando
1497 3307 1752 3380 martyris

528 3428 545 3439 ‘
595 3421 807 3477 Laudes
839 3417 894 3471 in
925 3411 1290 3470 exsultatione
1317 3407 1680 3474 concrepant,

595 3511 764 3564 Aures
791 3503 1006 3577 profani
1037 3498 1307 3573 principis
1327 3512 1430 3567 per
1462 3491 1636 3547 millia

597 3599 705 3654 Sex
734 3598 1062 3666 impetentes
1090 3589 1207 3644 hac
1235 3583 1486 3642 canendo
1517 3579 1762 3636 carmina
1796 3594 1809 3630 :

599 3692 638 3748 0
670 3690 903 3755 Christe,
935 3682 1348 3742 confundantur
1371 3691 1570 3733 omnes
1590 3671 1822 3736 ethnici,

601 3786 699 3851 Qui
717 3800 857 3840 vana
883 3782 1114 3837 adorant
1143 3774 1520 3848 supplicantes
1549 3766 1855 3839 sculptilio,

601 3879 666 3934 Et
693 3876 1001 3952 gloriantur
1031 3869 1126 3943 qui
1159 3867 1276 3923 suis
1307 3865 1363 3920 in
1398 3862 1582 3918 idolis.

604 3951 813 4024 Caelum
853 3962 1078 4019 resultat
1106 3955 1295 4014 arduis
1321 3951 1680 4015 clamoribus,

599 4061 885 4132 Tyrannus
912 4055 1048 4112 atris
1077 4049 1323 4106 infremit
1340 4045 1648 4101 doloribus.

604 4131 742 4206 Tum
775 4146 1110 4203 Christianos
1141 4139 1234 4194 ille
1259 4135 1483 4191 mandat
1511 4131 1690 4202 abripi

608 4242 672 4297 Et
700 4236 939 4295 carceris
977 4242 1158 4289 trusos
1188 4229 1246 4283 in
1270 4227 1395 4281 imis
1425 4222 1568 4279 afﬁci

2115 1031 2170 1097 Α
2270 1020 2561 1077 Praefectus
2587 1021 2708 1090 ejus
2737 1017 2932 1090 implet
2961 1018 3066 1073 hoc
3090 1015 3378 1082 Salustius,

2268 1119 2608 1188 Arctansque
2637 1113 2890 1187 quemvis
2915 1112 3282 1167 Christianum
3313 1110 3544 1181 primitus

2273 1206 2390 1261 Sibi
2415 1204 2727 1261 obviantem
2760 1203 2985 1268 (nomen
3028 1201 3159 1256 huic
3183 1199 3528 1265 Theodorus),

2275 1299 2316 1352 A
2339 1298 2461 1352 luce
2488 1295 2664 1366 prima
2692 1301 2916 1365 torquet
2946 1308 3126 1364 usque
3151 1306 3430 1362 vesperam

2281 1388 2615 1444 Crudelitate
2637 1393 2746 1440 tam
2769 1385 2931 1449 truci,
2962 1382 3262 1439 tortoribus

2281 1483 2360 1537 Ad
2387 1482 2556 1556 ﬂagra
2585 1481 2828 1547 mutatis,
2860 1487 2920 1533 ut
2945 1493 3187 1549 unquam
3231 1476 3435 1531 diceret

2284 1577 2352 1632 Se
2383 1592 2548 1631 nemo
2585 1584 2692 1630 tam
2725 1573 2930 1629 vidisse
2959 1572 3164 1628 factum
3203 1571 3474 1626 atrociter.

2293 1669 2549 1724 Pendens
2578 1666 2818 1738 equuleo
2851 1665 2948 1720 sed
2979 1663 3118 1718 nihil
3157 1670 3356 1734 praeter
3381 1662 3541 1732 pium,

2291 1759 2453 1813 Actus
2483 1755 2670 1830 ﬂagris
2701 1755 2830 1809 hinc
2859 1753 2988 1807 inde
3015 1751 3396 1816 saevientibus,

2292 1850 2523 1905 Dicebat
2542 1849 2806 1919 hymnum
2837 1861 3002 1918 quem
3033 1844 3266 1899 canebat
3294 1841 3485 1914 pridie.

2294 1939 2660 1994 Considerans
2699 1937 2879 2010 egisse
2911 1935 2988 1989 nil
3017 1933 3286 1988 Salustius

2296 2030 2641 2085 lmmanitate
2672 2036 2782 2083 t-im
2813 2026 2941 2081 fera:
2972 2027 3283 2089 sententiae,

2293 2127 2559 2182 Juvenem
2591 2122 2804 2193 recepit
2832 2121 3140 2191 obstupens
3168 2115 3470 2190 ergastulo,

2300 2217 2375 2270 Ac
2405 2214 2726 2286 imperatori
2758 2213 2890 2285 quid
2920 2218 3101 2267 actum
3132 2210 3205 2264 sit
3232 2207 3424 2272 refert,

2299 2306 2470 2371 Quem
2493 2311 2807 2360 commonet
2830 2319 2899 2358 ne
2931 2303 3038 2357 tale
3065 2299 3199 2372 quid
3229 2299 3303 2354 de
3335 2304 3528 2353 caetero

2301 2399 2618 2460 Praesumat,
2652 2396 2769 2466 ipse
2796 2394 2900 2449 sibi
2926 2408 3124 2464 parans
3162 2389 3472 2452 infamiam,

2305 2487 2365 2542 Et
2397 2485 2720 2544 Christianis
2749 2484 2842 2555 qui
2888 2483 3148 2537 resistunt
3173 2479 3430 2554 gloriam.

2304 2577 2542 2632 Minatur
2573 2591 2704 2651 ergo
2735 2575 2985 2631 Julianus
3015 2572 3306 2628 Persicam.

2311 2667 2369 2720 In
2399 2665 2745 2720 Christianos
2771 2679 2922 2717 arma
2949 2667 3071 2732 post
3099 2660 3417 2726 victoriam,

2300 2757 2573 2828 Totasque
2610 2756 2756 2810 vires
2785 2771 2845 2809 se
2871 2754 3126 2808 daturum
3158 2751 3362 2823 praelii.

2305 2852 2499 2907 Divina
2530 2850 2628 2906 sed
2659 2848 2865 2904 resistit
2885 2847 2972 2902 his
3001 2845 3341 2910 sublimitas,

2306 2945 2566 3000 Miserum
2599 2943 2853 3015 relegans
2891 2955 3055 3012 quem
3086 2938 3367 2992 minacem
3383 2932 3623 2990 sustinet.

2306 3037 2514 3107 Nempe
2541 3035 2700 3090 hoste
2731 3047 2905 3088 casus
2937 3029 3128 3086 abdito
3155 3027 3500 3084 subvertitur

2314 3129 2615 3198 Finemque
2646 3126 2770 3181 vitae
2802 3124 2969 3178 sumit
2996 3129 3159 3193 atque
3190 3120 3453 3186 fascium,

2315 3218 2527 3274 Christo
2556 3217 2796 3290 potentis
2827 3213 3111 3271 architecti
3149 3212 3266 3268 ﬁlio

2315 3309 2442 3364 Diro
2474 3307 2729 3364 locellum
2757 3304 3057 3360 fabricante
3091 3301 3298 3357 funeri.

2319 3397 2413 3452 Ast
2439 3396 2723 3450 intimasse
2757 3393 2989 3448 traditur
3015 3389 3346 3445 Theodorus

2319 3487 2488 3542 Saevis
2517 3487 2768 3542 adactum
2809 3499 2868 3538 se
2897 3498 3089 3554 parum
3113 3480 3428 3544 doloribus,

2323 3575 2431 3630 Sed
2460 3577 2752 3631 allevatum
2783 3570 3018 3644 Spiritali
3051 3568 3287 3635 lumine,

2324 3664 2592 3719 Juvenem
2621 3661 2728 3717 sibi
2756 3660 3015 3724 astitisse,
3041 3656 3448 3713 candidissimo

2263 3769 2268 3775 ‘
2321 3756 2630 3900 iudoribus
2657 3770 2718 3809 se
2749 3750 3082 3822 terseritqui
3111 3747 3376 3813 carbaso,

2369 3861 2532 3900 uuam
2565 3843 2885 3900 frequenter
2911 3838 3167 3900 frigidam
3195 3836 3295 3900 qui
3327 3835 3376 3890 ir

2369 3861 2532 3918 quam
2565 3843 2885 3914 frequenter
2911 3838 3167 3912 frigidam
3195 3836 3295 3908 qui
3327 3829 3598 3890 infuderit

2325 3936 2577 4007 Eumque
2594 3933 2697 3987 sub
2727 3931 2917 3986 labore
2948 3925 3296 3983 roboraverit
3331 3941 3346 3979 :

2325 4027 2482 4084 Dolet
2510 4025 2658 4080 unde
2687 4021 2847 4077 fessis
2879 4018 3130 4075 hostibus
3163 4016 3318 4087 parci
3341 4013 3474 4076 sibi,

2331 4119 2398 4174 Se
2427 4113 2825 4192 gloriatusluce
2857 4109 3050 4165 Christi
3085 4105 3320 4179 perfrui.

2056 4285 2260 4341 CAPUT
2297 4283 2360 4338 X.

1409 4399 1487 4458 De
1511 4397 1746 4456 ultione
1775 4394 1845 4452 in
1872 4389 2128 4469 perﬁdos
2157 4397 2209 4448 et
2241 4385 2641 4447 retributione
2668 4378 2965 4455 ﬁdelium.

613 4524 912 4592 Ipsumque
942 4513 1128 4569 fanum
1162 4508 1394 4564 fulmine
1432 4505 1590 4561 ardet
1615 4499 1834 4569 cmlico,

615 4613 758 4668 Deus
773 4607 958 4664 favilla
987 4601 1261 4659 delitescit
1285 4597 1512 4671 Pythius
1535 4613 1548 4649 :

616 4703 823 4778 Flagris
850 4698 1063 4756 subacti
1094 4696 1149 4750 id
1173 4693 1453 4749 clamitant
1477 4685 1772 4754 Neochori,

618 4795 677 4850 ld
703 4791 1031 4848 rusticorum
1062 4794 1175 4842 tota
1201 4783 1308 4838 fert
1326 4779 1550 4836 vicinia.

619 4883 914 4941 Praefectus
934 4878 1072 4934 alter
1101 4879 1292 4930 sancta
1320 4870 1490 4925 mictu
1521 4864 1875 4927 attaminans,

620 4976 932 5046 Christique
962 4969 1225 5040 templum
1249 4965 1413 5019 inane
1444 4974 1678 5016 censens
1706 4954 1958 5020 numine,

621 5064 1072 5138 Prmsumptionis
1097 5059 1263 5133 digna
1286 5054 1480 5128 pendit
1498 5050 1744 5124 praemia,

622 5163 781 5224 Dum,
813 5153 1132 5230 putrefactis
1163 5149 1479 5204 abditorum
1505 5143 1786 5206 ductibus,

623 5249 1094 5325 Blasphemiarum
1117 5252 1333 5299 stercus
1363 5237 1518 5294 effert
1546 5249 1754 5310 organo

624 5349 885 5418 Saevaque
915 5341 1101 5397 multae
1128 5343 1284 5410 peste
1323 5346 1527 5410 gnarus
1565 5326 1779 5383 interit.

627 5436 886 5492 Prmlalus
907 5432 1028 5504 ipse
1045 5427 1245 5500 probra
1270 5438 1416 5498 gazae
1448 5419 1613 5494 regiae

625 5528 845 5584 Addens
875 5523 1092 5588 cavillo,
1117 5520 1245 5574 dum
1280 5514 1592 5571 cachinnat.
1627 5508 1850 5575 mmulo,

623 5621 844 5676 Manum
875 5613 1121 5688 supremi
1153 5607 1454 5685 cognitoris
1481 5619 1592 5660 non
1615 5601 1783 5676 fugit,

627 5711 745 5768 Oris
773 5716 960 5765 meatu
989 5704 1167 5760 fulcra
1192 5700 1434 5756 fundens
1475 5693 1747 5766 corporis,

557 5821 704 5891 (167)
733 5819 910 5876 Locus
939 5818 1250 5884 corruptus.

2177 4499 2232 4566 D
2327 4493 2541 4546 Vacuus
2572 4493 2801 4559 repente
2831 4483 2925 4556 qui
2953 4479 3173 4536 facessit
3191 4477 3502 4552 sanguine.

2332 4583 2536 4655 Laquei
2566 4583 2828 4651 parantur
2859 4575 3180 4629 innocentes
3217 4569 3420 4624 fallere

2332 4675 2645 4744 Fontesque
2673 4666 2874 4739 dapnis
2901 4663 3147 4720 sordidat
3178 4659 3538 4722 contamine,

2333 4762 2450 4819 Cibi
2477 4761 2724 4817 forenses
2763 4756 2853 4810 hic
2875 4754 3101 4809 madent
3131 4748 3441 4824 aspergine

2334 4855 2563 4921 Quidam
2591 4858 2878 4926 gementes
2909 4845 3115 4901 munda
3146 4842 3382 4898 mundis
3404 4837 3679 4909 judicant,

2339 4944 2568 5010 Quidam
2597 4925 2950 4995 exsecrantes
2981 4925 3664 5004 respuuntspurcamina,

2340 5036 2609 5089 Damnant
2639 5028 2887 5101 profana,
2928 5025 3091 5080 laude
3117 5021 3254 5077 lucis
3274 5023 3593 5091 appetunt,

2341 5126 2552 5181 Palmas
2581 5121 2767 5192 adepti
2795 5119 3065 5193 dignitate
3100 5113 3340 5169 funeris.

2341 5216 2543 5271 Rerum
2569 5213 2817 5284 rapinam
2851 5207 3075 5281 quidam
3097 5209 3335 5261 ovantes
3365 5199 3618 5255 eﬂ‘eruut
3645 5211 3658 5247 :

2344 5305 2411 5362 Ut
2431 5307 2541 5360 dux
2571 5301 3004 5366 Valentinianus,
3035 5296 3340 5370 indignans
3373 5306 3538 5346 sacra

2343 5401 2497 5457 Stilla
2537 5397 2836 5471 inquinari,
2868 5411 2977 5451 non
3010 5398 3226 5448 renutat
3255 5402 3559 5444 carcerem

2346 5490 2493 5562 (167)
2523 5466 2666 5543 Laeto
2693 5485 2971 5548 ministro,
3005 5489 3100 5536 aut
3127 5478 3452 5536 incolatum
3485 5466 3698 5545 perpeti

2348 5581 2589 5637 Centena
2609 5579 2864 5648 adeptus,
2893 5573 3044 5630 unde
3069 5569 3224 5644 regni
3262 5579 3594 5638 purpuram

2348 5675 2449 5731 Pro
2471 5671 2695 5730 militari
2724 5685 2852 5727 mox
2888 5666 3131 5739 capessit
3157 5662 3422 5732 baltheo.

3645 319 3727 374 K56
