3974 6146
150 307 256 363 557

225 433 382 490 Cives
411 432 620 486 abactis
643 431 796 486 urbis
826 431 989 500 hujus
1021 430 1300 486 mercibus

225 526 570 581 Vesanientis
595 525 937 597 opprobrant
978 526 1245 582 socordia

219 617 460 672 Taurina
488 618 756 672 mundum
783 617 933 689 quod
970 624 1087 672 erat
1115 617 1393 690 quassatio

681 304 763 359 DE
801 303 1164 360 TRIUMPHIS
1205 303 1464 360 CHRISTI
1505 290 1922 359 ANTHIOCIIIIE
1959 301 2179 356 GESTIS
2219 302 2396 358 LIBRI
2430 303 2584 360 DUO.
2627 335 2693 346 —
2735 305 2858 359 LIB.
2903 307 2945 363 I.

3377 311 3485 365 558

1805 440 1852 504 Α
1950 429 2201 494 Querulis
2232 437 2523 500 crepantes
2550 430 2808 487 insonant
2835 434 3119 502 conviciis,

1951 518 2139 574 Barba
2171 518 2280 573 imo
2311 524 2522 573 stamen
2554 522 3134 592 torqueaturfunibus.

1652 709 1864 766 CAPUT
1903 709 1991 762 XI.

1461 815 1538 875 De
1567 815 1911 875 constantia
1943 809 2193 871 Publius.

219 961 464 1016 Matrona
493 961 658 1016 castis
683 959 830 1015 culta
865 974 967 1014 nec
1005 973 1116 1015 non
1146 957 1394 1014 moribus

223 1053 464 1119 (Tellure
495 1052 726 1122 pulcher
751 1056 1069 1121 procreatus
1087 1049 1321 1121 pullulat

219 1141 335 1205 Qua
355 1141 456 1196 ﬂos
480 1141 720 1196 Joannes
751 1140 913 1194 laude
943 1139 1112 1213 digna
1143 1137 1431 1208 presbyter

223 1233 484 1307 Fugiens,
516 1233 722 1303 petitus
749 1246 916 1302 sape,
939 1246 1154 1286 summa
1185 1229 1254 1284 ad
1286 1227 1579 1304 regmina),

1935 955 2112 1011 Choro
2142 961 2386 1010 notatum
2410 955 2552 1010 ridet
2585 955 2802 1011 hostem
2837 955 3055 1023 Publia,

1947 1046 2148 1101 Tacere
2166 1047 2321 1115 jussa
2351 1047 2586 1119 despicit
2605 1047 2965 1118 lyphaticum,

1951 1135 2063 1190 Nec
2092 1151 2232 1191 casa
2251 1136 2426 1207 parcit
2445 1135 2752 1192 carminare
2785 1151 3101 1192 crroneum.

1659 1326 1865 1382 CAPUT
1903 1326 2014 1381 XII.

1128 1431 1207 1489 De
1240 1430 1504 1489 Fabiano
1534 1429 1798 1506 episcopo
1826 1436 1878 1486 et
1905 1427 2336 1488 successoribus
2372 1429 2524 1504 ejus.

156 1567 280 1622 Post
312 1566 441 1621 vita
470 1581 754 1621 excessum
776 1565 948 1621 sancti
980 1565 1276 1639 magnique
1307 1563 1532 1618 Babilla

158 1658 414 1712 Ecclesia
451 1659 694 1729 regimen
720 1657 868 1728 capit
889 1657 994 1712 hac
1022 1657 1294 1712 Fabianus
1325 1657 1378 1712 in
1410 1658 1564 1724 urbe,

157 1749 384 1805 Concilii
415 1749 636 1804 decreta
666 1750 750 1804 sui
785 1749 1074 1805 Cornelius
1104 1749 1259 1805 urbis

159 1840 417 1894 Romana
448 1839 649 1910 praesul
680 1840 768 1894 cui
801 1838 1178 1894 conﬁrmanda
1195 1839 1418 1907 dicavit,

157 1930 280 1992 Quae
299 1928 506 1983 feriunt
537 1929 778 1983 heresim
813 1936 995 1982 natam
1022 1935 1246 2002 turgere
1275 1928 1490 1984 Novati.

159 2017 362 2072 Scribit
391 2018 794 2072 Alexandrinus
818 2017 868 2072 ei
897 2018 1192 2088 Dionysius
1224 2018 1371 2072 unde

157 2107 340 2172 Multa,
375 2114 574 2161 notans
602 2106 747 2161 istud
769 2123 933 2179 quam
963 2107 1034 2162 sit
1064 2107 1376 2161 damnabile
1405 2108 1624 2182 dogma.

156 2199 431 2254 Successit
457 2199 729 2254 cathedra
761 2199 983 2253 Fabiani
1017 2200 1417 2264 Demetrianus,

158 2289 245 2342 Cui
275 2288 480 2342 Paulus
508 2288 920 2351 Samosatenus,
957 2289 1072 2360 qui,
1106 2289 1357 2360 regmine
1388 2296 1630 2360 sumpto,

159 2379 366 2434 Erroris
385 2379 539 2449 lepra
579 2379 778 2433 Christi
805 2378 1100 2432 maculavit
1123 2379 1287 2443 ovile,

159 2467 227 2522 De
257 2468 494 2523 Domino
511 2467 791 2522 malesana
822 2467 1028 2534 ferens,
1058 2467 1187 2521 dum
1217 2467 1488 2538 simplicis
1518 2467 1670 2522 Illum

159 2560 374 2615 Natura
398 2568 608 2614 tantum
639 2561 802 2616 docet
833 2559 1422 2632 humanaque-fuisse,

161 2654 412 2709 Divinum
448 2655 631 2708 nitens
661 2653 716 2707 in
748 2668 814 2708 eo
853 2669 1087 2708 vacuare
1119 2653 1396 2708 decorem.

157 2746 501 2802 Conveniunt
522 2746 691 2820 igitur
719 2761 979 2817 proceres
1014 2745 1219 2815 pietate
1258 2744 1452 2799 viriles

158 2835 517 2906 Pastoresque
538 2834 692 2900 boni,
734 2834 906 2889 caulis
935 2834 1148 2888 belvam
1187 2833 1544 2888 insidiantem

159 2925 487 2992 Discutiunt,
511 2925 794 2996 multoque
826 2933 1081 2995 premunt
1111 2925 1351 2978 clamore
1384 2924 1665 2977 latentem.

164 3016 217 3069 ln
236 3015 446 3088 quibus
477 3014 723 3089 insignes
761 3013 990 3068 aderant
1023 3013 1276 3085 famaque
1307 3011 1563 3067 celebres

159 3107 545 3179 Cappadocum
575 3107 758 3180 gentis
780 3106 982 3178 prasul
1016 3114 1144 3160 tunc
1175 3104 1543 3172 Firmilianus,

162 3195 459 3270 Gregorius
487 3195 666 3255 Ponti.
704 3197 977 3266 fraterque
1012 3193 1416 3259 Athenodorus,
1447 3200 1615 3265 atque

165 3288 334 3342 lconii
358 3287 673 3352 Nichomas,
707 3287 948 3342 Helenus
978 3287 1289 3352 Sardensis,
1313 3293 1366 3340 et
1388 3287 1586 3340 horum

165 3377 482 3449 Praecipuus
502 3378 721 3433 Solima
744 3379 944 3448 praesul
971 3379 1300 3450 Hymeneus,
1335 3384 1389 3432 et
1411 3379 1532 3447 ejus

166 3471 293 3524 Urbi
325 3471 544 3525 vicinus
567 3470 904 3544 Theotignus
934 3469 1318 3532 Casariensis;

168 3558 434 3612 Maximus
461 3565 513 3612 et
541 3558 752 3630 synodo
785 3559 1094 3612 Bostrensis
1125 3557 1358 3612 idoneus
1384 3559 1610 3625 horum;

166 3649 292 3703 Cum
338 3650 547 3722 quibus
577 3659 632 3705 et
657 3651 812 3705 multi
840 3649 1010 3704 variis
1046 3667 1076 3704 e
1105 3651 1355 3721 partibus
1385 3651 1534 3706 orbis

170 3741 472 3798 Pontiﬁces
499 3743 664 3810 sacri,
697 3743 876 3798 levita
908 3742 1350 3814 presbyterique,

169 3834 275 3889 Hac
323 3835 520 3890 urbem
551 3851 715 3890 causa
749 3834 951 3890 conciti
984 3835 1129 3905 apud
1159 3835 1554 3891 Antiochenam

168 3926 424 3998 Obloquii
457 3934 646 3982 contra
674 3927 1004 4001 fugitantem
1035 3927 1246 3998 spicula
1268 3927 1494 3982 mittunt

167 4016 498 4088 Serpentem
538 4017 726 4072 multis
747 4018 878 4072 dum
913 4017 1126 4072 lusibus
1157 4016 1347 4093 effugit
1371 4026 1545 4085 actus,

169 4104 520 4161 Conveniunt
564 4107 893 4178 iterumque,
935 4106 1244 4178 iterumque
1287 4106 1554 4161 relabitur
1575 4105 1791 4178 anguis,

168 4195 520 4252 Concurrunt
547 4214 769 4270 quoque
802 4199 1102 4264 multoties,
1143 4199 1271 4252 dum
1303 4199 1530 4253 numine
1562 4197 1682 4253 fulti

169 4287 388 4356 Divino,
419 4291 691 4346 tumidum
723 4290 941 4345 tandem
969 4305 1300 4361 oppressere
1332 4291 1649 4348 draconem.

166 4377 245 4430 Ad
278 4375 502 4452 ﬁgenda
525 4385 706 4434 tamen
739 4379 963 4434 sinuosa
992 4379 1277 4434 volumina
1316 4381 1545 4435 monstri

169 4470 368 4541 Hujus,
400 4474 680 4544 praecipue
700 4473 872 4529 valuit
896 4473 1118 4546 quidam
1159 4472 1516 4529 Antiochena

1795 1568 1845 1636 Β
1875 1561 2168 1633 Presbyter
2203 1562 2454 1618 ecclesia
2485 1563 2752 1634 prudens,
2781 1563 2870 1618 cui
2907 1563 3139 1620 Malchio
3171 1579 3374 1620 nomen
3400 1582 3414 1618 :

1877 1656 1967 1710 Vir
2004 1655 2204 1724 bonus,
2237 1665 2464 1712 ornatus
2492 1657 2704 1713 meritis
2735 1658 2999 1730 fandique
3032 1661 3261 1730 peritus,

1877 1751 2134 1806 Doctrina
2155 1751 2408 1823 factoque
2434 1759 2652 1824 potens,
2684 1754 2982 1808 virtutibus
3007 1753 3172 1820 altus,

1879 1839 2008 1894 Cum
2050 1840 2408 1896 Samosateno
2441 1841 2528 1896 cui
2560 1841 2892 1912 disceptatio
2919 1842 3088 1897 Paulo

1881 1933 2124 1990 Concilio
2151 1935 2255 1991 soli
2273 1951 2597 1991 concessum
2633 1935 2804 1990 fertur
2833 1936 2902 1991 ab
2941 1937 3114 2004 omni,

1879 2025 2215 2096 Scriptorum
2250 2026 2562 2098 excipiente
2592 2043 2778 2092 manu,
2813 2043 2976 2099 quam
3011 2027 3227 2083 naviter
3255 2034 3392 2096 acta,

1881 2116 2142 2171 Servatur
2174 2123 2372 2172 cuncto
2403 2117 2573 2172 veluti
2597 2116 2872 2173 mirabilis
2899 2133 3034 2174 avo.

1879 2207 2039 2262 Solus
2070 2208 2219 2262 enim
2239 2208 2480 2278 propriis
2500 2208 2678 2278 potuit
2708 2208 2918 2264 vincire
2945 2207 3172 2280 profatis

1880 2300 1953 2352 Ac
1983 2306 2287 2354 monstrare
2317 2299 2494 2370 palam
2531 2299 2757 2354 Paulum
2791 2315 2849 2354 se
2891 2300 3358 2364 dissimulantem;

1883 2390 2043 2445 Solus
2073 2390 2141 2444 ab
2174 2391 2408 2446 internis
2429 2407 2668 2464 anguem
2702 2391 2992 2446 exturbare
3020 2391 3289 2456 cavernis,

1882 2480 2196 2551 Deprensus
2227 2481 2373 2536 clara
2403 2481 2695 2535 damnatur
2721 2497 2857 2537 voce
2887 2480 3205 2552 cbelydrus;

1882 2571 2326 2644 Monstraturque
2359 2573 2538 2643 palam
2569 2579 2686 2628 toto
2719 2572 3052 2628 damnabilis
3077 2572 3233 2628 orbe.

1880 2661 2139 2732 Deposito
2175 2662 2280 2716 hoc
2311 2662 2558 2716 Domnus
2590 2661 2789 2733 prasul
2821 2662 3031 2717 latrone
3063 2662 3289 2717 levatur.

1884 2753 2012 2808 Post
2043 2769 2206 2824 quem
2240 2751 2518 2824 pontiﬁcis
2539 2753 2787 2824 suscepit
2811 2753 2936 2822 jura
2965 2754 3220 2808 Timaus.

1888 2845 1996 2900 Hoc
2026 2860 2248 2916 quoque
2289 2844 2552 2900 defuncto
2573 2845 2842 2900 successit
2874 2846 3084 2901 honore
3113 2844 3366 2916 Cyrillus,

1889 2892 1995 2900 ""'
2029 2892 2246 2916 Ὶ“⁷Ἰ“’“’
2292 2892 2548 2900 _"'""""'
2573 2892 2841 2900 """"'""
2875 2892 3084 2901 """"'"'
3119 2892 3366 2916 "J""""

1803 2892 1852 2961 Ο
1878 2937 2050 3001 Quem
2087 2936 2339 3007 sequitur
2367 2937 2700 3003 Dorotheus,
2745 2937 2934 2992 divino
2975 2937 3232 3010 dogmate
3261 2935 3442 2992 clarus

1882 3029 1942 3083 Et
1970 3028 2102 3083 satis
2127 3027 2397 3094 intentus,
2431 3044 2602 3100 quare
2633 3027 2898 3084 didicisse
2916 3027 3190 3100 loquelam

1882 3117 2136 3172 Traditur
2171 3116 2518 3183 Hebraicam,
2550 3117 2737 3174 Graco
2765 3133 3023 3173 sermone
3054 3117 3314 3172 disertus.

1882 3207 2074 3261 Fertur
2104 3205 2195 3261 hic
2227 3207 2519 3262 eunuchus
2553 3207 2745 3262 matris
2775 3207 2844 3262 de
2873 3215 3064 3262 ventre
3089 3205 3280 3273 fuisse,

1886 3297 2043 3352 Unde
2072 3304 2126 3352 et
2146 3297 2294 3368 apud
2317 3313 2478 3370 reges
2507 3305 2790 3354 terrenum
2814 3299 3048 3370 sumpsit
3072 3299 3363 3354 honorem.

1889 3389 1927 3442 A
1949 3389 2180 3446 Domino
2211 3397 2422 3461 partem
2451 3407 2672 3463 quoque
2699 3392 3026 3467 pignoribus
3055 3391 3370 3448 meliorem.

1891 3478 2130 3554 Erigitur
2152 3480 2352 3550 prasul
2383 3496 2494 3552 quo
2518 3480 2825 3536 decedente
2855 3482 3162 3553 Tyrannus,

1893 3567 2153 3622 Ecclesia
2180 3567 2400 3624 fervens
2425 3569 2526 3624 sub
2561 3585 2671 3641 quo
2691 3569 2974 3625 tribulatio
2996 3570 3170 3626 crevit

1895 3662 2066 3727 Quam
2100 3663 2327 3718 rabidus
2358 3662 2509 3719 furor
2533 3664 2789 3719 accendit
2818 3664 3167 3732 Diocletiani,

1895 3755 2220 3830 Omnigenis
2249 3762 2470 3812 sanctos
2509 3757 2690 3827 panis
2720 3773 2827 3828 qua
2849 3757 3055 3812 vellere
3083 3757 3250 3832 legit;

1897 3847 2249 3920 Diversisque
2276 3847 2456 3903 modis
2487 3848 2734 3903 diversas
2775 3848 2905 3902 dum
2937 3848 3117 3920 quatit
3155 3849 3346 3915 urbes,

1898 3937 2185 3993 Craticulis
2216 3937 2320 3992 hac
2348 3936 2489 3992 urbe
2515 3936 2594 4008 pii
2621 3943 2902 3992 torrentur
2931 3937 3133 4004 adusti,

1899 4027 2224 4099 Comprensi
2255 4027 2460 4100 hicque
2497 4027 2608 4084 duo
2634 4028 2890 4096 juvenes,
2926 4028 3128 4084 virtute
3157 4027 3382 4101 gemelli

1897 4117 2015 4172 Non
2049 4124 2202 4185 natu,
2237 4116 2413 4172 libare
2445 4117 2552 4172 diis
2591 4117 2869 4173 ducuntur
2895 4117 2958 4172 ad
2993 4133 3115 4172 aras

1901 4206 2236 4278 lnjcctisque
2267 4206 2392 4262 foco
2422 4206 2704 4276 manibus,
2741 4232 2766 4254 οι
2800 4207 3023 4262 Libasse
3054 4212 3244 4277 putate

1900 4295 2028 4363 Nos,
2059 4296 2235 4362 aiunt,
2265 4295 2312 4350 si
2353 4295 2492 4350 forte
2520 4312 2721 4350 manus
2750 4295 3111 4350 subducimus
3140 4294 3278 4368 igni.
3321 4313 3350 4342 ιι

1905 4384 2055 4440 Dicta
2081 4385 2332 4456 probavit
2362 4400 2525 4456 Opus,
2555 4385 2749 4457 palma
2781 4401 2882 4441 nec
2913 4385 2982 4439 ab
3011 4385 3142 4460 igne
3173 4389 3396 4439 remota

1823 4453 1879 4520 D
1906 4477 2092 4532 Donec
2117 4483 2230 4533 tota
2254 4478 2460 4534 cadens
2483 4495 2746 4534 manuum
2777 4494 2904 4535 caro
2934 4477 3092 4534 ﬂuxit
3125 4479 3180 4532 in
3214 4477 3390 4550 ignes.

1664 4623 1872 4680 CAPUT
1910 4625 2050 4680 XIII.

1345 4725 1424 4785 De
1460 4729 1686 4788 sanctis
1715 4727 1968 4788 Iuliano
1999 4736 2051 4786 et
2079 4725 2386 4786 Basilissa.

171 4856 287 4912 Hac
307 4855 445 4911 urbe
467 4861 670 4910 sancta
693 4855 945 4911 Julianus
975 4855 1181 4912 indolis

171 4950 404 5006 Nitebat
421 4950 619 5019 almus,
643 4950 898 5006 eminens
919 4951 1236 5020 virtutibus,

174 5045 398 5109 Quibus
435 5046 525 5118 pia
555 5044 790 5100 ﬂorebat
819 5061 882 5100 ex
910 5045 1165 5114 infantia,

175 5135 505 5208 Quibusque
535 5150 792 5191 crescens
821 5134 909 5189 bis
937 5151 1135 5191 novem
1164 5143 1458 5208 peregerat

176 5228 419 5283 Adultus
446 5243 648 5294 annos,
676 5227 817 5303 legis
850 5227 907 5282 in
938 5228 1177 5284 scientia

178 5316 282 5373 Dei
318 5317 577 5372 laborans
601 5317 831 5371 sedulus
861 5325 1023 5373 nocte
1055 5333 1119 5373 ac
1147 5315 1240 5371 die

180 5411 250 5463 At
285 5409 417 5464 dum
447 5409 668 5465 renidet
697 5409 897 5466 unicus
928 5408 1270 5480 parentibus,

182 5500 393 5556 Uxoris
411 5501 555 5556 hunc
579 5501 786 5557 vincire
808 5500 1178 5557 contubernio

181 5591 473 5658 Nituntur,
500 5598 664 5664 atque
693 5601 1047 5664 respuentem
1069 5597 1434 5649 commonent

183 5681 363 5738 Pauli
388 5682 530 5739 beati
561 5681 781 5756 paginis
812 5682 1073 5754 apostoli.

1915 4859 2137 4931 Septem
2168 4858 2383 4914 dierum
2413 4858 2508 4930 qui
2538 4866 2736 4931 petens
2765 4858 3038 4926 inducias,

1914 4949 2178 5004 Oratione
2200 4948 2370 5004 fultus
2401 4956 2456 5004 et
2479 4948 2716 5018 jejunio.

1914 5041 2126 5096 Summi
2156 5041 2497 5098 voluntatem
2526 5041 2759 5113 requirit
2789 5040 3015 5109 Arbitri,

1916 5135 2271 5208 Tandemque
2299 5136 2466 5192 sumit
2491 5137 2613 5206 ejus
2643 5138 2749 5193 hoc
2771 5136 3078 5203 oraculum,

1922 5224 2006 5280 Uti
2036 5233 2325 5296 parentum
2353 5232 2480 5280 vota
2508 5225 2666 5280 tadis
2696 5225 2946 5296 impleat,

1920 5318 2035 5373 Nec
2063 5318 2414 5394 conjugalem
2446 5320 2702 5391 capulam
2735 5319 3075 5390 perhorreat,

1923 5414 2040 5480 Qua
2069 5429 2181 5469 non
2214 5413 2484 5486 pudorem
2515 5414 2842 5488 conjugatus
2871 5413 3164 5485 perderet:

1929 5505 2270 5580 Integritatis
2299 5505 2632 5578 complicem
2663 5505 2798 5578 quin
2816 5510 3077 5560 sumeret.

1930 5593 2045 5649 Hoc
2061 5594 2348 5650 roboratus
2367 5595 2453 5650 vir
2489 5595 2708 5668 pudens
2738 5594 2982 5660 oraculo,

1929 5684 2132 5741 Audire
2159 5684 2312 5756 jussa
2341 5701 2401 5741 se
2432 5684 2707 5742 editorum
2739 5682 2970 5739 rettulit.
