3958 6158
491 309 596 364 559
1243 304 1610 360 FLODOARDI
1651 303 1958 360 CANONICI
1998 301 2328 360 REMENSIS
2365 302 2700 359 OPUSCULA
2737 301 3049 358 METRICA.

493 434 740 488 Gaudent
769 437 1042 502 parentes,
1071 446 1135 486 ac
1161 431 1457 503 requirunt
1495 431 1760 491 nobilem.

495 521 608 575 Mox
629 519 801 574 nobili
829 534 950 588 quae
981 526 1316 584 necteretur,
1345 519 1639 592 virginem.

492 612 725 665 Favente
758 607 968 662 Christo
997 609 1315 679 repperitur
1340 611 1631 664 commoda

493 701 617 766 Qum
638 709 786 754 casta
812 706 960 754 casto
986 699 1319 774 jungeretur
1344 715 1606 772 congrue.

492 790 763 855 Basilissa,
789 789 952 845 claris
978 789 1244 858 prodiens
1274 789 1570 866 natalibus,

490 884 587 938 Die
617 889 819 938 statuta
846 883 1165 952 nuptiarum
1187 882 1410 955 largiter

491 977 670 1047 Dapes
699 982 981 1046 parantur,
1014 975 1331 1030 convocatis
1357 972 1642 1044 plurimis;

492 1071 788 1125 Thalamus
817 1071 1046 1136 locatur,
1076 1071 1231 1144 virgo
1260 1069 1413 1124 ducit
1439 1069 1707 1140 virginem
1737 1088 1749 1123 :

496 1165 706 1218 lntrant
734 1161 940 1229 cubile,
980 1163 1226 1216 sentiunt
1243 1161 1591 1234 fragrantiam

494 1249 654 1303 Velut
678 1265 925 1304 rosarum
959 1266 1022 1305 ac
1052 1250 1287 1306 liliorum
1319 1251 1496 1321 c0pia.

497 1343 745 1414 Sponsus
776 1345 978 1400 revelat
1007 1345 1153 1399 hunc
1179 1345 1406 1399 odorem
1438 1343 1656 1399 coalitus

494 1435 712 1489 Missum
743 1451 1009 1502 rosarum,
1040 1453 1163 1492 cum
1196 1452 1299 1491 nec
1331 1442 1807 1507 essenttcmpora,

495 1531 605 1585 Nec
633 1531 684 1585 id
711 1531 893 1586 cubile
908 1541 1258 1607 spargeretur
1281 1531 1544 1586 ﬂoribus:

496 1620 615 1675 Haec
643 1620 907 1676 castitatis
936 1637 1056 1675 esse
1086 1621 1246 1696 signa
1275 1619 1498 1692 prtevia,

497 1715 724 1770 Servare
753 1715 997 1770 Christus
1024 1732 1189 1787 quam
1211 1715 1452 1784 juberet.
1482 1714 1714 1788 gloriam

497 1809 562 1864 Ut
587 1809 909 1884 angelorum
935 1809 1410 1881 comprehendant
1439 1809 1660 1864 caelibes
1685 1828 1698 1864 :

498 1901 709 1957 lmbuta
737 1917 891 1958 sacro
920 1918 1125 1973 sponsa
1155 1902 1277 1957 caeli
1309 1910 1552 1961 nectare.

499 1995 706 2049 Gaudet
733 1994 961 2065 pudoris
992 1993 1236 2048 dedicari
1266 2001 1575 2061 stemmate,

499 2083 560 2138 Et
589 2083 900 2138 caelibatum
934 2084 1058 2138 laeta
1089 2081 1307 2153 praefert
1334 2083 1566 2152 cepulae.

496 2177 806 2232 Firmantur
833 2193 965 2252 ergo
1003 2190 1133 2233 vota
1163 2177 1527 2233 contubernio

500 2266 564 2320 Ut
593 2267 870 2340 conjugali
903 2267 1224 2320 intaminata
1254 2267 1477 2321 castitas

499 2359 832 2426 Enutriatur,
863 2377 1003 2415 vana
1028 2361 1207 2416 vitans
1235 2361 1436 2434 gaudia
1460 2379 1474 2427 ;

498 2453 560 2509 Et
585 2471 708 2526 quae
739 2461 1003 2526 putantur
1030 2455 1212 2511 carnis
1239 2472 1359 2511 esse
1387 2455 1596 2511 foedera

497 2542 652 2598 Fiant
683 2543 857 2599 beatae
896 2552 1043 2610 casta
1067 2545 1191 2598 vitae
1225 2544 1416 2600 fenora

500 2632 627 2688 Post
653 2633 790 2700 haec,
823 2631 977 2687 brevi
1003 2641 1225 2687 meante
1257 2648 1421 2688 cursu
1454 2633 1721 2703 temporis

499 2723 802 2795 Utrumque
833 2723 1110 2779 defunctis
1133 2723 1236 2778 sibi
1260 2725 1605 2794 parentibus,

499 2818 596 2872 Pio
627 2824 926 2888 capescunt
941 2817 1067 2885 jure
1108 2817 1458 2888 patrimonia,

503 2906 566 2960 Et
593 2913 781 2961 sancta
803 2906 986 2982 dignis
1014 2913 1137 2961 vota
1164 2916 1422 2977 promunt
1448 2908 1694 2975 actibus;

501 2995 890 3050 Possessiones
920 3011 1160 3065 namque
1191 3001 1349 3050 terrze
1367 2994 1658 3051 conferunt

505 3086 862 3151 Haereditates
888 3087 1038 3142 unde
1059 3086 1184 3142 caeli
1211 3095 1549 3157 comparant.

503 3175 679 3231 Cellas
708 3176 950 3250 benigne
980 3183 1305 3232 construunt
1335 3177 1688 3246 monasticas,

503 3269 835 3340 Animasque
868 3267 1142 3323 Christum
1174 3268 1472 3344 diligentes
1501 3270 1794 3346 colligunt.

505 3359 602 3412 Hic
629 3358 711 3413 vir
734 3359 972 3413 virorum
1005 3374 1350 3434 congregans
1372 3360 1646 3416 exercitus

506 3447 704 3502 Contra
727 3447 1027 3521 phalanges
1058 3448 1375 3520 praeliantes
1403 3449 1716 3505 daemonum

507 3535 630 3590 Haec
658 3535 813 3609 virgo
839 3535 1110 3609 virginum
1145 3538 1337 3611 legens
1377 3537 1655 3592 consortia

507 3623 702 3680 Contra
723 3625 979 3680 draconis
1011 3624 1294 3680 machinas
1327 3627 1610 3680 luctantia.

506 3715 794 3773 Crescebat
824 3735 890 3773 ex
920 3718 1008 3773 his
1036 3718 1331 3774 multitudo
1361 3719 1617 3786 maxima,

509 3810 676 3882 Hujus
703 3810 1023 3884 relinquens
1056 3811 1242 3866 saeculi
1261 3812 1533 3886 contagia.

575 3905 780 3961 Videns
811 3906 1084 3982 malignus
1113 3905 1265 3960 lucra
1295 3906 1418 3962 caeli
1449 3921 1721 3974 crescere,

505 3995 695 4052 Livore
727 4005 866 4052 tetro
885 3995 1192 4052 concitatus
1212 3995 1453 4070 angitur,

504 4086 731 4159 InStigat
761 4092 814 4140 et
841 4084 1244 4140 Diocletianum
1278 4084 1607 4156 principem,

506 4175 570 4230 Ut
599 4176 669 4228 ad
699 4174 916 4245 piorum
946 4173 1227 4244 punienda
1257 4173 1508 4226 examina

502 4266 853 4320 Transmittat
891 4265 1068 4319 isthuc
1094 4263 1417 4318 Martianum
1454 4263 1767 4334 praesidem,

505 4359 605 4423 Qui
639 4357 976 4412 Christianos
1005 4357 1135 4409 dum
1170 4364 1425 4431 perurget
1457 4355 1642 4422 idolis,

509 4451 696 4504 Fidem
727 4441 874 4503 beati
904 4448 1105 4504 Juliani
1126 4449 1417 4518 comperit,

506 4542 640 4598 Mori
670 4550 884 4612 paratos
913 4541 1057 4613 quod
1090 4539 1299 4596 foveret
1331 4542 1635 4613 plurimos;

509 4634 840 4706 Mittensque
871 4634 1094 4688 mandat
1121 4632 1340 4689 Juliano
1358 4634 1671 4706 principum

507 4727 737 4782 Decreta
759 4726 908 4794 faxit,
942 4743 1006 4782 ac
1025 4725 1141 4781 suis
1162 4725 1293 4781 libet
1317 4727 1444 4793 diis,

508 4817 764 4873 Hortetur
782 4825 836 4873 et
860 4817 1016 4872 litare
1045 4833 1234 4873 secum
1263 4824 1514 4885 caeteros,

509 4906 817 4962 Contemnit
843 4908 962 4962 haec
989 4906 1248 4962 mandata
1270 4913 1495 4961 sanctus
1523 4904 1798 4977 praesidis,

510 4997 800 5068 Monetque
825 4995 1022 5050 Christi
1040 4995 1352 5050 roborando
1382 4994 1589 5050 milites

509 5085 758 5160 Pugnare
788 5092 979 5140 contra
1009 5083 1324 5139 daemonum
1354 5082 1636 5138 satellites.

511 5181 819 5236 Firmantur
844 5194 976 5253 ergo
1007 5177 1151 5233 clara
1180 5177 1346 5253 Regis
1368 5177 1608 5251 agmina,

507 5271 700 5326 Parere
726 5287 829 5326 nec
858 5286 919 5325 se
944 5269 1209 5324 Martiano
1231 5268 1548 5340 perhibent.

507 5365 792 5435 Responsa
831 5362 1158 5417 nuntiantur
1187 5361 1291 5416 ista
1321 5361 1565 5433 praesidi,

506 5456 606 5520 Qui
627 5471 752 5510 mox
781 5454 960 5526 parari
993 5453 1288 5508 maximam
1320 5470 1508 5525 pyram
1538 5453 1700 5524 jubet

503 5549 841 5618 sanctosque
872 5544 1109 5600 ﬂammis
1134 5552 1499 5619 congregatos
1528 5545 1751 5614 conjici,

503 5639 730 5711 Sibique
757 5639 935 5694 solum
953 5638 1230 5694 Iulianum
1263 5637 1446 5714 dirigi.

504 5730 642 5784 Eunt
666 5730 928 5797 ministri,
951 5731 1107 5800 jussa
1128 5731 1409 5802 complent
1435 5729 1726 5802 principis,

2126 423 2179 502 Α
2203 429 2446 485 Tradunt
2475 429 2757 485 ministros
2785 436 2840 483 et
2868 428 3186 485 sacerdotes
3203 443 3357 502 rogo,

2206 522 2543 591 Omnemque
2571 521 2800 585 clerum,
2828 520 2921 590 qui
2957 527 3151 589 petens
3173 518 3367 574 solatia

2202 613 2354 668 Tunc
2382 614 2449 668 ad
2480 613 2698 667 beatum
2725 612 3005 666 lulianum
3036 621 3260 666 venerat

2204 704 2594 758 Examinantur
2623 702 2750 776 igne
2781 701 2977 757 Christi
3004 702 3205 757 milites
3229 720 3243 767 ;

2205 793 2486 849 Conﬂatur
2514 809 2706 848 aurum
2741 793 2845 849 hoc
2873 791 3089 848 camino
3119 791 3492 863 splendidum,

2206 886 2267 940 Et
2287 893 2413 940 ante
2453 885 2643 940 sedem
2677 886 2821 960 regis
2848 885 2943 939 alti
2975 891 3240 955 martyres

2204 974 2583 1048 Fulgentiores
2612 973 2734 1028 luce
2774 978 3016 1047 pergunt
3044 988 3239 1037 aurea;

2204 1064 2282 1117 Ad
2309 1063 2471 1118 busta
2499 1078 2730 1134 quorum
2763 1062 3026 1117 sanitates
3055 1061 3306 1132 plurim-ce

2207 1152 2510 1220 Patrantur,
2552 1153 2740 1224 hymni
2771 1157 3106 1222 concrepant
3134 1149 3459 1205 caelestium.

2206 1243 2406 1297 Beatus
2435 1257 2566 1316 ergo
2595 1242 2846 1298 Julianus
2875 1240 3080 1297 carceri

2206 1334 2340 1390 Tum
2372 1336 2737 1406 mancipatur,
2778 1336 3126 1390 exhibendus
3153 1333 3393 1405 prmsidi.

2209 1427 2341 1482 Nam
2371 1435 2559 1482 sancta
2581 1428 2695 1496 jam
2725 1428 2977 1482 Basilissa
3002 1427 3453 1499 commigraverat

2211 1516 2288 1570 Ad
2319 1519 2640 1590 angelorum
2670 1517 2816 1572 clara
2841 1516 3220 1576 contubernia,

2210 1605 2419 1660 Vallata
2449 1607 2640 1661 turmis
2669 1606 2977 1662 candidatis
3005 1606 3280 1680 virginum

2213 1696 2507 1769 Niveisque
2538 1707 2756 1771 compta
2779 1699 3020 1756 liliorum
3047 1698 3292 1753 ﬂoribus.

2213 1788 2430 1843 Athleta
2458 1788 2878 1846 fortianlianus
2909 1790 3134 1862 praesidi

2213 1887 2460 1953 Oblatus,
2489 1885 2682 1960 anguis
2710 1884 2983 1959 ﬂagitatur
3012 1883 3178 1938 sibilo

2211 1971 2568 2028 Terrestrium
2603 1984 2820 2044 patrare
2853 1976 3008 2043 jussa
3039 1974 3374 2046 principum,

2218 2062 2279 2116 Et
2309 2064 2702 2135 imperatorum
2731 2063 2973 2120 favorem
3001 2066 3286 2138 consequi.

2221 2152 2436 2208 Refutat
2458 2155 2550 2209 ille
2584 2155 2840 2209 Martiani
2871 2156 3100 2221 naenias,

2221 2243 2566 2316 Dominoque
2596 2260 2724 2300 vero
2752 2245 3100 2300 serviendum
3135 2243 3418 2315 praedicat,

2219 2334 2318 2399 Qui
2348 2350 2524 2407 regna
2552 2335 2702 2390 solus
2732 2335 2987 2390 universa
3016 2335 3279 2390 continet.

2219 2427 2317 2492 Qui
2339 2443 2470 2483 vero
2494 2427 2724 2483 adorant
2749 2428 3101 2499 impudenter
3129 2425 3406 2496 sculptile,

2220 2519 2411 2574 Errore
2442 2535 2618 2575 caecos
2648 2519 2782 2574 dicit
2813 2529 2980 2590 atque
3012 2517 3307 2574 morbidos.

2223 2613 2346 2667 Haec
2376 2619 2435 2666 ut
2466 2614 2683 2668 locutus
2715 2612 2953 2684 inclytus
2981 2612 3085 2680 vir,
3115 2611 3343 2667 traditur

2223 2707 2382 2762 Duris
2409 2709 2605 2762 acerbe
2627 2708 2921 2763 laniandus
2952 2708 3206 2775 fustibus,

2225 2799 2359 2854 Dum
2394 2800 2639 2855 membra
2661 2816 2808 2856 saevo
2831 2807 3186 2871 proteruntur
3211 2800 3464 2855 verbere.

2225 2888 2489 2944 Grassans
2508 2889 2746 2944 ocellum
2769 2890 2965 2945 verbcr
2993 2889 3170 2944 aufert
3200 2889 3414 2956 militis,

2224 2978 2366 3033 Deos
2395 2989 2649 3049 precatur
2679 2978 2973 3033 Martianus
3004 2977 3193 3032 fusiles

2225 3067 2515 3140 Poscitque
2549 3069 2732 3123 lumen
2760 3068 2917 3122 reddi
2947 3067 3200 3123 abactum
3231 3066 3412 3122 militi.

2119 3119 2196 3218 ,δ
2227 3119 2673 3230 ΙὶυιιηιἸτρρεηιε
2713 3157 2843 3212 dum
2876 3157 3060 3212 litatur
3091 3157 3276 3213 omnia

2227 3247 2288 3302 Et
2317 3249 2657 3304 comminuta
2685 3248 3024 3320 dissipantur
3061 3247 3227 3302 idola.

2227 3344 2425 3398 Beatus
2443 3351 2626 3398 autem
2655 3344 2907 3399 Julianus
2936 3343 3228 3415 palpebras

2228 3433 2364 3487 Dum
2384 3433 2560 3508 tangit
2575 3448 2740 3487 orans
2768 3431 3041 3487 vulnerati
3063 3431 3275 3499 militis,

2228 3520 2498 3576 Christum
2526 3529 2746 3593 recepto
2776 3520 2960 3575 laudat
2980 3519 3074 3574 ille
3115 3519 3341 3574 lumine.

2229 3613 2384 3668 Hunc
2416 3629 2621 3685 praeses
2649 3614 2717 3668 ad
2748 3611 3159 3668 confessionem
3190 3612 3435 3667 nominis

2229 3705 2398 3775 Hujus
2419 3706 2673 3773 trucidat,
2707 3722 2874 3777 quem
2905 3704 3115 3760 cruoris
3144 3703 3372 3758 ﬂumine

2227 3800 2418 3854 Lotum
2450 3799 2784 3871 Redemptor
2801 3799 3141 3856 consecravit
3170 3804 3493 3870 martyrem.

2223 3891 2454 3948 Posthac
2482 3892 2949 3947 beatusJulianus
2977 3890 3196 3946 ducitur

2221 3980 2358 4035 Dum
2390 3996 2486 4051 per
2507 3980 2715 4052 plateas
2740 3980 2891 4034 urbis
2912 3980 2983 4035 ob
3013 3979 3408 4050 spectaculum.

2220 4071 2382 4126 Videt
2407 4087 2666 4126 coronam
2701 4070 2943 4125 Martiani
2985 4069 3132 4125 filius

2221 4164 2368 4220 Ferri
2397 4181 2636 4237 superne
2663 4165 2880 4222 Juliano
2911 4166 2980 4220 ab
3010 4165 3251 4238 angelis;

2226 4261 2557 4334 Fultumque
2587 4278 2823 4317 cernens
2852 4263 3001 4318 hunc
3027 4262 3238 4317 honore
3257 4262 3515 4319 caelitum

2225 4352 2438 4422 Abjecit
2463 4368 2656 4408 omnes
2685 4368 2823 4423 quas
2853 4351 3071 4424 legebat
3097 4351 3346 4426 paginas,

2143 4472 2202 4540 D
2224 4445 2548 4514 Vestemque
2573 4444 2769 4514 patris;
2799 4443 2999 4498 Iuliani
3028 4443 3276 4515 tegmina

2221 4538 2419 4593 Petens
2456 4537 2707 4610 requirit,
2735 4537 3013 4593 osculatur
3038 4537 3288 4602 vulnera,

2223 4630 2550 4703 Patremque
2580 4629 2761 4685 solum
2801 4631 2949 4686 hunc
2977 4629 3290 4694 conﬁtetur,
3324 4639 3378 4686 et
3409 4632 3628 4689 Deum.

2224 4717 2350 4774 Haec
2371 4735 2575 4789 praeses
2605 4718 2779 4784 audit,
2812 4719 2966 4774 audit
2993 4717 3173 4773 omnis
3201 4718 3417 4784 civitas,

2221 4808 2387 4864 Jubet
2415 4816 2680 4881 tyrannus
2701 4810 2941 4881 separari
2972 4808 3146 4864 ﬁlium

2222 4900 2263 4953 A
2292 4898 2466 4954 Patris
2495 4898 2624 4953 almi
2651 4899 2854 4954 Iuliani
2887 4899 3249 4970 amplexibus.

2220 4987 2456 5044 Tentant
2483 4988 2744 5055 ministri,
2778 4989 3176 5046 contrahuntur
3205 4990 3454 5063 brachia,

2226 5081 2458 5154 Implere
2483 5084 2637 5154 jussa
2668 5101 2773 5140 nec
2795 5085 3051 5140 sinuntur
3070 5085 3346 5156 praesidis,
3453 5155 3456 5158 ἢ

2224 5174 2507 5230 Ducuntur
2534 5192 2645 5231 una
2674 5176 2804 5231 dum
2835 5176 3093 5248 dirempti
3125 5179 3238 5248 (sic)
3271 5194 3382 5235 non
3412 5179 3653 5237 valent.

2225 5267 2460 5338 Stupent
2484 5274 2762 5338 parentes,
2791 5274 2846 5324 et
2874 5284 3158 5342 magorum
3191 5270 3502 5340 perhibent

2222 5361 2334 5416 Hoc
2365 5367 2477 5416 arte
2502 5360 2727 5427 factum,
2755 5360 3031 5418 Iulianum
3061 5363 3158 5418 sed
3185 5370 3384 5435 petunt
3411 5413 3414 5418 .

2224 5458 2405 5513 Artem
2446 5458 2729 5514 resolvens
2753 5465 2812 5514 ut
2840 5459 3082 5516 remittat
3108 5459 3336 5516 unicum

2226 5547 2430 5620 Eatque
2458 5548 2599 5603 liber
2626 5566 2763 5620 pace
2792 5558 3008 5622 sumpta
3033 5549 3366 5623 principum.

2225 5639 2674 5697 Coutemnithzec
2698 5642 2781 5697 vir
2809 5641 3062 5698 eminens
3091 5641 3374 5716 suﬂragia;

2223 5728 2364 5785 Puer
2393 5735 2647 5800 par-antea
2666 5730 2936 5806 abnegat:
2970 5731 3262 5788 Dominum
3289 5736 3515 5803 patrem
