3974 6146
239 266 351 321 561
805 261 889 316 DE
925 259 1287 318 TRIUMPﬂIS
1327 262 1586 320 CHRISTI
1626 264 1808 320 ANTIC

1445 264 1586 320 lISTI
1626 264 1997 320 ANTIOCHIIE
2035 264 2260 319 GESTIS
2299 264 2476 319 LIBRI
2515 265 2666 321 DUO.
2696 297 2767 307 —
2804 267 2930 325 LIB.
2974 270 3014 326 Ι.

248 392 465 447 Habere
502 389 773 465 gaudens,
803 387 1017 460 spernit
1044 403 1208 444 omne
1227 391 1510 446 saaculum.
1611 388 1616 394 ’

244 488 464 542 Privata
492 490 765 548 temnunt,
797 492 979 540 servet
996 492 1054 540 ut
1079 487 1349 555 custodia,

243 584 464 655 Eosqne
487 587 673 652 pascat
693 586 851 635 torva
880 579 1198 636 liberalitas.

242 675 563 730 Traduntur
580 689 712 745 ergo
741 672 980 728 carceris
1009 673 1275 727 teterrimi

244 763 645 831 Imo,tenebris
671 764 1041 835 sordibusque
1072 763 1323 835 pessimi.

204 861 208 864 ’
241 853 437 908 Aufert
467 853 717 908 nidorem
742 853 992 909 Christus
1021 853 1150 908 inde
1180 853 1410 910 fetidum

243 943 518 998 Praestans
545 943 774 999 odorem
803 943 1022 1000 coalitus
1060 943 1482 1011 suavissimum,

245 1035 568 1107 Lumenque
594 1035 800 1090 sanctis
827 1035 1100 1090 exhibens
1119 1035 1508 1091 clarissimum.

236 1127 441 1182 Vident
470 1127 730 1194 miuistri,
759 1126 855 1198 qui
886 1127 1010 1198 pios
1039 1127 1404 1194 deduxerant,

233 1219 468 1274 Tantam
495 1219 645 1274 beati
673 1220 978 1276 claritatem
1012 1219 1258 1287 luminis,

236 1307 455 1363 Christo
488 1307 679 1363 refecti
699 1309 1024 1363 suavitatem
1057 1309 1295 1364 nectaris

238 1397 500 1451 Praebent
524 1398 794 1452 honorem
825 1397 919 1469 qui
953 1411 1085 1452 suos
1115 1397 1195 1453 sic
1223 1399 1424 1454 allevat
1457 1416 1470 1464 ;

238 1493 526 1564 Spernunt
555 1493 737 1547 redire
758 1492 828 1546 ad
860 1502 1076 1548 noctem
1109 1493 1178 1547 ab
1196 1493 1301 1548 isto
1323 1493 1556 1560 lumine,

238 1583 320 1636 Ad
350 1581 549 1638 mortis
563 1589 843 1637 auctorem
871 1581 964 1652 pia
983 1583 1092 1636 vita
1119 1583 1322 1656 agnita.

237 1677 410 1732 Audit
428 1687 712 1748 tyrannus,
737 1683 793 1730 et
820 1675 1182 1750 simulclaudi
1207 1677 1370 1745 jubet

243 1772 377 1838 llos,
396 1769 528 1824 dum
559 1768 796 1824 trucidet
818 1767 1028 1824 ultione
1055 1768 1290 1824 fervida.

239 1866 414 1921 Orant
442 1865 675 1920 salutem
701 1863 846 1919 ferre
868 1864 1280 1921 confessoribus

245 1955 521 2010 Christum
565 1954 710 2008 beati
737 1952 1054 2009 confitendo
1079 1961 1366 2025 martyres.

240 2043 463 2098 Fratres
484 2043 540 2096 in
574 2041 710 2096 urbe
738 2049 948 2112 septem
980 2049 1158 2108 erant,
1192 2051 1245 2098 et
1273 2043 1372 2099 filii

241 2132 506 2187 Primatis
531 2131 704 2198 urbis,
733 2131 1074 2186 Christianus
1104 2134 1198 2204 qui
1230 2133 1354 2205 pius

240 2225 492 2280 Dilectus
519 2234 682 2295 atque
713 2224 938 2299 regibus
977 2224 1289 2280 decesserat
1321 2243 1335 2289 ;

243 2317 489 2388 Ejusque
514 2323 708 2389 gnatos
731 2317 832 2370 hac
861 2317 1103 2388 procella
1131 2317 1410 2388 principes

239 2405 472 2460 Jussere
499 2412 645 2459 tutos
672 2405 793 2478 lege
823 2412 1002 2475 coepta
1022 2404 1224 2461 vivere.

242 2499 520 2554 Antonius
546 2515 667 2553 cum
701 2499 825 2570 quis
849 2500 1110 2554 manebat
1141 2500 1447 2572 presbyter.

248 2589 309 2643 lli
338 2589 545 2644 ccelico
570 2588 835 2656 jubentur
860 2589 966 2644 acti
991 2590 1240 2655 numine,

246 2683 428 2738 Simul
460 2683 981 2749 sacerdos,visitare
1011 2699 1286 2740 carcerem
1317 2703 1330 2752 ;

243 2777 423 2840 Quem
454 2789 580 2830 mox
609 2782 862 2845 petentes
889 2791 1020 2830 ecce
1046 2786 1284 2831 cernunt
1308 2777 1570 2848 praevium

241 2866 364 2920 Sibi
384 2881 638 2936 supernae
660 2865 944 2940 dignitatis
973 2867 1252 2942 angelum,

241 2957 374 3022 Qui,
400 2955 684 3027 dissipatis
707 2957 893 3025 januis
922 2957 1204 3032 ergastuli,

240 3045 460 3100 Caelum
486 3050 732 3099 meantes
758 3044 1059 3100 introducit
1092 3045 1331 3116 puberes
1367 3064 1380 3101 :

241 3138 493 3208 Visoque
510 3137 706 3192 fratres
736 3145 843 3192 tam
870 3137 1034 3192 beato
1058 3138 1285 3205 lumine,

245 3228 471 3282 Haerere
487 3227 732 3298 gaudent
759 3234 957 3298 sponte
983 3227 1416 3284 confessoribus.

245 3318 561 3388 Implentur
580 3332 712 3389 ergo
743 3333 897 3371 sacra
914 3325 1039 3371 vota
1069 3324 1394 3387 martyrum,

239 3405 560 3476 Tinguntur
587 3414 755 3476 atque
783 3405 988 3460 milites
1012 3405 1344 3476 baptismate
1371 3425 1386 3473 ;

241 3498 487 3553 Domino
517 3497 610 3551 dat
635 3497 812 3551 almus
838 3497 1092 3551 Julianus
1119 3499 1324 3570 gratias

241 3593 522 3662 Saevoque
546 3589 871 3645 nuntiantur
901 3591 1003 3645 ista
1030 3591 1270 3661 praesidi.

239 3685 476 3755 Septem
507 3682 598 3737 ille
624 3682 822 3738 fratres
849 3683 1100 3738 exhiberi
1127 3684 1377 3755 praecipit

241 3776 561 3847 Verbisque
585 3775 1047 3830 curatadmonere
1074 3775 1314 3830 lenibus.

237 3868 524 3922 Temnunt
554 3864 768 3919 athletae
795 3865 1076 3935 viperinos
1103 3865 1319 3932 sibilos,

243 3958 593 4029 Fraudisque
622 3972 786 4012 voces
814 3973 948 4012 aure
977 3958 1147 4012 surda
1175 3958 1481 4031 transigunt

243 4049 313 4103 Et
345 4064 408 4102 se
439 4054 658 4118 paratos
695 4047 764 4101 ad
789 4048 1096 4118 palaestram
1119 4048 1438 4117 praedicant.

238 4140 284 4192 Τ
288 4145 564 4208 orquetur
591 4136 808 4211 anguis,
826 4145 882 4190 et
908 4151 1124 4191 venena
1155 4137 1422 4211 colligens

242 4228 505 4284 Remittit
534 4227 686 4299 ipsos
713 4212 931 4283 curioso
963 4229 1192 4293 carceri,

241 4327 460 4381 Horum
494 4325 669 4379 salute
696 4339 807 4395 quo
830 4331 1088 4378 tenentur
1116 4323 1284 4377 anxii.

237 4418 410 4472 Tunc
437 4413 605 4469 caedis
633 4413 798 4482 hujus
814 4413 870 4466 id
902 4412 1068 4466 refert
1097 4411 1418 4467 auctoribus

243 4509 312 4563 Et
337 4506 616 4562 lulianum
637 4511 856 4560 accusat
885 4503 1016 4558 artis
1047 4503 1264 4568 robore,

243 4595 442 4650 Nitore
480 4593 623 4648 culta
647 4591 874 4664 fregerit
912 4591 1059 4663 quod
1088 4590 1255 4656 idola,

239 4688 483 4756 Tropaea
508 4690 831 4756 prosecutus
860 4682 981 4750 ejus
1020 4691 1238 4748 caetera,

245 4781 491 4834 Decreta
517 4790 752 4847 poscens
781 4773 911 4828 inde
941 4773 1072 4845 quid
1097 4773 1424 4829 deliberent.

245 4864 521 4923 Mandant
551 4870 812 4934 parentur
838 4862 1072 4937 singulis
1095 4869 1154 4916 ut
1185 4861 1334 4917 dolia

245 4957 473 5028 Adipis,
499 4957 712 5028 liquore
734 4972 858 5011 cum
885 4957 1024 5028 picis
1056 4955 1348 5026 ferventia,

247 5055 346 5108 Ab
371 5051 495 5126 igne
525 5051 644 5106 sani
668 5050 806 5105 forte
837 5049 882 5104 si
917 5050 1250 5104 recesserint

248 5144 435 5200 Pmna
463 5139 608 5197 affici
639 5157 748 5213 qua
777 5149 987 5205 censet,
1023 5141 1124 5195 hos
1145 5151 1426 5196 exerceat.

249 5238 388 5294 Mox
417 5235 668 5292 exhiberi
703 5250 906 5306 praeses
937 5250 968 5288 a
1007 5235 1258 5290 custodia

249 5331 278 5384 ,ι
297 5327 437 5382 ubet
465 5325 658 5381 beatos
684 5324 789 5380 sub
819 5325 1029 5381 catenis
1058 5325 1280 5381 milites.

253 5421 456 5474 Datam
476 5418 582 5473 sibi
602 5417 864 5489 pr0ponit
893 5418 980 5472 his
1006 5417 1282 5472 licentiam
1320 5435 1333 5472 :

251 5510 438 5580 Eique
463 5507 637 5563 sancti
667 5523 789 5579 quae
815 5507 1068 5582 ligabunt
1099 5507 1298 5579 impios

251 5607 463 5660 Panas
480 5602 745 5670 revelant,
777 5609 832 5657 et
860 5609 1087 5658 manent
1115 5602 1369 5658 interriti.

263 5695 398 5748 llaec
427 5693 559 5749 dum
586 5699 860 5760 teruntur,
881 5707 1082 5764 corpus
1113 5707 1240 5748 ecce
1263 5698 1538 5748 mortuum

1889 400 1939 464 Α
1970 393 2218 447 Dandum
2244 390 2417 446 suetis
2443 391 2718 460 bajulatur
2746 392 2968 469 ignibus
2995 412 3010 462 ;

1970 488 2122 552 Quod
2145 487 2442 542 Martianus
2461 496 2522 542 ut
2547 487 2714 555 videt,
2754 489 2885 560 poni
2905 491 3083 559 jubet,

1971 579 2269 634 EtJuliano
2294 579 2517 634 mandat
2545 578 2601 634 id
2631 582 2942 650 resuscitet,

1970 671 2186 726 Fecisse
2219 671 2465 726 Christus
2493 680 2552 726 ut
2574 672 2836 745 magister
2850 675 3121 745 proditur.

1974 783 1998 813 α
2019 762 2232 818 Caecum
2258 763 2392 835 quid
2419 764 2598 836 inquit
2615 763 2884 830 Julianus,
2917 765 3138 836 adjuvat

1971 857 2084 923 Sol,
2119 857 2343 928 quando
2371 858 2566 913 lustret
2589 867 2910 916 cancrorum
2942 860 3152 918 lumina
3186 864 3214 917 ?

1971 949 2080 1004 Sed
2101 956 2282 1005 vestra
2308 950 2562 1022 quamvis
2593 966 2703 1006 non
2734 959 2980 1008 meretur
3005 955 3254 1020 caecitas,

1972 1039 2090 1095 Jam
2126 1047 2346 1112 tempus
2384 1051 2469 1097 est
2499 1041 2694 1098 Christi
2725 1051 2785 1098 ut
2811 1053 3058 1114 patescat
3073 1047 3320 1104 claritas:

1974 1129 2180 1185 Fidelis
2199 1131 2321 1198 ejus
2350 1145 2474 1184 nam
2505 1140 2691 1187 manet
2721 1134 3037 1204 promissio,

1971 1226 2048 1280 Ne
2076 1235 2261 1281 nostra
2283 1241 2423 1281 vane
2454 1225 2674 1281 decidat
2700 1227 2909 1298 petitio.
2937 1249 2966 1279 ιο

1973 1317 2096 1370 Haec
2115 1313 2273 1378 dixit,
2296 1324 2466 1386 utque
2497 1313 2637 1369 fudit
2658 1316 2727 1370 ad
2761 1316 3051 1372 Dominum
3077 1337 3316 1390 precem,

1971 1405 2303 1462 Refunditur
2329 1421 2455 1461 mox
2485 1406 2598 1460 vita
2626 1407 2888 1462 membris
2912 1409 3146 1465 reddita.

1968 1498 2230 1568 Astatque
2260 1497 2435 1565 vivus,
2468 1506 2659 1568 raptus
2689 1499 2800 1554 imo
2825 1499 3068 1566 Tartaro,

1969 1586 2356 1658 Christumque
2393 1586 2581 1640 laudat
2609 1603 2774 1658 quem
2793 1585 2945 1656 prius
2976 1589 3303 1655 nesciverat,

1967 1676 2352 1730 Teterrimiset
2372 1675 2558 1745 impiis
2577 1675 2912 1748 gigantibus,

1891 1750 1943 1818 Β
1971 1769 2269 1840 Pcenisque
2299 1784 2361 1822 se
2388 1767 2588 1822 fatetur
2618 1769 2749 1823 atris
2777 1777 3018 1835 erutum,

1971 1859 2218 1932 Vitaeque
2249 1869 2476 1931 pr0pter
2504 1859 2780 1915 lulianum
2811 1861 3108 1917 redditum.

1967 1950 2164 2006 Tactus
2193 1950 2384 2005 dolore
2412 1949 2657 2005 carnifex
2683 1950 2968 2024 ergastulo

1969 2040 1995 2094 J
2005 2042 2133 2096 ubet
2159 2042 2363 2098 retrudi
2386 2043 2536 2097 hunc
2555 2058 2825 2116 agregans
2853 2043 3194 2098 certantibus
3221 2061 3233 2096 :

1971 2134 2406 2200 QuemJulianus
2427 2133 2576 2188 ablui
2597 2132 2925 2204 baptismate

1970 2224 2138 2290 Facit,
2157 2223 2370 2294 piorum
2387 2222 2656 2292 copulans
2670 2221 2970 2276 consortio.

2041 2316 2292 2372 Mandata
2317 2329 2482 2386 pmn-a
2512 2321 2853 2384 praeparatur
2883 2312 3138 2368 interim:

1969 2406 2212 2482 Triginta
2242 2412 2296 2460 et
2325 2419 2498 2458 unum
2525 2403 2871 2458 destinantur
2907 2403 3076 2470 dolia,

1975 2499 2124 2574 Ignis
2153 2497 2365 2568 repleta
2384 2503 2690 2567 praenotato
2720 2496 2926 2566 pabulo
2952 2512 2966 2560 ;

1977 2593 2261 2646 Ducuntur
2289 2589 2357 2644 ad
2393 2595 2582 2660 parata
2603 2588 2779 2642 sancti
2812 2587 3069 2642 incendia
3100 2606 3114 2652 ;

1970 2685 2245 2740 Vocantur
2274 2698 2470 2738 omnes
2501 2680 2636 2736 illud
2666 2681 2735 2734 ad
2765 2681 3162 2751 spectaculum.

1972 2774 2148 2847 Rogat
2178 2771 2383 2826 remitti
2415 2770 2713 2824 Martianus
2749 2767 2948 2836 ﬁlium,

1971 2864 2312 2934 Sanctosque
2344 2862 2498 2917 reddi
2532 2862 2824 2932 pollicetur
2851 2861 3079 2916 liberos.

1974 2955 2166 3011 Oblata
2193 2959 2464 3026 spernunt
2491 2953 2609 3007 haec
2639 2952 2784 3006 beati
2816 2957 3105 3022 martyres,

1975 3049 2226 3120 Puerqne
2254 3046 2426 3120 patris
2452 3045 2663 3117 respuit
2687 3045 3061 3111 clementiam,

1896 3116 1946 3185 Ο
1975 3116 2302 3212 Patremque
2332 3139 2509 3210 poscit
2536 3116 2639 3192 ista
2669 3144 2958 3208 postquam
2989 3136 3183 3192 vicerit

1970 3236 2283 3300 Tormenta,
2317 3239 2547 3288 matrem
2575 3220 2902 3287 commorari
2935 3231 3029 3286 det
3059 3230 3166 3286 sibi

1972 3324 2170 3380 Tribus
2195 3323 2426 3387 diebus;
2451 3323 2591 3376 dans
2610 3328 2768 3392 pater
2799 3321 2942 3376 redit
2970 3321 3218 3381 domum,

1975 3415 2052 3468 Ad
2087 3415 2203 3469 hch
2228 3412 2444 3488 agenda
2467 3411 2766 3482 providens
2789 3411 3078 3473 vicarium,

1973 3506 2128 3562 Gnati
2163 3507 2352 3561 videre
2382 3521 2494 3560 non
2537 3504 2719 3559 ferens
2747 3503 3088 3559 incendium.

1971 3598 2260 3653 Ponuntur
2289 3594 2418 3648 almi
2449 3595 2505 3649 in
2529 3601 2833 3666 praeparata
2854 3593 3022 3660 dolia,

1974 3689 2038 3743 Et
2064 3695 2251 3743 vastus
2269 3687 2412 3762 ignis
2431 3687 2540 3741 alte
2563 3685 3027 3742 circumfunditur
3055 3703 3068 3750 ;

1974 3782 2229 3835 Flamma;
2261 3780 2513 3835 feruntur
2534 3779 2718 3833 arduae
2745 3793 2846 3849 per
2883 3792 3010 3831 aera
3042 3795 3056 3831 :

1975 3870 2219 3924 Psallunt
2247 3868 2393 3924 beati
2414 3883 2549 3922 voce
2571 3868 2716 3921 clara
2738 3865 3004 3931 carmina,

1976 3962 2218 4034 Fideque
2244 3962 2390 4017 celsa
2429 3957 2784 4030 supprimunt
2813 3957 3092 4027 incendia,

1975 4061 2232 4129 Auroque
2263 4057 2332 4112 ab
2365 4057 2492 4129 igne
2522 4055 2788 4110 clariores
2816 4059 3038 4115 exeunt,

1974 4154 2198 4222 Deoque
2231 4149 2422 4203 laudes
2458 4147 2625 4202 corde
2655 4147 2780 4202 laeto
2808 4144 3128 4208 concinunt,

1975 4240 2227 4314 Magnum
2251 4237 2494 4293 ferentes
2510 4235 2726 4290 civibus
2764 4234 3086 4289 miraculum
3113 4253 3129 4288 :

1979 4329 2084 4382 Sed
2127 4325 2420 4382 circulator
2450 4324 2554 4378 hoc
2585 4339 2871 4398 magorum
2904 4323 3134 4393 deputat

1983 4423 2187 4477 Virtute
2217 4427 2456 4494 gestum,
2481 4419 2620 4472 dans
2647 4418 2908 4472 tenebras
2937 4419 2992 4472 in
3016 4418 3165 4473 diem

1899 4485 1952 4551 ί)
1974 4510 2185 4566 Dextris
2207 4509 2450 4572 sinistra,
2481 4523 2666 4560 amara
2697 4507 2936 4561 miscens
2967 4507 3244 4562 dulcibus.

1978 4601 2042 4657 Ut
2067 4599 2347 4671 expetivit,
2377 4604 2553 4652 matre
2574 4605 2791 4667 sumpta
2823 4595 2970 4650 ﬁlius

1978 4690 2152 4744 Latus
2182 4687 2357 4742 beatis
2378 4685 2630 4759 jungitur
2653 4685 3022 4748 consortibus,

1984 4785 2195 4838 Privata
2224 4781 2459 4836 claustra
2487 4794 2626 4852 quos
2656 4787 2941 4851 receptant
2969 4780 3208 4836 carceris

1985 4878 2159 4933 Odore
2191 4892 2313 4948 quae
2335 4873 2618 4946 replentur
2646 4873 2775 4928 almi
2799 4873 3056 4929 nectaris.

1987 4969 2220 5042 Captans
2248 4970 2476 5024 choreas
2503 4967 2885 5034 concinentes,
2916 4967 3140 5032 femina,

1989 5061 2211 5132 Expleta
2240 5057 2508 5112 suavitate
2538 5064 2646 5111 tam
2669 5055 3002 5130 gratissima,

1991 5151 2262 5206 Christum
2285 5147 2476 5203 dolore
2507 5146 2800 5202 confitetur
2823 5145 3021 5201 obruto
3052 5165 3068 5200 :

1991 5244 2159 5308 Quam
2191 5241 2312 5294 luce
2339 5238 2493 5294 verbi
2522 5237 2776 5293 Julianus
2797 5237 2998 5304 erudit,

1987 5335 2294 5405 Firmatque
2323 5331 2526 5388 blanda
2553 5330 2815 5386 charitate
2833 5329 2978 5384 filius
3010 5346 3024 5396 ;

1986 5425 2191 5479 Gnatus
2209 5422 2421 5493 parenti
2450 5420 2510 5476 fit
2531 5427 2685 5492 pater
2705 5418 3059 5491 baptismate,

1985 5516 2318 5586 Matremque
2347 5513 2532 5584 proles
2560 5511 2674 5567 edit
2704 5512 2846 5567 almo
2886 5511 3160 5584 germine.

1986 5606 2238 5662 Gaudent
2264 5605 2482 5660 athletae
2500 5620 2624 5659 cum
2653 5602 2910 5674 supernis
2935 5600 3147 5656 civibus

1988 5696 2152 5751 Ovem
2184 5693 2392 5765 lupinis
2421 5709 2479 5748 se
2497 5691 2772 5764 expulisse
2803 5689 3071 5745 faucibus.

3465 275 3572 330 562
