3958 6158
462 239 570 296 563
1223 237 1591 297 FLODOARDI
1632 240 1938 298 CANONICI
1979 242 2307 300 REMENSIS
2347 244 2684 302 OPUSCULA
2726 247 3033 305 METRICA.

463 371 628 427 Audit
651 365 894 442 jugalem
925 363 1224 421 Martianus
1241 367 1570 438 complicem

464 464 675 518 Factam
698 459 913 530 piorum
945 455 1156 528 filiique
1181 473 1476 529 supparem
1512 476 1527 524 ;
1555 475 1562 480 θ

463 556 691 610 Domum
722 550 932 617 reduci,
966 567 1129 622 quam
1166 551 1329 620 jubet
1366 552 1657 621 secretius,

463 646 600 712 Quid
629 645 760 699 huic
787 643 859 698 sit
886 649 1066 698 actum
1098 643 1388 698 sciscitans
1413 660 1446 698 a
1476 643 1608 700 ﬁlio.

462 733 565 789 Pro
597 731 923 786 liberatione
956 730 1143 785 matris
1172 731 1372 785 arduas

463 826 675 881 Christo
705 825 897 880 beatas
926 825 1111 880 celsus
1135 824 1295 880 effert
1319 825 1544 899 gratias.

461 920 618 976 Domi
651 927 918 992 tyrannus
950 919 1187 974 detineri
1219 921 1511 994 conjugem

460 1011 623 1067 Jubet
647 1027 661 1076 ;
684 1009 922 1064 ministri
953 1009 1248 1065 molientes
1277 1010 1515 1083 obsequi

468 1103 749 1157 Cascantur
780 1119 794 1167 ;
819 1100 1020 1171 accipit
1051 1101 1171 1171 pios
1201 1102 1560 1176 ergastulum.

463 1199 558 1254 Die
587 1196 842 1270 sequenti
872 1196 1168 1251 Martianus
1205 1197 1408 1253 milites

465 1289 760 1346 Obtruncat
785 1289 960 1344 almos
983 1289 1070 1344 bis
1101 1290 1316 1356 decem,
1347 1290 1464 1361 qui,
1499 1291 1706 1347 lumine

464 1378 618 1434 Ducti
649 1394 909 1450 superno,
943 1379 1241 1434 vanitatem
1283 1379 1582 1451 liquerant,

462 1472 793 1543 Septemque
817 1470 1011 1526 fratres
1040 1470 1166 1544 igne
1198 1487 1437 1544 pugnam
1473 1471 1690 1537 finiunt,

463 1565 664 1618 Aurum
689 1562 971 1636 refulgens
1001 1578 1104 1619 ceu
1135 1563 1352 1618 camino
1383 1565 1654 1631 redditur,

462 1655 606 1711 Facti
647 1671 749 1726 per
778 1655 966 1728 ignem
985 1650 1108 1708 luce
1137 1653 1283 1709 clara
1311 1654 1612 1724 splendidi.

533 1747 766 1804 Posthac
796 1755 1026 1818 tyranno
1055 1754 1427 1821 suggeruntur
1454 1749 1643 1805 caeteri
1677 1769 1694 1804 :

461 1836 656 1891 Tentat
685 1833 948 1906 profanus
969 1849 1197 1890 avocare
1237 1842 1513 1907 martyres

466 1932 502 1984 A
529 1931 654 1998 jure
684 1928 883 1984 Christi
913 1937 969 1983 et
998 1928 1297 2003 subjugare
1325 1931 1590 2001 sculptili.

464 2019 666 2073 Ornare
696 2016 962 2087 templum
993 2031 1101 2088 quo
1133 2016 1336 2071 resedit
1374 2019 1660 2088 pulchrius

465 2106 850 2177 Secretiusque
882 2105 1109 2160 mandat
1137 2120 1272 2160 auro
1303 2104 1594 2179 fulgidum,

466 2197 713 2267 Ducique
733 2201 952 2250 sanctos
979 2209 1044 2248 ac
1074 2193 1230 2250 litare
1263 2195 1515 2265 perditis,

464 2292 688 2348 Placare
724 2308 865 2348 vana
887 2292 1141 2347 laeserant
1169 2307 1294 2362 quae
1317 2292 1566 2348 numina.

466 2383 648 2440 Castus
671 2383 876 2455 popelli
907 2382 1086 2458 pergit
1114 2381 1263 2437 istud
1290 2382 1470 2439 visere
1498 2403 1513 2455 ;

465 2476 676 2531 Adsunt
695 2474 868 2540 beati,
897 2483 951 2530 et
980 2475 1138 2549 signa
1168 2474 1364 2530 Christi
1392 2474 1672 2533 frontibus

467 2565 662 2638 Figunt
691 2571 903 2620 sacrata
933 2564 1235 2620 muniendo
1264 2580 1497 2636 corpora
1515 2585 1532 2620 :

472 2657 682 2711 lntrant
709 2654 971 2710 sacellum
994 2654 1235 2710 roborati
1259 2670 1490 2710 munere

470 2742 687 2812 Christi,
718 2748 1013 2814 precantur
1042 2742 1164 2812 ejus
1197 2752 1364 2815 atque
1387 2743 1620 2817 gloriam

468 2833 663 2900 Pandi,
694 2839 856 2888 ruant
882 2839 943 2888 ut
974 2831 1066 2886 illa
1096 2832 1284 2903 templi
1311 2833 1536 2900 mcenia,

472 2925 534 2980 Et
563 2932 762 2980 cuncta
791 2924 1274 2980 faniconterantur
1298 2924 1462 2979 idola.

469 3019 923 3090 Auditsupernus
953 3023 1078 3073 vota
1104 3033 1387 3074 servorum
1419 3019 1563 3075 Deus
1596 3037 1609 3074 :

469 3109 596 3165 Ruit
622 3109 908 3176 sacellum,
938 3106 1270 3163 defatiscunt
1297 3108 1560 3172 coctiles;

470 3201 646 3256 Ruina
675 3200 867 3271 templi
899 3199 1245 3272 apparitores
1264 3201 1548 3273 opprimit,

471 3291 729 3367 lgnisque
753 3297 949 3346 cuncta
975 3289 1234 3358 absumit,
1266 3291 1384 3346 haec
1412 3291 1740 3354 demoliens.

470 3381 702 3436 Insultat
727 3381 904 3436 almus
926 3380 1178 3436 Julianus
1209 3381 1432 3453 praesidi
1465 3402 1480 3452 ;

470 3472 694 3528 Furoris
724 3472 816 3528 ille
843 3471 1155 3544 perforatur
1175 3473 1425 3544 spiculis,

467 3565 804 3636 Sanctosque
835 3564 888 3619 in
920 3565 1022 3619 atri
1051 3565 1258 3620 claudit
1298 3567 1408 3622 ima
1435 3569 1692 3625 carceris.

431 3675 434 3677 λ
469 3657 563 3713 llic
583 3663 745 3713 nocte
774 3657 967 3712 laudes
996 3657 1127 3713 dum
1158 3659 1270 3714 Deo
1296 3660 1694 3731 persolverent,

467 3748 681 3804 Adsunt
705 3747 850 3803 beati
883 3747 977 3819 qui
1007 3747 1351 3820 triumphum
1379 3749 1763 3822 impleverant,

468 3838 666 3894 Horum
699 3837 790 3910 pia
816 3836 1165 3894 confessione
1202 3853 1512 3909 compares,

467 3928 667 3984 Omnes
693 3926 877 3982 amicti
901 3927 1147 3982 vestibus
1169 3927 1558 3999 praecandidis,

470 4023 532 4078 Et
551 4021 775 4078 alleluia
799 4021 1158 4077 concinentes
1175 4020 1433 4075 dulciter.

469 4114 708 4171 Chorum
739 4112 901 4168 beata
929 4111 1082 4168 ducit
1109 4112 1222 4168 illic
1241 4111 1518 4186 virginum

471 4202 771 4266 Basillissa,
813 4208 1003 4256 sancto
1034 4215 1156 4271 quae
1181 4199 1359 4272 jugali
1395 4199 1696 4272 gratulans,

470 4293 669 4362 Aperta
695 4289 821 4345 caeli
844 4304 1012 4362 regna
1037 4288 1244 4344 sanctis
1281 4289 1516 4355 nuntiat,

473 4385 580 4440 llos
605 4393 660 4440 et
685 4384 775 4438 die
791 4383 1061 4455 promittit
1085 4383 1204 4453 ipsa
1229 4383 1434 4455 suscipi

471 4477 585 4542 Qua
624 4475 867 4530 Christus
896 4475 1016 4530 orbi
1044 4475 1189 4530 clara
1215 4474 1306 4531 lux
1332 4463 1608 4549 apparuit,

471 4567 537 4622 Ut
565 4569 668 4623 hac
695 4566 945 4638 polorum
976 4572 1278 4638 appareant
1311 4583 1435 4623 cum
1465 4569 1682 4626 civibus

472 4656 534 4714 Et
557 4660 612 4714 in
625 4659 882 4730 supernis
913 4665 1272 4730 perseverent
1299 4661 1545 4716 sedibus.

472 4750 596 4805 Post
623 4750 740 4804 haec
766 4748 1008 4804 tribunal
1041 4749 1099 4802 in
1130 4747 1247 4804 foro
1280 4765 1484 4818 praeses
1499 4751 1660 4820 jubet

471 4839 588 4893 Sibi
611 4837 787 4910 parari
810 4845 864 4892 et
889 4837 1140 4893 exhiberi
1171 4844 1458 4909 martyres.

472 4929 816 4986 Crudelitatis
845 4930 933 4986 hic
962 4929 1204 4985 furorem
1245 4932 1552 4987 exercitans

471 5019 664 5095 Digitis
692 5018 908 5089 piorum
940 5034 1042 5090 per
1069 5034 1266 5074 manus
1297 5019 1482 5090 lychni
1511 5028 1567 5078 et
1592 5023 1765 5093 pedes

472 5113 604 5169 Oleo
632 5112 920 5168 madentes
939 5112 1238 5186 alligentur
1258 5113 1505 5184 praecipit
1534 5133 1548 5180 ;

471 5205 625 5270 Quod
646 5211 706 5260 ut
734 5211 1038 5276 peractum,
1070 5220 1195 5260 mox
1222 5221 1489 5277 papyrum
1519 5209 1838 5266 accenditur

470 5297 784 5368 Ardentque
815 5295 905 5351 fila
932 5313 945 5350 :
974 5297 1174 5352 annexi
1205 5296 1329 5352 laedi
1359 5312 1469 5353 non
1501 5299 1705 5367 valent,

469 5388 676 5443 Intacta
701 5395 756 5441 et
785 5387 922 5442 ustis
950 5385 1199 5441 membra
1226 5385 1441 5458 lychnis
1469 5397 1817 5460 permanent,

466 5475 602 5531 Dein
630 5474 793 5530 beato
823 5474 1043 5530 Juliano
1081 5474 1306 5531 verticis

466 5568 757 5639 Pueroque
783 5575 974 5623 sancto
1004 5567 1244 5623 detrahit
1264 5566 1413 5624 ferus
1441 5577 1620 5625 cutem

465 5657 665 5716 Oculos
692 5655 963 5715 sacerdoti
993 5672 1198 5715 eruens
1217 5655 1474 5723 Antonio,

2108 375 2161 442 Α
2192 372 2274 441 Et,
2296 388 2462 445 quem
2494 372 2690 430 bea‘us
2713 375 2969 432 Julianus
2994 355 3267 436 mortuum

2187 462 2359 518 Orans
2388 464 2752 531 resuscitavit,
2787 467 3091 524 Anastasio.

2188 549 2349 605 Pueri
2382 566 2512 624 ergo
2547 559 2773 609 matrem
2793 555 3169 613 Martianillam
3202 561 3343 616 Deus

2185 641 2303 696 Non
2333 658 2493 713 posse
2521 661 2758 702 cernens
2791 646 2931 704 ferre
2952 649 3088 704 dura
3115 654 3369 720 tormina,

2185 730 2432 786 Cmcabat
2461 747 2653 789 omnes
2679 735 2807 792 huic
2833 753 3026 793 manus
3047 741 3139 811 qui
3169 741 3467 811 injecerant
3492 765 3507 810 ;

2183 817 2402 873 Curavit
2439 828 2623 878 autem
2654 826 2928 882 sauciatos
2956 836 3242 900 martyres,

2185 904 2527 964 llluminavit
2560 911 2921 987 integrosque
2949 916 3208 986 reddidit,

2185 990 2467 1051 Cruciatur
2491 999 2664 1055 hostis
2694 1004 2882 1070 corde,
2917 1005 3079 1060 saevis
3107 1006 3340 1078 tigribus

2187 1086 2440 1164 Dirisque
2473 1093 2646 1151 factus
2677 1099 2904 1155 crudior
2931 1104 3303 1173 serpentibus.

2184 1179 2413 1236 Sanctos
2435 1183 2489 1237 in
2511 1185 2974 1256 amphitheatrum
3005 1193 3136 1266 agit,
3165 1210 3304 1266 quos
3325 1194 3512 1252 bestiis

2192 1269 2446 1340 Exponit,
2483 1274 2601 1344 ipse
2624 1277 2740 1331 suis
2770 1277 3008 1335 feracior
3031 1281 3184 1337 feris.

2188 1357 2391 1416 Venire
2421 1361 2613 1418 belvas
2637 1374 2691 1420 et
2709 1366 2926 1437 piorum
2957 1369 3174 1445 lingere

2189 1451 2366 1507 Pedes
2395 1453 2634 1520 videres,
2665 1457 2915 1514 mitiores
2935 1463 3152 1519 catulis.

2186 1547 2364 1602 Furiis
2393 1550 2634 1620 repletus
2658 1560 2714 1608 et
2742 1555 3012 1628 gehennae
3042 1558 3312 1616 incendiis

2183 1641 2348 1696 lubet
2369 1643 2574 1714 requiri
2601 1645 2895 1702 Martianus
2924 1649 3136 1706 noxios.

2181 1729 2294 1784 Acti
2323 1730 2615 1788 trabuntur
2641 1735 2922 1791 criminosi
2951 1740 3242 1810 ergastulis

2181 1818 2401 1890 Piisque
2429 1821 2834 1891 permiscentur
2856 1827 3076 1883 athletis
3100 1831 3198 1896 rei,

2186 1910 2459 1984 Missoque
2485 1915 2541 1968 in
2574 1917 3040 1986 amphitheatrum
3073 1922 3141 1975 ad
3183 1924 3287 1978 hoc
3313 1926 3564 1982 satellite.

2187 2002 2466 2058 Necantur
2493 2006 2714 2062 admisti
2746 2010 3072 2067 innocentes
3101 2015 3317 2081 noxiis;

2188 2091 2446 2165 Exempla
2476 2096 2672 2151 Christi
2697 2111 3128 2172 consequentes,
3162 2104 3253 2160 hic
3277 2122 3503 2179 quoque

2189 2180 2289 2245 Qui
2317 2183 2371 2237 in
2407 2185 2664 2254 passione
2686 2187 2913 2255 junctus
2942 2197 3024 2245 est
3054 2192 3384 2250 latronibus.

2187 2275 2405 2332 Tellure
2437 2285 2584 2334 mota
2609 2288 2879 2336 corruunt
2909 2298 3036 2338 mox
3067 2284 3235 2354 idola,

2096 2373 2100 2377 '
2187 2365 2294 2422 Aer
2323 2369 2522 2424 minaci
2559 2379 2820 2440 personat
2842 2374 3106 2436 tonitruo.

2189 2457 2524 2531 Miserosque
2550 2477 2749 2536 magna
2782 2471 3026 2520 terruere
3053 2465 3288 2541 fulgura.

2190 2547 2328 2602 Hinc
2357 2550 2657 2606 semivivus
2686 2553 2982 2610 Martianus
3009 2555 3202 2632 effugit
3231 2576 3246 2624 ;

2189 2639 2402 2696 Efflavit
2430 2648 2611 2698 autem
2644 2645 2940 2702 devoratus
2967 2649 3243 2704 vermibus

2188 2731 2384 2788 Paucis
2412 2734 2611 2790 diebus
2631 2739 2868 2794 evolutis
2897 2743 3274 2812 postmodum.

2189 2825 2254 2880 At
2282 2825 2572 2883 Christiani
2603 2836 2760 2885 nocte
2787 2833 2884 2902 qui
2917 2843 3312 2904 remanserant,

2190 2917 2483 2991 Postquam
2517 2921 2660 2976 beati
2690 2939 2860 2997 regna
2892 2927 3168 2983 scandunt
3197 2938 3488 3002 martyres,

2192 3006 2334 3062 Eunt
2365 3008 2581 3079 piorum
2613 3020 2804 3068 sancta
2833 3015 3036 3070 lectum
3066 3031 3298 3088 corpora
3331 3036 3346 3074 :

2190 3099 2320 3165 Quae
2351 3117 2474 3156 cum
2508 3102 2759 3160 laborant
2791 3122 3089 3181 segregare
3116 3110 3386 3180 sontium,

2187 3188 2442 3245 Oratione
2469 3191 2709 3262 supplici
2740 3194 3018 3252 Christum
3054 3205 3250 3269 petunt

2188 3281 2279 3336 Eis
2308 3281 2522 3351 piorum
2551 3300 2659 3355 quo
2674 3287 2881 3342 revelet
2919 3289 3171 3363 pignera,

2189 3369 2252 3424 Et
2281 3386 2412 3426 ecce
2441 3371 2574 3427 visae
2595 3388 2696 3428 ceu
2725 3375 2942 3432 decorae
2975 3378 3218 3454 virgines

2190 3459 2399 3518 Thecas
2429 3465 2624 3519 sedere
2654 3466 2886 3540 singulae
2913 3485 3083 3540 super
3107 3487 3252 3526 suas.

2194 3551 2305 3608 Hoc
2331 3553 2469 3608 lecta
2502 3555 2620 3610 viso
2643 3556 2887 3611 membra
2915 3559 3075 3633 signo
3107 3559 3316 3633 fulgida

2192 3639 2472 3714 Cruorque
2497 3645 2651 3712 juxta
2678 3647 3002 3721 congelatus
3039 3650 3343 3720 splenduit,

2191 3730 2387 3786 Altaris
2411 3742 2469 3788 et
2493 3735 2710 3805 sepulta
2747 3738 2852 3793 sub
2893 3738 3233 3803 fundamine.

2192 3824 2448 3882 Procedit
2479 3827 2628 3883 unde
2659 3828 2783 3884 fons
2809 3829 3032 3885 abunde
3065 3830 3351 3901 proﬂuens

2190 3915 2393 3973 Locum
2423 3917 2651 3988 superni
2681 3918 2776 3990 qui
2807 3920 2984 3990 replet
3014 3921 3384 3992 baptismatis,

2193 4009 2290 4065 Hic
2312 4011 2485 4066 multa
2509 4011 2757 4068 Christus
2775 4013 3048 4069 exhibens
3081 4012 3363 4070 beneficia

2191 4100 2390 4156 Pendit
2421 4103 2579 4158 vietis
2600 4103 2803 4174 saepius
2831 4104 3123 4160 solamina.

2192 4194 2289 4250 Die
2316 4196 2461 4250 beati
2489 4196 2689 4252 Juliani
2716 4199 2970 4270 martyris

2191 4285 2341 4341 Vecti
2363 4288 2563 4359 leprosi
2583 4305 2694 4360 quo
2723 4289 2914 4345 decem
2948 4292 3072 4347 tabo
3102 4291 3335 4356 horridi,

2196 4379 2512 4434 Exulcerata
2536 4397 2699 4436 carne
2731 4397 2873 4452 pene
2902 4383 3129 4454 putridi,

2116 4446 2171 4514 D
2195 4469 2368 4526 Tincti
2391 4477 2449 4525 ut
2477 4472 2676 4527 lavacri
2703 4446 3024 4546 suntaquis,
3058 4446 3495 4546 pulcherrimum

2192 4561 2427 4617 Sumunt
2453 4563 2734 4632 decorem,
2762 4565 3057 4621 sanitatem
3085 4574 3140 4622 et
3161 4567 3454 4644 integram.

2192 4655 2493 4728 Ferturque
2533 4672 2636 4712 vox
2665 4657 2891 4728 delapsa
2912 4659 3054 4714 coelo
3076 4659 3416 4728 hujusmodi.

2194 4744 2318 4799 Haec
2344 4746 2546 4800 Juliani
2580 4762 2745 4813 nunc,
2780 4748 2887 4802 mei
2918 4749 3253 4815 charissimi,

2182 4837 2377 4894 Meruit
2403 4837 2559 4894 ﬁdes.
2591 4841 2797 4909 majora
2831 4857 2954 4913 quae
2985 4843 3307 4899 merebitur.

2189 4927 2251 4982 Et
2279 4927 2366 4983 hic
2396 4936 2452 4983 et
2481 4928 2535 4983 in
2576 4946 2686 5002 quo
2715 4930 2978 4987 fabricata
3004 4939 3132 4988 sunt
3161 4934 3282 4990 loco

2186 5015 2497 5073 Orationem
2528 5019 2630 5074 sub
2656 5021 2862 5076 honore
2894 5021 3114 5076 domata

2187 5105 2454 5162 Basilissaa
2476 5113 2531 5162 et
2557 5109 2687 5162 almi
2713 5109 2918 5164 Juliani
2946 5111 3218 5182 martyris,

2191 5197 2512 5254 Praabentur
2541 5199 2722 5270 ampla
2746 5201 3041 5257 sanitatum
3067 5217 3314 5270 munera,

2188 5287 2252 5344 Et
2275 5298 2399 5346 vota
2419 5291 2769 5361 complentur
2792 5291 3009 5364 piorum
3039 5293 3348 5351 commoda.

2191 5383 2428 5448 Quorum
2464 5385 2627 5440 beata
2665 5388 2946 5457 postulent
2966 5387 3191 5444 ﬂamina

2189 5481 2359 5536 Nobis
2385 5481 2584 5537 resolvi
2623 5483 2919 5539 criminum
2941 5485 3239 5541 nodamina

2189 5573 2254 5628 Et
2273 5573 2408 5628 dent
2440 5589 2680 5645 superna
2707 5575 2994 5646 possidere
3006 5577 3233 5651 gaudia.
