3974 6146
243 183 350 241 565
807 187 894 244 DE
931 188 1294 246 TRIUMPIIIS
1333 191 1596 250 CHRISTI
1638 195 2008 253 ANTIOCHIE
2046 196 2268 254 GESTIS
2309 197 2486 253 LIBRI
2525 197 2676 254 DUO.
2718 228 2790 239 —
2826 197 2934 253 LIB
2997 199 3040 253 Ι.

1727 339 1936 398 CAPUT
1983 342 2114 398 XIV.

1592 443 1674 504 De
1712 453 1918 506 sancto
1960 445 2243 505 Romano.

239 544 476 602 Romani
511 544 712 600 luctam
738 543 966 600 aureolo
992 545 1325 602 Prudentius
1353 563 1448 604 ore

242 636 529 702 Intonuit;
554 651 723 708 quare
761 635 894 692 satis
917 644 1003 692 est
1032 638 1204 693 libare
1241 647 1466 711 tropaa.

236 727 492 800 Denique
513 727 804 798 prafectus
830 728 937 784 hoc
969 729 1201 785 mittitur
1226 731 1596 804 Asclepiades.

239 821 649 898 Ecclesiamque
679 821 808 876 dolo
834 820 1110 876 meditans
1134 823 1446 895 irrumpere
1467 826 1645 895 furvo,

237 912 584 967 Mansuetum
615 912 809 967 Christi
848 913 1170 984 disperdere
1208 915 1352 971 ovile
1382 918 1608 974 volutat.

237 1004 506 1059 Panditur
539 1003 592 1058 id
621 1011 814 1060 sancto
842 1005 1028 1076 superi
1059 1007 1388 1064 charismate
1418 1009 1585 1085 Regis

235 1093 508 1159 Romano,
539 1092 796 1148 monachi
826 1093 919 1165 qui
951 1094 1244 1169 relligione
1276 1097 1541 1152 decenter

233 1186 593 1257 Prapollens,
623 1187 804 1242 valido
835 1187 1080 1259 reliquos
1113 1188 1396 1245 fulcimine
1429 1191 1608 1247 munit

233 1277 302 1333 Ut
329 1285 479 1333 stent
507 1279 804 1334 exhortans
819 1289 1011 1336 contra
1041 1280 1318 1354 licantque
1350 1292 1582 1354 tyranno
1609 1301 1622 1338 :

233 1366 395 1421 Unde
419 1367 525 1421 sibi
550 1367 673 1421 sisti
688 1367 846 1438 jubet
866 1368 1015 1424 hunc
1044 1368 1336 1440 praefectus
1356 1371 1604 1426 utaudit.

229 1452 475 1520 Sistitur,
496 1454 764 1526 arguitur,
787 1456 1065 1526 reperitur
1091 1457 1264 1521 fortis,
1287 1474 1465 1532 agone

230 1542 567 1612 Intrepidus,
595 1550 876 1610 constans,
905 1544 1123 1599 Domini
1154 1546 1422 1601 subnixus
1459 1563 1676 1604 amore:

230 1630 558 1686 Concutitur
574 1629 782 1702 ﬂagris,
815 1638 1089 1686 tormento
1117 1649 1399 1704 appensus
1429 1635 1635 1707 equino
1660 1653 1675 1703 ;

229 1720 431 1775 Latior
444 1719 702 1784 efficitur,
735 1728 910 1776 tortus
934 1729 1208 1778 tormenta
1239 1725 1608 1795 triumphans.

229 1811 540 1883 Exprobrat
569 1813 891 1868 excruciaus
921 1819 1203 1880 tortorem,
1237 1816 1466 1871 verbera
1493 1817 1670 1873 nescit
1694 1836 1709 1884 ;

225 1900 500 1954 Tristibus
527 1899 749 1956 athletis
778 1901 971 1956 Christi
1005 1903 1279 1974 praponit
1315 1919 1580 1972 amorem,

226 1991 409 2060 Atque
439 1989 536 2044 Dei
562 2005 752 2045 servos
783 1991 1043 2046 meliores
1071 1992 1295 2064 regibus
1316 1991 1492 2048 eﬁ‘ert.

225 2081 526 2152 Depositus
555 2082 798 2152 quatitur
828 2082 1009 2138 librati
1039 2083 1267 2139 verbere
1301 2084 1513 2155 plumbi
1546 2103 1560 2151 ;

229 2171 371 2226 Hinc
400 2171 575 2227 lectus
601 2172 908 2244 spondetur
945 2175 1144 2240 honos,
1188 2174 1279 2229 ille
1307 2175 1495 2229 omnia
1523 2176 1740 2243 temnit,

226 2264 292 2319 Et
306 2265 458 2318 saecli
487 2264 657 2320 decus
677 2281 841 2320 omne
869 2266 967 2320 Dei
1000 2267 1281 2336 postponit
1309 2267 1524 2323 honori.

225 2352 473 2407 Caditur
501 2353 626 2408 hinc
652 2353 837 2428 lignis,
861 2363 1053 2408 tensus
1084 2354 1276 2408 lictore
1297 2362 1565 2425 quaterno
1588 2371 1603 2420 ;

219 2445 363 2499 Tum
393 2460 616 2516 quoque
635 2445 882 2500 maxillas
907 2445 1172 2500 subacuta
1203 2447 1467 2500 novacula
1496 2446 1647 2512 rasit,

220 2534 475 2590 Facundi
501 2550 691 2590 vocem
722 2535 880 2590 dolor
909 2542 967 2590 ut
995 2544 1375 2608 compesceret
1403 2537 1514 2592 oris
1547 2554 1559 2591 :

222 2622 526 2678 Confessor
543 2623 695 2678 nullo
717 2624 1090 2679 substernitur
1120 2632 1235 2680 arte
1267 2641 1594 2697 repressus;

217 2715 536 2787 Promptius
557 2716 876 2788 alloquitur,
901 2732 1246 2789 puerumque
1262 2718 1541 2773 admittier
1566 2729 1687 2775 orat

221 2804 571 2871 Quemlibet,
594 2820 659 2860 ac
687 2821 816 2860 vera
842 2806 909 2859 de
940 2805 1229 2879 relligione
1259 2807 1437 2880 rogari

221 2900 410 2954 Unum
437 2900 554 2954 sive
593 2900 763 2955 Deum
796 2900 982 2971 plures
1006 2902 1222 2957 dicatve
1248 2901 1533 2958 colendos.

214 2992 490 3062 Raptatur
514 3005 672 3061 puer,
695 2991 913 3046 ostendi
940 2999 1144 3063 martyr
1160 2993 1298 3063 petit
1324 2992 1418 3046 alti

217 3085 496 3140 Virtutem
527 3083 742 3150 Christi,
775 3101 1006 3156 puerum
1033 3086 1114 3141 sic
1137 3101 1266 3140 vera
1294 3101 1613 3158 reposcens,

211 3179 296 3233 De
314 3178 468 3232 cultu
496 3192 711 3232 summo
742 3178 951 3250 absque
976 3179 1104 3233 dolo
1138 3178 1301 3248 jubet
1331 3186 1456 3249 apta
1487 3178 1664 3235 fateri.

213 3270 378 3325 Ilicet
404 3267 604 3324 effatur
625 3270 801 3325 solum
833 3286 972 3341 puer
1000 3286 1124 3325 esse
1146 3271 1441 3326 colendum

209 3368 457 3423 .tEtheris
486 3375 653 3439 atque
682 3367 786 3423 soli
817 3368 1132 3434 Dominum,
1190 3383 1299 3423 non
1333 3367 1591 3439 sculptile
1623 3384 1843 3424 vanum.

211 3457 457 3536 Angitur
489 3456 590 3511 hoc
617 3457 830 3511 harens
849 3457 1107 3528 stupidus
1135 3473 1390 3512 sermone
1416 3465 1718 3528 tyrannus;

209 3547 422 3601 Versus
449 3544 504 3598 in
536 3544 801 3601 infantem
833 3546 959 3618 quis
983 3548 1052 3601 ad
1070 3547 1185 3602 hac
1216 3546 1532 3602 instruxerit
1564 3546 1718 3602 illum

212 3641 486 3696 Scitatur.
507 3640 728 3696 Matrem
754 3657 813 3696 se
834 3641 996 3714 pusio
1027 3641 1172 3698 fatur
1202 3642 1408 3697 habere

208 3731 624 3800 Christicolam,
653 3732 985 3804 doctumque
1016 3733 1084 3788 ab
1112 3748 1179 3788 ea
1220 3748 1281 3788 se
1337 3731 1563 3789 credere
1604 3731 1834 3790 Christo.

204 3823 450 3880 Mittitur
472 3823 707 3879 accitum
735 3830 966 3880 matrem
995 3843 1009 3892 ;
1043 3824 1362 3896 perducitur
1387 3824 1480 3879 illa
1511 3842 1526 3880 :

208 3916 547 3987 Pracipitur
573 3916 747 3990 geniti
775 3917 1012 3990 genitrix
1041 3924 1315 3974 tormenta
1340 3917 1503 3973 tueri.

211 4006 523 4064 Confessus
553 4024 614 4062 se
643 4009 1022 4066 Christicolam
1053 4009 1418 4081 suspenditur
1439 4009 1554 4076 ille,

206 4099 662 4170 Torqueturque,
686 4099 778 4170 pio
790 4107 963 4155 mater
987 4115 1154 4172 quem
1185 4100 1385 4155 robore
1415 4098 1596 4154 firmat

209 4187 432 4243 χειεωὶ
463 4195 520 4243 et
547 4187 713 4244 fontis
735 4189 942 4245 sitienti
966 4189 1168 4261 pocula
1180 4189 1348 4244 suffit.

1888 556 1940 624 Α
1973 553 2102 608 Cum
2123 568 2295 625 puero
2319 553 2512 608 Barnla
2538 551 2725 625 ﬂagris
2747 552 3024 608 Romanus
3045 553 3291 609 adactus.

1969 644 2123 700 Miles
2139 661 2263 700 cum
2292 644 2491 712 tirone,
2517 659 2692 700 novus
2708 659 2830 699 cum
2859 645 3036 699 milite
3068 645 3172 700 tiro
3204 662 3219 711 ;

1968 733 2418 804 Claudunturque
2436 734 2599 788 simul
2624 734 2750 788 torti
2782 734 2893 788 imo
2922 734 3158 788 carceris
3186 744 3364 790 antro.

2035 825 2251 878 Interea
2278 822 2507 878 coluber
2531 823 2680 878 diras
2695 822 2973 894 excogitat
3001 829 3164 889 artes,

1963 912 2370 988 Lignorumque
2393 929 2582 984 pyram
2605 911 2766 981 jubet
2786 918 2937 966 extra
2963 911 3332 981 maniaponi.

1962 1005 2229 1081 Fulgebat
2259 1006 2487 1078 posthac
2517 1003 2762 1060 tenebris
2789 1003 2877 1056 lux
2899 1003 3073 1057 altera
3109 1001 3282 1073 pulsis

1959 1094 2372 1167 Prafectusque
2399 1094 2514 1148 ibat
2546 1093 2752 1164 populo
2770 1093 3062 1148 comitatus
3077 1095 3263 1164 opimo
3283 1112 3295 1148 :

1961 1189 2118 1244 Ibant
2137 1196 2192 1243 et
2215 1187 2389 1242 sancti
2429 1187 2734 1260 gaudentes
2765 1185 2890 1258 igne
2905 1185 3129 1256 probari

1957 1285 2356 1357 Ingentemqne
2384 1295 2576 1353 rogum
2608 1279 2885 1334 Romanus
2907 1278 3117 1334 fervere
3147 1295 3379 1334 cernens

1958 1375 2178 1430 lnvocat
2203 1373 2480 1428 excelsum
2508 1370 2857 1442 lymphaque
2886 1372 3143 1446 ignisque
3176 1378 3480 1442 potentem.

1956 1467 2093 1522 Ecce
2130 1473 2358 1535 repente
2387 1463 2573 1518 nitens
2597 1462 2900 1518 obscurant
2927 1462 3114 1516 nubila
3145 1463 3367 1518 coelum.

1957 1553 2207 1609 Nubibus
2244 1559 2299 1606 et
2327 1551 2518 1606 densis
2557 1550 2888 1622 tranquillus
2905 1551 3121 1623 cogitur
3151 1567 3247 1606 aer

1957 1645 2350 1715 Demissusque
2377 1643 2506 1713 polo
2534 1643 2766 1697 veniens
2798 1643 3139 1717 largiSsimus
3170 1635 3348 1697 imber

1958 1736 2158 1791 Imbuit
2185 1735 2555 1806 exstinxitque
2578 1751 2794 1805 pyram,
2823 1733 3058 1789 fervoris
3085 1734 3295 1789 ademit

1955 1827 2072 1881 Vim
2099 1833 2266 1882 totam
2290 1843 2304 1893 ;
2339 1825 2472 1879 nihil
2500 1825 2588 1879 hic
2615 1824 2872 1891 ﬂamma,
2905 1825 3042 1878 nihil
3071 1825 3216 1900 ignis
3245 1825 3462 1898 agebat.

1876 1882 1928 1950 B
1952 1919 2268 1975 Gloriﬁcant
2299 1919 2572 1974 Christum
2602 1918 2816 1989 populi,
2851 1918 3001 1973 ferus
3032 1882 3210 1973 uritur
3237 1882 3433 1986 hostis,

1949 2011 2144 2068 Deﬁcit
2173 2018 2335 2082 atque
2367 2011 2566 2065 iterum
2595 2016 2818 2065 sanctos
2845 2008 2902 2064 in
2933 2026 3152 2065 carcere
3183 2011 3368 2067 trudit.

1951 2106 2087 2161 Hinc
2117 2107 2311 2160 iterum
2329 2104 2537 2178 spargit
2567 2120 2691 2159 cum
2717 2105 2827 2171 jam
2859 2103 2952 2158 lux
2969 2105 3206 2159 crastina
3233 2112 3426 2169 terras,

1949 2195 2257 2261 Pelluntur,
2281 2194 2632 2249 deducuntur
2656 2192 2827 2248 trucis
2857 2200 2985 2247 ante
3011 2194 3250 2248 tribunal

1945 2283 2176 2339 Judicis.
2210 2282 2308 2337 Ille
2348 2281 2545 2337 dolens
2578 2295 2688 2335 non
2719 2297 2778 2335 se
2809 2281 3005 2335 vicisse
3035 2297 3135 2351 per
3175 2282 3358 2354 ignes,

1947 2376 2368 2446 Succensusque
2395 2373 2553 2442 jubet
2583 2371 2910 2447 Stygiaface
2940 2379 2994 2426 et
3026 2373 3154 2445 igne
3183 2373 3386 2442 Cocyti.

1947 2467 2065 2521 Mox
2097 2481 2268 2537 puero
2299 2474 2487 2520 tenera
2507 2471 2673 2534 caput
2700 2481 2730 2517 a
2751 2464 2967 2518 cervice
2998 2463 3191 2528 recidi,

1951 2559 2310 2628 Romanoque
2341 2557 2512 2611 Deum
2544 2557 2780 2611 laudans
2802 2555 3068 2627 plectrum
3093 2571 3190 2610 ore
3231 2555 3438 2609 revelli.

1949 2646 2083 2701 Tum
2115 2646 2522 2720 gnatigenitrix
2555 2645 2836 2699 exsultans
2851 2644 3099 2698 membra
3131 2651 3395 2713 receptat.

1950 2739 2175 2794 Ducitur
2202 2737 2333 2793 hinc
2352 2739 2602 2794 medicus
2629 2735 3207 2793 Romaniabscindere
3238 2737 3429 2804 verba,

1949 2830 2160 2901 Accipit
2185 2836 2240 2884 et
2265 2830 2532 2905 regimem
2556 2829 2818 2884 radicitus
2847 2834 3096 2899 amputat
3117 2828 3248 2884 oris.

1950 2919 2046 2974 Ille
2063 2935 2292 2993 gemens
2321 2919 2634 2990 coelumque
2665 2925 2825 2973 tuens
2847 2917 3188 2973 benedicere
3227 2921 3398 2971 certat

1949 3007 2100 3062 Clara
2120 3022 2256 3063 voce
2282 3009 2476 3074 Deum,
2508 3006 2613 3061 sibi
2637 3006 2730 3079 qui
2763 3021 2955 3062 vocem
2988 3007 3110 3061 sine
3144 3006 3355 3078 lingua,

1947 3089 2269 3156 Sermonem
2301 3101 2422 3155 sine
2439 3115 2574 3156 voce
2614 3100 2786 3167 dedit,
2827 3101 2950 3154 sine
2976 3099 3206 3155 verbere
3237 3099 3426 3153 verba.

1950 3191 2246 3248 Prafectus
2283 3193 2498 3248 medico
2529 3199 2801 3247 tormenta
2827 3191 3032 3246 inferre
3061 3191 3301 3246 minatur

1907 3278 1922 3302 ⁸
1951 3285 2104 3349 Quod
2136 3285 2307 3340 decus
2332 3283 2518 3340 invicti
2559 3299 2793 3355 parcens
2818 3298 2930 3338 non
2962 3282 3266 3354 dempserit
3295 3282 3427 3337 oris.

1951 3373 2046 3427 Ille
2083 3373 2262 3444 palam
2295 3379 2562 3427 monstrat
2589 3378 2704 3426 toto
2731 3371 3039 3426 abscidisse
3071 3371 3253 3442 palato

1948 3461 2222 3518 Plectrum
2248 3461 2384 3527 oris,
2407 3467 2614 3515 testans
2633 3460 2782 3515 aliud
2815 3475 2924 3515 non
2961 3458 3147 3514 vivere
3169 3473 3333 3528 posse

1946 3553 2036 3609 Sic
2066 3553 2372 3609 abscissum
2394 3552 2616 3607 animal.
2631 3551 2799 3607 Iubet
2818 3551 2910 3606 ille
2932 3551 3208 3606 adducere
3226 3564 3483 3620 porcum,

1942 3645 2044 3700 Cui
2079 3643 2237 3715 parili
2268 3651 2329 3699 ut
2359 3643 2538 3698 secuit
2563 3642 2856 3716 chirurgus
2881 3641 3137 3696 acumine
3167 3640 3434 3714 linguam,

1941 3736 2166 3792 Labitur
2197 3741 2252 3791 et
2276 3735 2480 3806 pariter
2515 3749 2641 3789 cum
2671 3732 2859 3808 lingua
2890 3732 3251 3788 commoritnr
3280 3747 3392 3786 sus.

1942 3826 2136 3882 Evadit
2166 3824 2436 3879 medicus.
2470 3821 2770 3878 Prafectus
2796 3820 3120 3876 Maximiano

1945 3915 2170 3972 Nuntiat
2191 3914 2326 3969 hac.
2362 3913 2456 3968 Ille
2485 3911 2700 3967 occulte
2721 3910 2823 3964 sub
2854 3925 3078 3964 carcere
3105 3908 3352 3964 clausum

1946 4009 2256 4064 Romanum
2272 4006 2432 4076 jubet
2456 4005 2634 4061 occidi
2664 4023 2679 4070 ;
2707 4003 2768 4059 fit
2792 4003 2972 4074 jussio
2999 4003 3133 4058 savi

1943 4096 2238 4168 Principis,
2254 4104 2310 4150 et
2333 4103 2538 4166 martyr
2557 4094 2830 4150 celebrem
2861 4098 3206 4148 consummat
3231 4103 3488 4164 agonem,

1945 4187 2332 4258 Eternamque
2361 4183 2510 4255 capit
2538 4183 2805 4239 calorum
2845 4197 2878 4236 a
2905 4196 3036 4257 rege
3063 4194 3343 4236 coronam.

1717 4313 1927 4370 CAPUT
1974 4313 2081 4368 XV.

1553 4419 1633 4477 De
1673 4427 1880 4479 sancto
1925 4417 2237 4492 Hesychia.

204 4534 529 4606 Hesychius
557 4550 748 4605 regum
779 4541 911 4589 tunc
939 4532 1080 4589 forte
1112 4534 1324 4589 nitebat
1362 4535 1418 4590 in
1439 4535 1583 4591 aula.

207 4623 558 4695 Praecipiunt
579 4623 744 4697 igitur
774 4639 1032 4694 proceres
1053 4623 1138 4678 dis
1175 4623 1486 4678 sacrificare

203 4718 394 4773 Omne
420 4715 723 4786 palatinum
755 4715 839 4770 vel
865 4715 1087 4790 cingula
1117 4730 1326 4786 ponere
1353 4715 1571 4789 vulgus.

205 4810 315 4864 Ille
348 4808 449 4862 ubi
470 4807 625 4882 jussa
653 4807 821 4878 capit,
844 4808 1094 4882 gaudens
1114 4807 1444 4881 discingitur
1465 4808 1630 4874 ultro,

202 4899 561 4968 Abjectoque
602 4897 845 4968 palatino
875 4896 1112 4950 discedit
1151 4897 1382 4952 honore.

204 4986 552 5058 Indignatur
577 4984 645 5038 ad
674 4986 792 5040 hac
822 4984 1082 5055 princeps
1114 4992 1234 5038 trux
1266 4983 1652 5050 Maximianus,

200 5073 441 5130 Mandat
464 5081 522 5127 ut
549 5073 775 5128 indutus
803 5073 987 5128 tunica
1014 5073 1260 5148 gynacia
1293 5081 1474 5128 servet

196 5163 495 5235 Turpiter,
525 5172 580 5217 et
608 5163 1010 5218 condemnatus
1031 5163 1325 5217 muliebria
1350 5169 1562 5218 tractet.

205 5258 315 5313 Hic
348 5255 587 5326 positum
620 5255 774 5311 multi
807 5255 1080 5315 visebant.
1113 5255 1233 5324 ejus
1271 5255 1339 5310 ab
1356 5271 1454 5311 ore

205 5345 402 5403 Verba
430 5344 725 5399 salutifera
753 5345 1060 5419 gaudentes
1092 5361 1313 5400 sumere
1334 5345 1559 5420 lingua,

207 5435 652 5506 Prabentesque
688 5436 782 5489 Dei
807 5435 1011 5491 famulo
1037 5437 1285 5491 solamen
1302 5436 1525 5490 amoris.

203 5525 407 5593 Audit,
434 5532 489 5580 et
515 5525 662 5578 hunc
688 5524 808 5578 sisti
839 5525 1061 5579 mandat
1091 5525 1194 5579 sibi
1226 5525 1585 5579 Maximianus

204 5615 448 5673 Sistitur
473 5632 490 5683 ;
520 5615 652 5672 hinc
681 5616 878 5690 rogitat
904 5617 1110 5673 melius
1137 5616 1244 5671 sibi
1286 5617 1434 5688 quod
1463 5615 1601 5685 jfore
1638 5614 1844 5680 credat,

1939 4531 2063 4585 Sive
2090 4527 2333 4600 palatino
2361 4526 2605 4580 renitens
2627 4523 2920 4578 decoretur
2949 4523 3178 4588 honore,

1941 4621 2066 4677 Sive
2107 4619 2249 4674 colat
2277 4616 2418 4687 turpi
2452 4615 2701 4687 gynacia
2727 4614 2848 4668 laxa
2873 4614 3085 4684 pudore
3113 4612 3142 4665 ?

1946 4713 2044 4767 Ille
2067 4709 2230 4766 refert
2247 4707 2448 4763 melius
2477 4707 2725 4780 gynacia
2755 4705 2982 4760 nomine
3011 4703 3206 4758 Christi

1946 4802 2158 4864 Servet,
2191 4797 2535 4855 damouibus
2564 4795 2834 4852 famulans
2864 4810 3027 4866 quam
3059 4791 3262 4847 serviat
3295 4792 3456 4846 aula.

1950 4891 2040 4944 His
2063 4889 2243 4943 verbis
2273 4888 2506 4959 ejusque
2537 4885 2771 4941 aliorum
2805 4883 3049 4955 pondere
3083 4897 3330 4954 pressus,

1951 4935 2040 4944 ----
2075 4935 2242 4943 νυν-ν
2276 4935 2504 4959 Ἴ---ιη
2538 4935 2771 4941 --η-ωη
2805 4935 3042 4955 rw“---
3319 4935 3330 4946 .

1874 4935 1927 5002 D
1949 4978 2077 5043 Quis
2116 4976 2223 5032 sibi
2255 4975 2500 5048 praferri
2543 4973 2739 5028 Christi
2771 4971 3092 5045 indignatur
3119 4985 3388 5034 amorem,

1945 5070 2179 5123 Insanus
2204 5067 2483 5138 princeps,
2506 5063 2664 5119 furiis
2694 5063 2934 5137 agitatus
2965 5061 3185 5123 Averni,

1945 5157 2196 5227 Praecipit
2226 5170 2499 5210 annexum
2528 5152 2775 5226 demergi
2807 5152 2863 5205 in
2895 5148 3125 5204 ﬂumine
3156 5161 3285 5201 saxo

1947 5247 2292 5320 llesychium.
2324 5245 2556 5300 Exuvias
2583 5245 2704 5313 ejus
2733 5243 2831 5298 sed
2859 5241 3248 5314 repperientes

1947 5338 2212 5411 Colligere
2243 5335 2342 5390 viri
2372 5350 2494 5389 cum
2518 5333 2805 5405 relligione
2832 5330 3084 5405 benigni,

1949 5428 2384 5496 Sanctorumque
2412 5425 2574 5479 secus
2599 5423 2792 5498 glebas
2824 5435 3058 5492 posuere
3088 5417 3371 5472 decenter.

1951 5521 2075 5574 Hac
2101 5519 2302 5590 pressit
2319 5517 2521 5572 multos
2543 5515 2708 5571 isthic
2738 5522 2793 5569 et
2819 5513 3025 5584 ubique
3049 5508 3294 5581 procella

1952 5608 2324 5676 Christicolas,
2353 5607 2560 5664 celebri
2602 5603 2893 5662 Dominum
2911 5601 3112 5657 virtute
3150 5601 3466 5669 sequentes.
