3974 6146
453 237 556 293 56-,
1223 225 1590 281 FLODOARDI
1634 219 1936 280 CANONICI
1977 215 2306 290 REMENSlS
2343 213 2678 271 OPUSCULA
2718 214 3028 270 METRICA.
3673 224 3762 280 sas

521 367 867 436 Tempestate
883 360 986 415 sub
1015 359 1119 412 hac
1135 355 1346 411 validos
1373 352 1674 425 Cyprianus
1696 365 1902 422 agones

453 453 696 519 Sudavit,
720 450 934 505 meritis
954 447 1180 503 Justinae
1203 443 1430 517 virginis
1457 448 1571 496 arte

455 548 528 600 De
558 543 770 618 magica
791 540 860 596 ad
887 547 1136 594 sanctum
1167 533 1365 590 Christi
1392 546 1693 588 conversus
1721 544 1983 585 amorem.

457 637 577 690 Haec
599 649 724 687 nam
756 631 910 704 virgo
939 629 1166 693 decens,
1197 627 1300 680 hac
1333 623 1468 679 urbe
1495 622 1818 693 parentibus
1845 630 1965 676 orta

455 720 760 785 Praeclaris,
781 719 1076 783 Christum,
1119 714 1368 770 tradente
1399 712 1925 783 diacone'quodam,

455 811 742 887 Cognovit,
773 808 1043 879 traxitque
1073 805 1236 860 simul
1265 803 1475 859 lucrata
1499 809 1760 874 parentes

457 907 756 960 Instructos
786 903 982 968 sacris,
1014 917 1154 973 quos
1181 898 1342 953 tinxit
1368 898 1662 968 episcopus
1691 897 1857 952 undis

458 995 706 1064 Optatus,
737 992 1036 1063 docuitque
1061 990 1204 1046 viam
1243 1003 1462 1044 servare
1501 986 1710 1042 salutis.

457 1081 755 1136 Ecclesiam
786 1081 914 1136 dum
943 1079 1098 1152 virgo
1125 1077 1221 1132 Dei
1248 1074 1466 1131 Justina
1495 1074 1824 1146 frequentat,

2092 352 2144 419 Α
2170 345 2343 416 Atque
2374 343 2529 398 dedit
2553 343 2758 398 sociam
2789 343 2976 399 divina
3005 342 3128 418 lege
3158 346 3431 414 maritam,

2171 441 2432 496 Mandans
2457 439 2668 514 augeri,
2693 439 3032 494 benedicens
3063 441 3569 517 multiplicansque,

2169 533 2433 606 Legitima
2464 547 2698 604 quorum
2730 531 2970 585 mundus
2997 547 3264 607 compage
3297 536 3543 605 repletur
3574 555 3588 599 ;

2170 620 2359 675 Divina
2388 635 2457 674 an
2489 618 2669 693 rigido
2703 625 3023 673 temnuntur
3045 619 3169 688 jura
3201 623 3412 691 pudore
3435 622 3465 676 ?

2169 710 2389 782 ASpidis
2418 711 2524 765 hoc
2551 710 2766 764 Iustina
2789 710 2958 765 trucis
2987 710 3262 768 flammata
3297 731 3534 782 veneno,

2169 800 2461 863 Turbatur,
2492 801 2686 875 surgit,
2718 800 2918 872 pergit,
2946 807 3154 870 stupet,
3183 803 3421 874 angitur,
3456 805 3644 860 haeret.

2171 891 2416 963 Respicit
2446 893 2648 947 elisam
2679 892 2961 958 Dominus,
3003 893 3190 949 divina
3219 903 3514 967 negantem

2171 984 2270 1050 Qui
2302 987 2581 1057 quondam
2609 985 2826 1040 Petrum
2857 984 3006 1052 ﬁdei,
3039 1002 3143 1042 nec
3170 988 3376 1042 muenia
3403 989 3570 1044 turris

2168 1077 2415 1132 Sustinet
2437 1077 2598 1132 hoste
2629 1077 2836 1132 latente
2869 1077 2986 1148 rapi
3014 1094 3029 1143 ;
3063 1094 3191 1133 nam
3221 1079 3493 1135 daemonis
3520 1080 3687 1136 hosce

456 1172 711 1246 Aglaidas
745 1171 860 1242 [ms.
891 1171 945 1233 2,
987 1167 1257 1239 Acladius]
1295 1181 1441 1223 caeco
1465 1165 1690 1235 juvenis
1718 1164 2070 1221 succenditur
2171 1172 2405 1228 Denotat
2428 1187 2553 1227 esse
2583 1171 2762 1239 dolos,
2803 1188 3038 1244 quaeque
3075 1173 3143 1228 ad
3167 1173 3616 1231 muniminanota

1812 1273 1958 1314 ιεηθ.

1812 1274 1826 1310 ι

459 1353 821 1427 Allegansque
843 1349 992 1405 viros
1022 1348 1228 1419 plures,
1258 1352 1573 1418 matresque
1616 1258 1866 1417 puella[3.g

459 1444 728 1500 Connubii
761 1443 897 1514 petit
925 1443 1068 1496 hanc
1087 1439 1193 1494 sibi
1221 1447 1372 1495 certo
1393 1438 1604 1494 foedere
1637 1439 1803 1494 necti.

459 1537 586 1602 Quae
617 1535 1116 1605 paranymphorum
1149 1532 1312 1586 simul
1343 1531 1531 1586 omnia
1559 1532 1704 1586 dicta
1737 1530 2006 1600 refutans,

341 1627 356 1633 ’
461 1629 752 1698 Depactam
781 1624 990 1680 Christo
1019 1624 1133 1698 regi
1162 1639 1222 1678 se
1253 1621 1468 1677 nuntiat
1496 1623 1630 1689 alto,

460 1719 638 1788 Seque
668 1717 829 1771 ﬁdem
850 1730 1056 1786 Sponso
1077 1713 1260 1768 ﬁrmat
1285 1729 1504 1769 servare
1528 1729 1792 1785 superno.

458 1810 574 1863 Vim
600 1824 799 1879 procus
824 1813 1053 1862 attentat
1080 1805 1334 1860 renuenti
1365 1804 1568 1859 inferre
1613 1804 1832 1875 puellae,

460 1901 568 1955 Sed
593 1898 780 1970 superi
808 1898 956 1954 cedit
984 1897 1202 1952 Domini
1228 1897 1430 1952 virtute
1460 1896 1731 1967 repulsus.

461 1990 575 2054 Quo
600 1987 782 2042 minus
799 1985 1111 2057 assequitur
1136 1985 1380 2054 juvenis,
1415 1986 1590 2058 magis
1620 1985 1775 2039 ardet
1800 2000 1987 2041 amore
2042 2047 2053 2055 _

459 2081 852 2149 Desertamque
882 2077 1079 2132 videns
1107 2076 1391 2131 hominum
1415 2092 1476 2131 se
1505 2076 1740 2144 viribus,
1773 2077 1938 2132 audet

459 2165 801 2222 Daemonicos
829 2171 1039 2218 tentare
1064 2163 1243 2228 dolos,
1271 2171 1565 2235 artemque
1605 2164 1937 2239 nigrantem.

460 2258 756 2329 Experiens
787 2256 1000 2330 magico
1025 2255 1354 2327 Cyprianum
1384 2257 1625 2312 carmine
1652 2256 1900 2324 doctum,

459 2347 789 2420 Alloquitur,
817 2346 976 2415 cujus
1001 2344 1179 2420 frangi
1212 2345 1348 2416 petit
1373 2351 1489 2401 arte
1517 2346 1811 2417 pudorem,

463 2445 590 2501 Auri
616 2460 677 2500 se
702 2442 986 2514 spondens
1005 2441 1086 2496 illi
1109 2441 1359 2498 conferre
1384 2443 1588 2497 talenta

466 2537 690 2612 lgneolo
717 2536 762 2590 si
790 2536 902 2590 fors
933 2540 1098 2606 queat
1129 2535 1271 2589 hanc
1302 2534 1607 2590 accendere
1639 2535 1772 2602 telo,

466 2633 644 2702 Atque
671 2627 980 2699 Cupidinea
1008 2642 1102 2683 cor
1131 2626 1182 2682 ei
1213 2625 1491 2682 terebrare
1521 2626 1742 2701 sagitta.

468 2723 529 2776 At
554 2721 880 2792 Cyprianus,
911 2727 974 2773 ut
998 2727 1250 2773 assuetas
1289 2717 1443 2774 vafer
1473 2719 1644 2775 exerit
1671 2728 1838 2786 artes,

468 2813 732 2868 Daemonii
762 2810 1025 2885 ﬁgmenta
1054 2810 1204 2866 videt
1232 2827 1292 2866 se
1322 2810 1520 2866 sistere
1551 2827 1736 2866 coram
1767 2830 1781 2878 ;

471 2904 564 2958 Cui
593 2903 848 2958 mandata
881 2901 1086 2968 ferens,
1115 2901 1386 2957 Justinam
1421 2911 1578 2972 peste
1603 2901 1808 2959 furoris

470 2993 723 3063 Praecipit
750 2991 933 3065 urgeri
961 2990 1084 3046 diro
1111 2997 1169 3044 ut
1199 2991 1478 3046 crucietur
1505 3006 1714 3047 amore.

470 3085 630 3140 Paret
654 3085 802 3138 larva
830 3091 1026 3154 petens
1055 3081 1294 3138 robusta:
1335 3089 1476 3137 tecta
1511 3084 1707 3153 puellae
1743 3101 1756 3138 :

475 3176 634 3249 Virgo
667 3175 828 3230 thoro
849 3173 1141 3236 excutitur,
1185 3173 1662 3230 sentitconamina
1692 3175 1922 3245 fraudis,

476 3264 538 3316 Et
569 3278 732 3318 cruce
765 3278 827 3316 se
855 3261 1055 3327 munit,
1090 3260 1286 3316 Christi
1325 3263 1590 3319 tutamina
1616 3279 1874 3334 poscens,

475 3355 641 3428 Signa
673 3353 852 3408 crucis
873 3368 1108 3408 cernens
1137 3353 1331 3424 pulsus
1353 3353 1622 3410 distabuit
1651 3355 1850 3427 anguis
1883 3374 1897 3421 ;

476 3447 647 3510 Quem
679 3445 881 3500 victum
911 3444 1387 3516 aspiciens,alium
1416 3447 1684 3518 perquirit
1712 3464 1943 3519 aruspex
1977 3467 1990 3504 :

476 3541 696 3605 Evocat,
729 3540 973 3594 insinuat
994 3541 1129 3611 quid
1159 3555 1288 3595 eum
1310 3556 1411 3595 sua
1439 3541 1687 3595 carmina
1720 3549 1969 3611 poscant.

479 3629 666 3685 Evolat
701 3645 1005 3701 aereasque
1034 3629 1182 3685 celer
1202 3629 1514 3699 prolabitur
1541 3645 1724 3696 auras,

479 3721 717 3796 Virginis
741 3727 909 3792 atque
939 3721 1075 3793 petit
1099 3721 1281 3776 media
1311 3721 1413 3776 sub
1442 3729 1602 3777 nocte
1625 3721 1828 3778 cubile.

479 3811 641 3883 Virgo
673 3811 784 3884 peti
815 3827 875 3866 se
904 3810 1215 3867 sentiscens
1237 3817 1460 3885 turgore
1486 3811 1726 3878 colubri,

484 3900 680 3956 Christi
717 3900 1033 3971 praesidium
1061 3900 1262 3972 quaerit
1280 3901 1394 3969 jam
1424 3901 1666 3976 tegmine
1696 3908 1910 3969 notum,

481 3990 801 4062 Vexilloque
831 3991 1009 4046 crucis
1027 3991 1238 4046 vallans
1267 3991 1371 4046 sibi
1391 3992 1658 4058 membra,
1695 4001 1948 4062 precatur

485 4079 719 4135 lllaesum
747 4094 856 4150 quo
887 4078 1128 4134 Christus
1157 4079 1209 4134 ei
1239 4095 1458 4134 servare
1491 4080 1761 4150 pudorem

487 4173 769 4245 Dignetur,
801 4171 1013 4241 lampas
1041 4187 1114 4225 ne
1143 4170 1345 4225 ardens
1375 4179 1634 4242 superata
1666 4173 1957 4248 nigrescat.

487 4268 589 4322 Ille
616 4266 795 4322 crucis
821 4263 1126 4318 reverenda
1154 4263 1351 4318 videns
1377 4263 1602 4319 rutilare
1632 4271 1834 4336 tropaea

488 4359 682 4416 Deficit
700 4357 1006 4414 abscedens
1043 4371 1248 4426 supero
1271 4356 1600 4428 liquefactus
1627 4359 1858 4416 honore.

567 4455 704 4510 Hinc
729 4452 860 4508 artis
882 4451 1090 4519 majora
1109 4466 1301 4525 magus
1327 4450 1614 4506 molimina
1645 4459 1864 4508 tentans

493 4547 750 4615 Majorem
784 4543 980 4598 invitat
1007 4541 1302 4597 Zoroastris
1335 4540 1527 4597 fraude
1550 4542 1872 4598 draconem.

448 4651 454 4658 '
497 4635 594 4690 llle
625 4633 865 4705 superba
897 4631 1157 4695 fremens,
1190 4629 1391 4685 nimios
1422 4630 1626 4686 inferre
1645 4632 1866 4688 labores

498 4731 567 4786 Se
592 4730 781 4798 jactat,
811 4727 1119 4798 victamque
1138 4740 1304 4796 proco
1334 4725 1544 4781 vincire
1575 4727 1814 4798 puellam
1851 4745 1864 4782 :

497 4821 928 4895 Virgineumque
969 4819 1110 4873 dolis
1139 4819 1348 4873 ducens
1379 4834 1445 4873 ex
1472 4833 1598 4873 aere
1627 4833 1850 4889 corpus,

499 4913 739 4989 Virginis
769 4911 824 4966 in
852 4911 1039 4982 specie
1071 4910 1231 4967 castis
1259 4926 1317 4966 se
1339 4909 1552 4965 visibus
1569 4908 1727 4965 ofiert
1753 4927 1766 4975 ;

503 5003 683 5077 Fingit
715 5017 900 5056 amare
934 5002 1125 5070 Deum,
1152 4999 1376 5055 missam
1408 4999 1674 5055 mentitur
1703 4999 1770 5054 ab
1791 4999 1912 5071 ipso

503 5096 574 5150 Se
599 5102 763 5151 castae
789 5093 1045 5149 comitem
1085 5091 1335 5162 Iustinae,
1377 5099 1600 5164 pectora
1626 5099 1801 5148 tentat

500 5185 719 5256 Argutis
745 5191 1033 5254 penetrare
1062 5182 1221 5249 dolis,
1258 5188 1312 5236 et
1343 5182 1565 5253 praemia
1595 5182 1792 5254 quazrit

505 5275 586 5329 llli
618 5289 715 5345 pro
739 5280 888 5328 tanto
911 5288 1034 5344 quae
1061 5271 1175 5327 sint
1201 5270 1495 5326 tribuenda
1527 5272 1740 5327 labore.

2111 1670 2160 1738 Β

2173 1260 2347 1316 Corde
2376 1276 2591 1328 means,
2622 1266 2762 1326 orat,
2795 1259 2972 1317 crucis
3000 1277 3153 1317 arma
3183 1263 3473 1319 celerrime
3501 1265 3689 1332 sumit,

2173 1351 2398 1426 Efﬁgies
2428 1351 2684 1419 conﬁcta,
2715 1353 2897 1408 crucis
2928 1353 3223 1425 perterrita
3253 1356 3437 1429 signo,

2182 1442 2451 1513 Liquitur,
2477 1449 2532 1498 et
2560 1443 2746 1498 vacuis
2773 1459 2896 1498 sese
2929 1444 3250 1514 promiscuit
3287 1446 3457 1501 auris.

2252 1534 2570 1602 Virgineum
2597 1541 2790 1605 pectus
2818 1535 3028 1600 caelesti
3063 1535 3263 1590 robore
3293 1535 3490 1592 fultum

2181 1623 2361 1679 Multis
2380 1624 2510 1678 inde
2540 1625 2721 1679 modis
2762 1632 2920 1694 parat
2956 1624 3282 1698 impugnare
3304 1627 3619 1697 chelydrus,

2183 1713 2333 1767 Bella
2366 1728 2596 1768 movens
2623 1712 2788 1767 variis
2815 1712 3124 1769 tenebrosae
3145 1714 3436 1769 fraudibus
3464 1717 3618 1784 artis,

2185 1801 2467 1857 lncuticns
2488 1802 2728 1870 morbos,
2763 1803 3046 1874 strepitus,
3081 1805 3425 1875 phantasma,
3460 1807 3693 1876 :lolores,

2182 1894 2483 1948 Blanditias
2510 1899 2566 1946 et
2594 1908 2749 1964 opes,
2783 1904 3042 1964 terrores,
3074 1898 3275 1953 damna
3296 1907 3608 1970 parentum,

2185 1985 2368 2051 Furta,
2403 1984 2581 2051 dolos,
2603 2000 2742 2040 esca:
2774 1986 3060 2055 lenimina,
3089 1989 3415 2056 seditiones,

2184 2077 2537 2150 Argumenta,
2573 2076 2778 2148 quibus
2808 2075 2931 2132 forti
2963 2078 3271 2134 munimine
3303 2086 3422 2134 tuta

2186 2165 2386 2219 Maenia
2413 2174 2743 2235 proruerent
2773 2183 2786 2231 ;
2825 2166 3024 2221 Christi
3048 2168 3246 2222 vallata
3270 2169 3368 2223 sed
3404 2169 3572 2225 armis

2186 2259 2339 2314 Mens
2373 2260 2577 2315 invicta
2609 2267 2813 2323 manet,
2846 2261 3000 2316 nullo
3025 2263 3335 2332 superanda
3355 2263 3564 2331 duello,

2190 2349 2357 2403 Lenia
2385 2347 2615 2405 fortunae
2641 2365 2935 2419 spernens,
2962 2349 3124 2405 simul
3151 2366 3349 2422 aspera
3381 2352 3630 2408 vincens.

2189 2441 2410 2516 Virgine
2438 2441 2580 2496 bella
2609 2441 2808 2496 videns
2849 2441 3028 2516 frangi
3052 2440 3358 2513 Cyprianus
3379 2458 3572 2499 eorum

2188 2532 2319 2597 Quis
2345 2534 2521 2608 magis
2554 2534 2768 2588 innisus
2789 2533 2928 2598 ﬁdit,
2962 2541 3118 2590 vocat
3148 2541 3266 2590 arte
3295 2535 3637 2612 magistrum.

2187 2625 2461 2682 Turbidus
2492 2628 2581 2684 ille
2598 2629 2788 2695 venit;
2823 2629 2966 2700 petit
2993 2645 3055 2684 ac
3073 2645 3265 2703 magus
3297 2637 3354 2685 nt
3385 2631 3493 2685 sibi
3525 2641 3716 2706 pangat

2195 2718 2436 2783 Quanam
2458 2718 2660 2773 abeant
2688 2723 2892 2773 tenerae
2922 2717 3050 2773 victi
3083 2717 3282 2773 virtute
3309 2719 3527 2789 puellae.

2198 2812 2294 2866 Ille
2335 2812 2535 2866 timens
2562 2810 2739 2883 linqui
2771 2828 2785 2864 :
2830 2835 2855 2858 οι
2878 2811 3008 2866 Jura
3029 2826 3100 2866 ne
3134 2810 3377 2878 deserar,
3405 2812 3605 2884 inquit,

2199 2905 2409 2960 Fraude
2439 2911 2564 2969 tua;
2599 2924 2626 2953 υ
2651 2903 2800 2972 jurat
2829 2903 2975 2958 vires
3007 2903 3310 2974 Cyprianus
3330 2903 3388 2958 in
3409 2914 3575 2972 atras,

2133 3034 2182 3102 Ο
2206 3020 2233 3048 α
2265 2998 2513 3072 Signum,
2541 2997 2635 3064 ait,
2669 2994 2945 3068 aSpiciens
2978 2994 3232 3050 Cruxiﬁxi
3265 2998 3471 3064 solvor,
3502 2999 3688 3054 eodem

2207 3092 2501 3160 Deﬁciens,
2535 3093 2834 3164 quuorque
2861 3091 2980 3146 fluit
3009 3107 3110 3148 ceu
3131 3107 3255 3147 cera
3288 3093 3610 3168 perignem.

2209 3186 2555 3252 —Tehe,ait,
2585 3192 2670 3240 est
2699 3185 2872 3255 major
2897 3183 3195 3240 Cruciﬁxus
3222 3184 3321 3239 7-
3347 3184 3522 3254 Major
3541 3194 3594 3241 at
3624 3186 3704 3241 ille

2209 3277 2476 3334 Omnibus
2507 3286 2610 3343 est,
2653 3293 2847 3349 poenas
2876 3277 3090 3331 meritis
3117 3276 3326 3348 quiqne
3346 3277 3547 3332 inferet
3568 3278 3716 3332 ultor.

2209 3366 2552 3440 Pergcndum
2593 3365 2924 3436 est,inquit,
2967 3365 3379 3437 quaerendaque
3395 3367 3568 3439 gratia
3603 3367 3699 3420 Fixi

2206 3456 2282 3510 Ne
2315 3470 2510 3526 poenas
2540 3455 2767 3510 tolerem
2793 3453 3375 3525 quibusestfuritnrus
3397 3454 3455 3508 in
3489 3455 3682 3510 hostes.
3708 3479 3725 3496 -

2207 3546 2476 3614 Abjnrans
2502 3545 2671 3619 igitur
2699 3545 2924 3600 virtutes
2954 3543 3144 3599 fraude
3174 3544 3446 3618 vigentes,

2205 3635 2689 3706 Contemnensque
2719 3642 3044 3706 potestatem
3076 3633 3411 3704 superabilis
3427 3635 3634 3711 anguis.

2206 3723 2460 3778 Praesnlis
2486 3722 2742 3777 Ecclesiae
2773 3721 3009 3792 pedibus
3028 3721 3388 3792 provolvitur,
3420 3739 3584 3778 orans

2204 3813 2462 3868 Notitiam
2489 3811 2826 3884 signumque
2857 3811 2976 3867 dari
3000 3811 3106 3866 sibi
3139 3811 3326 3868 nobile
3351 3811 3570 3866 Christi.

2209 3902 2448 3957 Praasule
2478 3899 2810 3957 formidante
2840 3901 3018 3968 dolos,
3047 3902 3178 3956 dum
3209 3901 3434 3973 pellitur
3473 3917 3630 3975 aeger,

2209 3995 2397 4048 Narrat
2427 3993 2507 4048 uti
2537 3992 2708 4048 victas
2724 3993 2937 4048 Satanae
2968 3993 3291 4068 cOgnoverit
3323 4000 3489 4049 artes.

2209 4083 2401 4138 Grates
2433 4083 2522 4138 ille
2553 4084 2664 4138 Deo
2693 4081 2962 4149 referens,
3002 4082 3304 4138 catechizat
3343 4085 3543 4140 alendo

2211 4175 2370 4230 Lacte
2397 4174 2503 4246 piae
2533 4173 2680 4241 ﬁdei,
2709 4173 2980 4228 Christum
3010 4181 3199 4229 monet
3225 4181 3390 4246 atque
3421 4176 3698 4246 petendum

2207 4267 2336 4335 Ejus
2377 4267 2429 4320 in
2468 4267 2726 4335 ecclesia,
2752 4265 3013 4338 cleroqne
3037 4265 3356 4338 frequenter
3378 4269 3664 4340 agendum.

2126 4387 2183 4455 D
2211 4360 2314 4413 iste
2347 4358 2552 4413 donum
2575 4357 2796 4412 rediens
2811 4372 2938 4412 mox
2969 4357 3216 4413 funditus
3236 4359 3424 4413 omnia
3465 4360 3656 4435 frangit

2211 4451 2458 4525 Figmina
2486 4450 2610 4522 quis
2641 4450 2746 4504 ritu
2786 4449 2991 4504 celebri
3019 4450 3227 4506 servire
3254 4451 3492 4520 solebat,

2211 4543 2470 4615 Vanaque
2502 4542 2800 4614 projiciens
2826 4542 3080 4614 lacrymis
3110 4543 3352 4599 admissa
3381 4545 3585 4610 luebat,

2217 4635 2514 4691 Ecclesiam
2548 4642 2824 4706 repetens,
2844 4635 3022 4705 poscit
3048 4635 3153 4690 sibi
3193 4636 3353 4711 signa
3382 4638 3578 4693 salutis

2217 4726 2458 4781 Ostendi.
2494 4726 2818 4798 Ingrediens
2846 4726 2999 4781 audit
3033 4727 3278 4782 :Salvum
3317 4731 3457 4783 Deus
3491 4733 3547 4783 in
3575 4734 3622 4783 te

2218 4817 2531 4885 Sperantem
2559 4815 2726 4882 facito
2747 4830 2956 4870 servum
2987 4833 3001 4880 ;
3029 4815 3107 4871 sic
3134 4824 3331 4871 caetera
3361 4835 3594 4890 qumque

2223 4905 2285 4960 Ut
2313 4905 2465 4979 vigili
2501 4906 2663 4960 trahit
2685 4922 2836 4974 aure,
2856 4907 3003 4977 capit
3031 4907 3363 4963 documenta
3394 4910 3629 4964 salubris

2218 4994 2452 5065 Eloquii,
2488 4993 2739 5066 fixusque
2770 5001 2956 5050 manet
2982 4996 3416 5052 catechumcnus
3450 4998 3588 5052 intra

2219 5083 2353 5138 Dum
2380 5084 2575 5155 reliqui
2606 5100 2903 5155 properare
2935 5083 3080 5140 foras
3099 5085 3438 5140 mandantur
3462 5129 3476 5152 ,
3511 5095 3564 5141 at
3584 5087 3738 5156 ipsum

2216 5175 2374 5231 Exire
2395 5183 2453 5231 ut
2482 5177 2646 5232 levita
2674 5183 2883 5243 monet,
2901 5193 2966 5233 ac
2995 5177 3124 5232 talia
3151 5177 3332 5232 reddit
3365 5196 3379 5232 :

2226 5288 2246 5318 ι
2279 5267 2480 5323 Servus
2509 5285 2633 5323 sum
2667 5268 2861 5324 Christi
2880 5268 3072 5336 factus,
3105 5284 3192 5324 me
3208 5275 3473 5342 extraque
3499 5264 3737 5341 repellis?

505 5362 628 5418 Haec
658 5361 934 5418 modicum
993 5366 1261 5416 memorat
1326 5360 1444 5430 (sed
1505 5359 1731 5430 praemia
1780 5361 1997 5434 magna)
2038 5359 2120 5415 la-
2220 5392 2287 5401 —
2317 5360 2567 5416 Nondum
2585 5360 2862 5433 perfectus
2892 5359 3090 5417 Christi
3119 5361 3452 5438 dignoscere
3485 5376 3719 5424 servus,»

1836 5453 2045 5508 borem.

507 5547 603 5600 Illa
633 5545 797 5600 refert
829 5553 1018 5600 contra
1045 5561 1142 5600 cur
1171 5543 1347 5599 noluit
1377 5542 1752 5600 Omnicreator
1817 5453 1832 5524 [

508 5635 676 5690 Adam
707 5634 971 5690 cultorem
1011 5633 1248 5706 paradisi
1277 5633 1479 5708 degere
1495 5633 1694 5701 solum,

2222 5451 2498 5509 Sollicitus
2527 5453 2698 5509 sacris
2720 5453 3004 5526 respondit
3026 5453 3095 5508 ad
3129 5453 3232 5509 ista
3256 5454 3546 5511 minister:

2225 5565 2251 5588 κ
2277 5540 2419 5596 Vivit
2454 5549 2508 5596 at
2538 5541 2630 5597 ille
2645 5541 2779 5596 mihi
2822 5541 3070 5597 Christus
3099 5542 3486 5619 quidzemonis
3505 5548 3645 5598 actus

2225 5631 2497 5701 Confudit,
2531 5634 2700 5690 nostri
2731 5633 2907 5691 factus
2927 5634 3135 5706 pietate
3151 5634 3410 5692 misertus
3443 5655 3458 5704 ;
