3974 6146
273 256 383 312 569

269 398 391 454 Non
412 399 541 454 hinc
573 398 823 474 egrediar
854 400 1048 454 Christi
1083 401 1187 454 nisi
1217 402 1444 456 vernula
1464 401 1636 458 factus

231 505 234 507 λ
271 488 491 561 Integer
511 489 791 543 exstitere.
830 511 849 535 η
888 489 1182 543 Denuntiat
1210 490 1314 544 ista
1335 491 1532 546 diacon

270 580 556 644 Pontifici;
587 586 743 634 vocat
773 580 864 633 ille
898 596 1099 634 novum
1123 589 1368 655 gnatum,
1403 583 1622 637 instruit
1642 583 1786 639 almo

274 678 562 752 Degmate,
599 674 900 746 perfectum
927 675 1135 730 faciens
1165 677 1492 748 baptismate
1509 686 1716 746 sacrat;

266 769 536 838 Tempore
560 784 663 822 nec
688 769 860 823 multo
897 768 1116 823 levitam
1142 771 1289 824 hunc
1319 771 1559 825 destinat
1587 772 1712 827 aris.

269 859 452 914 Gratia
485 866 749 930 praeterea
780 865 972 930 contra
994 862 1120 915 data
1143 860 1410 916 damonis
1440 870 1584 918 artes

268 947 468 1020 Magna
486 947 700 1002 refulsit
724 946 852 1002 huic
867 947 1056 1018 plures
1081 949 1275 1023 largita
1294 949 1560 1017 medelas,

269 1042 382 1097 Nec
406 1042 516 1096 dici
549 1041 694 1112 potis
724 1048 803 1096 est
835 1050 1070 1114 quantas
1101 1051 1326 1115 operata
1349 1045 1573 1113 salutes,

269 1132 524 1202 Denique
557 1131 863 1202 presbyteri
897 1132 1160 1188 virtutum
1195 1134 1434 1189 culmine
1461 1135 1755 1198 scandens,

271 1226 645 1298 Dectrinaque
677 1227 879 1293 nitens,
914 1225 1043 1281 fidei
1073 1229 1319 1300 percepit
1340 1229 1637 1297 honorem;

268 1313 515 1369 Praesule
542 1313 826 1381 defuncto,
867 1317 1103 1386 sumpsit
1136 1333 1244 1388 quo
1275 1334 1428 1372 sacra
1460 1319 1708 1385 lavacri,-

271 1403 526 1457 Praesulis
565 1401 810 1458 officium
842 1404 1054 1458 meritis
1083 1405 1308 1460 sortitus
1332 1407 1600 1472 honestis,

265 1494 658 1566 Justinamque
683 1495 779 1548 Dei
817 1494 1073 1550 famulam
1099 1495 1226 1551 facit
1256 1513 1378 1552 esse
1409 1497 1715 1552 ministram

267 1586 491 1652 Altaris,
520 1587 613 1641 dat
640 1586 904 1662 virgineis
934 1587 1266 1660 praefertque
1290 1590 1524 1645 choreis.

347 1673 619 1730 Cordibus
688 1675 817 1731 hinc
879 1676 1160 1730 hominum
1223 1677 1411 1732 Christi
1481 1678 1610 1732 dum
1687 1675 1900 1732 semina

1569 1764 1814 1839 [spargit,

269 1851 352 1906 Fit
393 1866 606 1906 memor
636 1851 754 1922 ipse
784 1852 894 1918 sui,
928 1852 1142 1908 Satanae
1173 1871 1310 1926 quas
1338 1855 1545 1910 vicerat
1575 1863 1720 1910 artes

267 1940 592 2007 Netiﬁcans,
621 1943 744 2014 quis
765 1943 1092 2014 squalluerit
1119 1945 1450 2001 constrictus
1477 1947 1701 2012 ahenis;

267 2033 573 2086 Accusator
595 2037 655 2085 ut
683 2041 765 2086 est
804 2033 998 2088 solitus
1027 2033 1144 2088 fieri
1171 2033 1274 2088 sibi
1299 2033 1505 2102 justus,

266 2123 502 2175 Accusat
532 2135 657 2174 sese
689 2120 835 2174 haud
868 2121 1033 2176 fuerit
1063 2122 1211 2192 quod
1235 2124 1469 2194 nequior
1498 2123 1666 2190 ullus,

268 2216 548 2269 Enarrans
579 2222 635 2268 ut
664 2231 788 2269 eum
810 2214 1016 2271 Phuabo
1044 2216 1303 2270 addixere
1335 2225 1614 2287 parentes,

270 2305 450 2375 thue.
474 2304 799 2359 ministrarit
831 2305 1014 2359 Dianae
1044 2305 1099 2359 in
1134 2311 1319 2360 monte
1352 2306 1597 2360 draconi.

262 2395 388 2449 Non
419 2395 606 2450 celans
633 2403 692 2450 ut
729 2395 1073 2466 Olympiacas
1102 2397 1329 2452 servivit
1369 2397 1435 2450 ad
1469 2414 1612 2464 aras,

269 2487 390 2542 Illic
417 2487 688 2560 sacrilego
731 2497 1012 2558 promotus
1043 2491 1252 2546 honore
1283 2493 1566 2558 sacerdos,

263 2576 608 2630 Daemonicas
624 2575 844 2631 discens
863 2577 1025 2643 vires,
1051 2579 1430 2648 phantasmata
1454 2581 1668 2644 divum,

262 2664 565 2737 Aeriasque
587 2671 906 2736 potestates,
932 2667 1239 2740 insanaque
1269 2670 1456 2737 verba,

269 2754 439 2818 Bella,
463 2769 646 2820 sonos,
669 2755 950 2826 strepitus,
978 2757 1197 2823 herbas,
1225 2759 1534 2827 mendacia,
1559 2760 1818 2824 fraudes;

269 2843 370 2908 Qui
397 2842 576 2897 varias
602 2843 735 2897 varii
771 2852 1069 2915 preperant
1091 2831 1357 2903 seducere
1383 2856 1607 2923 gentes;

272 2933 335 2987 Ut
363 2939 489 3003 post
517 2931 804 3006 {Egyptum
847 2932 1100 2989 Chaldzea
1128 2936 1385 3005 petiverit
1415 2953 1540 2992 arva

268 3027 446 3096 Atque
482 3025 924 3079 mathematicam
959 3035 1225 3082 nocturna
1254 3045 1353 3099 per
1378 3037 1520 3084 astra
1550 3031 1784 3096 notavit;

270 3119 612 3174 Daemonicas
632 3120 754 3174 illos
783 3129 996 3175 constat
1027 3139 1165 3194 quas
1195 3139 1415 3179 sumere
1451 3127 1674 3192 formas,

267 3209 458 3274 Actus,
485 3225 702 3264 errores
725 3212 953 3285 magicis
982 3213 1287 3288 depingere
1317 3216 1498 3283 libris;

271 3301 588 3368 Utstuduit,
612 3303 766 3357 tetris
801 3305 1040 3359 imbutus
1073 3304 1360 3362 fraudibus
1381 3309 1604 3376 horum;

269 3389 515 3462 Angelus
543 3399 601 3445 ut
633 3391 846 3446 Satanae
877 3393 1014 3449 lucis
1041 3411 1100 3450 se
1131 3397 1298 3451 comit
1322 3398 1565 3464 honore;

271 3481 520 3545 Qualiter
557 3483 739 3538 aerius
767 3485 1025 3556 princeps
1045 3503 1103 3542 se
1132 3489 1468 3559 prompserit
1493 3489 1596 3559 illi,

277 3571 566 3644 Colloquio
596 3582 859 3646 reputans
889 3577 1116 3649 dignum
1159 3580 1405 3651 proprio,
1438 3591 1603 3654 atque
1634 3583 1900 3652 salutans,

271 3661 640 3734 Astutumque
695 3681 917 3732 vocans,
985 3683 1238 3738 puerum,
1313 3671 1687 3744 placitumque
1742 3674 1902 3728 mini-

1632 3770 1803 3817 strum

1632 3770 1803 3817 strum

264 3841 422 3895 Inter
446 3840 716 3911 primores
742 3844 862 3913 ejus
893 3847 986 3917 qui
1016 3847 1218 3921 dignus
1257 3848 1449 3904 haberi
1615 3761 1631 3833 [
1814 3804 1827 3830 ’

264 3935 586 3992 Promeruit
617 3939 843 4008 primas,
877 3948 930 3995 et
957 3940 1104 3996 ﬁlius
1138 3942 1270 3998 inde
1302 3945 1505 4012 vocari,

266 4027 336 4081 Ut
368 4026 478 4081 sibi
501 4030 831 4098 promissum
863 4033 1130 4104 compleri
1159 4051 1393 4108 quaeque
1424 4038 1665 4107 petisset,

265 4115 343 4168 Ae
385 4115 721 4172 desiderium
751 4119 852 4173 sibi
885 4121 1034 4191 quod
1067 4121 1319 4178 libuisset
1344 4125 1618 4196 agendum
1646 4144 1659 4180 :

266 4205 449 4274 Inque
477 4206 782 4262 ministerio
812 4208 1002 4263 cuneis
1034 4210 1271 4281 stipatus
1301 4214 1518 4284 adeptis

265 4296 616 4363 Umbrarum,
648 4300 851 4373 gaudet
880 4317 1141 4371 proceres
1166 4304 1372 4360 servire
1402 4314 1644 4376 paratos,

264 4387 536 4442 Mirantur
565 4389 658 4459 qui
691 4391 812 4445 talis
839 4392 968 4447 huic
997 4395 1142 4466 quod
1178 4396 1362 4452 dedita
1391 4398 1586 4465 virtus,

251 4482 535 4550 Argntum
569 4480 716 4550 quod
750 4483 895 4551 apud
924 4499 1108 4558 regem
1137 4484 1524 4543 fiduciatanta.

266 4565 631 4637 Prosequitur
655 4570 851 4640 quales
872 4588 966 4626 rex
988 4573 1074 4628 hic
1100 4575 1205 4628 sibi
1232 4575 1402 4651 fingat
1420 4577 1679 4633 honores.

261 4655 329 4710 Et
357 4671 479 4726 qua
504 4673 645 4712 vana
675 4667 842 4725 creat,
877 4660 1100 4717 fraudes
1133 4679 1242 4734 quo
1275 4675 1549 4736 praeparat
1571 4677 1722 4735 astu;

261 4747 416 4811 Quos
447 4757 790 4820 quantosque
818 4752 977 4807 delos
1004 4753 1234 4809 Iustinae
1267 4755 1554 4812 interserit
1582 4759 1738 4826 olim,

265 4837 448 4909 thue
481 4838 556 4892 illi
587 4839 692 4894 sibi
723 4851 1012 4911 parentum
1043 4847 1408 4903 transmiserit
1439 4865 1659 4924 agmen,

265 4931 405 4985 Hinc
435 4931 612 5002 ipsum
637 4936 760 4989 tetri
795 4953 977 5011 regem
1007 4955 1130 4994 cum
1170 4941 1346 4996 milite
1376 4943 1506 4998 belli

259 5024 536 5095 Tempore
575 5036 854 5084 certamen
881 5043 1088 5102 quanto
1111 5037 1406 5104 patraverit
1437 5038 1581 5093 istud
1607 5057 1620 5102 ;

264 5115 332 5170 Ut
351 5132 537 5190 regem
566 5119 767 5174 victum
793 5122 1015 5177 tandem
1049 5125 1154 5178 sibi
1179 5127 1404 5183 demere
1436 5145 1676 5185 amorem

262 5209 468 5276 Oravit,
493 5227 654 5282 quem
688 5229 800 5269 non
829 5217 1068 5271 validum
1103 5220 1352 5275 conferre
1387 5223 1652 5278 medelam

261 5299 585 5371 Opprebriis
617 5303 778 5374 petiit
802 5306 990 5361 multis
1019 5325 1331 5382 vanumque
1364 5313 1649 5382 probavit;

265 5390 469 5447 Versus
508 5404 567 5449 ut
595 5395 650 5450 in
673 5398 917 5469 speciem
950 5400 1176 5457 Iustinae
1207 5406 1461 5475 apparuit
1491 5407 1590 5475 illi,

262 5479 437 5548 Hujus
469 5489 530 5536 ut
559 5486 842 5556 accipiens
873 5503 1076 5544 nomen
1108 5490 1337 5548 deﬂuxit
1362 5501 1421 5548 ut
1449 5495 1674 5561 umbra;

263 5573 326 5628 Ut
352 5575 686 5634 Zoroastraaa
715 5581 962 5638 diversas
992 5593 1104 5640 arte
1137 5586 1338 5662 figuras

263 5666 540 5739 Induerit,
567 5673 765 5728 mulier
788 5675 873 5730 vel
914 5677 1030 5733 avis
1060 5678 1254 5748 factus,
1288 5689 1343 5736 et
1381 5680 1502 5750 ejus

831 255 914 310 DE
953 255 1318 311 TRIUMPHIS
1361 258 1622 313 CHRISTI
1662 259 2033 316 ANTIOCHI!!!)
2073 259 2297 316 GESTIS
2339 261 2516 317 LIBRI
2556 263 2708 318 DUO.
2749 293 2820 304 —
2858 264 2988 319 LIB.
3033 265 3072 317 1.

1921 396 1964 458 Α
1995 387 2181 442 Limen
2215 394 2274 443 ut
2303 388 2489 442 ostioli
2529 389 2709 463 tetigit
2742 389 3018 445 resolutus
3047 388 3116 444 ab
3158 397 3294 455 arte,

3496 262 3605 317 570

1993 477 2113 546 Ipse
2151 476 2442 530 videbatur
2473 477 2669 531 nolens
2702 476 3018 548 Cyprianus,
3053 486 3107 532 et
3130 479 3360 532 horrens

1993 555 2237 630 Qualiter
2258 567 2531 633 Acladius,
2565 583 2754 638 passer
2779 569 3100 623 malefactus
3119 569 3186 622 ab
3216 569 3358 641 ipso,

1994 659 2156 713 Tecta
2173 658 2576 729 supervolitans
2604 660 2941 728 superaverit
2963 660 3067 713 alta
3106 661 3322 731 puellae,

1997 746 2106 800 Sed
2150 747 2400 801 residens
2434 746 2647 818 plumas
2685 747 2876 818 positis
2905 748 3274 803 amiseritalis

1999 837 2202 892 Invitus
2227 838 2448 906 juvenis
2465 839 2828 910 propriosque
2857 839 3218 910 resumpserit
3247 846 3397 894 artus

1999 926 2273 997 Depositis
2303 927 2502 997 pinnas
2533 927 2656 981 talis
2686 926 2778 999 qui
2819 929 3142 982 ascenderat
3170 929 3304 993 alis;

2001 1021 2221 1092 Spicula
2242 1038 2364 1092 quze
2385 1021 2600 1076 dederit
2626 1022 2920 1093 replicans,
2950 1023 3092 1076 mala
3112 1031 3316 1094 quanta
3337 1023 3542 1094 pararit

2001 1112 2322 1174 Fraudibus,
2356 1118 2413 1165 ut
2445 1119 2630 1182 posset
2658 1112 2850 1166 fortem
2893 1118 3111 1182 captare
3138 1112 3398 1181 puellam.

2001 1203 2286 1268 Quomodo
2315 1212 2514 1259 cuncta
2543 1203 2737 1257 videns
2766 1202 2960 1256 Christi
2993 1209 3218 1257 vacuata
3244 1202 3430 1276 vigore

2000 1296 2127 1350 Tela
2151 1297 2257 1361 sui,
2295 1305 2482 1352 contra
2513 1311 2636 1365 qua:
2663 1294 2895 1368 virginis
2924 1301 3041 1348 acta
3074 1294 3361 1364 pudorem,

1997 1390 2223 1444 Justina:
2253 1389 2417 1459 empit
2447 1387 2656 1441 crebris
2686 1386 2945 1441 extollere
2967 1401 3166 1439 nomen

1998 1481 2268 1552 Eloquiis;
2299 1479 2535 1548 ideoque
2564 1475 2907 1548 fugientibus
2932 1475 3062 1528 inde
3095 1475 3360 1530 ministris

1997 1568 2292 1640 Spiritibus
2316 1567 2421 1620 sibi
2450 1566 2752 1631 concessis,
2775 1564 2903 1636 quia
2933 1563 3074 1618 ferre
3105 1565 3402 1635 nequirent

2000 1658 2242 1732 Egregia:
2268 1671 2474 1711 nomen
2503 1655 2701 1708 saltem
2732 1668 2989 1707 resonare
3022 1653 3216 1722 puellae
3241 1670 3254 1717 ;

1914 1747 1963 1813 Β
1994 1748 2219 1819 Impetis
2247 1757 2305 1801 ut
2340 1745 2485 1817 regis
2512 1745 2686 1818 magis
2716 1743 2845 1797 hinc
2865 1750 3223 1798 contemnere
3246 1759 3383 1797 vana

1997 1834 2253 1904 Coeperit,
2278 1831 2616 1903 exprobrans
2643 1837 2697 1884 et
2719 1830 2910 1885 frivola
2925 1837 3139 1900 sceptra
3169 1830 3433 1895 refutans,

1995 1929 2266 1997 Abjurans
2297 1929 2448 1999 leges
2479 1935 2532 1980 et
2559 1925 2826 1995 principis
2856 1940 3006 1979 arma
3034 1923 3281 1990 nefandi,

1997 2017 2152 2070 Vires
2178 2015 2540 2089 magnificans
2562 2013 2780 2079 Christi,
2816 2029 3127 2084 nomenque
3159 2014 3470 2086 decusque;

1999 2107 2065 2162 Ut
2093 2123 2152 2161 se
2183 2106 2405 2180 flagitiis
2434 2106 2561 2159 dum
2595 2105 2826 2175 poenitet
2855 2120 2977 2159 esse
3007 2105 3290 2160 subactum

1999 2198 2206 2264 Tantis,
2239 2213 2515 2252 exacuens
2545 2213 2776 2266 serpens
2806 2196 3094 2250 molimina
3125 2197 3242 2251 dira

2002 2291 2304 2364 Aggressus
2334 2288 2502 2342 nimia
2539 2288 2591 2341 vi
2613 2286 2880 2342 suffocare
2913 2287 3122 2357 paravit

1894 2427 1902 2437 .
2001 2378 2460 2449 Semin-ecemque
2491 2377 2665 2440 dedit,
2699 2376 2892 2430 Christi
2925 2377 3022 2430 sed
3055 2376 3279 2430 nomine
3304 2374 3472 2441 dicto,

2001 2472 2167 2546 Signa
2195 2473 2374 2527 crucis
2405 2472 2635 2538 faciens,
2667 2473 2903 2526 evaserit
2932 2487 3027 2527 ora
3053 2472 3309 2527 draconis

1991 2563 2245 2638 lgniferi,
2276 2562 2484 2618 rabidis
2524 2568 2812 2634 exemptus
2842 2562 3093 2618 faucibus
3131 2564 3345 2637 anguis.

2003 2655 2066 2709 Ut
2097 2668 2318 2724 quoque
2349 2652 2522 2706 multa
2548 2651 2769 2704 minans
2796 2666 2858 2705 se
2889 2651 3182 2721 desperare
3213 2652 3445 2706 salutem

1995 2747 2352 2818 Compulerit,
2411 2762 2513 2801 nec
2583 2762 2708 2800 eum
2768 2757 2951 2802 tamen
3028 2747 3154 2801 hiuc
3219 2747 3322 2801 sibi
3376 2746 3617 2801 subdere

3328 2839 3541 2912 [quivit.

1996 2932 2095 2997 Qui
2126 2947 2294 3002 super
2326 2932 2488 2986 istum
2523 2931 2874 2988 Christicolas
2903 2931 3377 3006 regitavitamicos

1943 3069 1964 3090 η
1996 3028 2074 3080 An
2115 3043 2172 3080 se
2194 3034 2304 3080 tam
2338 3027 2598 3081 miserum
2627 3028 2872 3084 clemens
2901 3027 3176 3082 miseratio
3211 3027 3403 3082 Christi

1919 3074 1967 3137 C

1993 3118 2290 3174 Tantorum
2333 3125 2557 3190 cuperet
2585 3118 2854 3174 scelerum
2887 3120 3185 3175 vincimine
3216 3137 3435 3174 nexum.

1992 3213 2140 3268 Tunc
2167 3221 2331 3276 artes,
2367 3212 2608 3278 fraudes,
2643 3220 2868 3279 mortes,
2909 3222 3118 3285 stupra,
3143 3215 3254 3269 liba
3294 3214 3543 3280 revolvit,

1993 3303 2160 3359 Multa
2189 3320 2400 3358 venena
2429 3319 2660 3359 vemens
2692 3306 2948 3378 lacrymis
2976 3322 3199 3378 quoque
3227 3305 3456 3361 crimina
3488 3323 3619 3377 pur-

3367 3398 3542 3474 [gans,

2002 3489 2240 3546 Offusum
2274 3491 2527 3562 lacrymis
2557 3491 2748 3546 dulces
2777 3492 3023 3548 solantur
3045 3493 3204 3548 amici

2003 3581 2063 3637 Et
2091 3582 2179 3653 pia
2209 3582 2276 3636 de
2307 3583 2552 3638 bonitate
2584 3583 2680 3638 Dei
2712 3584 3092 3659 paradigmata
3123 3593 3400 3655 promunt,

2000 3677 2377 3748 Attolluntque
2399 3678 2617 3733 animos
2645 3695 2846 3749 magno
2875 3679 2978 3733 sub
3008 3679 3152 3734 fasce
3183 3680 3449 3734 labantes.

2002 3765 2280 3836 Praecipue
2312 3767 2550 3836 quodam
2583 3766 2757 3820 nitido
2787 3782 3042 3821 sermone
3073 3767 3280 3821 diserto

1999 3858 2234 3913 Eusebio
2273 3858 2454 3933 dignis
2487 3859 2636 3913 illum
2663 3859 2986 3913 exhortante
3018 3857 3269 3929 profatis,

1997 3949 2076 4004 Ad
2101 3965 2256 4020 spem
2292 3958 2575 4020 promotus
2612 3947 2828 4004 Domini
2858 3954 2917 4003 ut
2943 3948 3145 4018 pietate
3167 3947 3378 4003 levatur

1997 4040 2252 4095 Solamen
2281 4041 2528 4111 capiens,
2566 4039 2797 4094 facunde
2822 4040 2926 4094 hoc
2957 4038 3290 4101 notiﬁcante,

2000 4130 2295 4200 Scriptura:
2328 4136 2382 4184 et
2409 4146 2578 4184 sacra),
2601 4130 2817 4184 diversa
2842 4129 3167 4200 probamina
3189 4129 3376 4192 dante,

1997 4219 2227 4272 Dextera
2248 4218 2394 4272 celsa
2422 4219 2520 4272 Dei
2554 4219 2744 4288 quales
2782 4219 3074 4272 mutaverit
3101 4225 3293 4283 actus;

1998 4306 2230 4362 Verterit
2257 4315 2316 4361 ut
2339 4323 2558 4378 pravos,
2587 4307 2822 4363 erexerit
2842 4307 2998 4362 ocius
3026 4307 3217 4362 almos.

2001 4395 2199 4450 Ductus
2229 4394 2284 4449 in
2317 4395 2602 4450 ecclesiam
2635 4396 2881 4466 percepit
2907 4395 2975 4448 ab
3001 4396 3126 4449 inde
3147 4395 3402 4459 salutem,

1918 4454 1975 4521 Β
1999 4485 2421 4557 Combussitque
2451 4454 3078 4559 libros-artislﬁgmenta
3105 4487 3369 4557 profanae.

2002 4577 2173 4647 quue
2204 4574 2298 4630 ubi
2322 4577 2580 4649 cognovit
2611 4575 3066 4642 factum,Justina
3095 4575 3296 4630 dicavit

2004 4672 2074 4726 Se
2107 4671 2338 4735 Christo,
2371 4671 2618 4725 vendens
2638 4670 2877 4741 pretiosa
2909 4669 3322 4725 moniliacultus

2006 4767 2271 4834 Feminei,
2315 4784 2545 4840 quorum
2576 4768 2810 4839 pretium
2835 4766 3062 4842 largitur
3090 4767 3302 4842 egenis.

1991 4861 2124 4918 Post
2155 4862 2346 4918 doctor
2374 4861 2547 4917 factus
2588 4860 2912 4932 Cyprianus,
2944 4865 2998 4916 et
3027 4860 3218 4915 omnia
3245 4861 3471 4926 callens,

1989 4952 2115 5007 Tela
2135 4951 2468 5007 veneniferaz
2500 4951 2670 5022 pestis
2698 4951 2921 5007 vitanda
2948 4952 3204 5019 docebat,

1994 5043 2346 5116 Anguigenas
2378 5041 2620 5109 fraudes,
2654 5041 2929 5098 anfractus
2964 5043 3105 5098 furta
3139 5043 3399 5100 notando.

2064 5135 2127 5188 At
2156 5133 2318 5187 draco
2348 5133 2582 5200 virosus,
2615 5149 2855 5189 moerens
2885 5151 2984 5189 sua
3014 5134 3241 5190 crimina
3271 5134 3461 5205 pandi,

1994 5225 2165 5296 Atque
2194 5241 2307 5280 suae
2334 5225 2403 5278 de
2431 5240 2489 5279 se
2520 5225 2719 5296 praedae
2747 5233 2996 5296 spectare
3027 5225 3363 5296 triumphum

1995 5319 2160 5374 Multa
2189 5319 2403 5385 dolens,
2435 5319 2652 5395 Stygias
2681 5319 3140 5394 animosinstigat
3166 5322 3221 5376 in
3256 5322 3364 5376 iras

1994 5410 2263 5481 Principis
2295 5409 2409 5477 Eoi,
2444 5420 2655 5482 quaerat
2686 5428 2796 5484 quo
2825 5413 3099 5487 dogmatis
3130 5413 3292 5483 hujus

1995 5499 2342 5572 Christiloqui
2376 5517 2575 5578 magno
2608 5501 2937 5574 Cyprianum
2961 5505 3086 5572 jure
3117 5504 3462 5578 magistrum,

1992 5593 2092 5658 Qui
2119 5595 2344 5663 multas,
2371 5596 2561 5665 juncta
2589 5599 2826 5670 quadam
2857 5598 2961 5653 sibi
2992 5598 3226 5672 virgine,
3260 5597 3440 5654 ﬁrmat

1993 5683 2053 5739 In
2084 5683 2277 5741 Christi
2311 5695 2553 5758 perstare
2585 5687 2694 5744 fide
2725 5705 2826 5745 nec
2851 5689 3049 5745 cedere
3088 5689 3291 5764 ﬂagris.
