3958 6158
323 209 452 267 ,571
1112 207 1482 264 FLODOARDI
1523 207 1827 265 CANONICI
1867 206 2200 264 REMENSIS
2241 205 2575 263 OPUSCULA
2612 203 2921 260 METRICA.
3580 203 3694 260 572

357 335 710 408 Comperiens
728 334 945 390 Satanze
967 334 1189 391 famulis
1219 335 1565 394 Eutholimua
1601 338 1766 394 istud.
1999 344 2049 410 Α
2079 337 2209 393 Cum
2239 336 2390 392 dicto
2419 322 2604 390 divum
2631 340 2890 406 properat
2909 340 3215 389 monstrare
3251 332 3523 406 vigorem,

351 425 531 492 Mittit,
566 432 620 480 et
650 423 886 480 accersit
915 440 1105 480 secum
1134 441 1259 481 cum
1287 427 1499 500 virgine
1528 427 1762 482 Patrem.
2074 429 2357 502 Quemque
2407 428 2869 501 propinquantem
2927 425 3187 482 exsiliens
3243 425 3386 497 rapit
3437 433 3496 481 et
3538 434 3705 482 vorat

353 515 499 580 Quos
529 515 637 570 sibi
673 515 802 570 dum
826 516 1014 571 statuit
1033 517 1285 572 custodia
1303 517 1524 588 publica
1554 517 1800 573 vinctos:
3449 515 3628 590 [ignis

355 631 378 652 «ι
420 607 570 662 Tune
601 624 680 673 es,
713 607 807 673 ait,
841 608 1033 664 doctor
1061 608 1276 683 magica
1301 609 1608 680 Cyprianus
1630 609 1685 663 in
1713 615 1828 664 arte
2073 613 2190 669 Non
2237 613 2389 669 Jovis
2417 613 2607 682 hunc,
2661 610 2896 666 Phtnbus
2946 625 3143 682 neque,
3202 625 3306 665 nec
3353 608 3701 665 fortissimus

354 696 452 762 Qui
484 695 688 751 multos
716 712 899 753 errare
929 696 1063 751 facis
1092 697 1194 752 sub
1227 698 1451 752 nomine
1478 696 1719 752 Christi?
3371 702 3630 774 [llercles

355 816 420 825 —
450 785 652 840 Doctus
683 786 760 854 (at
791 784 908 854 ille)
940 785 1014 840 fui
1048 786 1278 859 magicis
1307 787 1363 840 in
1394 785 1679 842 fraudibus
1710 786 1863 853 olim,
2073 797 2246 852 omne
2284 797 2454 851 Deum
2481 795 2682 868 vulgus
2710 809 2813 849 nec
2842 803 3130 865 protexere
3160 793 3470 865 lupercum,

353 873 599 928 Luxuria?
620 889 810 928 servus
835 883 890 928 et
917 873 1240 945 Perditionis
1269 875 1546 941 alumnus.
2073 886 2167 940 Ast
2191 899 2380 940 comes
2398 892 2458 938 ut
2486 882 2738 953 trepidus
2766 882 2977 952 stupuit
2999 895 3016 949 ;
3048 881 3322 954 magnalia
3356 881 3563 936 Christi

352 965 548 1020 Multos
576 964 907 1047 illaqueans,
936 975 992 1020 et
1023 965 1269 1037 perditus
1298 965 1466 1037 impia
1486 966 1744 1034 tradens;
2074 974 2297 1030 Nuntiat
2325 972 2665 1045 imperatori,
2696 971 2791 1044 qui
2829 972 2897 1026 ad
2938 972 3058 1026 haec
3085 971 3188 1026 sibi
3217 971 3370 1026 malit

351 1058 457 1112 Sed
485 1074 572 1113 me
601 1060 829 1116 salvavit
859 1058 1100 1114 Christus
1129 1075 1229 1130 per
1257 1059 1488 1134 virginis
1515 1059 1682 1129 hujus
2074 1063 2284 1129 Edicat,
2315 1061 2561 1117 referens
2591 1067 2863 1116 tormenta
2891 1070 2954 1115 ut
2981 1061 3122 1115 victa
3151 1060 3430 1133 quierunt.

355 1153 548 1208 Praalia
575 1154 826 1220 Iustinae,
860 1155 1020 1228 signo
1043 1170 1164 1226 quae
1183 1155 1464 1210 daemonas
1493 1170 1688 1210 omnes
2074 1158 2138 1211 At
2167 1156 2445 1226 princeps,
2477 1169 2641 1224 quem
2669 1161 2801 1208 tunc
2830 1152 3145 1208 Nicomedia
3169 1152 3307 1208 forte
3337 1152 3592 1219 fovebat,

355 1244 564 1300 Devicit
603 1244 823 1312 Christi,
851 1246 1121 1300 mandans
1159 1262 1298 1317 quos
1327 1246 1578 1317 improbe
1606 1245 1729 1302 misi
2075 1249 2141 1303 Ut
2165 1245 2501 1319 sibilegetur
2525 1244 2714 1299 senior
2742 1259 2864 1298 cum
2896 1243 3108 1314 virgine
3137 1242 3378 1298 mandat.

358 1333 419 1387 Ut
449 1341 728 1404 caperent,
757 1334 1078 1406 sociamque
1100 1336 1377 1391 mihicum
1401 1335 1595 1390 fraude
1620 1342 1898 1407 pararent.
2074 1341 2358 1395 Ducuntur
2375 1337 2541 1392 variis
2567 1336 2676 1392 acti
2707 1335 3061 1391 cruciatibus.
3095 1334 3189 1391 llle

355 1421 450 1476 Illa
469 1422 565 1476 sed
595 1422 712 1478 hac
736 1438 1008 1493 Spernens
1030 1425 1194 1479 simul
1222 1424 1408 1480 omnia
1434 1424 1584 1492 vicit,
1610 1433 1664 1480 et
1685 1425 1864 1496 ipsum
2073 1431 2250 1501 Turpe
2291 1436 2489 1501 putans
2519 1428 2720 1483 iterum
2739 1428 2785 1481 si
2818 1443 2914 1498 per
2939 1434 3207 1483 tormenta
3236 1426 3430 1502 fatiget

353 1513 432 1568 Me
476 1514 696 1586 eripuit,
750 1515 1155 1587 Dominumque
1209 1515 1362 1571 dedit
1416 1532 1752 1588 cognoscere
1811 1515 1968 1570 Chri-
2074 1521 2182 1576 llos
2206 1519 2422 1585 eadem,
2453 1518 2702 1573 vibrante
2727 1516 2886 1585 jubet
2907 1532 3167 1571 mucrone
3201 1515 3368 1572 feriri.

1644 1605 1825 1676 [ειυῐηι
1867 1625 1893 1655 ι)
2001 1664 2046 1680 η
2074 1615 2222 1680 Quos
2244 1612 2590 1669 Theoctistus
2615 1627 2850 1667 cernens
2871 1611 2937 1665 ad
2961 1609 3157 1666 funera
3178 1611 3325 1678 duci,

351 1699 503 1754 Tunc
527 1715 715 1754 comes
736 1715 1044 1770 appensum
1072 1699 1189 1754 radi
1203 1700 1364 1768 jubet
1390 1664 1670 1774 unguibus
1692 1700 1868 1768 illum,
1999 1664 2051 1733 B
2870 1664 3148 1770 Conspicit

352 1791 734 1862 Justinamque
768 1792 945 1863 alapis
974 1799 1028 1846 et
1056 1792 1242 1847 crudis
1271 1793 1484 1846 caedere
1517 1793 1718 1847 nervis.
2078 1791 2353 1866 Cognatus
2381 1790 2605 1862 quidam
2646 1789 2830 1863 regis;
2869 1787 3029 1857 jubet
3057 1794 3222 1859 atque
3253 1786 3440 1842 necari

355 1881 491 1935 Dum
525 1880 718 1954 flagrat
753 1881 843 1934 illa
875 1881 986 1935 Deo
1014 1881 1204 1935 laudes
1235 1879 1337 1934 sub
1369 1881 1598 1940 verbera
1627 1881 1829 1936 reddit.
2078 1885 2232 1938 Hunc
2262 1883 2488 1954 pariter,
2513 1883 2809 1958 gladioque
2831 1882 2992 1936 simul
3025 1897 3309 1953 sumpsere
3337 1898 3643 1949 coronam,

359 1970 675 2026 Pontiﬁcem
703 1977 952 2025 sanctum
987 1981 1110 2041 post
1141 1971 1261 2026 hac
1287 1972 1559 2046 ergastula
1590 1981 1830 2043 captant,
2078 1980 2350 2033 Ducentes
2377 1977 2675 2036 celebrem.
2708 1978 2852 2033 victo
2883 1984 3106 2043 tortore,
3135 1976 3504 2048 triumphum,

357 2063 739 2134 Justinamque
763 2061 1072 2117 Terentina:
1095 2079 1296 2134 cepere
1325 2063 1618 2118 fovendam
2087 2066 2325 2138 Corpora
2343 2067 2490 2135 jacta
2518 2065 2648 2121 feris
2678 2067 2970 2135 jacuerunt
2999 2066 3146 2120 nuda
3174 2066 3448 2136 sepulcris

362 2151 810 2222 Servandamque
843 2151 1009 2218 lares,
1050 2152 1207 2223 cujus
1237 2153 1306 2207 de
1338 2151 1550 2208 lumine
1573 2151 1770 2207 Christi
2085 2157 2228 2211 Sena
2252 2156 2396 2221 luce,
2420 2156 2516 2211 Dei
2555 2172 2779 2211 servans
2809 2171 2932 2226 quae
2957 2154 3181 2210 dextera
3210 2156 3345 2210 texit
3373 2197 3386 2209 .

361 2243 633 2298 lllustrata
661 2243 859 2298 domus
884 2242 1097 2298 meritis
1126 2253 1212 2299 est
1249 2244 1482 2318 virginis
1512 2245 1675 2312 hujus
2083 2247 2326 2320 Tumque
2357 2248 2653 2304 Theoctisti
2687 2248 2858 2312 cives,
2890 2255 3054 2302 noctu
3082 2247 3396 2313 venientes,

363 2334 498 2390 Hinc
527 2333 725 2389 iterum
757 2334 928 2401 ducti,
973 2350 1138 2408 parvo
1171 2343 1296 2407 post
1321 2345 1570 2408 tempore
1594 2335 1744 2402 trito,
2085 2336 2348 2394 Custodes
2374 2337 2506 2391 dum
2536 2337 2856 2402 dormitant,
2879 2336 3195 2391 veneranda
3223 2345 3536 2407 capessunt

359 2425 615 2501 Belligeri
645 2426 818 2482 fortes
843 2433 992 2483 stant
1019 2428 1226 2496 judicis
1253 2437 1381 2483 ante
1412 2429 1675 2494 tribunal,
2084 2428 2423 2500 Navigioque
2446 2427 2630 2482 ferunt
2656 2434 2974 2481 sanctorum
3001 2441 3232 2497 corpora
3269 2425 3531 2481 Romam.

360 2517 592 2575 Nomine
624 2535 721 2590 pro
753 2519 946 2575 Christi
975 2521 1075 2576 sed
1105 2531 1160 2576 et
1191 2521 1385 2577 ultima
1416 2520 1559 2578 ferre
1593 2521 1786 2592 parati.
2085 2518 2212 2583 Qua:
2242 2525 2492 2572 matrona
2514 2514 2620 2570 fide
2653 2515 2872 2570 fervens
2903 2513 3096 2570 Ruﬁna
3128 2521 3401 2586 receptat,

364 2614 558 2670 Ferrea
585 2630 710 2671 mox
740 2614 849 2670 illis
877 2614 1096 2671 fervens
1125 2622 1342 2691 sartago
1371 2616 1618 2687 repletur
2085 2606 2469 2677 Pl'azdioloque
2494 2621 2594 2661 suo
2617 2606 2767 2661 cultu
2800 2605 3027 2676 deponit
3057 2605 3314 2672 honesto,

363 2704 625 2760 Fomento
653 2704 790 2776 picis
821 2711 986 2776 atque
1014 2705 1195 2777 adipis
1224 2721 1476 2777 ceraeque
1517 2713 1725 2760 coacto.
2089 2699 2290 2754 Horum
2317 2699 2409 2752 ubi
2442 2707 2772 2770 prastantur
2796 2697 2977 2752 multae
2997 2696 3100 2751 sub
3131 2697 3341 2751 honore
3366 2695 3605 2751 salutes.

366 2799 428 2853 At
459 2799 764 2870 Cyprianus
788 2808 848 2855 ut
876 2799 1184 2871 ingreditur
1211 2800 1528 2856 corroborat
1556 2815 1752 2872 agnam
2155 2787 2426 2873 Ῑζῐωῐθτθδ
2455 2787 2660 2858 Plures,
2702 2802 2933 2858 quorum
2969 2802 3076 2842 ηοη
3109 2786 3341 2858 legimus
3371 2793 3556 2852 actus.

368 2886 562 2942 Christi
580 2887 872 2953 Justinam,
902 2887 1084 2942 valido
1105 2903 1228 2959 quae
1257 2887 1458 2943 robore
1491 2896 1713 2958 sumpto
2081 2883 2426 2952 Tempestate
2455 2879 2558 2934 sub
2589 2880 2690 2935 hac
2717 2880 2911 2935 urbem
2942 2895 3116 2951 penes
3141 2881 3554 2936 Antiochenam

370 2977 553 3042 Intrat,
587 2984 641 3031 et
671 2977 826 3032 illaesi
860 2977 1076 3033 medios
1110 2979 1366 3034 laetantur
1395 2980 1450 3033 in
1481 2981 1661 3054 ignes,
2085 2969 2393 3036 Certarunt,
2424 2969 2806 3040 mundumque
2835 2969 2950 3024 suis
2975 2968 3154 3023 vicere
3185 2968 3509 3039 triumphis.

367 3064 795 3138 Gloriﬁcantque
852 3067 1023 3122 Deum
1095 3083 1194 3139 per
1251 3083 1416 3140 quem
1474 3075 1744 3124 tormenta
1790 3069 1983 3123 trium-
2014 3063 2063 3130 C
2087 3062 2458 3138 Quadraginta
2486 3061 2648 3116 simul
2681 3067 2810 3116 tunc
2835 3071 3290 3117 consummantur
3318 3076 3560 3133 agones,

1699 3155 1911 3228 [phant.
2089 3149 2410 3223 Virginibus
2436 3147 2615 3203 varias
2643 3148 2821 3220 passis
2844 3163 2944 3220 pro
2974 3149 3212 3204 culmine
3241 3147 3398 3221 regni

367 3245 713 3316 Sculptilium
745 3251 1001 3316 spectans
1041 3245 1370 3300 Athanasius
1399 3245 1504 3300 ista
1529 3244 1808 3312 sacerdos,
2088 3241 2328 3298 Etherei
2351 3257 2564 3313 poenas,
2595 3241 2756 3310 cujus
2784 3256 3039 3295 meruere
3069 3241 3349 3296 decorem.

369 3337 713 3412 indignatus,
746 3337 851 3391 ait:
903 3358 926 3388 α
965 3337 1164 3393 Jubeat
1185 3347 1277 3393 tua
1311 3338 1502 3412 gloria,
1540 3337 1816 3410 princeps,
2089 3332 2404 3404 Iunguntur
2431 3329 2588 3386 multi
2620 3345 2853 3402 quorum
2886 3344 2989 3384 nec
3019 3329 3244 3384 nomina
3267 3327 3398 3401 legi,

371 3425 600 3483 Vincere
630 3442 717 3482 me
758 3426 901 3482 vires
927 3427 1122 3483 horum
1161 3428 1360 3482 virtute
1391 3430 1641 3483 deorum.
1688 3448 1709 3477 ι
2092 3425 2339 3480 Caelestis
2367 3439 2567 3495 supero
2598 3439 2718 3495 qua:
2750 3423 2927 3478 littera
2956 3421 3172 3494 scripsit
3202 3421 3258 3476 in
3285 3421 3436 3476 albo.

1129 3635 1636 3726 INCIPIT
1723 3635 2119 3724 LIBER
2213 3631 2933 3722 SECUNDUS.
3027 3737 3036 3744 ,

1776 3814 1988 3869 CAPUT
2036 3811 2319 3868 PRIMUM.

1675 3933 1755 3994 De
1783 3943 1997 3994 sancto
2025 3931 2402 3994 Theodorito.

377 4077 637 4133 Ecclesiis
659 4084 781 4146 post
812 4075 956 4130 hanc
987 4074 1136 4129 fulsit
1167 4075 1256 4129 lux
1285 4074 1432 4130 clara
1462 4074 1783 4146 procellam,
2102 4096 2126 4127 (ί
2168 4074 2247 4130 Ad
2273 4074 2590 4140 Dominum,
2619 4071 2835 4139 fratres,
2866 4086 2956 4126 me
2984 4083 3136 4125 nunc
3155 4067 3477 4139 praecedite,
3511 4090 3534 4120 ι
3583 4082 3735 4122 san-

377 4171 543 4234 Quam
574 4169 744 4223 livore
772 4167 933 4242 nigro
973 4166 1195 4238 pietatis
1225 4164 1428 4238 defuga
1458 4174 1678 4221 tentans
3503 4163 3659 4235 [ctus

376 4260 701 4324 Obscurare,
728 4258 888 4327 jubet
917 4266 1137 4312 sanctos
1166 4257 1336 4312 libare
1366 4256 1614 4328 profanis
2098 4259 2297 4332 Martyr
2333 4260 2440 4326 ait;
2482 4280 2512 4312 ι
2549 4273 2820 4331 superans
2862 4256 3147 4314 inimicum
3200 4271 3326 4312 mox
3382 4271 3590 4327 sequar
3629 4271 3749 4310 au-

380 4353 520 4407 Diris
541 4357 633 4407 aut
658 4350 841 4422 subigi
873 4350 1090 4422 poenis;
1133 4349 1516 4406 transmittitur
1542 4351 1691 4406 unde
3421 4344 3578 4416 [ctos
3630 4363 3668 4396 ι

380 4441 493 4496 lluc
523 4439 815 4511 pmfectus
844 4446 992 4495 atrox
1023 4438 1273 4495 Julianus
1293 4440 1596 4496 avunculus
1625 4441 1815 4511 hujus;
2100 4440 2191 4496 Sic
2219 4455 2442 4513 quoque
2472 4438 2778 4511 persistens
2805 4435 3003 4492 Christi
3033 4434 3294 4492 robustus
3318 4449 3530 4496 amore,

379 4528 478 4593 Qui
508 4527 742 4583 veniens
767 4528 968 4598 spoliat
994 4525 1189 4583 Christi
1219 4530 1558 4586 truculentus
1589 4531 1756 4599 ovile,
1925 4529 1935 4538 ”
2099 4534 2414 4590 Vaticinans
2443 4534 2610 4589 etiam
2641 4534 2842 4604 plenus
2871 4531 2942 4586 de
2983 4529 3224 4584 Flamine
3259 4535 3454 4584 sancto

381 4616 455 4670 Ac
482 4615 749 4689 dispergit
779 4631 931 4684 oves,
963 4615 1148 4671 valido
1177 4618 1275 4672 sed
1308 4618 1597 4688 presbyter
1625 4620 1802 4674 almus
2099 4623 2420 4697 Retrogradi
2451 4621 2732 4678 interitum
2773 4621 3060 4675 Persarum
3100 4618 3156 4673 in
3187 4624 3352 4692 gente
3388 4616 3753 4689 gerendum.

381 4705 748 4762 Theoderitus
777 4724 938 4779 apem
965 4723 1167 4779 supero
1200 4710 1508 4765 munimine
1537 4727 1784 4778 sumens,
2102 4712 2362 4782 Martyrii,
2383 4713 2604 4766 tandem
2635 4710 2820 4784 gladio
2843 4707 3138 4778 complevit
3175 4722 3434 4781 agonem,

380 4794 593 4850 Restitit
613 4795 924 4866 intrepidus
949 4796 1039 4868 pia
1070 4812 1297 4851 servans
1313 4798 1519 4854 maznia
1546 4815 1765 4854 surmus
1791 4800 1923 4870 (sic).
2099 4803 2274 4871 Atque
2304 4800 2432 4871 polo
2463 4801 2665 4872 dignus
2703 4797 2955 4852 meritum
2985 4795 3230 4866 percepit
3259 4795 3559 4850 honorem.

379 4881 677 4940 Praefectus
696 4884 842 4956 quod
873 4884 1246 4955 comperiens,
1268 4887 1337 4942 ad
1369 4887 1537 4962 ﬂagra
1562 4889 1740 4944 teneri
2101 4894 2384 4949 Mulctatur
2423 4893 2622 4959 lanius,
2644 4892 2832 4946 divino
2855 4892 3110 4947 examine
3132 4889 3344 4960 plexus,

383 4976 535 5032 Hunc
565 4976 745 5044 jubet.
769 4976 899 5032 hinc
925 4977 1090 5031 variis
1116 4977 1284 5051 agitat
1313 4982 1612 5038 terroribus
1643 4990 1806 5056 atque
2098 4987 2327 5055 Quoque
2346 4997 2530 5038 sacras
2555 4982 2785 5037 violarat
2810 4995 2946 5051 opes
2974 4987 3191 5051 turgore
3221 4975 3395 5031 sedile

381 5069 721 5141 Suspensum
743 5068 930 5124 multis
956 5084 1135 5123 saevus
1159 5069 1490 5126 cruciatibus
1520 5081 1708 5148 urget:
2100 5075 2408 5140 Perculsus,
2440 5073 2586 5146 putri
2617 5072 2737 5128 ﬂuit
2775 5072 3002 5145 inguina
3031 5071 3155 5125 tabe
3186 5069 3426 5142 liquatus
3455 5083 3469 5120 :

385 5158 755 5231 Lampadibus
769 5160 1044 5233 siquidem
1069 5159 1665 5220 lateraintlammantur
1680 5164 1923 5232 adactis;
2101 5170 2329 5242 Spirans
2354 5185 2539 5225 verme
2568 5168 2772 5234 editur,
2805 5167 3018 5222 saniem
3059 5180 3168 5221 non
3199 5163 3450 5238 unguina
3489 5162 3750 5230 sistunt;

383 5251 608 5307 Siderea
634 5252 835 5323 quibus
861 5253 1055 5308 evictis
1082 5251 1300 5318 virtute,
1334 5263 1565 5324 repente
2102 5261 2477 5334 Nequicquam
2505 5260 2708 5316 medici
2735 5257 2935 5314 frustra
2960 5257 3350 5327 cataplasmata
3388 5254 3620 5309 sudant.

383 5341 646 5416 Angelico
667 5342 1008 5413 stupidivisu
1048 5345 1299 5401 cecidere
1330 5346 1588 5413 ministri,
2013 5337 2066 5404 Ι)
2098 5350 2208 5406 Nec
2234 5350 2414 5406 solum
2452 5350 2644 5406 teritur
2673 5349 2877 5403 mulcta
2907 5351 3201 5402 temerator
3227 5349 3454 5416 aperta:

383 5430 796 5504 Credentesque
826 5434 1190 5490 ministerium
1219 5436 1450 5492 feritatis
1474 5437 1794 5505 abhorrent,
2099 5442 2237 5507 Quin
2278 5443 2636 5508 detractores,
2674 5440 2870 5516 vigiles
2909 5438 3199 5514 gerulique
3229 5450 3516 5490 sacrorum

381 5527 686 5600 Devotique
707 5528 878 5583 Deum
907 5545 1039 5586 vero
1070 5530 1338 5587 Christum
1369 5549 1464 5588 ore
1494 5534 1753 5589 fatentur.
2101 5534 2269 5590 Morte
2299 5534 2641 5607 gehennales
2668 5533 2871 5589 misera
2899 5530 3192 5586 truduntur
3221 5526 3282 5583 in
3313 5526 3499 5601 ignes.

384 5615 532 5682 Quos
557 5616 688 5672 dum
720 5615 1011 5689 praefectus
1039 5620 1212 5696 mergi
1237 5619 1539 5679 demandat
1566 5623 1623 5679 in
1651 5622 1841 5688 altum,
