3958 6158
209 255 302 313 573
753 244 845 299 DE
885 242 1268 299 TRIUMPIIIS
1310 243 1564 302 CIIBISTI
1603 247 1974 304 ANTIOCHIA‘.‘
2011 249 2237 305 GESTIS
2277 249 2453 305 LIBRI
2491 248 2644 304 DUO.
2685 279 2754 289 -—
2794 248 2922 304 LIB.
2965 250 3033 305 II.
3455 229 3562 306 574

1736 377 1943 434 CAPUT
1984 381 2052 434 Il.

1496 479 1574 538 De
1614 481 1838 541 Licerio
1868 490 1920 541 et
1952 482 2290 559 Hippolyto.

201 624 296 678 Hoc
322 620 517 692 plures
546 616 718 672 etiam
752 613 907 669 vario
931 625 1166 683 quoque
1201 581 1454 680 tempore
1495 615 1668 669 cladis
1865 623 1916 689 Α
1945 615 2094 670 Bella
2119 613 2248 668 fide.
2281 612 2455 668 Fortis
2486 614 2645 668 miles
2671 629 2769 669 seu
2801 615 2994 670 fraude
3025 615 3306 671 subactus.

199 714 277 768 Hic
301 709 505 766 Christi
537 707 762 762 athletae
794 704 985 759 multis
1018 702 1212 757 vicere
1254 703 1496 771 tr0paeis.
1941 706 2092 760 Saeva
2121 721 2313 760 manus
2339 705 2437 781 qui
2463 705 2516 759 in
2550 705 2728 760 vincla
2761 706 2932 771 dedit,
2975 707 3101 778 quis
3131 708 3316 761 denuo
3345 706 3488 761 liber

200 801 346 856 lsthic
374 799 627 854 Licerius
650 797 869 852 hostem
892 793 1066 849 levita
1098 792 1304 846 beatus
1940 801 2256 870 Exemptus,
2285 790 2511 870 laqueos
2541 813 2741 870 magno
2775 798 3061 853 molimine
3093 799 3222 853 vitat

196 889 416 945 Fortiter
449 886 650 951 edidit,
676 890 895 939 certans
923 897 1022 954 pro
1064 881 1310 936 nomine
1345 879 1561 938 Christi.
1940 889 2002 942 Et
2028 895 2186 944 cavet
2217 888 2435 942 insidiis
2465 887 2763 942 instructus
2790 887 2859 942 ab
2891 889 3148 943 omnibus
3187 888 3380 955 hostis,

198 982 404 1053 Septies
436 979 530 1035 hic
556 987 750 1034 tortus.
785 978 1126 1050 longumque
1156 973 1448 1048 ergastula
1479 991 1693 1045 passus,
1939 978 2158 1032 Viribus
2189 976 2430 1051 egregiis
2460 977 2644 1030 nitens
2669 976 2810 1030 male
2841 987 3000 1030 cauta
3030 977 3184 1047 piare
3219 995 3230 1030 :

195 1071 420 1127 Tandem
449 1066 779 1138 martyrium
803 1064 996 1136 capitis
1024 1062 1294 1118 mercede
1329 1065 1560 1132 paravit.
1940 1070 2091 1123 Haud
2107 1069 2286 1123 minus
2314 1069 2660 1140 Hippolytus,
2694 1068 2906 1123 Christo
2936 1069 3225 1139 eripiente,
3253 1071 3485 1136 solutus,

197 1163 278 1217 llic
311 1160 487 1217 etiam
524 1157 851 1229 Hippolytus
876 1153 1105 1210 certavit
1137 1167 1324 1228 regna
1346 1152 1603 1222 polorum
1937 1159 2339 1230 Catholiczeque
2371 1159 2520 1230 pium
2552 1157 2680 1213 fidei
2715 1175 2997 1231 regressus
3032 1175 3300 1223 amorem,

198 1254 250 1308 Ut
273 1255 526 1322 caperet,
559 1249 818 1311 dumosa,
853 1259 994 1300 DOVO
1022 1241 1115 1315 qui
1156 1241 1466 1296 SChiSmate
1503 1248 1720 1314 captus,
1939 1250 2216 1306 Sollicitus
2236 1258 2392 1306 cavet
2421 1251 2540 1321 ipse
2573 1251 2752 1316 dolos,
2774 1252 2938 1306 docet
2969 1257 3132 1321 atque
3164 1250 3441 1304 cavendos
3468 1267 3482 1313 ;

197 1345 394 1402 Erravit
435 1341 724 1415 quondam
743 1355 842 1410 per
869 1337 1029 1392 devia
1059 1354 1073 1403 ;
1106 1336 1328 1407 quique
1355 1334 1708 1406 triumphans
1941 1342 2158 1413 Proque
2187 1341 2296 1396 ﬁde
2321 1358 2574 1416 pugnans
2616 1342 2796 1396 valido
2828 1350 3098 1412 cautoque
3124 1342 3307 1396 duello

198 1437 248 1490 lu
269 1442 448 1490 semet
471 1448 601 1487 sese
635 1430 806 1502 prius,
832 1427 960 1483 hinc
986 1426 1055 1483 ad
1082 1435 1289 1483 caetera
1321 1426 1504 1500 surgit
1939 1429 2256 1502 Martyrium
2287 1430 2444 1485 factis
2477 1430 2724 1485 renitens
2748 1430 2959 1485 illustre
2989 1430 3214 1485 decorat

1721 1558 1929 1614 CAPUT
1968 1560 2063 1615 III.

1313 1658 1396 1717 De
1422 1668 1633 1721 sancto
1668 1661 1884 1734 Phoco,
1925 1659 2098 1721 Petro
2125 1669 2176 1720 et
2207 1663 2456 1721 caneris.

197 1809 396 1865 Nobilis
427 1807 521 1862 hic
557 1805 759 1861 Phocae
789 1807 1086 1858 veneratur
1123 1812 1304 1872 agone
1342 1797 1682 1870 triumphus.
1932 1800 2054 1855 Mox
2085 1806 2144 1854 ut
2176 1799 2412 1854 basilica:
2444 1798 2855 1868 comprenderit
2879 1797 3021 1852 ostia
3049 1797 3212 1850 laesus

194 1906 282 1971 Qui
319 1912 448 1976 post
475 1901 820 1973 multiplices
849 1913 950 1968 pro
979 1897 1261 1950 Salvatore
1290 1893 1596 1963 palaestras,
1929 1891 2201 1962 Martyris,
2233 1892 2445 1947 eruitur
2482 1897 2708 1946 vacuata
2730 1891 2853 1963 lege
2883 1888 3103 1944 veneni.

196 1998 426 2062 Qualiter
459 1995 702 2065 antiquo
733 2007 883 2047 nunc
914 1991 984 2044 de
1010 1995 1271 2059 serpente
1304 1986 1628 2056 triumphet,
1929 1983 2120 2039 Petrus
2148 1984 2343 2038 levites
2363 1984 2452 2038 hic
2489 1983 2970 2056 Hermogenesque
3000 1983 3280 2048 coluntur,

196 2093 357 2164 thue
391 2085 759 2158 triumpharit
799 2081 1022 2154 pOpulis
1054 2095 1125 2134 en
1168 2077 1429 2149 panditur
1467 2078 1630 2133 isthic
1672 2094 1685 2131 :
1930 2077 2242 2132 Demetrius
2273 2079 2470 2148 praesul
2503 2093 2604 2132 nec
2628 2093 2738 2132 non
2769 2077 2932 2132 levita
2951 2077 3233 2142 Anianus;

193 2163 318 2240 Dum
347 2197 595 2254 serpens
624 2183 672 2234 sl
709 2176 850 2232 forte
889 2174 999 2230 loci
1025 2170 1418 2244 perstrinxerit
1456 2170 1650 2236 ullum,
1860 2198 1912 2265 Β
1935 2165 2220 2220 Eustosius
2249 2165 2478 2235 pariter,
2519 2164 2714 2237 viginti
2746 2180 2867 2218 cum
2906 2163 3239 2218 venerandis

197 2275 355 2329 Dente
383 2267 728 2329 venenifero
759 2265 910 2320 virus
940 2261 1147 2318 lethale
1179 2259 1546 2331 profundens,
1860 2253 1909 2265 ”
1942 2256 2323 2326 Resplendent
2353 2256 2538 2322 sociis,
2570 2255 2710 2310 lucis
2740 2254 2904 2310 simul
2931 2255 3137 2308 aethera
3177 2253 3373 2308 nactis.

1715 2392 1927 2448 CAPUT
1973 2392 2056 2446 ιν.

1406 2492 1488 2551 De
1520 2495 1745 2552 sanctis
1786 2491 1996 2568 Cyrico
2024 2496 2077 2548 et
2107 2487 2349 2548 Jutitta.

195 2618 283 2673 llic
312 2631 454 2688 puer
488 2609 736 2685 insignis
768 2607 996 2680 Cyricus
1025 2621 1152 2661 cum
1184 2610 1359 2659 matre
1387 2605 1579 2660 Julitta
1937 2602 2076 2656 Sunt
2091 2600 2287 2664 oculis,
2313 2599 2603 2669 decalvati,
2629 2601 2728 2656 sed
2757 2611 2811 2656 et
2838 2602 3123 2657 excoriati.

192 2704 452 2761 Mirandis
483 2701 665 2756 fertur
691 2697 975 2770 quondam
1008 2694 1206 2748 vicisse
1235 2693 1456 2764 trOpaeis
1493 2712 1508 2760 ;
1934 2689 2070 2744 Hinc
2096 2689 2240 2742 lecto
2271 2688 2520 2758 appliciti
2551 2689 2744 2758 prunis
2763 2697 3016 2745 assantur
3056 2691 3110 2744 in
3143 2691 3306 2756 aeris;

197 2795 361 2865 Impia
393 2791 665 2848 robustus
693 2792 923 2857 superat
949 2782 1047 2855 qui
1075 2781 1309 2836 verbera
1338 2788 1649 2854 postquam,
1933 2779 2111 2835 Attriti
2147 2779 2368 2833 demum
2399 2779 2566 2834 serris
2595 2780 2908 2856 linguisque
2937 2780 3130 2834 recisis

193 2885 408 2941 Calcem
435 2880 718 2937 mordenti
745 2879 999 2947 junctam
1013 2873 1163 2945 capit
1193 2889 1289 2929 ore
1317 2872 1520 2944 sinapi,
1931 2871 2171 2942 Martyrii
2203 2887 2422 2926 cursum
2451 2872 2649 2943 capitis
2680 2873 2976 2942 splendore
3008 2873 3280 2928 dicarunt.

192 2977 579 3048 Horrendique
607 2971 771 3027 simul
803 2969 1102 3024 mixturam
1143 2965 1276 3021 vicit
1303 2963 1462 3021 aceti.
1928 2965 2377 3018 Annumerantur
2417 2965 2499 3019 eis
2528 2963 2688 3028 socii,
2715 2964 2820 3018 sub
2854 2964 3077 3019 nomine
3108 2965 3309 3020 Christi

190 3067 274 3122 Sic
302 3066 483 3123 clavis
514 3062 630 3130 fixi,
654 3060 825 3118 vulsis
857 3059 914 3113 in
942 3071 1166 3112 carcere
1199 3055 1337 3111 trusi
1929 3055 2194 3119 Quattuor
2222 3061 2277 3109 et
2307 3056 2697 3129 quadringenti
2728 3057 3030 3112 certamina
3062 3059 3232 3128 passi.

1722 3185 1933 3241 CAPUT
1971 3185 2032 3240 V.

1095 3294 1174 3352 De
1201 3292 1429 3354 Donato
1458 3301 1510 3352 et
1537 3293 1765 3354 sanctis
1791 3295 1921 3371 ejus
1944 3301 2271 3370 sanctaque
2302 3293 2634 3370 Margarita

187 3443 436 3498 Donatus
467 3446 526 3493 et
549 3436 875 3492 Valerianus
905 3432 1002 3488 hic
1030 3430 1194 3486 simul
1865 3437 1916 3504 ί]
1937 3431 2228 3486 Tormenta
2259 3447 2418 3502 passa
2450 3432 2695 3486 veritatis
2716 3447 2815 3503 pro
2839 3431 2967 3498 fide,

188 3533 320 3589 Cum
353 3531 659 3595 Restitute,
684 3529 983 3583 Fructuosa
1003 3531 1059 3579 et
1089 3523 1303 3578 caeteris
1940 3523 2155 3576 Sertata
2194 3520 2368 3596 fulget
2393 3523 2542 3579 unde
2573 3531 2718 3578 serto
2734 3523 2943 3597 glorize.

189 3626 280 3681 Bis
308 3642 414 3680 sex
449 3622 731 3689 renident,
763 3619 1072 3692 prsecluent
1099 3615 1385 3672 sodalibus
1937 3610 2130 3665 Vicere
2159 3611 2347 3681 plures
2366 3612 2457 3669 hic
2487 3612 2783 3668 draconem
2810 3619 3074 3684 martyres

185 3715 559 3786 Triumphum
583 3711 768 3783 adepti
799 3709 1048 3785 glorioso
1081 3705 1293 3777 prwlio.
1936 3701 2126 3775 Dignis
2155 3701 2342 3773 adepti
2369 3703 2514 3758 celsa
2548 3703 2711 3757 bellis
2742 3706 2986 3774 praemia.

183 3803 278 3859 llic
301 3790 610 3876 Margarita
634 3799 790 3874 virgo
813 3798 990 3854 fertur
1021 3794 1262 3867 plurima
1713 3865 1926 3921 (.APUT
1967 3862 2032 3916 γι

1332 3970 1413 4030 De
1441 3970 1672 4030 sanctis
1706 3965 2030 4030 Antiochia
2053 3969 2406 4044 progressis.

185 4115 294 4170 Hac
326 4117 611 4170 exeuntes
640 4110 862 4166 civitate
886 4106 1153 4181 plurimas
1929 4104 2260 4176 Progressus
2287 4120 2352 4160 ex
2385 4107 2487 4162 hac
2518 4107 2658 4163 urbe
2693 4107 3013 4175 Januarius,

179 4207 337 4263 Multi
374 4213 437 4261 et
472 4210 709 4258 remotas
738 4199 1323 4272 luminaruntpatrias.
1929 4195 2122 4250 Fertur
2149 4195 2409 4251 sacerdos
2435 4197 2710 4254 Gordiano
2752 4199 2974 4269 martyri

182 4295 448 4351 Caelestis
463 4293 613 4347 unde
635 4293 823 4346 lumen
853 4298 1035 4347 ortum
1066 4289 1341 4365 dogmatis
1930 4283 2331 4341 Commilitonis
2361 4295 2416 4342 et
2437 4288 2792 4361 patroni'qui
2815 4287 3014 4354 vicem,

180 4387 360 4444 Lucas
394 4384 537 4440 fidei
556 4383 660 4439 fert
681 4383 954 4438 medelam
985 4381 1286 4456 gentibus;
1530 4448 1534 4453 .
1928 4373 2101 4428 Fortis
2129 4374 2394 4444 probatus
2420 4393 2485 4431 ex
2516 4393 2715 4451 agone,
2749 4376 3004 4449 praebuit.

181 4474 574 4548 Appollinaris
603 4473 736 4527 hinc
762 4487 1004 4543 sequens
1031 4472 1362 4540 apostolum,
1926 4468 2064 4523 Ilinc
2092 4475 2146 4522 et
2165 4469 2406 4525 Joannes
2437 4472 2620 4528 editus
2651 4473 2908 4543 Byzantio

184 4567 412 4623 Primus
459 4565 734 4619 Ravennae
750 4562 920 4618 verba
953 4562 1078 4618 vitae
1104 4561 1320 4618 detulit.
1926 4559 2128 4614 Praesul
2161 4560 2365 4617 diserto
2392 4564 2558 4617 comit
2587 4563 2776 4618 orbem
2801 4563 3076 4639 dogmate.

181 4661 481 4716 Lucianus
511 4659 640 4713 inde
671 4673 928 4731 egressus
956 4657 1133 4712 almus
1167 4655 1472 4727 presbyter,
1925 4651 2151 4706 Duxisse
2176 4651 2349 4708 fertur
2381 4654 2508 4709 hinc
2534 4671 2711 4728 genus
2738 4655 3025 4726 Seraphia,

178 4751 378 4807 Mundi
425 4749 666 4804 salutem
697 4763 829 4804 voce
860 4755 915 4802 et
945 4755 1068 4802 actu
1105 4747 1428 4818 praedicans,
1924 4744 2037 4798 Sub
2067 4744 2310 4801 Adriano
2341 4763 2499 4816 passa
2528 4749 2710 4803 Roma
2743 4748 2956 4803 funera.

176 4843 427 4912 Tropaea
457 4844 664 4934 tractus.
677 4845 762 4891 est
787 4836 932 4934 apud
955 4836 1356 4934 -Nicome.diam.
1841 4865 1902 4934 Β
1929 4835 2254 4910 Pluresque,
2278 4839 2404 4895 εαξιί
2427 4850 2486 4895 ιιι
2512 4847 2654 4895 astra
2683 4841 3046 4910 lucidissima,

180 4931 446 4986 Romana
475 4926 791 4982 Timotheus
821 4943 885 4980 ex
913 4925 1000 4980 his
1031 4925 1236 4980 mmnia
1841 4925 1891 4934 “’
1927 4929 2139 4986 lsthinc
2162 4947 2261 5002 per
2287 4932 2441 4988 orbis
2474 4934 2811 5004 splenduere
2840 4934 3081 5001 climata,

176 5023 389 5077 Petens
427 5020 578 5074 beati
614 5018 932 5074 Melchiadis
961 5026 1231 5089 tempore,
1930 5022 2137 5077 lsthinc
2163 5024 2416 5081 Erasmus
2446 5026 2660 5095 exiens,
2703 5026 3055 5098 Campaniam

175 5115 317 5169 Dum
353 5112 725 5186 pmdicando
756 5118 908 5187 gesta
933 5110 1130 5166 Christi
1153 5110 1370 5181 publice
1926 5113 2236 5185 Splendore
2266 5117 2389 5172 vitae
2415 5119 2668 5185 luminat,
2701 5121 3052 5192 magnalibus

172 5211 409 5276 Pandit,
445 5223 709 5264 coronam
743 5217 1088 5279 promeretur
1115 5205 1322 5279 gloriae.
1927 5204 2079 5260 Miris
2105 5222 2425 5277 coruscans,
2448 5219 2645 5266 cuncta
2676 5210 2847 5266 vincit
2876 5212 3131 5267 tormina.

1687 5313 1897 5370 CAPUT
1938 5314 2052 5370 VII.

1268 5418 1346 5478 Dc
1371 5418 1696 5479 Eustachz'o
1727 5418 1994 5494 episcopo
2025 5426 2078 5476 et
2106 5417 2480 5496 Euphronio.

172 5550 332 5609 Multi
365 5549 652 5620 pmterea
667 5544 902 5601 renitent
931 5547 1032 5601 hac
1061 5545 1196 5600 urbe
1236 5545 1476 5618 patroni,
1915 5541 2147 5601 Perfecti
2190 5547 2410 5602 tandem
2436 5549 2646 5604 meritis
2677 5549 2733 5603 in
2760 5563 2892 5619 pace
2917 5549 3205 5620 quierunt.

175 5647 281 5713 Qui
303 5645 458 5700 dum
496 5653 642 5710 saepe
665 5637 778 5695 suis
805 5639 1015 5697 hostem
1045 5646 1288 5696 stravere
1321 5638 1638 5712 triumphis,
1923 5639 2038 5705 Qua
2061 5639 2220 5698 Pater
2249 5641 2579 5698 Eustachius
2609 5641 2832 5698 Beroeis
2862 5648 3050 5712 raptus
3075 5640 3144 5696 ab
3186 5641 3319 5709 aris,
