3962 6140
498 287 606 345 575
635 258 652 264 ά
757 312 763 320 ~
1244 285 1609 341 FLODOARDI
1647 286 1956 343 CANONICI
1997 286 2329 344 REMENSIS
2367 285 2706 343 OPUSCULA
2743 283 3052 340 METRICA.
3695 282 3785 338 576

499 418 711 490 Eloquii
743 417 939 473 fluvios
967 416 1115 484 fidei,
1149 417 1381 472 mirante
1411 423 1629 483 senatu,

2134 435 2174 488 Α
2208 421 2281 475 Ac
2309 433 2659 475 successores
2691 431 2927 488 prepero
2944 413 3262 470 discrimine
3294 413 3442 486 plexi
3474 432 3488 480 ;

496 510 787 565 Catholicis
815 511 1015 565 animm
1045 509 1266 580 populis
1286 509 1545 564 alimenta
1565 508 1901 576 ministrans,
2208 509 2434 564 Versilis
2463 515 2520 563 et
2539 507 2719 578 pellex
2744 504 2968 560 fraudes
2995 503 3244 574 perculsa
3269 503 3534 575 resignat.

497 604 850 674 Dlasphemas
880 604 1029 658 acies
1052 603 1269 674 pietatis
1301 601 1497 656 sternit
1527 617 1727 676 agone.
2208 598 2334 653 Post
2363 612 2538 652 saevos
2574 596 2796 650 tandem
2823 593 3064 647 rixarum
3089 608 3150 647 ac
3183 591 3423 646 turbinis
3459 589 3638 662 ignes,

501 695 756 750 Hostibus
784 695 1024 766 hospitio
1045 695 1194 767 larga
1219 694 1316 748 sed
1343 710 1475 765 pace
1498 694 1733 763 receptis
2207 689 2420 744 Dividui
2451 687 2686 742 Eusebio
2717 685 2992 740 renitente
3019 683 3304 738 cacumina
3336 682 3507 736 fastus

499 786 722 841 Pellitur
746 795 937 861 arguto
969 787 1088 841 falsi
1121 787 1429 841 bacchante
1461 785 1674 851 cavillo,
2210 781 2520 852 lmproprii,
2552 789 2716 850 atque
2744 778 2885 832 datae
2916 783 3175 832 contento
3201 773 3442 829 culmine
3469 770 3650 837 sortis,

496 874 805 948 Pellacique
838 875 966 930 dolo
999 874 1260 945 injuncta:
1287 873 1599 929 detruditur
1618 874 1728 929 arci
2208 868 2556 940 Euphronius
2585 867 2866 922 Reblathae
2889 873 3012 938 post
3032 863 3144 922 otia
3172 865 3337 936 longa
3367 862 3600 917 dicatur.

1976 1011 2182 1066 CAPUT
2225 1010 2360 1065 Vlll.

1683 1115 1762 1175 De
1789 1123 1994 1175 sancto
2030 1113 2304 1172 Simeone
2332 1107 2644 1170 monacho.

494 1264 588 1318 llic
613 1262 806 1318 urbem
842 1266 1066 1316 sanctus
1104 1259 1326 1315 Simeon
1366 1275 1539 1330 penes
1567 1259 1965 1314 Antiochenam
2212 1256 2272 1309 Et
2302 1261 2490 1308 manet
2514 1251 2771 1316 invictus,
2804 1248 3031 1304 femoris
3058 1247 3188 1302 dum
3221 1245 3408 1302 deficit
3428 1246 3601 1314 ulcus,

495 1352 719 1406 Actibus
747 1349 1016 1423 effulgens
1043 1350 1210 1424 digno
1242 1349 1549 1404 celebratur
1587 1349 1818 1404 honore.
2209 1347 2463 1419 Corporis
2499 1359 2834 1416 exsuperans
2862 1343 3086 1397 morbos
3101 1341 3444 1412 vincensque
3479 1341 3708 1398 labores.

491 1443 705 1497 Tertius
722 1449 777 1497 et
815 1442 1064 1496 decimus
1094 1440 1180 1495 cui
1203 1439 1332 1494 dum
1363 1440 1699 1511 provolvitur
1727 1438 1908 1506 annis,
2207 1440 2606 1496 Saracenorum
2627 1435 2894 1492 Basilicus
2924 1452 3016 1490 rex
3036 1435 3173 1506 petit
3202 1434 3406 1489 almum

493 1539 676 1592 Mundi
707 1553 766 1591 se
789 1537 936 1592 curis
955 1535 1206 1590 adimens
1226 1542 1437 1589 secreta
1450 1533 1642 1604 petivit
2209 1529 2396 1584 Visere
2425 1527 2774 1599 belligerum,
2797 1524 3172 1594 benedicique
3194 1529 3314 1578 orat
3343 1521 3412 1577 ab
3445 1522 3563 1593 ipso
3595 1539 3609 1587 ;

491 1627 656 1696 Septa
687 1624 1040 1690 monasterii;
1083 1623 1240 1678 fortis
1269 1622 1593 1694 patiensque
1630 1621 1893 1692 probatus
2207 1619 2514 1691 Delabique
2543 1617 2741 1673 videns
2764 1633 2929 1672 exeso
2959 1634 2990 1670 a
3025 1630 3257 1685 corpore
3286 1629 3546 1680 vermem,

490 1715 769 1786 Excipitur
789 1714 1071 1784 servisque
1110 1712 1204 1766 Dei
1237 1728 1296 1766 se
1327 1711 1578 1766 moribus
1599 1719 1748 1780 aptat
1779 1730 1794 1764 :
2209 1712 2452 1782 Suscipit
2483 1717 2645 1782 atque
2685 1709 2875 1765 oculos
2907 1707 3057 1782 tangi
3098 1705 3390 1777 putredine
3421 1706 3651 1780 gaudet:

491 1807 666 1877 Vique
694 1806 836 1860 viam
865 1821 1091 1859 summm
1109 1802 1381 1858 scandens
1421 1801 1721 1856 abstemius
1740 1808 1966 1868 arctam,
2212 1804 2340 1860 Cum
2367 1803 2552 1858 subito
2583 1803 2738 1858 tabes
2768 1801 2859 1872 pia
2889 1798 3182 1870 margarita
3206 1795 3419 1852 refulsit

495 1895 834 1965 Pauperibus
850 1894 1112 1956 clemens,
1139 1893 1335 1948 collata
1374 1891 1635 1946 alimenta
1667 1889 1881 1946 ferebat
1913 1910 1928 1957 ;
2212 1895 2454 1967 sumpsit
2483 1900 2537 1949 et
2565 1893 2839 1968 insignem
2871 1891 3057 1946 sanies
3095 1894 3299 1943 mutata
3324 1887 3610 1942 decorem.

495 1984 742 2057 Indignis
765 1985 969 2058 largus,
1000 1983 1105 2037 sibi
1133 1991 1343 2036 tantum
1362 1988 1638 2047 austerus,
1670 1988 1873 2036 arctus.
2211 1985 2444 2041 Ascribit
2470 1983 2686 2038 Domini
2717 1983 2911 2048 cultor,
2943 1981 3180 2037 rumoris
3204 1988 3257 2050 et
3287 1996 3432 2045 osor,

499 2075 816 2131 Psalterium
848 2075 1012 2146 plene
1042 2074 1259 2129 modico
1285 2074 1386 2127 sub
1426 2079 1674 2142 tempore
1707 2079 1934 2144 captans
2213 2079 2329 2135 Non
2361 2077 2596 2148 propriis
2624 2082 2804 2131 actum
2825 2074 3058 2141 meritis,
3099 2080 3152 2128 at
3178 2073 3325 2144 regis
3355 2071 3552 2126 amori.

495 2167 729 2241 Pervigil
748 2165 994 2230 edidicit,
1023 2164 1368 2236 memorique
1393 2163 1701 2218 recondidit
1731 2179 1854 2219 arce
2214 2167 2500 2222 Exsultans
2519 2181 2675 2220 sacro
2706 2164 3031 2218 benedictus
3063 2168 3117 2218 et
3146 2179 3239 2217 ore
3271 2168 3558 2232 tyrannus,

493 2256 664 2310 Fortis
701 2263 755 2310 et
778 2255 996 2309 enitens
1035 2261 1215 2308 motus
1244 2251 1458 2306 frenare
1485 2251 1759 2322 superbos
2215 2256 2314 2320 Qui
2341 2255 2494 2311 dives
2524 2253 2695 2320 venit,
2727 2253 3028 2307 ditissimus
3058 2249 3186 2305 inde
3213 2249 3460 2304 recessit.

489 2347 738 2402 Palmitio
768 2346 985 2418 stringit
1008 2345 1226 2399 lumbos
1263 2343 1369 2397 sibi
1411 2342 1541 2398 fune
1569 2359 1856 2398 coercens.
2215 2347 2324 2402 Hac
2353 2351 2575 2400 sanctus
2603 2341 2816 2398 Domini
2847 2351 3136 2412 postquam
3164 2356 3220 2394 se
3253 2340 3449 2395 clausit
3471 2342 3526 2396 in
3559 2358 3678 2396 arce

491 2444 711 2499 Sulcato
743 2443 1018 2497 undantes
1033 2441 1270 2496 refluunt
1294 2441 1423 2494 dum
1443 2455 1671 2510 corpore
1696 2455 1934 2507 vermes,
2218 2434 2453 2490 Cernere
2485 2431 2572 2487 vel
2604 2431 2758 2487 cerni
2788 2429 3046 2485 muliebri
3083 2428 3460 2494 luminecavit,

491 2534 807 2589 Sentiscunt
831 2533 1046 2588 fratres.
1071 2532 1212 2586 Patri
1247 2530 1560 2603 indaganda
1605 2529 1863 2594 ferentes.
2146 2569 2191 2603 ι)
2217 2528 2488 2582 Nimirum
2521 2537 2776 2580 metuens
2803 2522 3021 2577 culmen
3046 2522 3174 2577 dum
3204 2521 3382 2576 tendit
3411 2521 3467 2574 in
3499 2519 3664 2574 altum

495 2569 807 2589 υυυιιουυ...
832 2569 1046 2588 “ww.
1071 2569 1212 2586 ια...
1249 2569 1560 2603 “maga...”
1605 2569 1863 2594 ,νενηηω
2523 2569 2776 2580 "mw..-
2806 2569 3021 2577 -..-...---
3049 2569 3174 2577 η---
3208 2569 3380 2576 --πη
3501 2569 3552 2573 π-

495 2625 592 2679 Ille
615 2631 768 2698 rogat
797 2623 945 2678 dicat
976 2641 990 2689 ;
1025 2622 1164 2697 tegit
1194 2622 1284 2676 hic
1313 2621 1633 2692 factumque
1662 2627 1938 2693 repressat
2145 2569 2194 2637 Β
2217 2619 2256 2672 Α
2295 2632 2510 2672 summo
2540 2614 2770 2670 Domino
2793 2629 2862 2668 ne
2892 2611 3055 2668 corde
3087 2609 3368 2666 recederet
3399 2610 3509 2664 imo
3543 2625 3559 2673 ;

499 2697 799 2789 Corripitur
825 2718 968 2785 visu,
1003 2717 1332 2790 patefactum
1362 2718 1560 2772 vulnus
1588 2717 1792 2772 aditur.
2215 2708 2412 2761 Verum
2444 2721 2548 2760 nec
2577 2704 2736 2758 matri
2767 2709 2889 2774 post
2922 2711 3169 2772 tempora
3194 2700 3362 2790 longa
3384 2697 3619 2769 petenti,

503 2787 788 2865 Resticulas
819 2810 984 2866 modo
1004 2787 1228 2865 summa
1255 2818 1464 2880 patent,
1493 2822 1808 2882 magnoque
1831 2806 2021 2862 dolore

2215 2796 2564 2867 Amplectens
2593 2809 2691 2864 pro
2723 2799 2892 2847 matre
2924 2791 3120 2854 Deum,
3151 2805 3213 2844 se
3241 2789 3422 2843 visere
3444 2787 3613 2852 cedit,

499 2899 814 2964 Conficitur,
847 2899 1154 2970 teriturque
1181 2899 1356 2974 magis
1386 2896 1636 2954 conferre
1666 2896 1938 2950 medelam
2217 2888 2465 2943 Culmine
2497 2887 2756 2941 virtutum
2787 2883 2934 2940 celso
2955 2883 3127 2956 magis
3165 2882 3272 2936 alta
3299 2887 3544 2952 petente.

503 2995 638 3048 Dum
659 2993 794 3048 socii
825 2998 1037 3048 certant
1064 3010 1078 3055 ;
1111 2970 1332 3062 putrido
1354 3007 1477 3046 cum
1510 2989 1722 3043 viscere
1753 2987 1974 3044 tandem
2218 2975 2534 3052 Ediﬁcatur
2556 2974 2684 3029 huic
2708 2974 2820 3041 jam
2848 2973 3212 3045 quadraginta
3235 2970 3496 3026 columna

500 3087 751 3160 Eripiunt
772 3095 994 3154 restem,
1026 3087 1265 3142 etmulto
1290 3086 1378 3141 vix
1409 3095 1657 3156 tempore
1685 3093 1897 3140 curant.

2222 3065 2506 3122 Excellens
2535 3062 2758 3129 cubitis,
2791 3061 2845 3115 in
2873 3077 2980 3133 qua
2997 3076 3096 3132 per
3125 3066 3321 3114 caetera
3351 3057 3556 3112 mansit
3652 3055 3663 3065 ⁸

503 3148 638 3233 Hinc
652 3177 745 3232 alti
779 3148 995 3251 fugiens
1025 3175 1175 3246 putei
1213 3191 1274 3229 se
1287 3175 1491 3229 claudit
1514 3148 1569 3228 in
1597 3175 1730 3240 imo,
2215 3158 2376 3213 Fixus
2404 3171 2590 3211 amore
2618 3153 2714 3251 Del
2746 3153 2972 3251 reliqui“?
3003 3159 3156 3205 Stans
3185 3157 3438 3251 ίεξῐηροΐᾶ
3460 3148 3603 3251 vim,

502 3271 619 3335 Quo
646 3270 771 3324 dum
789 3239 1082 3324 seumaet'at
1101 3268 1315 3336 jejunia
1342 3269 1506 3343 longa
1536 3239 1828 3332 trahendo,
2214 3252 2540 3343 ξςθΐρίῖηίιιῖη
2559 3246 2821 3343 -τθρΐίωίῑ
2859 3243 3446 3343 τεξῧῖθτητίτιξοξυξηίῖυθ
3485 3239 3709 3295 ferarum

502 3361 728 3414 Sidereo
755 3359 1001 3431 quatitur
1030 3358 1241 3412 monitu
1265 3357 1499 3428 visuque
1529 3354 1730 3410 minaci

1815 3330 1821 3332 ὴ
2214 3337 2463 3393 Almifieo
2484 3336 2570 3392 cui
2605 3342 2814 3390 natura
2848 3333 3132 3388 miseratio
3165 3330 3319 3386 fulsit

502 3420 818 3506 Τίηιοιῂθάε
847 3450 1018 3504 abbas
1043 3449 1359 3504 Simeonem
1397 3420 1683 3520 (ium-amt
1711 3447 1936 3503 almum,
2215 3431 2442 3485 Lumina
2472 3436 2738 3485 testantur
2771 3425 3038 3498 supplicis
3075 3424 3346 3479 medicata
3373 3420 3623 3476 draconis
3654 3436 3666 3482 ;

507 3541 882 3612 Restituatque
909 3541 1053 3606 loco,
1073 3547 1288 3594 constet
1317 3514 1446 3610 quia
1474 3537 1715 3592 sanctior
1740 3535 1880 3607 ipso.
2215 3523 2372 3612 l’enit
2398 3523 2573 3578 ethuc
2593 3521 2962 3612 muliersaevo
2992 3523 3231 3612 satura-ta
3261 3514 3543 3612 chelydro,

507 3629 618 3684 Hoc
637 3603 808 3684 semel
837 3635 1002 3700 atque
1032 3603 1228 3683 iterum
1261 3603 1378 3683 visu
1395 3627 1717 3699 perterritus
1744 3603 1833 3680 ille
2218 3611 2346 3676 Qua?
2376 3618 2542 3666 ῐιοοῐυ
2571 3609 2766 3664 Sil-iens
2797 3608 3010 3663 biberat
3039 3621 3136 3700 pro
3163 3603 3352 3660 fomite
3383 3612 3589 3675 pestem
3623 3619 3636 3662 :

505 3720 796 3785 Quaesitum
810 3691 972 3788 jubet
992 3721 1071 3775 ire
1092 3736 1242 3788 suos,
1270 3691 1634 3775 τραέιιηιίδυε
1665 3727 1832 3791 atque
2222 3703 2630 3774 lnvalidamque
2668 3717 2890 3757 manum
2947 3699 3288 3754 medicorum
3321 3703 3564 3767 experta,
3604 3691 3804 3764 requirit

506 3815 819 3882 Frustratis,
848 3831 1153 3886 properans
1184 3820 1328 3868 meat
1359 3813 1502 3883 ipse,
1551 3790 1810 3882 lacusque
1841 3816 2121 3881 repertum
2221 3796 2362 3851 Certi
2390 3794 2637 3850 εοιδηιθη
2668 3792 2868 3886 γηθάίςῑί
2895 3809 2913 3859 ἶ
2948 3790 3050 3886 fel“
3075 3791 3156 3846 Vir
3183 3790 3524 3886 Pi“5_3PWm

504 3904 749 3976 Explicat
777 3876 1009 3960 invitum
1034 3904 1276 3969 baratro,
1309 3876 1573 3974 cellaeque
1600 3876 1814 3956 reducit
1903 3876 1918 3881 -
2143 3894 2192 3962 ί]
2215 3887 2528 3944 Antidotum
2551 3884 2804 3976 praebens
2824 3881 3132 3976 benedicta
3163 3879 3358 3976 pocula
3385 3876 3619 3976 lymphae

577 3999 674 4054 Ille
699 3999 1090 4056 monasterium
1116 4008 1240 4069 post
1271 3998 1399 4052 anni
1427 3964 1677 4068 tempora
1703 3997 1984 4068 linquens,
2220 3976 2355 4032 Ηυίο
2383 3973 2826 4069 (Ιᾲυθε-εοΐδυίῖτδί
2863 3968 3180 4069 ﬁnalem“?
3202 3967 3408 4069 νίῗθθτδ
3437 3964 3629 4069 δίε-ινδ·

504 4092 712 4148 Deserti
752 4092 890 4163 petit
916 4107 1065 4158 arva,
1097 4056 1293 4160 optans
1321 4056 1573 4144 habitare
1594 4056 1863 4143 seorsum.
1972 4056 1981 4063 '

2219 4069 2328 4123 Nec
2347 4067 2488 4121 valet
2508 4067 2651 4120 hanc
2688 4063 2828 4118 ultra
2859 4061 3137 4117 funestum
3168 4059 3366 4114 laedere
3399 4056 3634 4129 poclum,

509 4183 602 4238 Hic
621 4199 680 4238 se
705 4189 948 4238 surrecta
974 4181 1256 4236 concludit
1288 4196 1475 4235 amore
1507 4181 1765 4236 columna
2219 4159 2395 4215 sum“
2423 4165 2483 4214 ιιι
2503 4157 2774 4212 ίπιδιιωῐη
2797 4154 2949 4209 mali
2977 4167 3209 4208 munere
3239 4156 3450 4221 Pomm-

502 4270 781 4325 Theoricaz
802 4269 1022 4324 fervens
1042 4269 1281 4340 speculae
1309 4269 1439 4340 quia
1469 4268 1670 4323 celsior
1700 4267 1832 4324 exit.
2295 4254 2520 4309 Αοείάὶῐ
2551 4251 2796 4313 additas,
2827 4249 2998 4322 Pestis
3014 4247 3261 4340 ι’θείοῐξξε
3285 4245 3514 4340 ὂάυδιφι

498 4361 717 4417 Trinam
757 4369 884 4434 post
912 4362 1178 4430 hiemem,
1202 4360 1346 4415 fama
1372 4367 1657 4416 crescente
1678 4359 1844 4417 beati,
2222 4346 2454 4400 Pulvere
2486 4342 2696 4398 telluris
2725 4340 2899 4395 nimio
2929 4335 3314 4410 squalentibus
3351 4333 3519 4388 arvis.

503 4457 762 4512 Tricenos
791 4471 966 4527 usque
1005 4455 1073 4510 ad
1105 4454 1321 4511 cubitos
1361 4453 1611 4524 procedit
1642 4453 1696 4507 in
1725 4453 1917 4520 altum,
2216 4441 2412 4496 ACCOla
2439 4448 2550 4495 ιιιῐη
2583 4438 2791 4492 densus
2829 4449 3043 4527 εξιηιῐηο
3075 4433 3143 4527 dt?
3175 4436 3359 4527 πίοξηθ
3391 4427 3648 4527 ρυρηῐετη

507 4548 566 4600 In
597 4561 707 4618 qua
731 4517 1110 4620 stans-spargit
1137 4545 1337 4600 multas
1362 4517 1420 4597 in
1453 4542 1617 4614 plebe
1646 4543 1852 4597 salutes
1871 4517 1912 4608 ς’
2219 4530 2652 4620 Βερὶθηιεῐηίιιιθ
2685 4525 2807 4620 Pio?
2843 4523 3070 4620 Πίξνίξιπι
3089 4519 3309 4592 Pietatis
3339 4517 3530 4582 θάίνίί,

506 4635 853 4707 Languentes
878 4614 1182 4701 medicans,
1208 4633 1462 4689 obsessos
1492 4632 1744 4687 daemone
1771 4645 2044 4704 purgans;

1841 4645 2044 4704 rgans;
2217 4621 2438 4676 [Eterno
2469 4618 2698 4674 effusum
2732 4615 2951 4688 pietatis
2977 4614 3124 4669 fonte
3150 4625 3405 4682 supernae

505 4701 759 4780 Auditum
791 4724 1043 4780 tribuens
1062 4723 1244 4777 surdis
1274 4730 1328 4777 et
1355 4722 1565 4776 lumina
1581 4701 1782 4788 caecis,
1880 4701 1905 4704 _
2219 4711 2558 4766 Fundentem
2589 4710 2743 4764 laetos
2769 4707 3085 4761 Simeonem
3117 4702 3378 4758 cordibus
3409 4701 3655 4760 haustus,

506 4815 713 4871 Mancia
742 4817 1038 4871 restituens
1067 4812 1591 4886 palmas,mutisque
1619 4809 1903 4882 loquelas:
2223 4799 2538 4856 Praesidium
2569 4798 2705 4869 petit
2732 4797 2818 4851 hic
2847 4795 3089 4886 solitum,
3122 4789 3381 4886 suﬂragia
3411 4799 3643 4886 poscens

505 4905 776 4976 Leprosos
806 4875 1084 4960 mundans
1135 4875 1399 4957 mirorum
1431 4875 1603 4954 millia
1624 4875 1866 4970 patrans.
2220 4889 2376 4944 Celsa
2401 4888 2520 4953 Dei,
2549 4886 2846 4957 subitoque
2879 4885 2972 4939 illo
3004 4889 3263 4953 poscente
3285 4875 3535 4976 dehiscit

509 4963 637 5060 Quae
668 4994 762 5066 qui
784 5003 981 5049 cuncta
998 4992 1156 5059 feret,
1190 4990 1314 5047 οωιί
1339 5005 1560 5063 quoque
1589 4963 1773 5043 sidera
1812 4986 1977 5043 dicet.
2223 4981 2385 5035 Terra
2413 4987 2674 5050 patetque
2694 4979 2880 5043 chaos,
2913 4973 3260 5045 lymphisque
3283 4970 3525 5024 immane
3546 4963 3801 5034 repletur;

512 5086 648 5142 Hinc
675 5063 864 5156 populi
885 5085 1038 5140 multi
1065 5083 1275 5139 Christo
1301 5082 1509 5137 servire
1540 5081 1712 5153 parati
2225 5073 2375 5127 Tunc
2399 5071 2558 5140 jubet
2587 5069 2679 5124 ille
2708 5067 2822 5123 fodi
2853 5075 3060 5137 septem
3095 5063 3327 5156 fierique
3354 5067 3564 5156 meatus

510 5152 790 5250 Allopbili,
818 5177 1059 5245 Armeni,
1095 5178 1292 5239 Persae,
1325 5152 1613 5246 sparsique
1635 5171 1888 5246 Agareni.
2118 5189 2122 5193 έ
2229 5165 2325 5220 Per
2354 5180 2493 5237 quos
2521 5163 2652 5217 inde
2674 5160 2815 5215 latex
2835 5174 2996 5234 agros
3025 5155 3296 5250 fecundat
3317 5152 3610 5211 inundans,

512 5244 703 5326 Ulcere
733 5269 1171 5342 percutiturlate
1200 5244 1467 5339 patientia
1493 5244 1704 5321 nectan
2149 5272 2207 5340 Ι)
2232 5260 2270 5316 Ο
2302 5257 2631 5315 celebranda
2659 5253 2762 5309 viri
2783 5254 2972 5318 virtus,
3001 5248 3174 5305 oratio
3194 5244 3397 5342 coal-um

513 5361 575 5416 Ut
603 5323 824 5436 spargat
845 5359 1110 5432 flagrante
1125 5323 1232 5412 fide
1259 5355 1612 5413 cruciaminis
1633 5354 1759 5426 igne
1791 5372 1806 5420 ;
2149 5323 2204 5340 ν
2233 5351 2397 5422 Cujus
2426 5349 2494 5404 ab
2523 5363 2618 5404 ore
2649 5352 2846 5418 petens
2877 5343 3046 5396 imum
3078 5335 3333 5436 patefecit
3359 5332 3606 5436 abyssum
3634 5323 3662 5377 7

512 5457 667 5511 Unde
706 5455 1066 5511 scatiscentes
1095 5468 1330 5508 cernens
1355 5465 1640 5522 emergere
1663 5463 1881 5505 vermes
2301 5442 2540 5499 Arbores
2569 5437 2777 5515 gemini
2807 5431 3125 5490 residebant
3146 5429 3280 5522 forte
3302 5425 3407 5522 sub
3439 5421 3621 5478 umbra

510 5546 773 5616 Delapsos
793 5543 994 5615 repetit
1017 5541 1288 5614 matrique
1310 5513 1804 5611 reponit'alendos,
2233 5533 2360 5600 Hac,
2388 5513 2593 5587 urente.
2614 5528 2797 5599 polum
2833 5521 3057 5616 Phqabo,
3091 5516 3318 5592 regione
3344 5513 3552 5616 viantes
3582 5525 3594 5570 ;

511 5639 772 5694 Mandere
801 5635 1130 5710 prmeipiens
1156 5634 1424 5690 Dominus
1459 5648 1582 5705 quae
1638 5635 1860 5702 praestet
1887 5629 2122 5685 edenda.
2231 5627 2725 5699 Prmgnantemque
2755 5613 2946 5688 procul
2977 5625 3189 5666 cervam
3216 5605 3449 5708 transire
3470 5600 3727 5656 videntes.

517 5733 612 5788 Sic
639 5749 751 5788 uno
781 5703 1001 5787 innixus
1029 5730 1168 5802 pede
1199 5729 1425 5801 plenum
1456 5703 1666 5798 prostat
1695 5723 1752 5778 in
1781 5737 1985 5778 annum
2231 5715 2492 5787 Adjurant
2519 5708 2792 5767 Simeonis
2828 5705 2914 5778 agi
2945 5703 3143 5758 virtute
3169 5703 3380 5770 potenti
