3962 6140
227 214 328 268 577

228 339 338 393 Stet
365 336 674 408 prendique
711 335 855 390 sinat
885 353 898 388 :
926 343 1033 390 stat
1059 343 1211 392 tanto
1239 337 1465 393 nomine
1503 347 1746 408 sumpto,

229 427 666 498 Obsequiturque
704 426 902 496 pedem
931 425 1180 482 referens
1209 427 1461 482 devotior
1481 426 1633 497 ipsis.

229 520 408 573 Virtus
428 519 565 574 mira
590 518 715 584 viri,
747 521 903 584 cujus
930 518 1059 573 dum
1090 534 1223 574 voce
1250 517 1448 574 citetur
1551 514 1558 520 ’

229 613 460 675 Nomen,
488 618 542 667 et
568 609 754 666 inﬁdis
777 626 978 682 parens
997 610 1111 666 fera
1141 611 1310 666 servit
1337 612 1587 684 agrestis.

227 704 458 759 Transiit
483 703 574 758 hic
610 702 799 758 feritas
819 703 1088 774 pecudem
1109 703 1369 758 translata
1395 702 1720 775 relinquens

231 792 610 862 lnvadensque
639 790 896 847 homines
924 809 939 858 ;
972 792 1124 857 swvi,
1155 792 1361 862 pietate
1390 801 1622 854 remota.

230 889 338 943 Nec
366 893 696 943 venenatur
708 901 803 942 eas
831 886 1102 942 reveritur
1130 901 1268 958 quas
1297 885 1412 942 fera
1432 902 1596 943 voces
1623 904 1637 940 :

234 976 498 1033 Invadunt
525 976 691 1050 igitur
717 974 980 1046 praedam,
998 976 1200 1030 virtute
1224 976 1554 1046 prehensam

230 1069 484 1134 Alterius,
518 1069 906 1140 perimuntque
936 1083 1179 1139 superno
1219 1068 1448 1122 numine
1478 1065 1660 1122 ﬁxam.

233 1159 556 1226 Comedunt,
584 1165 812 1224 torrent,
844 1174 948 1214 nec
975 1159 1043 1214 ad
1077 1158 1132 1212 id
1169 1159 1296 1213 data
1321 1160 1528 1216 viscera
1554 1158 1840 1223 mandunt,

231 1253 402 1326 Digna
428 1251 525 1306 sed
558 1253 797 1306 audaces
825 1267 951 1307 mox
978 1251 1213 1323 perculit
1230 1253 1366 1308 ultio
1405 1258 1638 1306 mentes.

233 1341 292 1395 Et
318 1341 536 1396 ratione
563 1349 753 1396 carent
780 1340 990 1395 ratione
1017 1347 1241 1396 carente
1277 1340 1489 1396 feroces

231 1432 329 1496 Qui
356 1433 696 1497 exstiterant,
728 1431 928 1502 praedae
958 1431 1179 1502 pietatis
1206 1432 1419 1486 honore
1449 1429 1690 1488 subacta

234 1523 528 1578 Sumentes
555 1537 731 1597 aegros
759 1523 1089 1595 pecorisque
1116 1523 1338 1578 silentio
1377 1523 1541 1580 ﬂatus

231 1611 466 1666 Tramite
495 1611 574 1666 sic
603 1618 784 1682 empto
806 1620 1108 1684 properant
1131 1629 1254 1669 cum
1287 1615 1436 1685 pelle
1463 1615 1678 1670 revulsa

235 1700 555 1772 Festinique
584 1708 782 1772 petunt
805 1702 1120 1758 veneranda
1144 1704 1433 1759 cacumina
1456 1704 1588 1772 justi
1616 1721 1630 1757 :

237 1791 341 1846 Nec
366 1791 528 1845 latuit
549 1799 730 1846 vatem
761 1791 1121 1862 praesumptio
1160 1791 1302 1848 facta
1331 1793 1592 1858 ferorum,

231 1881 361 1945 Quis
391 1897 649 1952 superam
682 1881 805 1952 pius
832 1889 952 1937 orat
978 1897 1141 1953 opem
1172 1881 1408 1954 ferrique
1431 1883 1662 1938 salutem
1687 1901 1704 1948 ;

227 1971 483 2028 Seductis
514 1971 578 2042 [Γ.
611 1971 709 2027 sed
740 1970 899 2042 votis]
933 1978 1088 2044 gesta
1126 1971 1452 2044 improbitas
1480 1971 1700 2028 obsistit
1722 1971 1850 2043 epi-

1634 2062 1774 2134 [mis.

225 2152 436 2207 Dantur
455 2151 507 2205 ei
547 2151 780 2207 meliora
816 2157 1000 2205 tamen
1033 2166 1196 2222 quam
1228 2152 1494 2223 postulet,
1523 2160 1689 2223 atque

225 2243 586 2298 Promeritam
617 2244 852 2299 tolerant
880 2243 1102 2300 decreto
1141 2254 1391 2315 tempore
1423 2258 1666 2316 poenam,

230 2335 303 2390 Ne
333 2336 570 2406 posthac
597 2345 804 2392 aeterna
831 2351 956 2391 reos
986 2343 1262 2392 tormenta
1287 2337 1558 2393 volutent.

230 2426 367 2480 Dum
403 2425 686 2496 patiuntur
713 2435 769 2481 et
794 2426 850 2481 hi
881 2427 1067 2482 multis
1095 2427 1452 2498 praesumptio
1479 2426 1603 2482 talis

232 2517 510 2583 Aufertur,
543 2518 712 2590 digno
741 2518 928 2590 plures
952 2519 1275 2574 moderante
1315 2518 1533 2594 ﬂagello

231 2610 359 2665 Post
376 2611 666 2686 geminum
685 2612 902 2686 magnis
925 2612 1188 2682 precibus
1217 2611 1314 2666 sed
1341 2609 1606 2682 praeditus
1639 2624 1846 2664 annum

233 2703 559 2774 Hospitibus
587 2703 807 2757 tandem
841 2700 1112 2756 miserans
1139 2701 1445 2757 medicatur
1467 2699 1707 2756 anhelis.

302 2796 495 2851 vaus
517 2811 582 2850 ea
610 2794 891 2866 quondam
912 2793 1117 2864 pardus
1146 2793 1375 2866 regione
1405 2791 1642 2857 furebat,

231 2883 572 2939 Proturbans
592 2883 868 2949 homines,
904 2883 1144 2952 pecudes
1159 2883 1411 2951 jumenta
1440 2896 1780 2952 voransque;

230 2972 503 3049 Agricolae
526 2982 720 3028 contra
748 2971 924 3027 sancti
953 2971 1222 3027 tutamina
1252 2971 1431 3026 Patris

236 3064 572 3136 Exposcunt,
605 3063 801 3120 rabido
831 3079 942 3136 quo
964 3063 1334 3119 defendantur
1360 3063 1429 3118 ab
1459 3063 1639 3118 hoste.

232 3156 515 3213 Perversis
544 3164 629 3212 ast
656 3157 750 3213 ille
770 3156 955 3212 sciens
994 3171 1280 3228 apponere
1308 3161 1499 3212 sancta

232 3247 600 3304 Sanctiﬁcans
621 3248 900 3304 benedicit
926 3263 1148 3319 aquam,
1174 3247 1450 3319 mittitque
1481 3245 1766 3302 ferendam

235 3337 337 3392 Per
377 3339 502 3394 loca
529 3354 640 3410 qua
679 3338 872 3409 pernix
904 3338 1107 3408 pardus
1130 3337 1369 3392 transire
1398 3336 1637 3392 solebat.

234 3426 539 3483 Distinctus
564 3427 816 3493 maculis,
849 3433 903 3483 et
921 3427 1340 3483 crudelissimus
1371 3425 1552 3480 hostis

235 3516 492 3591 lgnotam
517 3516 707 3572 multis
736 3517 989 3588 pedicam
1020 3515 1357 3571 venantibus
1377 3515 1574 3578 edens,

230 3605 406 3661 Torva
444 3605 748 3663 salutiferis
772 3622 997 3678 repersa
1027 3605 1341 3678 liquoribus
1362 3621 1491 3660 arva

230 3698 566 3753 Accelerans
595 3714 950 3770 praecepsque
979 3713 1146 3754 ruens
1170 3697 1269 3753 ubi
1293 3697 1480 3753 bellua
1506 3701 1735 3768 tangens

231 3788 513 3857 Concidit,
552 3801 608 3846 et
633 3792 797 3846 vitam
833 3799 1031 3847 tenues
1059 3791 1244 3846 emisit
1275 3790 1333 3845 in
1363 3805 1528 3845 auras
1559 3807 1574 3854 ;

232 3878 354 3935 Non
387 3879 608 3936 funesta
630 3881 820 3935 valens
849 3881 916 3936 ad
947 3896 1138 3938 eorum
1167 3881 1354 3936 vivere
1380 3885 1612 3935 mortem

238 3968 491 4033 Quorum
524 3969 606 4024 vir
632 3969 850 4025 Domini
880 3976 1052 4025 certat
1079 3967 1384 4024 defendere
1405 3967 1594 4022 vitam.

238 4063 609 4135 Suspendant
639 4065 805 4136 igitur
833 4064 1017 4120 vicino
1042 4070 1262 4138 tergora
1287 4061 1437 4128 calli,

241 4152 460 4207 Securo
491 4152 784 4208 Dominum
818 4152 1096 4208 Simeonis
1110 4151 1278 4207 corde
1306 4151 1485 4206 viator

240 4239 305 4294 Ut
335 4239 664 4308 benedicat,
693 4240 820 4307 iter,
852 4239 1032 4312 posita
1061 4239 1384 4303 formidine,
1415 4253 1671 4308 carpens.

768 210 850 264 DE
888 165 1250 266 TRIUMPHIS
1291 209 1546 266 CHRISTI
1585 209 1956 267 ANTIOCHLE
1995 209 2216 266 GESTIS
2257 209 2434 265 LIBRI
2473 210 2624 266 DUO.
2665 241 2735 251 —
2776 211 2900 267 LIB.
2944 211 3010 265 ll.

3443 217 3550 272 578

1863 345 1916 412 Α
2013 339 2311 410 Εχριθνθω,
2337 338 2446 392 duo
2475 337 2627 393 socia
2654 339 2912 394 mercede
2953 338 3194 394 laborem

1941 431 2007 485 Ut
2035 430 2182 502 quod
2214 429 2561 499 perciperent
2589 431 2814 499 posthac
2846 431 2983 484 libra
3014 429 3249 486 ﬁnderet
3279 449 3437 504 aequa
3462 451 3476 499 ;

1941 524 2483 595 Comproperantque
2513 524 2716 580 dehinc
2743 525 2915 580 sancti
2948 525 3270 580 benedicier
3297 542 3415 594 ore,

1942 615 2086 679 Quos
2112 615 2203 669 ille
2233 614 2529 685 aspiciens,
2557 614 2851 686 cordisque
2881 615 3096 671 occulta
3125 622 3422 686 penetrans

1943 709 2112 777 (Alter
2137 707 2284 762 enim
2316 707 2574 762 comitem
2607 705 2815 776 pellace
2845 704 3115 771 fefellerat
3147 710 3316 776 astu),

1945 799 2052 854 Cur
2075 799 2302 854 veniant
2328 797 2526 869 rogitat
2554 797 2650 868 qui
2679 803 2825 863 sunt,
2867 797 3138 868 iteratque
3169 814 3309 868 opus
3340 797 3417 851 illi

1941 887 2062 943 Non
2089 894 2271 942 tamen
2297 902 2463 942 omne
2492 885 2676 940 ferunt
2704 902 2716 938 :
2754 886 3034 940 «Frausne
3047 886 3116 939 sit
3129 885 3268 941 facta
3294 887 3499 941 videte.
3531 911 3546 935 ι

1943 982 2120 1053 thue
2151 987 2373 1055 negant,
2407 980 2557 1035 vafro
2582 1000 2607 1030 «
2641 979 2878 1053 Caligam
2911 980 3052 1050 pede
3085 980 3211 1035 tolle
3240 1001 3264 1030 »
3295 981 3487 1036 beatus

1943 1071 2104 1134 Dixit,
2137 1076 2192 1123 et
2222 1070 2364 1124 hanc
2387 1069 2482 1122 ubi
2512 1068 2610 1122 das
2640 1068 2852 1133 comiti,
2881 1083 2990 1122 non
3018 1068 3149 1122 estis
3172 1069 3368 1139 iniqui.
3403 1090 3432 1118 υ

1943 1165 2059 1230 Quo
2084 1164 2225 1221 facto
2250 1165 2532 1235 crepidam
2562 1164 2795 1230 tollenti,
2832 1190 2853 1212 ιι
2901 1165 3121 1230 Dissue,
3159 1184 3187 1214 υ
3211 1165 3454 1231 mandat,

1949 1256 2386 1330 «Quinquaginta
2415 1262 2507 1309 tuo
2536 1253 2744 1309 solidos
2773 1255 2870 1309 tibi
2898 1255 3022 1323 jure
3047 1269 3363 1324 capessens,

1943 1346 2150 1416 Totque
2179 1345 2360 1399 sciens
2389 1344 2523 1398 socii
2552 1343 2713 1414 parili
2746 1359 2951 1414 perone
2983 1344 3175 1398 latere.
3208 1363 3232 1393 ι)

1945 1438 2034 1493 Sic
2062 1437 2344 1492 moderata
2373 1437 2516 1508 aequi
2548 1437 2773 1508 ϐοηθεεὲ
2805 1436 2964 1490 lance
2996 1435 3282 1500 recedunt,

1948 1523 2406 1600 Magniﬁcantque
2439 1526 2609 1580 Deum
2644 1542 2902 1595 perversa
2931 1524 3122 1578 fraude
3154 1532 3427 1589 carentes,

1874 1662 1925 1730 Β
1948 1619 2047 1684 Qui
2080 1626 2290 1674 tantum
2322 1620 2429 1674 vati
2461 1620 2736 1674 concessit
2767 1620 2948 1674 inesse
2981 1619 3185 1693 vigoris

1951 1709 2015 1766 Ut
2039 1711 2169 1765 dum
2192 1712 2362 1766 totius
2389 1711 2513 1766 nisu
2543 1711 2757 1766 virtutis
2787 1711 3050 1770 adhaeret.

1947 1803 2179 1859 Iunctus
2203 1811 2388 1858 mente
2419 1805 2550 1869 Deo,
2580 1803 2650 1856 sit
2677 1817 2906 1857 munere
2933 1800 3156 1871 spiritus
3195 1817 3338 1855 unus

1952 1890 2104 1948 Greca
2139 1891 2421 1948 tenebrosi
2456 1891 2664 1945 rimans
2691 1889 3214 1960 penetraliacordis.

1952 1980 2041 2035 Sic
2069 1981 2228 2048 cujus
2255 1981 2543 2036 combusta
2568 1979 2766 2034 domus
2794 1977 2899 2032 civi
2929 1977 3285 2032 Antiochensi

1951 2072 2222 2137 Quantum
2255 2072 2558 2142 perdiderit
2591 2086 2793 2143 ;quare
2823 2069 3059 2125 narravit
3087 2084 3252 2124 avaro

1950 2161 2213 2216 Promens
2233 2170 2367 2232 quot
2388 2159 2617 2215 latebris
2638 2160 2938 2214 solidorum
2982 2159 3234 2213 abstrusa
3258 2157 3462 2212 talenta

1951 2250 2167 2315 Celarit,
2200 2265 2467 2321 serusque
2496 2249 2628 2304 boni
2661 2249 2796 2302 nihil
2819 2248 2950 2303 inde
2985 2247 3250 2317 patrarit;

1951 2338 2127 2393 Mersa
2149 2338 2275 2394 ideo
2305 2354 2509 2393 mecum
2540 2337 2744 2392 baratri
2779 2343 3006 2391 testatus
3047 2335 3102 2389 in
3136 2335 3326 2398 imum,

1953 2426 2262 2482 Ostendens
2291 2442 2401 2482 non
2422 2427 2614 2501 ignaro
2651 2426 2799 2497 quod
2831 2423 3024 2479 fecerit
3055 2423 3201 2478 istud

1952 2517 2044 2584 Se,
2069 2519 2334 2574 Dominus
2363 2517 2569 2574 famulo
2606 2534 2706 2572 sua
2734 2518 2900 2572 charo
2928 2516 3181 2570 examina
3207 2514 3460 2584 pandens

1951 2607 2247 2662 Arbitrium
2267 2606 2607 2678 suspectanti
2633 2621 2732 2661 seu
2757 2605 2962 2674 judicis
2990 2605 3159 2678 aequi.

2027 2696 2126 2752 Olli
2160 2703 2423 2768 praeterea
2454 2694 2914 2767 pietasimmensa
2936 2695 3160 2770 vigebat

1954 2787 2161 2844 Aﬂ‘ectu
2193 2796 2248 2844 et
2278 2789 2494 2844 cunctis
2523 2788 2685 2843 avido
2717 2788 2983 2860 prodesse
3025 2786 3290 2861 benigno.

1958 2886 2112 2940 Unde
2137 2886 2301 2940 etiam
2331 2884 2464 2940 lethi
2496 2884 2776 2956 quondam
2808 2883 2877 2938 de
2907 2881 3063 2937 fauce
3096 2882 3366 2936 latronem

1888 2999 1937 3066 ρ
1961 2976 2230 3048 Eripiens,
2253 2975 2394 3032 cmlo
2422 2975 2592 3031 celeri
2621 2974 2891 3030 solamine
2913 2973 3084 3039 misit,

1921 3041 1937 3064 Α
1959 3041 2062 3132 Qui
2100 3041 2224 3138 post
2254 3066 2520 3122 lethiferis
2551 3067 2693 3120 mala
2729 3066 2962 3136 plurima
2990 3072 3146 3139 gesta
3168 3063 3396 3136 rapinis,

1960 3160 2094 3213 Dum
2134 3158 2327 3214 mortis
2355 3157 2563 3212 merita:
2590 3164 2868 3227 pateretur
2896 3157 2964 3212 ad
2991 3157 3182 3212 ultima
3214 3173 3413 3228 paenae.

1957 3247 2286 3322 Aggreditur
2306 3262 2545 3317 propero
2567 3246 2934 3301 venerandam
2963 3247 3099 3302 calle
3131 3247 3468 3302 columnam.

1959 3339 2307 3403 Quaarentum
2337 3354 2501 3410 quem
2535 3354 2698 3393 nemo
2728 3339 2872 3392 valet
2903 3337 3225 3412 contingere
3255 3337 3456 3403 visum,

1963 3426 2074 3483 Sed
2103 3443 2208 3483 nec
2235 3427 2303 3482 ad
2338 3429 2485 3482 hunc
2515 3443 2683 3482 ausus
2712 3427 3044 3498 capiendum
3077 3427 3374 3482 extendere
3406 3427 3544 3482 dex-

3312 3518 3466 3590 [tram
3502 3537 3516 3584 ;

1966 3611 2192 3682 Moxque
2218 3610 2315 3665 ubi
2335 3610 2562 3666 deﬂevit
2587 3617 2800 3682 septem
2839 3626 2939 3665 sua
2953 3610 3092 3666 facta
3120 3609 3323 3664 diebus

1966 3705 2214 3760 Perfidus
2255 3706 2558 3762 Honoratas
2578 3706 2787 3760 dudum
2818 3706 3038 3760 tandem
3071 3721 3193 3759 esse
3223 3704 3402 3760 fidelis

1966 3798 2291 3863 Addiscens,
2323 3797 2572 3871 gratique
2598 3811 2806 3850 canens
2831 3796 2939 3850 sibi
2963 3803 3210 3866 tempora
3236 3795 3382 3861 finis,

1969 3888 2299 3944 Conscendit
2326 3887 2580 3960 lacrymis
2620 3887 2860 3958 paradisi
2889 3887 3090 3961 gaudia
3129 3887 3274 3943 lotus

1969 3981 2032 4036 Et
2058 3987 2248 4036 vectus
2278 3980 2490 4035 meritis
2520 3979 2796 4034 Simeonis
2821 3980 2889 4034 ad
2916 3980 3025 4034 alta
3045 3979 3190 4033 beati
3216 3997 3234 4043 ;

1965 4076 2138 4147 Atque
2170 4075 2341 4130 decus
2366 4073 2564 4129 Christi
2589 4075 2904 4130 confessum
2937 4074 2990 4127 in
3021 4082 3201 4128 morte
3223 4073 3494 4128 latronem

1971 4164 2322 4230 Consectans,
2352 4170 2569 4235 raptum
2584 4163 2850 4218 Dominus
2879 4178 3043 4234 quem
3067 4161 3322 4218 faucibus
3360 4163 3474 4218 orci

1969 4256 2046 4310 Ad
2080 4255 2407 4326 paradisiaci
2437 4255 2693 4326 perduxit
2710 4270 2932 4310 amaana
2961 4253 3199 4310 decoris.

305 4328 663 4437 (ξαιξίπξοάξδ
689 4328 988 4437 tamen?”
1019 4328 1130 4383 Sibi
1163 4326 1494 4437 Ρτοιξξδθδει
1524 4328 1789 4382 honorem
1882 4369 1938 4437 D
2041 4342 2283 4413 Inclytus
2304 4343 2393 4398 hic
2409 4342 2630 4398 Domini
2650 4342 2886 4397 famulus
2915 4357 3262 4414 quaecunque
3294 4342 3514 4413 petivit,

234 4419 481 4487 Deferri,
512 4420 731 4496 fugiens
760 4428 1002 4478 ventosae
1031 4435 1261 4475 munera
1292 4421 1514 4496 linguae.

238 4533 260 4561 ι
294 4511 480 4588 Perge
497 4512 748 4579 domum,
781 4537 808 4560 ιο
857 4513 1074 4581 dicens,
1128 4511 1412 4584 praebebat
1441 4510 1644 4582 cuique
1677 4510 1870 4565 mede—

586 4658 600 4670 .
929 4621 944 4632 η
1646 4602 1794 4674 μω,

235 4716 266 4746 ι
289 4695 733 4768 Glorifieansque
771 4697 942 4751 Deum
963 4696 1057 4768 qui
1089 4703 1140 4751 te
1165 4695 1399 4761 sanavit,
1430 4694 1662 4762 honora,

237 4787 352 4844 Nec
384 4798 442 4843 te
475 4796 722 4844 curatum
759 4789 1036 4844 Simeonis
1064 4787 1276 4843 viribus
1304 4788 1454 4842 ausis

235 4879 508 4943 Prodere,
541 4893 609 4932 ne
637 4893 803 4948 paena
831 4893 988 4932 versa
1021 4877 1120 4932 tibi
1149 4887 1296 4933 sorte
1330 4876 1540 4932 feratur
1567 4894 1582 4941 ;

233 4967 351 5023 Nec
367 4967 563 5036 jurare
583 4967 680 5022 Dei
712 4983 1015 5038 praesumas
1047 4966 1272 5022 nomine
1298 4965 1523 5034 summi,

237 5062 540 5118 Peccatum
569 5077 692 5116 esse
718 5061 900 5117 sciens
932 5079 947 5125 ;
980 5061 1036 5115 in
1077 5077 1164 5115 me
1193 5060 1328 5132 quin
1361 5075 1605 5132 paupere
1630 5060 1756 5129 jura

230 5157 548 5212 Constricto
577 5157 724 5212 vitiis
752 5156 927 5231 fragili
961 5155 1066 5210 sub
1093 5155 1276 5210 carnis
1305 5155 1527 5209 amictu.
1563 5174 1592 5206 υ

235 5249 275 5304 0
307 5249 550 5323 dignum
582 5247 774 5304 Christi
807 5247 1115 5304 fomuluml
1148 5248 1278 5302 dum
1309 5257 1526 5302 vertere
1553 5253 1707 5302 curat

236 5339 550 5410 Lapsantes
575 5339 810 5404 animas,
834 5338 1046 5409 potiora
1087 5337 1334 5408 pericula
1361 5337 1552 5402 demit,

240 5431 486 5487 Lubrica
514 5431 829 5505 linguarum
859 5431 1039 5487 bonus
1059 5429 1116 5483 in
1145 5445 1206 5484 se
1236 5428 1448 5498 spicula
1471 5427 1664 5492 demit,

241 5525 320 5581 Ne
355 5527 417 5580 in
445 5525 736 5581 Dominum
765 5525 1058 5582 commissa
1082 5539 1208 5578 reos
1236 5529 1460 5594 peccata
1491 5529 1763 5588 tenerent,

241 5619 403 5683 Quos
435 5620 656 5691 preprio
686 5619 963 5675 redimens
980 5617 1214 5674 salvavit
1239 5618 1511 5692 sanguine
1532 5617 1736 5673 Factor.

1974 4432 2334 4488 Haecsalutari
2366 4431 2514 4487 dono
2534 4431 2769 4503 captavit
2800 4431 2959 4486 herili
3029 4475 3032 4478 .

1971 4523 2103 4578 Nam
2135 4524 2326 4598 regina
2347 4509 2561 4594 potens,
2593 4529 2778 4578 tamen
2804 4522 3104 4578 infecunda
3133 4521 3354 4590 marito,

1969 4611 2184 4688 Legatis
2210 4618 2365 4686 rogat
2390 4610 2614 4666 attribui
2634 4610 2741 4665 sibi
2771 4609 2974 4686 gaudia
2995 4610 3204 4664 matris.

1973 4704 2356 4774 Expromptam
2391 4703 2596 4773 pietate
2627 4700 2791 4756 fidem
2833 4700 3171 4756 venerabilis
3193 4699 3284 4755 ille

1971 4792 2146 4845 Mente
2177 4799 2358 4857 tuens,
2382 4791 2649 4863 promittit
2677 4805 2863 4859 Opem,
2898 4789 3281 4862 promissaque
3321 4790 3591 4861 suppleas

1971 4881 2093 4935 Fert
2123 4881 2301 4937 sterili
2336 4887 2571 4951 partum,
2603 4895 2713 4934 non
2737 4878 2968 4934 inferior
2997 4879 3175 4935 Eliseo
3206 4898 3221 4944 ;

1972 4977 2177 5033 Clarior
2196 4984 2366 5049 utque
2395 4975 2498 5031 viri
2522 4975 2692 5030 virtus
2719 4975 2823 5030 hoc
2852 4975 2998 5030 clara
3031 4983 3248 5046 patratu

1963 5071 2313 5141 Splenderet,
2345 5084 2576 5140 puerum
2610 5069 2827 5139 peperit
2857 5068 3069 5142 regina,
3096 5074 3382 5140 repertum

1913 5193 1920 5198 ι
1963 5160 2231 5229 Tempora
2263 5165 2384 5228 post
2412 5165 2622 5213 mutum
2649 5173 2872 5231 gressus
2905 5173 3082 5228 neque
3112 5147 3258 5212 ferre
3289 5157 3585 5210 valentem.

1965 5250 2462 5320 Approperansque
2491 5247 2584 5301 Dei
2610 5247 2797 5304 famuli
2827 5262 2999 5318 pr0pe
3030 5245 3288 5302 culminis
3307 5260 3452 5310 oras,

1969 5334 2098 5390 Cum
2127 5335 2328 5391 misero
2355 5336 2498 5410 legat
2516 5344 2850 5390 maerentem
2878 5335 3085 5389 infante
3117 5332 3371 5388 maritum

1971 5427 2202 5484 Patrono
2233 5446 2246 5493 ;
2280 5428 2549 5498 tantisper
2569 5442 2668 5482 eos
2689 5427 2846 5496 jubet
2866 5427 2957 5482 ille
2985 5441 3208 5481 manere

1969 5522 2107 5576 Dum
2138 5520 2356 5576 Domini
2385 5528 2536 5593 petat
2562 5521 2822 5576 auxilium
2857 5519 3052 5591 :petit,
3091 5519 3314 5590 accipit,
3329 5518 3412 5575 ori

1972 5613 2164 5670 Sermo
2193 5613 2353 5672 datur
2380 5615 2558 5686 pueri,
2589 5613 2808 5670 discunt
2833 5611 3092 5670 incedere
3119 5612 3340 5684 planta.
