3962 6140
437 210 543 266 579

435 342 626 412 Fitque
654 341 777 411 pius
798 339 984 395 senior
1009 339 1166 410 pueri
1192 337 1432 394 director
1445 345 1500 393 et
1529 347 1697 405 actor,

434 436 683 492 Ofﬁcium
715 435 843 488 dum
863 432 1069 502 praebet
1097 431 1146 485 ei
1181 431 1491 505 linguaeque
1521 434 1858 504 pedumque,

433 529 617 597 Cujus,
646 542 769 582 cum
798 523 1021 596 quando
1043 522 1281 578 obtinuit
1329 531 1487 597 pater
1514 525 1725 582 exstitit
1751 526 1905 592 olim,

508 616 698 671 Clausa
722 615 807 670 vir
827 614 1086 689 egregius
1115 620 1367 670 scrutans
1397 631 1596 672 arcana
1619 616 1863 683 videbat,

436 705 594 760 Nulla
620 704 842 760 domum
872 705 1032 772 cujus
1061 706 1260 762 mulier
1283 714 1575 778 penetrare
1608 707 1842 764 solebat.

435 797 594 852 Forte
623 796 725 852 fuit
754 798 1004 869 quaedam
1028 799 1258 870 cupiens
1289 800 1529 856 invisere
1549 809 1749 864 vatem,

433 888 750 960 Militiwque
779 889 926 944 viros
957 891 1078 962 ejus
1107 890 1379 947 habitacla
1410 899 1664 964 petentes

433 979 639 1043 Cernit,
668 991 724 1039 et
753 983 1025 1054 arripiens
1051 983 1297 1039 habitum
1329 992 1536 1040 mutata
1553 985 1765 1040 virilem

433 1070 694 1126 Militibus
722 1073 979 1128 comitata
1006 1073 1154 1127 subit
1182 1089 1344 1128 secus
1377 1074 1516 1128 ostia
1544 1073 1738 1128 sancti.

433 1162 646 1218 Limina
673 1179 785 1219 non
817 1163 1028 1218 audens
1053 1163 1233 1218 vetitae
1262 1162 1404 1234 pede
1435 1169 1659 1236 tangere
1682 1162 1834 1217 cellae

431 1252 818 1310 Conservanda
848 1252 983 1322 petit
1011 1251 1270 1308 comitum
1283 1253 1535 1321 jumenta
1567 1269 1581 1318 ;
1613 1252 1888 1307 sinuntur.

436 1349 722 1403 lntroeunt
761 1348 919 1415 socii,
951 1348 1466 1421 benedicunturque
1487 1349 1634 1404 beati

396 1461 408 1478 ι
431 1437 532 1492 Ore
562 1440 662 1494 viri
688 1457 702 1504 ;
732 1439 963 1509 posthac
986 1439 1061 1494 ait
1100 1438 1189 1493 ille
1223 1455 1236 1492 :
1268 1459 1294 1490 α
1325 1439 1608 1494 Remansit

429 1531 671 1598 Quilibet
699 1537 825 1585 ante
844 1529 1010 1596 fores,
1044 1547 1108 1586 ex
1140 1546 1229 1586 me
1255 1531 1343 1585 cui
1368 1530 1495 1585 talia
1525 1529 1663 1585 ferte
1688 1548 1701 1584 :

426 1615 546 1671 Noli
575 1617 775 1678 vexari.
802 1617 944 1672 intro
972 1618 1171 1688 pedem
1204 1634 1386 1689 neque
1408 1618 1586 1692 dirige
1618 1618 1810 1672 Christi

425 1708 620 1764 Contra
647 1710 996 1780 dispositum,
1030 1710 1172 1765 servi
1197 1709 1328 1765 fidei
1389 1711 1525 1782 [cod.
1552 1711 1586 1765 2
1613 1710 1752 1783 fieri]
1785 1713 1902 1782 ipse
1933 1713 2044 1766 mi-

1756 1801 1972 1872 [sertus.

425 1889 667 1962 Namque
699 1890 779 1945 tui
808 1891 1090 1946 cernendo
1123 1890 1287 1947 fidem
1320 1893 1584 1948 Dominus
1621 1894 1816 1965 probat
1847 1894 2036 1950 altus.»

429 1982 644 2056 Egressi
675 1982 932 2037 comitem
963 1984 1166 2054 pandat
1197 2001 1304 2055 quo
1332 2001 1460 2039 vera
1490 1993 1786 2056 precantur
1815 2004 1830 2051 ;

421 2070 610 2124 Prodit
638 2085 695 2124 se
727 2070 953 2137 sociam,
985 2072 1168 2126 socius
1198 2072 1401 2144 quibus
1431 2081 1562 2128 ante
1594 2081 1835 2145 putatus,

423 2159 576 2213 Talia
602 2165 784 2214 mente
810 2160 911 2214 viri
936 2176 1107 2231 quare
1140 2165 1552 2234 praesumpserit
1575 2164 1808 2220 addens.

420 2247 657 2302 Auribus
692 2250 808 2304 haec
838 2249 918 2302 illi
949 2250 1188 2320 stupidis
1219 2251 1516 2326 animoque
1545 2254 1823 2308 trahentes

421 2339 773 2414 Magniﬁcam
803 2342 1049 2406 Domini,
1081 2355 1413 2400 venerantes
1440 2361 1690 2413 munera,
1722 2362 1960 2402 servum.

422 2432 633 2487 Funera
654 2439 778 2503 post
803 2433 960 2501 cujus
991 2435 1241 2505 quaedam
1275 2442 1544 2493 temerare
1574 2446 1829 2509 protervo

423 2529 662 2584 Claustra
693 2541 887 2601 petens
918 2547 1075 2593 ausu,
1106 2532 1273 2587 vetita
1297 2539 1357 2587 ut
1387 2534 1530 2603 pede
1559 2534 1760 2590 limina
1775 2536 1972 2610 tangit,

423 2620 586 2675 Retro
603 2620 762 2691 plexa
779 2622 908 2688 ruit,
926 2621 1187 2692 lethoque
1215 2623 1454 2678 coercita
1482 2625 1668 2680 cessit.

495 2709 651 2778 Saepe
677 2709 900 2780 quidem
930 2709 1162 2764 veniens
1193 2709 1450 2766 benedici
1480 2714 1649 2768 multa
1666 2715 1886 2784 petebat

419 2801 598 2856 Turba
654 2802 946 2858 hominum
1006 2818 1021 2866 ;
1078 2804 1177 2858 sed
1231 2820 1296 2859 ea
1362 2805 1556 2879 longas
1603 2806 1733 2861 dum
1790 2813 2041 2879 tempore

1712 2899 1969 2970 [quodam

425 2985 753 3055 Expectante
776 3000 959 3040 moras
981 2985 1238 3056 precibus
1259 2985 1426 3041 trahit
1452 2986 1567 3053 ille,
1609 2987 1864 3044 minister

420 3075 668 3130 innitens
696 3073 959 3148 gradibus
988 3075 1311 3130 conscendit
1332 3074 1400 3128 ad
1428 3075 1536 3129 alta
1554 3076 1863 3143 colummaa,

422 3165 531 3221 Nec
567 3181 832 3236 responsa
862 3166 1010 3237 capit
1033 3165 1298 3238 populum
1327 3167 1558 3222 solarier
1583 3183 1748 3223 orans
1778 3186 1792 3222 :

419 3257 657 3312 Vocibus
687 3257 923 3312 assiduis
950 3257 1171 3313 tandem
1201 3258 1492 3314 insistente
1510 3267 1748 3327 caterva,

425 3366 444 3394 ι
479 3344 577 3413 Ne,
603 3345 796 3400 fratres
816 3347 986 3414 chari,
1016 3347 1134 3402 sitis
1159 3347 1317 3415 mihi,
1342 3364 1550 3419 quaeso,
1586 3349 1865 3416 molesti,»

417 3441 648 3495 Sanctus
677 3440 770 3505 ait,
808 3466 832 3486 α
865 3443 1108 3498 morulas
1134 3443 1281 3514 quod
1308 3443 1467 3498 vobis
1496 3441 1664 3499 aﬁ‘ero
1688 3444 1909 3498 tardans
1933 3462 1947 3511 ;

414 3531 608 3604 Magna
634 3531 856 3602 quidem
877 3532 1030 3586 navis
1068 3548 1156 3586 me
1184 3533 1318 3586 dum
1351 3532 1624 3587 vocitabat
1653 3534 1707 3586 in
1737 3533 1868 3600 alto,

414 3620 580 3691 Cujus
607 3622 676 3675 ad
696 3612 928 3675 exitium
957 3620 1166 3675 tumida
1191 3629 1452 3696 surgente
1477 3622 1741 3692 procella,

416 3717 604 3770 Ferme
625 3720 990 3770 trecentorum
1023 3713 1294 3768 titubabat
1322 3714 1432 3768 vita
1461 3715 1701 3770 virorum
1727 3731 1741 3769 :

413 3810 591 3864 Mente
621 3809 781 3863 simul
811 3808 959 3862 sensi
989 3808 1278 3863 Dominum
1310 3825 1398 3882 me
1426 3825 1655 3880 poscere
1673 3810 1849 3880 posci,

415 3898 856 3968 Omnipotentem
886 3897 993 3951 adii
1025 3897 1190 3964 votis,
1219 3897 1310 3968 qui
1341 3898 1592 3968 protinus
1623 3898 1733 3952 illis

411 3989 784 4061 Tranquillam
811 3989 1100 4044 miseratus
1131 4004 1294 4059 opem
1313 3989 1512 4044 direxit
1540 3990 1594 4043 in
1626 3989 1863 4044 undas.»

412 4081 649 4146 Dixerat,
681 4088 736 4135 et
765 4079 1024 4150 precibus
1053 4079 1234 4132 ditans
1255 4079 1308 4132 in
1337 4095 1473 4148 pace
1504 4078 1812 4133 remittens.

410 4175 448 4227 Ο
487 4189 645 4228 mens
673 4171 780 4226 alta
807 4171 929 4236 viri,
958 4171 1074 4242 qui,
1108 4171 1328 4224 domate
1358 4175 1546 4240 septus
1581 4170 1637 4223 in
1675 4179 1846 4238 arcto,

410 4265 589 4320 Mente
615 4263 779 4317 maris
805 4263 934 4316 dum
967 4263 1159 4315 lustrat
1180 4276 1370 4330 aquas,
1401 4260 1769 4330 praesentibus
1791 4268 1952 4329 astat,

406 4355 643 4429 Turgida
672 4354 974 4410 concilians
1004 4351 1326 4406 absentibus
1355 4367 1577 4424 mquora
1607 4369 1850 4423 praesens
1882 4372 1897 4420 ;

409 4447 648 4518 Spiritus
678 4459 1016 4516 exsuperans
1043 4457 1265 4498 carnem
1292 4442 1585 4513 praesentia
1614 4440 1819 4510 differt,

406 4533 834 4604 Transvaditque
864 4533 1040 4588 solum
1081 4531 1354 4587 tribulatis
1388 4538 1674 4604 promptus
1695 4531 1911 4587 adesse.

409 4622 581 4678 Carne
602 4623 731 4678 licet
755 4621 1015 4696 gravidus
1043 4620 1186 4676 liber
1201 4621 1313 4691 jam
1337 4620 1510 4677 fertur
1534 4622 1590 4676 in
1613 4622 1824 4676 orbem.

410 4719 546 4795 Ergo
574 4733 782 4794 negans
806 4733 916 4773 non
941 4716 1259 4788 spernendo
1291 4718 1655 4789 praesentibus
1694 4733 1876 4787 aures,

405 4815 572 4864 Aures
601 4825 710 4881 quo
741 4825 986 4881 praesens
1006 4825 1117 4864 non
1139 4811 1473 4866 cernebatur
1493 4809 1734 4865 habebat
1762 4827 1776 4875 ;

403 4903 666 4958 Nimirum
695 4903 926 4959 Domino
951 4903 1177 4972 junctus
1206 4903 1622 4958 transcenderat
1649 4904 1779 4958 ima.

473 4993 569 5047 Hic
587 4993 872 5067 regionem
907 4993 1068 5046 istam
1103 4992 1226 5062 pius
1255 4999 1317 5047 ut
1347 5002 1611 5063 patronus
1640 4993 1844 5060 alebat,

400 5083 697 5138 Pestiferos
725 5097 1016 5140 removens
1046 5080 1272 5136 morbos
1301 5081 1597 5153 cladesque
1621 5082 1900 5154 repellens
1928 5098 1942 5147 ;

400 5174 532 5228 Nam
565 5174 780 5229 telluris
807 5188 967 5247 agros
995 5182 1181 5228 motus
1211 5173 1496 5244 quatiebat
1522 5181 1575 5229 et
1602 5175 1751 5230 aedes

405 5265 502 5319 llic
528 5265 806 5335 quondam
823 5261 1028 5334 pariter
1039 5269 1296 5318 sternens
1318 5264 1680 5338 hominesque
1693 5266 2026 5355 domosque,

400 5355 558 5410 Cives
576 5355 943 5430 agricolaeque
969 5355 1141 5410 simul
1162 5371 1271 5427 qua
1298 5363 1452 5427 peste
1483 5359 1659 5413 coacti

399 5445 713 5502 Praesidium
747 5455 998 5518 quierunt
1020 5447 1192 5502 Patris
1209 5447 1448 5503 sublime
1477 5447 1646 5504 beati.

397 5537 492 5591 lllc
525 5535 620 5591 Dei
643 5535 856 5608 liquido
884 5536 1242 5592 venientibus
1273 5536 1522 5609 undique
1552 5535 1731 5593 turbis

399 5626 530 5683 Esse
560 5628 738 5700 aperit
775 5628 1000 5704 dignam
1017 5627 1231 5686 meritis
1259 5626 1599 5685 facientibus
1641 5629 1799 5698 iram,

1177 207 1544 266 FLODOARDI
1583 208 1888 266 CANONICI
1929 207 2260 266 REMENSIS
2299 210 2638 268 OPUSCULA
2681 212 2987 270 METRICA.

3664 218 3763 274 580

2090 343 2134 409 Α
2165 338 2296 394 Cum
2324 346 2476 395 tanto
2507 341 2562 396 in
2589 343 2798 414 populo
2830 341 3038 398 faciens
3060 342 3205 398 bona
3231 344 3316 400 vix
3339 344 3482 400 foret
3508 362 3652 400 unus
3682 363 3697 409 ;

2164 436 2683 510 Suggeritctsecum
2717 438 2971 499 precibus
3000 439 3361 510 procumbere
3393 441 3636 511 plebem.

2161 527 2296 594 Una,
2325 544 2434 584 non
2465 529 2624 599 parili
2650 529 2869 597 merito,
2891 546 3026 586 voce
3052 532 3257 586 mthera
3284 531 3524 602 pulsant.

2161 616 2220 671 Et
2243 617 2513 672 Christum
2546 619 2751 689 pariter
2775 621 3069 675 summissa
3085 629 3272 676 mente
3298 630 3609 692 precantur,

2157 707 2264 764 Sed
2288 709 2412 781 quis
2437 726 2561 765 eum
2581 711 2774 786 digno,
2807 727 2946 783 puro
2976 713 3102 784 qnis
3121 714 3292 770 corde
3319 725 3560 789 rogaret,

2156 800 2365 856 Arcano
2398 802 2663 857 Dominus
2693 802 2899 858 famulo
2937 819 3195 860 sermone
3235 806 3461 872 revelat,

2157 890 2349 946 Pandit
2374 901 2427 948 et
2454 893 2498 947 is
2533 895 2738 964 populo
2767 895 2912 966 quod
2947 896 3016 950 de
3047 903 3126 951 tot
3157 896 3586 952 millibusunum

2153 983 2402 1040 Audierit
2431 986 2693 1042 Dominus
2717 1004 2928 1054 secum,
2955 1003 3274 1060 nomenque
3295 987 3497 1046 fatetur

2149 1073 2436 1147 Agricolae,
2469 1076 2813 1148 accersitque
2838 1079 3037 1140 virum,
3069 1079 3346 1151 vitamque
3380 1087 3632 1150 precatur

2148 1161 2354 1228 Edicat,
2389 1163 2585 1235 reliqui
2616 1171 2676 1219 ut
2706 1165 2905 1221 factum
2950 1167 3324 1239 meritumque
3363 1177 3691 1240 sequantur.

2152 1248 2220 1303 Se
2249 1251 2345 1304 sed
2378 1251 2466 1306 hic
2495 1252 2786 1328 indignum
2817 1262 3279 1328 peccatoremque
3319 1258 3524 1313 referre

2143 1341 2359 1398 Perstat
2398 1361 2413 1408 ;
2445 1352 2504 1400 ut
2531 1348 2844 1418 exemplum
2867 1348 3074 1404 tribuat
3101 1348 3322 1406 virtutis
3350 1352 3578 1418 amicus,

2145 1433 2222 1488 Ne
2253 1441 2458 1489 tectum
2489 1437 2699 1492 celetur
2736 1453 2877 1508 opus
2907 1439 3110 1493 bonum
3142 1447 3197 1494 et
3227 1441 3365 1495 utile
3396 1441 3605 1507 multis,

2147 1526 2422 1586 Cultorem
2463 1529 2779 1599 compulsus
2807 1531 2922 1604 agri
2955 1546 3014 1585 se
3047 1530 3257 1603 detegit
3287 1532 3400 1596 ille,

2070 1656 2120 1724 Β
2147 1622 2362 1692 Resque
2396 1621 2666 1690 tripertito
2696 1621 3011 1694 sejungere,
3046 1622 3496 1693 pauperibusque

2146 1713 2304 1767 Parte
2335 1713 2481 1778 data,
2514 1711 2649 1767 ﬁsco
2680 1719 2910 1783 partem,
2943 1713 3048 1768 sibi
3079 1720 3276 1768 caetera
3297 1714 3518 1781 subdat,

2148 1801 2373 1856 Enitens
2390 1802 2554 1856 rebus
2583 1802 2822 1873 propriis
2843 1809 3137 1857 contentus
3163 1803 3373 1871 haberi,

2145 1889 2396 1944 Reddere
2427 1906 2550 1961 qua
2576 1890 2795 1945 Domini
2826 1891 3226 1962 Domino,quze
3267 1891 3495 1946 Caesaris
3537 1891 3643 1962 ipsi
3678 1910 3691 1941 τ

2144 1982 2396 2037 Tendere
2427 1999 2710 2054 nunquam
2742 1983 2840 2038 ulli
2863 1983 3112 2047 insidias,
3145 1985 3392 2056 nullique
3426 2001 3663 2052 nocere;

2127 2073 2385 2128 Fratrem
2445 2090 2724 2147 quemque
2773 2091 2932 2130 suum
3001 2075 3058 2129 in
3143 2074 3353 2130 Christo
3421 2091 3524 2130 ceu
3582 2083 3752 2131 semet

3473 2165 3693 2235 [amare

2143 2253 2342 2308 Audito
2369 2253 2472 2308 hoc
2497 2253 2646 2308 cives
2672 2252 2939 2308 humilem
2969 2262 3321 2320 venerantur,
3351 2254 3626 2310 honorant

2146 2346 2485 2412 Ruriculam,
2516 2347 2883 2418 meritumque
2911 2348 2987 2418 pii
3018 2348 3293 2402 Simeonis
3318 2348 3574 2413 adorant,

2146 2438 2249 2494 Per
2270 2437 2524 2512 geminos
2552 2438 2687 2493 istos
2706 2431 2944 2494 instanti
2972 2456 3005 2493 a
3033 2447 3210 2494 morte
3251 2440 3478 2506 revulsi,

2144 2529 2298 2596 Quod
2327 2544 2436 2583 non
2467 2529 2814 2599 spondentur
2841 2529 3095 2584 Sodomis
3133 2529 3385 2584 conferre
3422 2531 3644 2584 noveni.

2217 2620 2367 2675 Hunc
2397 2620 2619 2675 charum
2649 2618 2914 2674 Dominus
2943 2617 3206 2673 famulum
3235 2620 3473 2690 protexit
3517 2619 3584 2672 ab
3606 2618 3744 2673 omni

2144 2713 2326 2775 Hoste,
2371 2721 2568 2768 notans
2593 2713 2741 2784 quod
2773 2712 2817 2766 si
2849 2712 2973 2782 quis
3002 2712 3052 2766 ei
3091 2712 3236 2766 mala
3267 2711 3408 2766 ferre
3449 2719 3678 2782 pararet,

2141 2804 2202 2859 In
2238 2803 2525 2860 Dominum
2555 2811 2829 2875 peccaret,
2863 2804 2992 2858 dum
3021 2803 3300 2875 tangendo
3329 2803 3595 2857 nitentem

2143 2893 2478 2965 Conspectus
2507 2894 2724 2949 Domini
2760 2893 3026 2965 pupillam
3062 2899 3310 2966 tangeret
3337 2891 3452 2946 alti.

2141 2983 2368 3047 Quidam
2401 2999 2605 3053 nempe
2634 2982 2805 3050 ferox,
2837 2998 2981 3038 saevo
3008 2982 3305 3055 instigante
3345 2981 3608 3047 dracone,

2064 3070 2114 3138 C
2135 3074 2442 3130 Almiﬁcum
2469 3075 2606 3129 diris
2636 3075 2918 3146 praesumit
2943 3089 3171 3144 carpere
3203 3072 3383 3136 dictis,

2135 3165 2287 3219 Hunc
2310 3164 2658 3219 seductorem
2685 3179 2996 3218 memorans
3023 3171 3079 3217 et
3109 3161 3301 3216 fallere
3328 3161 3540 3225 turbas,

2134 3257 2446 3328 Militiaeque
2478 3262 2675 3327 potens
2702 3255 2926 3310 sibimet
2956 3253 3220 3308 mandare
3251 3253 3570 3327 magistrum

2131 3345 2301 3400 Vadat
2330 3354 2385 3402 et
2409 3346 2556 3400 hunc
2584 3361 2791 3400 vexans
2820 3345 3063 3414 deponat
3093 3343 3161 3397 ab
3189 3358 3317 3397 arce
3346 3342 3635 3396 columnae.

2133 3434 2441 3488 Permissus
2470 3441 2726 3505 properat
2748 3434 3042 3504 sociosque
3072 3432 3291 3488 asciscit
3321 3439 3376 3487 et
3399 3433 3539 3487 altas

2127 3528 2423 3598 Appellunt
2448 3528 2622 3582 scalas
2655 3544 2668 3591 ;
2701 3526 2966 3602 gradibus
2996 3525 3374 3580 conscendere
3404 3525 3556 3579 nisus

2129 3614 2341 3680 Infelix,
2365 3631 2529 3687 quem
2563 3630 2924 3670 conscensum
2955 3613 3098 3667 mala
3126 3623 3250 3669 vota
3279 3613 3557 3687 negabant
3590 3631 3602 3665 :

2124 3708 2362 3780 Tresque
2385 3709 2589 3782 gradus
2614 3707 2888 3762 scandens
2916 3714 3290 3778 superaverat,
3334 3721 3464 3762 ecce
3525 3713 3731 3760 remotae
3793 3735 3802 3742 -

2133 3799 2192 3853 Vi
2223 3816 2424 3870 supera
2453 3799 2614 3855 scala;
2651 3800 2837 3854 subito
2868 3799 3075 3870 liquere
3099 3797 3410 3854 columnam
3447 3816 3472 3864 ς

2134 3889 2196 3943 Et
2221 3888 2389 3943 miser
2415 3905 2696 3960 appensus
2726 3890 2886 3952 coelo,
2921 3897 3174 3959 terraque
3207 3903 3464 3958 perosus,

2131 3980 2395 4045 Quattuor
2434 3987 2492 4036 ut
2523 3980 2724 4036 cubitis
2755 3980 2931 4035 elatus
2961 3996 3085 4034 rure
3115 3978 3404 4050 pependit.

2132 4070 2268 4125 Ecce
2299 4069 2487 4126 furens
2515 4069 2730 4124 animos
2759 4076 2963 4124 caecato
2993 4068 3160 4124 corde
3183 4067 3400 4122 feroces

2129 4161 2368 4223 Extollit.
2405 4163 2769 4234 pharetraque
2797 4161 2941 4233 rapit
2971 4161 3256 4232 pendente
3294 4160 3574 4228 sagittam,

2131 4251 2453 4324 Lunatoque
2485 4268 2612 4307 arcu
2642 4251 2816 4306 nisam
2850 4251 2940 4323 pia
2969 4251 3216 4305 membra
3236 4249 3416 4305 forare
3449 4267 3463 4315 ;

2133 4348 2217 4402 Ira
2268 4361 2507 4418 superna
2564 4362 2788 4401 manum
2856 4344 2982 4401 ferit
3040 4362 3053 4398 :
3106 4344 3252 4400 haud
3302 4359 3457 4400 mora
3498 4341 3735 4415 plectitur

3462 4433 3640 4505 [arens
3657 4449 3670 4497 ;

2125 4529 2371 4600 Hincque
2394 4529 2540 4584 ferus
2569 4529 2876 4604 chiragram
2906 4528 3112 4600 patitur
3133 4528 3454 4600 rapiturque
3481 4526 3728 4600 podagra.

2122 4621 2311 4677 Officio
2341 4637 2604 4677 mannum
2634 4629 2954 4677 monstrans
2993 4635 3253 4692 peccasse
3281 4619 3617 4690 pedumque.

2120 4712 2252 4766 Nam
2285 4711 2482 4766 Christi
2511 4720 2739 4768 conatus
2765 4711 2861 4767 ubi
2891 4719 3244 4783 prosternere
3277 4726 3503 4766 servum

2117 4807 2387 4863 Sternilur
2416 4808 2538 4879 ipse
2564 4807 2752 4874 miser,
2784 4807 2975 4863 dextra
3004 4807 3302 4862 damnante
3329 4820 3602 4878 superna.

2119 4897 2330 4952 Dudum
2352 4895 2552 4952 etenim
2586 4897 2752 4952 turris
2781 4896 2905 4952 caeli
2931 4896 3025 4968 qui
3055 4896 3202 4952 celsa
3225 4897 3469 4967 petentis

2118 4988 2428 5044 Structores
2454 4989 2602 5044 labio
2635 4988 2692 5044 in
2721 4988 2910 5043 multis
2937 4987 3174 5043 secrevit
3204 4988 3273 5042 ab
3298 5003 3432 5052 uno,

2121 5078 2472 5150 Ascensuque
2502 5077 2616 5149 poli
2655 5077 2915 5151 indignos
2953 5077 3250 5133 summovit
3279 5077 3509 5148 inepto;

2059 5181 2071 5193 '
2131 5169 2252 5240 lpse
2281 5177 2491 5224 trucem
2532 5183 2826 5223 removens
2873 5167 3224 5238 praesumptis
3271 5167 3506 5238 perculit
3530 5164 3718 5219 hostem

2130 5263 2418 5318 Gressibus
2447 5263 2725 5318 excelsum
2760 5261 2975 5316 Domini
3006 5277 3208 5316 vexare
3227 5269 3531 5332 parantem,

2131 5352 2414 5426 Indignus,
2456 5350 2716 5406 famulum
2747 5349 2874 5404 cceli
2904 5357 3117 5405 secreta
3145 5350 3444 5416 colentem,

2197 5443 2261 5497 At
2286 5448 2509 5498 sanctus
2537 5439 2755 5496 Domini
2780 5447 3070 5512 postquam
3097 5440 3448 5512 perpluribus
3465 5437 3615 5493 annis

2117 5537 2280 5592 Fixus
2310 5550 2495 5592 amore
2527 5534 2622 5590 Dei
2648 5534 2800 5589 celsa
2837 5535 2989 5590 stetit
3017 5535 3163 5590 altus
3196 5535 3251 5590 in
3283 5550 3430 5601 arce,

2119 5629 2406 5699 Nunquam
2439 5625 2770 5682 intermissis
2801 5626 3080 5697 precibus,
3105 5625 3334 5696 demum
3355 5625 3444 5697 pia
3470 5622 3588 5679 felix

2048 4396 2108 4466 D
