3962 6140
205 284 299 340 581
689 286 702 319 τ’
728 281 811 337 DE
850 239 1214 338 TRIUMPIIIS
1257 281 1518 339 CHRISTI
1560 283 1935 340 ANTIOCHIE
1974 284 2202 340 GESTIS
2245 284 2424 340 LIBRI
2464 287 2616 343 DUO.
2661 319 2726 329 —
2769 289 2895 346 LIB.
2940 291 3008 346 ιι.
3427 297 3534 353 582

204 414 350 468 lnter
366 411 531 466 verba
553 425 774 482 precum
819 410 946 466 cali
964 418 1178 466 secreta
1202 411 1412 483 petivit.

209 503 471 557 Intentam
498 501 654 556 cielis
673 502 912 555 animam
935 503 1002 555 ad
1031 502 1279 557 calestia
1303 503 1528 558 mittens

205 595 440 650 Cernere
469 594 824 649 scandentem
856 610 956 666 per
981 604 1232 666 tempora
1257 595 1422 670 longa
1449 596 1718 666 cupitum,

208 686 266 740 Et
295 687 439 742 locat
467 685 733 752 atherea,
759 685 923 741 satiat
951 702 1115 758 quam
1146 686 1321 760 gratia
1349 687 1536 760 Regis,

208 777 269 832 Et
293 776 438 833 locat
464 775 704 832 atherea
733 776 952 847 superis
982 792 1106 832 cum
1139 775 1374 832 eatibus
1403 776 1528 832 aula
1553 777 1753 848 (167⁸).

209 865 476 921 Illustrata
515 864 637 920 dies
670 865 902 936 posthac
932 863 1062 920 dum
1096 865 1254 920 tertia
1283 864 1458 938 fulget

209 956 381 1020 Quam
415 954 610 1010 Christi
639 953 845 1010 celebri
877 954 1076 1009 colitur
1099 953 1367 1010 surrectio
1389 954 1559 1010 cultu.

212 1046 575 1115 Exspectante
608 1042 701 1097 diu
729 1041 986 1097 benedici
1015 1042 1180 1113 plebe
1209 1053 1454 1116 gregata,

209 1137 386 1192 Patris
413 1136 680 1192 sollicitus
709 1151 842 1192 cura
867 1136 1192 1191 conscendit
1218 1136 1275 1190 in
1303 1152 1505 1202 arcem,

209 1227 540 1292 Antoninus,
571 1234 626 1281 et
656 1225 904 1280 innixum
937 1227 1078 1281 votis
1109 1234 1282 1293 ratus,
1317 1235 1456 1281 astat

211 1319 484 1381 Attentus,
510 1314 847 1386 tandemque
865 1331 1089 1383 vocans,
1113 1317 1283 1372 multa
1308 1325 1364 1370 et
1383 1331 1548 1387 prece
1583 1330 1838 1387 poscens,

212 1411 349 1466 Dum
373 1411 485 1479 jam
512 1408 664 1464 nulla
683 1408 1064 1480 rependuntur
1091 1423 1356 1479 responsa
1396 1409 1628 1478 petenti,

213 1505 358 1558 Aure
385 1518 489 1558 nec
509 1502 744 1557 assumit
760 1501 1062 1574 spiramina
1093 1508 1224 1556 nota
1246 1501 1521 1569 minister,

214 1593 348 1647 Sese
378 1608 618 1647 cernuus
643 1592 919 1647 inclinans
945 1591 1028 1646 ori
1068 1591 1307 1662 applicat
1346 1608 1558 1656 aurem,

216 1684 463 1738 Flamine
489 1699 589 1754 pro
616 1683 742 1739 vita
773 1683 911 1738 nihil
947 1682 1037 1738 hic
1067 1681 1175 1736 nisi
1205 1692 1450 1737 aromata
1471 1681 1659 1748 sentit,

215 1779 451 1834 Nectare
480 1778 786 1854 fragrantes
815 1787 870 1834 et
896 1794 1028 1833 nare
1060 1777 1298 1849 capessit
1317 1778 1519 1834 odores

218 1868 435 1924 Funere
461 1870 739 1939 spirantes
766 1868 998 1939 ejusque
1021 1866 1244 1921 ﬂamine
1277 1867 1471 1922 Christi

219 1959 349 2016 Late
380 1976 711 2035 respergens
741 1960 878 2016 odor
917 1959 1152 2030 inclytus
1178 1959 1387 2014 exstitit
1415 1959 1619 2014 athra.

214 2051 530 2124 Discipulus
556 2065 792 2106 cernens
819 2049 1103 2105 hominem
1136 2049 1285 2120 quod
1313 2049 1540 2120 liquerit
1568 2049 1734 2103 imum

209 2144 390 2200 Mistis
418 2144 583 2216 longa
611 2141 779 2196 trahit
809 2140 1066 2212 lacrymis
1103 2140 1342 2212 suspiria
1369 2139 1558 2206 corde,

209 2239 383 2295 Multa
409 2253 651 2310 querens
675 2236 998 2311 gemituque
1028 2236 1266 2290 animam
1297 2235 1586 2291 confectus
1618 2233 1839 2289 anhelo.

211 2332 351 2387 Dum
387 2332 589 2386 laetum
619 2329 928 2405 ingeminat
953 2335 1141 2399 raptus
1167 2327 1448 2383 mulcente
1477 2343 1700 2399 sepore,

212 2415 446 2486 Sapitus
466 2417 650 2473 subito
674 2418 799 2486 jura
828 2433 995 2472 manu
1021 2418 1159 2488 (sic),
1192 2417 1390 2472 virtute
1419 2433 1681 2488 superna,

215 2509 298 2563 En
333 2509 510 2563 Patris
539 2525 664 2564 orsa
693 2509 840 2580 capit
866 2509 1090 2564 monitis
1116 2508 1223 2563 sibi
1258 2509 1386 2564 talia
1427 2509 1647 2565 dantis:

217 2626 241 2647 -
288 2599 368 2654 Ne
399 2606 632 2664 metuas,
655 2607 861 2674 gratam
895 2616 1074 2672 neque
1095 2601 1244 2654 enim
1269 2600 1487 2656 dimitto
1511 2600 1844 2666 columnam,

219 2690 478 2745 Culmina
505 2705 610 2745 nec
637 2690 843 2746 montis
873 2689 1118 2761 linquam
1150 2675 1260 2762 qua
1291 2689 1499 2744 lumina
1524 2688 1647 2743 vita

221 2783 454 2838 Certans
477 2781 725 2847 obtinui;
755 2781 1055 2849 descende,
1086 2781 1548 2853 satisfaciensque

219 2873 378 2928 Plebi
411 2873 753 2944 exspectanti
782 2875 850 2928 de
879 2889 990 2940 me,
1013 2873 1094 2928 sic
1123 2872 1306 2943 perfer
1336 2872 1391 2927 in
1413 2873 1605 2927 urbem

218 2967 447 3031 Nuntia,
483 2965 622 3021 clam
642 2966 820 3021 maesti
840 2964 932 3020 ﬁat
953 2981 1022 3019 ne
1043 2965 1203 3020 turba
1222 2966 1493 3020 tumultus
1514 2982 1529 3032 ;

221 3059 474 3130 Namque
498 3073 603 3130 ego
634 3058 784 3129 quod
807 3057 1042 3114 Domino
1063 3057 1270 3128 placuit
1292 3056 1407 3126 jam
1435 3056 1546 3114 ﬁne
1568 3057 1781 3130 quievi,

223 3149 263 3205 Ο
294 3149 521 3220 plenam
551 3149 748 3204 virtute
777 3149 1015 3202 animam
1044 3145 1438 3219 nequefunere
1457 3145 1685 3202 victam!

221 3235 495 3292 Aﬁ'ectum
525 3237 750 3307 planctu
774 3234 1036 3290 famulum
1058 3234 1376 3306 fessumque
1406 3235 1642 3292 levando

226 3329 428 3383 Visitat
455 3327 861 3382 inconsolatum
894 3341 965 3380 ne
993 3325 1206 3396 linquat
1235 3326 1542 3391 alumnum,

224 3419 292 3473 Et
320 3432 568 3489 quonam
596 3415 718 3486 ipse
743 3415 905 3470 docet
932 3421 1041 3469 ritu
1071 3429 1171 3468 sua
1196 3412 1391 3469 funera
1407 3422 1580 3470 curet.

225 3509 604 3578 Experrectus
633 3506 798 3560 homo
829 3503 1106 3558 Christum
1138 3502 1453 3574 pavefactus
1469 3502 1682 3568 adorat,

227 3600 587 3674 Pigneraque
607 3603 880 3652 attentans
901 3612 932 3650 e
954 3610 1184 3667 corpore
1214 3611 1442 3666 carpere
1469 3609 1647 3661 sacro,

223 3693 370 3748 Ecce
397 3697 630 3762 repente
663 3689 815 3745 videt
837 3688 1083 3764 gelidum
1105 3687 1402 3743 tremuisse
1427 3687 1685 3755 cadaver,

219 3784 301 3837 Ac
331 3796 461 3835 sese
488 3780 712 3851 penitus
736 3779 840 3835 hoc
863 3777 1228 3832 absterrerier
1265 3792 1436 3842 ausu;

217 3874 350 3938 Quo
381 3872 556 3927 misso
586 3870 754 3926 celeri
780 3870 1069 3925 descendit
1095 3869 1164 3923 ab
1193 3884 1320 3924 arce
1346 3883 1633 3944 regressu;

226 3966 496 4026 Pontiﬁci
530 3966 747 4021 fratrem
782 3975 893 4021 tum
922 3965 1113 4040 dirigit
1139 3963 1485 4020 Antiocheno

229 4059 415 4124 Quem
449 4055 648 4128 probat
684 4055 991 4130 egregium,
1023 4054 1117 4126 qui
1148 4054 1368 4109 caelitus
1391 4053 1704 4122 irradiatus,

232 4147 482 4203 Cernere
513 4151 630 4199 erat
655 4144 851 4200 solitus
878 4142 1106 4198 secretis
1133 4142 1306 4196 multa
1335 4142 1654 4213 loquentem

232 4242 379 4297 Cum
409 4239 673 4295 Simeone
701 4237 872 4305 horis,
901 4237 1178 4309 praclara
1205 4237 1372 4292 vestis
1398 4236 1599 4292 amictu

233 4332 652 4406 Splendentem
683 4331 847 4386 niveo
876 4329 1100 4385 rutilum
1131 4344 1233 4385 ceu
1260 4327 1442 4404 fulgor
1463 4329 1726 4384 amicum.

233 4426 497 4481 Crastina
526 4423 616 4478 lux
646 4439 806 4478 roseo
839 4422 1106 4477 lustrabat
1135 4421 1346 4476 lumine
1372 4427 1570 4485 terras,

231 4514 691 4585 Prasulibusque
721 4512 826 4566 sibi
849 4511 1060 4580 junctis
1087 4511 1261 4566 tribus
1291 4510 1669 4565 Antiochenus

227 4613 608 4682 Approperat,
648 4605 820 4660 tensis
849 4605 994 4660 circa
1021 4603 1323 4675 deponitur
1345 4603 1456 4658 alta

229 4700 450 4757 Aulais
477 4713 610 4753 auro
641 4696 937 4768 pretiosius
957 4711 1082 4751 arce
1116 4694 1358 4760 monile;

229 4795 336 4847 Ast
364 4790 462 4845 ubi
491 4789 763 4862 contigua
784 4802 983 4858 corpus
1012 4786 1320 4840 devertitur
1351 4799 1476 4850 ara,

236 4886 458 4942 Cuncta
489 4883 544 4936 in
576 4881 804 4936 circuitu
847 4879 1053 4935 nebula
1084 4879 1369 4950 replentur
1392 4891 1588 4948 opaca,

237 4981 314 5035 Ut
331 4994 396 5032 se
427 4982 752 5047 prasentem
780 4973 1046 5030 Dominus
1073 4977 1405 5027 monstraret
1431 4970 1625 5024 adesse

232 5071 422 5135 Quem
447 5073 649 5120 tectum
677 5063 882 5118 nebula
912 5062 1048 5132 petit
1075 5078 1106 5116 e
1133 5060 1372 5135 caligine
1398 5059 1632 5129 Moyses,

235 5159 312 5213 ει
342 5153 784 5210 Salomoniacam
818 5151 1020 5206 nebula
1051 5150 1146 5221 qui
1194 5150 1517 5220 impleverat
1547 5148 1725 5202 aulam

235 5242 552 5302 Pontiﬁces
577 5257 758 5296 arcam
791 5238 1074 5294 cherubim
1106 5239 1236 5292 dum
1271 5235 1498 5290 sedibus
1518 5242 1710 5306 aptant

237 5336 433 5404 thue
473 5330 800 5402 probaretur
831 5329 1014 5400 potius
1042 5325 1334 5398 prasentia
1365 5324 1566 5378 summi

239 5423 415 5478 Certa
446 5420 567 5486 Dei,
593 5419 766 5474 cales
793 5418 942 5474 cultu
970 5415 1218 5470 radiante
1247 5413 1530 5480 renidens,

243 5516 389 5571 Cum
417 5512 569 5567 visus
593 5517 804 5582 septem
834 5507 1152 5564 senioribus
1186 5505 1370 5561 abdita
1399 5505 1564 5560 ferre.

244 5605 408 5676 Papa
434 5618 606 5658 sacra
635 5610 782 5656 setas
809 5599 1042 5671 cupiens
1058 5598 1359 5668 decerpere
1388 5594 1598 5662 barba,

338 5761 480 5833 (167)
510 5761 601 5816 Sic
630 5758 805 5816 codex
826 5763 1070 5828 uterque.

1847 419 1897 484 Α
1924 411 2337 484 Nazareumque
2360 413 2485 484 pilis
2513 415 2744 471 Domino
2772 419 2980 473 nndare
3007 419 3252 488 sacratis,

1927 507 1991 562 Ut
2019 507 2262 561 dextram
2293 506 2360 560 ad
2384 509 2682 562 metuenda
2711 509 2852 575 tulit,
2883 512 2999 566 hac
3028 512 3181 568 arida
3210 516 3398 582 cessit,

1925 595 2038 651 Nec
2063 595 2208 649 valet
2237 595 2328 650 hic
2358 596 2500 650 votis
2529 597 2738 652 servire
2768 598 2948 670 gelata
2978 600 3234 667 ferentis;

1929 681 2151 736 Harens
2181 682 2416 737 antistes
2443 689 2646 753 stupet,
2678 695 2843 756 atque
2871 702 3094 743 manum
3121 689 3225 744 sibi
3254 699 3449 760 notam.

1931 774 2152 828 Miratur
2180 789 2290 829 non
2320 791 2440 830 esse
2470 777 3069 852 suam,Dominumque
3098 798 3313 856 rogare,

1932 865 2086 930 Quod
2115 865 2218 920 sibi
2249 865 2354 933 iam
2381 865 2554 919 visum
2588 871 2818 921 restaret
2848 867 3042 924 inutile
3073 872 3410 938 membrum;

1933 955 2110 1026 thue
2141 962 2304 1011 vovet
2321 955 2514 1024 jurans
2542 971 2604 1010 se
2635 955 2765 1010 talia
2796 957 3000 1013 deinde
3030 975 3247 1028 cavere,

1936 1047 2272 1119 Adjutusque
2303 1063 2529 1118 precum
2561 1048 2750 1119 pepuli
2793 1048 3076 1106 fulcimine
3106 1053 3300 1123 multo,

1938 1135 2148 1210 Organa
2182 1151 2472 1189 nervorum
2505 1136 2703 1207 recipit
2735 1147 2985 1194 revocata
3006 1157 3253 1210 suorum,

1941 1225 2270 1296 Perditaque
2302 1222 2546 1280 ofﬁcium
2578 1226 2923 1282 recalescens
2961 1229 3139 1300 palma
3172 1241 3409 1304 recepta.

1943 1322 2211 1377 Latantes
2242 1322 2408 1396 igitnr
2436 1328 2579 1376 tactu
2610 1322 2912 1377 reverenda
2942 1323 3216 1377 vehebant

1943 1413 2184 1467 Membra
2213 1428 2366 1467 suam
2396 1411 2636 1465 validum
2666 1411 2859 1482 populi
2886 1419 3130 1466 tutamen
3162 1413 3230 1467 ad
3260 1413 3449 1468 urbem

1945 1505 2199 1575 Dumque
2231 1504 2321 1574 pio
2353 1503 2765 1574 proﬁciscentes
2786 1520 2910 1560 cum
2933 1503 3125 1559 funere
3148 1505 3332 1561 vicum

1948 1593 2230 1647 Introeunt
2255 1593 2570 1663 quemdam,
2605 1591 2864 1647 famulum
2899 1608 3008 1664 quo
3035 1593 3358 1663 clariﬁcare,

1944 1687 2172 1762 Legerat
2195 1687 2572 1759 Omnipotens,
2597 1688 2778 1743 subito
2809 1704 2877 1742 en
2907 1688 3193 1744 immobile
3215 1691 3418 1766 pignus

1944 1778 2226 1845 Efﬁcitur;
2259 1787 2472 1850 ponunt
2500 1781 2675 1853 geruli
2708 1780 3058 1836 intolerabile
3092 1783 3330 1852 pondus,

1943 1868 2053 1924 Nec
2080 1868 2309 1924 sufferre
2334 1870 2520 1925 valent
2550 1870 2656 1924 vim
2687 1887 2808 1942 qua
2841 1871 3209 1927 descenderat
3235 1876 3426 1929 athra.

1946 1964 2043 2020 llic
2068 1964 2150 2019 vir
2173 1972 2291 2020 erat
2312 1965 2520 2020 dudum
2548 1964 2664 2020 fere
2691 1967 3055 2040 quadraginta
3088 1984 3188 2038 per
3213 1985 3388 2026 annos

1944 2057 2266 2110 Sermonem
2289 2071 2399 2110 non
2421 2072 2550 2110 aure
2580 2057 2828 2123 trahens,
2858 2073 2967 2112 non
2998 2073 3092 2112 ore
3119 2059 3463 2127 ministrans,

1946 2145 2179 2200 Numine
2205 2145 2300 2216 qui
2323 2145 2518 2200 ductus
2549 2161 2748 2216 supero
2778 2145 3036 2202 ruitante
3066 2147 3350 2216 feretrum,

1945 2237 2121 2290 Sensu
2143 2237 2326 2291 cordis
2351 2253 2513 2308 opem
2547 2253 2803 2306 poscens,
2834 2254 2996 2308 quam
3023 2255 3160 2296 voce
3193 2242 3490 2312 nequibat;

1949 2327 2084 2380 Ecce
2115 2332 2341 2396 repente
2382 2326 2487 2380 sibi
2522 2325 2694 2379 divini
2724 2327 2892 2381 sentit
2921 2327 3113 2382 adesse

1947 2415 2212 2469 Culminis
2239 2414 2502 2468 auxnlium
2526 2415 2800 2485 stupidus,
2829 2415 3151 2486 sensimque
3173 2423 3402 2472 caterva

1951 2507 2067 2562 Non
2089 2506 2286 2562 solitus
2313 2507 2531 2561 haurire
2553 2522 2739 2574 sonos,
2773 2513 2826 2561 et
2853 2507 3019 2562 verba
3040 2523 3356 2578 capessens,

1953 2597 2396 2668 Concipiensque
2426 2598 2612 2652 animo
2643 2599 2886 2654 insuetas
2911 2598 3055 2669 parit
3082 2615 3176 2655 ore
3203 2599 3473 2673 loquelas,

1955 2685 2386 2756 Exclamansque
2417 2686 2510 2740 diu
2543 2686 2704 2742 tacito
2734 2687 2815 2742 sic
2843 2702 2936 2742 ore
2967 2687 3247 2758 profatur:

1957 2794 1982 2825 α
2017 2773 2184 2828 Serve
2220 2774 2341 2840 Dei,
2373 2774 2517 2829 bene
2544 2776 2767 2830 venisti.
2802 2785 2928 2830 tuus
2959 2775 3216 2832 introitus
3244 2794 3332 2833 me

1953 2867 2206 2934 Salvavit,
2240 2869 2335 2923 tibi
2369 2886 2494 2924 nam
2524 2869 2634 2924 vita
2648 2868 2958 2926 famulabor
2989 2872 3046 2926 in
3078 2872 3252 2939 omni,

1954 2961 2188 3033 Spiritus
2218 2963 2383 3018 hosce
2403 2979 2558 3018 meos
2579 2971 2842 3040 vegetans
2864 2965 2992 3020 dum
3022 2966 3224 3020 rexerit
3250 2972 3429 3034 artus;
3477 2992 3501 3015 ιο

1907 3098 1922 3115 η
1959 3055 2088 3110 Cum
2119 3061 2246 3110 voto
2285 3072 2518 3128 surgens
2548 3056 2786 3111 loculum
2819 3057 2983 3112 simul
3016 3065 3182 3131 atque
3212 3060 3508 3130 prehendit

1913 3142 1925 3160 ‘
1956 3143 2253 3198 Alleviatur
2281 3159 2441 3210 onus,
2473 3144 2658 3200 subito
2692 3147 2964 3216 portabile
2998 3147 3222 3215 factum,

1960 3232 2380 3303 Laudantesque
2402 3232 2572 3287 Deum
2600 3241 2819 3308 gestant
2846 3235 2966 3290 sine
2988 3237 3236 3306 pondere
3268 3239 3506 3310 pondus.

1960 3321 2070 3377 Nec
2095 3321 2323 3376 dubium
2350 3322 2499 3392 quod
2522 3322 2590 3376 ad
2624 3323 2678 3376 id
2710 3323 2976 3379 Dominus
2997 3326 3297 3380 servaverit
3323 3327 3510 3395 istum,

1961 3416 2098 3469 Dum
2130 3414 2330 3470 multos
2361 3413 2484 3468 aliis
2505 3423 2560 3469 et
2583 3415 2696 3484 jam
2728 3417 3052 3491 regionibus
3077 3426 3230 3474 actos

1962 3505 2065 3560 Per
2087 3506 2260 3561 sancti
2294 3505 2573 3562 Simeonis
2593 3522 2758 3578 opem
2786 3517 3073 3564 curaverat
3097 3526 3296 3585 agros,

1963 3598 2205 3656 Mortuus
2229 3605 2290 3652 ut
2316 3599 2443 3654 vita
2480 3598 2687 3653 viventi
2717 3600 2848 3654 dum
2877 3600 3034 3656 daret
3062 3618 3197 3657 usus

1968 3686 2087 3756 Ipse
2115 3685 2444 3757 probaretur
2474 3685 2711 3742 feliciter
2739 3687 2796 3742 in
2826 3689 3054 3760 regione

1967 3776 2160 3831 Vivere
2199 3775 2448 3831 vivorum
2481 3776 2717 3846 vitaque
2747 3777 2958 3832 harere
2985 3777 3184 3833 datori.

1968 3867 2197 3939 Jamque
2231 3867 2683 3938 prepinquabant
2713 3867 2858 3934 urbi,
2891 3869 3050 3938 plebs
3080 3871 3358 3926 moenibus
3387 3889 3517 3928 ecce
3648 3930 3656 3940 ,

1970 3957 2357 4031 Progrediens,
2391 3959 2743 4029 psalmosque
2788 3957 2960 4014 boans
2990 3961 3319 4034 hymnisque
3363 3979 3588 4036 canora,

1974 4047 2342 4119 Lampadibus
2370 4047 2684 4118 liehnisque
2714 4047 2944 4114 micans,
2986 4049 3258 4122 ramisque
3286 4051 3486 4107 decora

1973 4139 2308 4206 Palmarum,
2342 4139 2512 4195 sacris
2542 4146 2801 4211 properat
2839 4139 2957 4195 ﬁeri
2988 4141 3148 4197 obvia
3175 4141 3458 4212 membris,

1974 4231 2148 4302 Atque
2181 4231 2570 4303 triumphantis
2592 4232 2856 4288 mundum
2880 4243 3162 4308 gestamen
3196 4239 3484 4292 honestum

1976 4319 2100 4374 Urbi
2119 4319 2321 4375 inferre
2351 4335 2486 4386 sua,
2522 4321 2717 4393 pOpuli
2745 4322 3030 4378 munimen
3053 4331 3107 4379 et
3127 4325 3291 4394 arcis,

1972 4409 2162 4478 Majori
2203 4409 2452 4465 ecclesia
2481 4411 2757 4481 extemplo
2786 4412 2876 4482 pia
2904 4429 3135 4468 munera
3163 4414 3380 4470 dantes.

1890 4482 1941 4548 Ι)
1975 4501 2169 4556 Pandit
2197 4501 2401 4556 abhinc
2428 4501 2692 4558 Dominus
2707 4518 2948 4574 quonam
2976 4505 3080 4559 sibi
3104 4507 3268 4561 chara
3290 4507 3517 4564 recondi

1971 4591 2104 4650 Ossa
2132 4591 2266 4648 velit
2291 4593 2497 4664 potius,
2519 4594 2847 4666 iussamque
2875 4598 3154 4652 vehuntur
3185 4598 3240 4654 in
3267 4600 3484 4666 aulam;

1973 4680 2149 4753 thue
2176 4682 2355 4753 palam
2385 4681 2550 4737 faciat
2571 4683 2784 4738 cunctis
2810 4683 2865 4738 id
2897 4686 3127 4742 numine
3158 4687 3284 4743 divo

1973 4773 2200 4828 Prorsus
2231 4773 2317 4846 agi
2349 4775 2496 4829 clara
2526 4776 2748 4847 superis
2786 4776 3027 4832 demittit
3056 4778 3124 4833 ab
3154 4781 3314 4835 astris

1974 4865 2269 4921 Nobilitate
2299 4866 2500 4935 virum,
2530 4867 2686 4940 virga
2713 4869 2808 4939 qui
2839 4868 3079 4944 fulgidus
3096 4871 3236 4939 auri,

1975 4955 2312 5027 Splendidus
2341 4962 2593 5026 aspectu,
2626 4958 2884 5012 candenti
2913 4965 3090 5014 tectus
3116 4961 3317 5017 amictu

1975 5048 2212 5103 Sedulus
2240 5049 2501 5104 insistens
2531 5051 2710 5121 Operi,
2742 5051 2870 5106 dum
2912 5053 3147 5108 claustra
3176 5055 3414 5126 sepulcri

1981 5135 2325 5192 Communita
2355 5137 2559 5202 sident,
2590 5140 2812 5204 mansit,
2845 5157 2970 5195 mox
3002 5142 3128 5196 inde
3161 5143 3448 5210 recedens,

1979 5226 2227 5296 Amplius
2249 5227 2338 5282 hic
2364 5227 2513 5282 visus
2542 5242 2646 5282 nec
2673 5235 2814 5297 post,
2849 5245 2950 5283 nec
2981 5231 3159 5299 paruit
3182 5237 3307 5284 ante

1977 5321 2130 5376 Unde
2162 5323 2322 5377 datur
2345 5330 2542 5378 notum
2571 5323 2692 5378 cali
2720 5324 2940 5378 venisse
2970 5324 3249 5380 colonum.

1978 5409 2122 5469 Vatis
2147 5413 2354 5468 abhinc
2382 5415 2591 5469 tumulo
2621 5421 2730 5469 tam
2763 5415 2901 5470 mira
2933 5424 3144 5486 patrata
3166 5414 3434 5485 feruntur,

1979 5505 2092 5569 Quo
2128 5521 2239 5561 non
2277 5505 2436 5578 plura
2475 5506 2630 5577 prius
2653 5506 2845 5562 vivens
2875 5507 3069 5562 fecisse
3100 5514 3340 5578 putetur,

1979 5594 2194 5650 Arduus
2221 5595 2452 5650 excelsa
2481 5595 2610 5649 dum
2645 5595 2886 5666 perstitit
2911 5609 3036 5650 arce
3066 5596 3360 5663 columna,
