3974 6146
419 182 524 239 583
1139 185 1506 242 FLODOARDI
1549 187 1852 244 CANONICI
1893 189 2226 270 REMENSIS
2266 190 2598 248 OPUSCULA
2640 192 2948 247 METRICA.
3636 194 3728 249 584

424 307 489 360 Ut
521 307 754 362 Domino
787 308 1013 376 junctus
1043 316 1299 364 noscatur
1328 311 1382 364 in
1414 313 1618 368 aathere
1648 329 1862 370 summo
2145 317 2393 373 Cernitur
2419 317 2474 372 in
2496 318 2680 384 terris;
2703 319 2868 372 vitam
2899 333 3002 372 nec
3031 325 3206 373 morte
3236 324 3598 389 peremptam,

425 401 615 456 Vivere
647 401 909 457 nobiliter
939 403 1103 457 tantis
1134 404 1227 476 qui
1258 406 1444 461 vivere
1465 407 1643 482 signis
2144 409 2201 460 In
2231 407 2428 461 melius
2458 406 2552 461 sed
2583 406 2632 460 ei
2657 405 2868 462 caelesti
2894 405 3028 460 sede
3061 405 3307 459 relatam.

1922 543 2130 599 CAPUT
2172 545 2255 597 IX.

1465 645 1543 704 De
1571 647 1798 705 sanctis
1839 646 2024 705 Vitale
2052 661 2120 702 ac
2159 645 2385 703 Meietio
2419 645 2728 720 episcopis.

423 759 615 814 Vitalis
644 759 824 814 tritam
849 768 1066 831 reparat
1095 776 1419 832 versamque
1443 761 1690 832 tyrannis
2062 765 2117 832 Α
2147 759 2367 814 Desinat
2398 775 2518 814 esse
2560 760 2722 830 lupus
2751 757 3008 829 mitisque
3036 761 3299 827 appareat
3328 770 3523 827 agnus,

424 849 595 922 Erigit
635 848 953 914 Ecclesiam,
995 848 1458 919 decessorumque
1488 849 1792 923 benignum
2145 851 2320 921 Atque
2348 865 2544 923 greges
2572 848 2726 919 parili
2758 863 2943 901 secum
2975 846 3242 900 tutamine
3271 852 3486 915 pascat:

424 937 654 1008 Supplet
683 953 842 1008 opus.
877 936 1102 1006 proprio
1133 936 1419 989 cumulans
1461 935 1674 989 fervore
1714 935 1970 989 decorem
2146 939 2345 993 Sedem
2377 953 2557 992 sermo
2581 937 2672 991 Dei
2707 945 2913 999 teneat,
2947 935 3251 1003 jungantur
3280 940 3508 1003 utraque

423 1025 711 1098 Licinique
751 1027 902 1097 pium
926 1025 1235 1096 panditsub
1267 1033 1518 1096 tempora
1550 1025 1752 1080 zelum.
2145 1032 2302 1086 Parte
2329 1032 2518 1093 duces,
2553 1045 2664 1083 uno
2691 1030 2872 1096 jaceat
2898 1043 3028 1099 grex
3048 1026 3229 1081 omnis
3267 1024 3432 1079 ovili:

425 1118 641 1173 Intonat
673 1118 763 1172 hic
791 1116 1143 1189 purisdivina
1173 1115 1422 1170 Meletius
1453 1115 1618 1181 orsis,
2145 1119 2303 1174 Solus
2329 1119 2422 1190 qui
2463 1125 2686 1189 superet
2711 1117 2994 1191 generalia
3020 1115 3267 1190 regmina
3306 1119 3514 1167 tractet.

423 1211 690 1265 Armenas
711 1217 1002 1281 postquam
1043 1215 1254 1263 sacrato
1286 1208 1542 1275 dogmate
1581 1215 1776 1282 gentes
2147 1213 2372 1268 Foedera
2404 1212 2500 1267 sed
2527 1210 2676 1282 pacis
2705 1209 2947 1265 crudelis
2976 1207 3163 1262 bellua
3197 1206 3402 1266 nescit;

431 1299 654 1365 Imbuit,
688 1299 970 1353 obstructo
1000 1297 1246 1352 cohiberi
1272 1312 1375 1351 nec
1404 1297 1549 1351 valet
1577 1312 1674 1351 ore
2145 1305 2349 1358 Pastori
2391 1319 2520 1377 ergo
2555 1303 2644 1372 pio
2676 1301 2954 1357 caularum
2979 1300 3103 1368 jura
3133 1299 3413 1362 feruntur;

428 1390 664 1445 Eminus
694 1391 968 1444 irradians
999 1389 1188 1461 digitis
1217 1389 1352 1460 quin
1383 1389 1575 1444 caalica
1605 1389 1819 1461 pangit:
2147 1393 2353 1448 Crescit
2393 1392 2570 1446 honor
2601 1390 2738 1453 miti,
2774 1406 2874 1461 pro
2903 1389 3046 1443 votis
3068 1403 3233 1461 regna
3265 1395 3528 1458 reguntur

425 1482 638 1538 Gaudet
659 1491 714 1538 et
736 1482 996 1554 expulsus
1027 1482 1143 1537 veri
1183 1497 1402 1536 servare
1443 1480 1711 1535 libramen
1744 1498 1758 1544 ;
2147 1481 2416 1546 Pacificis,
2447 1486 2660 1549 sceptra
2700 1478 2917 1549 imperii
2948 1477 3146 1532 virtute
3179 1467 3480 1547 probantur

423 1575 484 1630 Et
517 1591 771 1630 remeans
801 1591 989 1629 secum
1023 1575 1208 1630 socios
1225 1574 1513 1645 conjungit
1554 1580 1607 1628 et
1637 1581 1829 1636 armat,
2149 1579 2442 1635 Pontifices
2468 1577 2634 1651 digno
2667 1576 2947 1648 praecelsis
2979 1575 3218 1630 fascibus
3248 1575 3374 1629 addi

424 1664 655 1735 Insuper
683 1663 947 1735 acquirit;
981 1663 1160 1732 spolio
1191 1678 1416 1734 quoque
1454 1669 1649 1717 moeret
1677 1661 1869 1732 Apollo
2151 1669 2458 1726 Barbaricis
2485 1666 2798 1722 Theodosio
2828 1673 3131 1736 superante
3169 1665 3421 1731 catervis,

423 1757 582 1812 Prole
612 1757 938 1820 sacerdotis,
968 1757 1169 1810 mulier
1191 1757 1391 1811 devota
1417 1756 1566 1827 quod
1607 1754 1766 1811 oﬂ‘ert
2151 1762 2370 1817 Devotis
2399 1775 2632 1830 seseque
2665 1774 2830 1812 manu
2870 1763 3134 1811 cernente
3164 1754 3311 1810 beati

425 1851 566 1905 Patri
598 1850 866 1917 salviiico,
909 1858 1125 1920 raptum
1161 1866 1192 1904 a
1230 1851 1481 1926 genitore
1508 1850 1756 1921 profano.
2148 1850 2396 1905 Cultibus
2425 1847 2631 1910 ornari,
2665 1845 2932 1920 regnique
2960 1845 3150 1898 subire
3179 1845 3459 1909 decorem,

421 1941 575 1998 Unde
606 1958 803 1997 manus
833 1950 998 2012 atque
1025 1957 1135 1996 aere
1163 1941 1336 2011 pedes
1357 1948 1411 1996 et
1432 1942 1597 1996 dorsa
1626 1941 1947 2007 subustum,
2149 1944 2396 1998 Visorum
2432 1937 2724 1996 confirmat
2745 1953 2907 2008 Opus,
2935 1937 3270 1992 documento
3298 1942 3563 1990 secutum.

422 2032 548 2087 Post
580 2031 749 2103 patris
778 2032 987 2086 attritos
1014 2032 1219 2086 celebri
1250 2032 1551 2086 certamine
1581 2031 1757 2097 divos,
2147 2035 2261 2100 Quo
2293 2033 2590 2104 splendore
2620 2031 2810 2086 nitens
2848 2029 2939 2084 ubi
2963 2028 3218 2100 primitus
3245 2043 3340 2084 ora
3363 2028 3572 2099 patroni

426 2122 536 2176 Rex
567 2121 693 2192 pius
715 2121 922 2187 educit,
949 2121 1308 2191 claustrisque
1337 2121 1586 2192 serisque
1615 2119 1869 2184 reclusis,
2081 2123 2130 2189 Β
2152 2124 2253 2178 Ore
2277 2122 2408 2195 legit
2438 2122 2724 2193 princeps,
2756 2137 2786 2174 e
2819 2117 3069 2190 pluribus
3099 2117 3301 2188 excipit
3329 2131 3520 2183 unum,

425 2210 483 2264 Et
513 2217 704 2265 sancto
737 2209 990 2263 redhibet
1017 2215 1334 2263 revocatum
1368 2217 1540 2263 matre
1570 2207 1784 2278 parenti
2153 2216 2472 2287 Agnoscens
2499 2212 2650 2267 nullo
2676 2211 2970 2282 prodente,
2995 2208 3267 2280 petitque,
3302 2209 3627 2280 probatque,

426 2296 701 2351 Ουτθῑτίθθ
731 2296 930 2350 anima
958 2295 1169 2350 celatus
1200 2295 1408 2349 honore
1441 2293 1664 2366 Puellae-
2152 2307 2329 2377 thuc
2361 2311 2571 2376 patrem
2613 2303 2856 2369 soboles,
2890 2301 3259 2373 amplectitur,
3292 2300 3482 2366 ambit,
3515 2299 3750 2363 honorat,

425 2389 559 2442 Inde
590 2387 934 2442 Palaestinam
965 2387 1210 2458 rapidus,
1234 2386 1532 2442 comitante
1566 2385 1770 2457 Cyrillo
2150 2395 2346 2450 oscula
2366 2394 2458 2448 dat
2485 2392 2666 2457 labiis,
2697 2391 2906 2456 oculis;
2932 2398 3238 2462 pectusque
3258 2396 3554 2460 caputque,

426 2480 639 2552 Quique
679 2481 770 2550 Ρίο
801 2479 1062 2551 P0511133c
1091 2478 1397 2551 genitorem
1428 2477 1676 2551 germine
1707 2476 1903 2551 gignit,
2154 2489 2384 2558 Insuper
2416 2493 2472 2540 et
2510 2485 2776 2550 dextram,
2809 2500 2915 2556 qua
2942 2499 3000 2538 se
3031 2483 3333 2552 sumpsisse
3365 2497 3618 2536 coronam

428 2572 635 2628 Praesul
666 2573 1002 2645 apostolicus
1032 2572 1302 2643 synodum
1327 2572 1540 2625 diversa
1569 2577 1811 2626 secutam
2151 2577 2231 2632 Fit
2259 2591 2489 2639 memor,
2524 2591 2616 2631 ore
2648 2574 2779 2630 colit
2803 2583 3082 2648 retegens,
3111 2582 3408 2642 conspecta
3439 2571 3653 2626 retexit:

426 2667 550 2723 Veri
579 2668 702 2722 luce
733 2673 944 2742 gregat,
979 2666 1242 2722 concordi
1274 2682 1407 2737 pace
1448 2671 1691 2730 serenat,
2152 2668 2392 2739 Cumque
2421 2665 2544 2736 ipso
2577 2663 2704 2720 ﬁdei
2735 2680 2983 2719 normam
3029 2660 3392 2732 Patribusque
3422 2666 3684 2724 retractat,

427 2759 782 2831 lnsinuatque
814 2759 902 2813 Dei
939 2775 1102 2832 quam
1121 2759 1192 2814 sit
1220 2757 1524 2813 substantia
1554 2756 1808 2828 simplex,
2155 2759 2416 2830 Huncque
2463 2757 2648 2812 Patres
2689 2755 2992 2820 celebrant,
3043 2753 3327 2826 dignoque
3371 2751 3550 2805 nitore
3597 2765 3743 2803 venu-

429 2850 574 2904 Dans
601 2866 796 2920 purum
825 2849 952 2903 fidei
981 2849 1210 2905 Joviano
1242 2849 1442 2924 dOgma
1472 2846 1725 2918 probari;
3505 2839 3676 2911 [stant.

425 2940 686 2995 Dividuas
713 2940 931 3013 fugiens
961 2939 1106 3006 lites,
1147 2955 1338 3010 pacem
1365 2937 1626 2993 omnibus
1657 2935 1842 3006 offert,
2153 2939 2263 2994 Nec
2293 2937 2515 3012 longum
2548 2939 2674 3006 post
2703 2932 2965 2988 emeritus
2997 2930 3136 3002 petit
3162 2930 3366 2986 aethera
3395 2929 3588 3000 praasul

425 3029 834 3101 Raptoremquc
866 3031 1054 3100 lupum
1089 3043 1244 3084 sacra
1275 3028 1330 3082 in
1365 3026 1640 3083 consortia
1679 3026 1889 3098 poscitf
2154 3027 2545 3096 Nobiliumque
2576 3022 2716 3077 nitet
2745 3036 3058 3092 praeconum
3091 3019 3254 3075 laude
3282 3019 3554 3090 sepultus.

426 3128 676 3182 Errorem
705 3126 949 3196 abjiciat,
984 3125 1176 3180 feralia
1197 3123 1430 3178 crimina
1464 3127 1654 3193 ponat,
2154 3114 2402 3187 Martyris
2426 3121 2482 3167 et
2511 3113 2683 3167 thecae
2717 3110 3044 3178 conjunctus
3074 3111 3283 3164 honore
3319 3107 3548 3179 Babylar.

1935 3255 2143 3310 CAPUT
2194 3254 2254 3308 X.

1230 3362 1308 3422 De
1333 3368 1540 3422 sancto
1570 3358 1864 3420 Flaviano
1895 3366 1949 3418 et
1978 3361 2190 3419 amicis
2219 3372 2290 3416 ac
2316 3354 2750 3415 successoribus
2777 3352 2926 3428 ejus.

431 3481 556 3538 Eois
585 3479 859 3546 Patribus,
883 3484 1196 3549 cunctoque
1219 3477 1439 3532 favente
1471 3483 1690 3543 senatu,
2071 3479 2120 3543 (ἶ
2148 3473 2482 3526 Praesentem
2512 3468 2664 3524 dolet
2703 3465 2919 3522 excelsa
2957 3482 3019 3521 se
3059 3464 3182 3522 luce
3211 3473 3551 3538 prementem

431 3574 670 3648 Erigitur
697 3571 908 3627 meritae
940 3570 1223 3625 Flavianus
1249 3569 1458 3625 honore
1488 3568 1762 3625 cathedra:
2147 3567 2264 3621 Oris
2289 3575 2345 3621 et
2371 3564 2438 3619 ad
2465 3563 2719 3619 columen
2750 3561 3024 3637 magnalia
3052 3560 3190 3615 mira
3218 3565 3509 3616 terentem.

423 3668 597 3739 Atque
619 3664 760 3720 Petri
789 3663 1022 3734 primam
1045 3660 1268 3718 sortitur
1298 3661 1547 3734 regmine
1577 3659 1792 3726 sedem,
2149 3657 2240 3712 His
2273 3657 2358 3711 vir
2389 3653 2683 3728 praecipuis
2716 3653 2872 3709 factis
2901 3660 2955 3708 et
2993 3652 3212 3727 origine
3241 3652 3445 3718 celsus,

428 3758 591 3828 Cujus
615 3757 728 3827 jam
763 3755 974 3826 pridem
1006 3753 1326 3809 moderatur
1350 3751 1528 3808 navita
1560 3751 1811 3822 cymbam
2145 3748 2386 3804 Necdum
2425 3747 2557 3802 sede
2584 3745 2797 3812 fruens,
2824 3744 3113 3800 Flavianus
3130 3743 3299 3799 fultus
3326 3743 3514 3799 amicis

424 3851 572 3905 Inter
603 3854 657 3904 et
681 3848 940 3903 adversas
962 3846 1171 3901 mundo
1193 3844 1437 3900 fervente
1465 3845 1758 3916 procellas,
2145 3840 2294 3895 Bella
2323 3839 2471 3911 lupis
2501 3839 2690 3904 obicit,
2722 3838 2958 3910 pastoris
2989 3836 3187 3892 robore
3219 3837 3385 3911 digna

422 3941 697 4005 Consiliis,
741 3939 932 3995 rabido
955 3938 1258 4010 prohibens
1283 3938 1425 3992 hanc
1451 3953 1671 4009 aequore
1703 3936 1900 4009 mergi,
2145 3935 2345 4002 Exerit,
2375 3934 2616 3991 ostensis
2646 3932 2894 3988 defendit
2923 3933 3087 3988 ovilia
3113 3932 3286 3988 belvis

422 4033 702 4099 Comebat,
737 4031 965 4102 placidis
993 4031 1244 4085 servabat
1277 4029 1500 4085 turbine
1533 4029 1723 4088 remis.
2141 4022 2271 4078 Tela
2292 4023 2457 4089 acuit,
2489 4022 2778 4092 pharetras
2811 4028 2869 4076 et
2897 4019 3312 4096 propugnacula
3339 4018 3542 4081 condit,

419 4121 821 4192 Dispositisque
853 4120 1060 4174 docens
1089 4119 1294 4191 Regem
1327 4117 1554 4172 laudare
1578 4117 1794 4172 choreis
2145 4112 2399 4168 Hostibus
2426 4111 2663 4178 obsistit,
2695 4109 2960 4185 gregibus
2982 4111 3294 4166 munimina
3321 4109 3506 4174 sufﬁt;

419 4212 673 4267 Davidica
699 4209 855 4265 dedit
885 4209 1177 4264 Ecclesium
1209 4208 1437 4262 reboare
1469 4222 1698 4260 camena
2144 4201 2419 4256 Bellantes
2439 4205 2670 4267 recreat,
2702 4199 2865 4255 bellis
2895 4201 3146 4256 consulta
3176 4201 3474 4255 ministrat:

419 4300 765 4370 Aiternisque
783 4297 965 4352 choris
995 4295 1184 4349 divina
1214 4301 1464 4364 poemata
1493 4294 1681 4368 pangi.
2142 4295 2308 4349 Arcus
2334 4291 2567 4357 emunit,
2599 4290 2868 4347 radiantia
2913 4291 3124 4362 spicula
3151 4292 3350 4356 mittit;

419 4391 676 4448 Excubiis
707 4390 918 4444 instans
939 4387 1074 4459 Agni
1104 4403 1289 4442 secum
1329 4385 1549 4462 agmina
1588 4385 1736 4461 cogit
2143 4387 2379 4442 Insidias
2413 4385 2644 4461 frangit,
2683 4387 2960 4457 captantia
2990 4385 3128 4441 retia
3150 4387 3372 4457 rumpit,

421 4482 688 4539 Concordi
727 4479 1014 4537 Dominum
1039 4480 1271 4550 laetaque
1301 4477 1557 4534 canentia
1587 4477 1786 4543 laude;
2140 4478 2522 4550 Pallentesque
2555 4479 2697 4533 feras
2726 4479 2931 4554 agnina
2960 4478 3103 4550 pelle
3127 4477 3378 4545 recludit,

419 4572 708 4627 Horrorem
751 4568 1027 4624 incutiens
1049 4566 1249 4638 pravis,
1280 4566 1372 4621 dat
1396 4566 1595 4638 gaudia
1621 4566 1820 4635 justis:
2140 4569 2532 4640 Depromitque
2563 4566 2744 4639 lupos,
2768 4567 3016 4623 discussa
3046 4565 3261 4634 fraude,
3302 4567 3556 4633 latentes,

417 4661 528 4717 Nec
551 4668 780 4726 terrore,
811 4673 912 4714 nec
941 4655 1159 4712 insidiis
1178 4655 1269 4727 pia
1299 4655 1554 4728 dogmata
1574 4655 1857 4727 linquens,
2139 4657 2471 4728 Tutaturque
2499 4673 2718 4732 greges,
2749 4663 2804 4712 et
2833 4656 3094 4712 dentibus
3121 4655 3314 4711 eximit
3337 4655 3492 4722 atris,

420 4748 669 4804 Culmine
710 4763 816 4803 nec
853 4754 1046 4818 captus
1077 4750 1326 4800 tentusve
1345 4743 1412 4798 ad
1445 4743 1562 4798 dira
1587 4750 1838 4808 coactus;
2057 4792 2113 4818 η
2141 4744 2457 4816 Solertique
2478 4743 2613 4799 vafri
2641 4745 2848 4800 dirimit
2881 4745 3125 4800 tabentis
3155 4743 3333 4799 morbi

423 4792 669 4804 ν-...ηην
711 4792 815 4803 ..υν
855 4792 1046 4818 wr---
1079 4792 1324 4800 ---η-π-
1347 4792 1412 4798 π
1449 4792 1561 4798 μ---
1592 4792 1838 4808 ---ν-η,
2141 4792 2456 4816 "mm,"
2491 4792 2613 4799 .--η
2884 4792 3125 4800 --------_
3157 4792 3333 4799 .----η-

420 4836 708 4910 Expugnat
729 4848 958 4901 nocuos,
986 4831 1204 4888 asciscit
1229 4846 1406 4906 agone
1427 4831 1676 4898 sodales;
2055 4792 2114 4860 D
2139 4833 2404 4900 Consilio,
2439 4833 2746 4907 relegitque
2783 4834 2940 4889 dolos
2967 4840 3022 4888 et
3048 4833 3194 4890 mele
3223 4847 3500 4888 venenum

415 4928 737 4993 Diodorum,
770 4926 967 4981 Cilices
995 4939 1104 4997 quo
1144 4930 1272 4995 post
1302 4929 1514 4979 rectore
1535 4924 1820 4990 coluntur;
2139 4923 2317 4986 Elicit.
2351 4925 2564 4980 occulte
2603 4940 2810 4998 cogens
2839 4940 3064 4981 vomere
3103 4925 3290 4979 abdita
3320 4924 3510 4996 pestis,

417 5017 670 5073 Acacium
705 5022 828 5086 post
855 5015 987 5069 hinc
1017 5013 1189 5069 Beriae
1227 5012 1429 5069 virtute
1457 5011 1720 5068 nitentem
1745 5031 1761 5082 ;
2135 5016 2273 5070 Dum
2301 5030 2434 5070 sene
2459 5015 2719 5070 mulctato
2747 5015 2934 5070 educit
2969 5014 3298 5086 pudibunda
3337 5012 3569 5077 veterni,

417 5106 738 5177 Aphratem,
769 5104 894 5159 diva
913 5102 1188 5158 seniorem
1230 5101 1353 5157 luce
1377 5105 1677 5169 cluentem,

2150 5109 2468 5179 Deprensam
2500 5107 2787 5162 excutiens
2835 5107 3069 5173 saniem,
3116 5106 3300 5161 studet
3330 5113 3445 5161 arte
3499 5098 3719 5159 medendi

417 5193 518 5260 Qui
548 5195 664 5250 veri
693 5192 863 5247 radiis
893 5192 1019 5248 ferit
1049 5190 1303 5262 improba
1331 5199 1547 5261 sceptra
1577 5197 1858 5266 gerentem
2140 5196 2463 5268 Corruptum
2501 5211 2759 5266 reparare
2798 5212 2992 5268 pecus,
3024 5195 3235 5268 polluta
3265 5195 3439 5267 piare,

416 5285 688 5342 Thermali
717 5284 954 5360 rigidum
985 5283 1234 5354 plectens
1255 5283 1469 5338 fervore
1491 5283 1823 5352 ministrum,
2137 5285 2325 5340 Fracta
2351 5284 2542 5358 ligare,
2583 5283 2686 5339 via:
2716 5285 2948 5340 seducta
2977 5285 3245 5341 reducere
3274 5291 3472 5348 recte;

415 5377 650 5448 Insuper
673 5377 882 5432 accitur
918 5375 1170 5430 Julianus
1198 5373 1440 5429 culmine
1470 5391 1723 5448 magnus,
2141 5377 2346 5453 Cagere
2378 5377 2658 5448 dispersos
2680 5377 2991 5450 Christique
3023 5377 3306 5433 remittere
3323 5374 3510 5438 caulis,

414 5469 686 5524 Virtutum
718 5467 957 5538 ﬁdeique
987 5464 1200 5521 micans
1228 5463 1442 5538 fulgore
1459 5465 1716 5531 decorus,
2139 5467 2410 5541 Colligere
2439 5479 2710 5535 errantes,
2739 5468 2950 5540 unique
2983 5467 3294 5538 rependere
3322 5465 3469 5522 ovili.

419 5561 717 5616 Absentem
769 5573 933 5630 quem
960 5565 1112 5614 torva
1141 5571 1340 5613 manus
1379 5555 1485 5612 sibi
1524 5556 1788 5628 plaudere
1823 5556 2041 5627 jactans
2143 5558 2198 5614 Si
2218 5559 2351 5630 quid
2375 5558 2486 5616 fors
2514 5561 2738 5632 patitur,
2769 5575 2902 5616 cura
2921 5561 3260 5616 accelerante
3289 5557 3516 5623 levatur,
