3962 6140
184 235 286 290 585

183 366 428 439 Paceque
455 372 688 439 pastoris
710 375 919 449 tegitur
944 393 1115 448 pecus
1142 395 1310 438 omne
1341 387 1545 456 quiete.

179 449 418 516 Flatibus
444 462 573 519 hinc
604 464 802 521 iterum
837 471 1031 539 pulsus
1063 475 1338 542 patienter
1359 449 1635 536 honestus

177 548 421 606 Persistit
451 555 669 622 praesul,
703 555 822 611 dira
845 560 1033 614 omnia
1067 561 1207 618 ferre
1236 573 1458 636 paratus
1491 587 1506 633 ;

175 636 398 709 Sceptra
425 651 649 699 vocatus
677 645 813 709 adit,
840 663 1102 705 censores
1121 667 1230 708 non
1266 654 1407 730 fugit
1439 657 1648 726 hostes,

173 723 283 779 Non
314 727 670 786 adversantes
696 737 978 805 reprobat,
1003 741 1241 822 torvisve
1257 723 1502 812 resultat,

170 812 370 870 Cedere
401 819 731 888 pollicitans,
759 825 975 894 apicem
1001 844 1062 882 se
1085 817 1292 899 ponere
1310 836 1570 904 spondet,

171 907 271 962 Nec
295 925 670 968 successorem
704 917 1026 982 renuit,nec
1053 922 1208 990 plura
1222 927 1464 994 pavescit
1485 928 1772 998 [probatur

169 997 416 1071 Principe
450 1004 503 1056 in
535 1004 672 1061 irato
707 1007 822 1078 [τηε.
856 1009 890 1063 3
916 1011 1129 1084 miratu]
1168 1033 1181 1068 ε
1225 1016 1426 1090 dignus
1486 997 1617 1076 hinc
1644 1023 1778 1078 sede

167 1087 326 1157 Cujus
364 1098 419 1148 et
448 1094 723 1167 Augustus
746 1113 988 1167 causam,
1021 1103 1231 1158 crimen
1287 1087 1509 1177 quoque
1557 1124 1777 1165 sumere

167 1181 374 1238 Dissicit
402 1200 619 1242 errores
643 1196 698 1243 et
724 1190 890 1246 stulta
920 1193 1113 1248 cavilla
1147 1197 1370 1251 resolvit
1401 1217 1416 1264 ;
1499 1199 1778 1271 [poscens,

163 1268 350 1324 Pacem
390 1275 648 1343 restituit,
681 1279 897 1335 turbata
927 1284 1217 1339 cacumina
1247 1287 1441 1354 nectit,

161 1361 472 1435 Iunguntur
499 1369 709 1438 populi,
742 1380 946 1428 coeunt
976 1375 1030 1429 in
1063 1376 1271 1433 foedera
1300 1387 1501 1453 gentes
1528 1399 1542 1435 :

163 1454 378 1525 Illyrici,
409 1457 629 1534 IEgypti
658 1463 842 1532 simul,
878 1465 1026 1534 Asia,
1067 1467 1314 1539 Thracia,
1348 1472 1578 1542 Pontus,

161 1545 540 1621 Hesperieque
565 1555 885 1610 sacerdotes
916 1559 1005 1627 pia
1024 1568 1181 1630 pacta
1206 1573 1524 1633 capessunt.

156 1637 352 1694 Praesul
383 1651 441 1697 et
468 1645 738 1701 emeritus
767 1649 895 1704 coeli
927 1649 1146 1724 fastigia
1174 1655 1411 1710 scandit.

715 245 800 300 DE
837 246 1200 307 TRIUMPHIS
1239 253 1500 312 CHRISTI
1538 259 1912 318 ANTIOCHIA'I
1950 264 2178 324 GESTIS
2221 271 2396 330 LIBRI
2439 279 2589 338 DUO.
2630 314 2700 325 —
2739 286 2864 344 LIB.
2908 293 2975 348 II.

3415 308 3521 365 586

1828 398 1878 463 Α
1910 392 2209 467 Porphyrio
2241 402 2391 458 sedis
2418 405 2656 464 Flaviani
2688 420 2833 470 sorte
2861 419 3056 490 potito,

1905 485 2091 542 Almus
2122 491 2432 550 Alexander
2461 498 2629 575 digno
2648 485 2894 564 succedit
2917 485 3145 582 honore,

1896 573 2078 632 Laude
2107 577 2509 656 frequentatus,
2530 573 2832 660 probitatis
2871 615 3100 659 munere
3125 573 3357 679 mactus,

1893 665 1996 721 Ore
2027 671 2250 740 quidem
2285 676 2485 746 clarus,
2518 681 2642 737 vitae
2670 687 2769 740 sed
2808 688 3005 747 clarior
3033 703 3175 753 actu.

1890 756 2186 815 Abiuntum
2227 764 2442 834 pridem
2475 785 2644 838 pecus
2683 773 2738 828 in
2767 777 2912 833 ovile
2937 783 3229 855 reducens,

1889 845 2025 900 Dum
2057 847 2196 905 Ietas
2233 855 2425 925 recipit
2461 858 2628 916 ﬂuvio
2659 865 2998 924 exhilarante
3031 845 3306 946 bidentes,

1887 932 2079 992 Hostes
2108 938 2413 1015 ingemere,
2432 955 2484 1001 al
2513 951 2660 1006 cives
2688 955 3030 1024 applaudere
3057 932 3277 1032 praestat

1883 1022 2392 1094 lmpetelzetiﬁcans
2427 1042 2666 1095 revocati
2701 1022 2943 1101 fluminis
2969 1022 3186 1107 urbem.

1889 1113 2149 1203 Iluncque
2177 1122 2494 1183 Theodorus
2523 1133 2816 1201 probitatis
2853 1142 3109 1197 acumine
3139 1153 3357 1203 sectans

1883 1202 2147 1263 Castiﬁcaa
2175 1215 2465 1282 speculum
2498 1219 2645 1288 vitat,
2678 1223 2884 1293 pietate
2912 1229 3153 1286 renidet.

1880 1295 2008 1360 Quae
2032 1308 2241 1359 restant
2265 1307 2432 1362 etiam
2464 1312 2636 1381 septis
2668 1319 2928 1384 pecuaria
2962 1323 3162 1378 reddit.

1881 1387 2197 1466 Postfquem
2230 1405 2616 1476 magnanimus
2643 1411 2812 1466 sumit
2831 1428 2987 1470 sacra
3013 1417 3136 1486 jura
3161 1420 3424 1480 Joannes.

1883 1480 2104 1578 Ponitur
2141 1486 2249 1553 hic,
2285 1492 2553 1565 ponitque
2585 1499 2700 1568 pari
2729 1500 2940 1558 fervore
2965 1480 3250 1578 Cvrillum.

1879 1569 1974 1625 Cui
2008 1573 2169 1630 Marci
2199 1582 2523 1654 redhibens,
2549 1587 2747 1659 Cephae
2776 1569 3158 1666 quoque'sede
3184 1613 3426 1676 recepta,

2509 1641 2522 1654 ι
2564 1641 2571 1642 κ
2600 1641 2742 1659 νιν-ην
2780 1641 2997 1666 π---ι-ν
3025 1641 3157 1655 υνυν
3184 1641 3421 1676 ὐνννιαι

1801 1641 1852 1708 Β
1880 1665 2014 1722 Dum
2045 1669 2172 1726 lites
2200 1688 2508 1749 removent,
2533 1682 2728 1742 Christi
2755 1688 2934 1744 aulam
2957 1709 3094 1764 pace
3111 1707 3421 1756 venustant.

1654 1788 1861 1848 CAPUT
1902 1795 1992 1852 XI.

1009 1885 1085 1943 De
1111 1896 1316 1947 sancto
1347 1890 1690 1954 Macedo-nio
1720 1903 1991 1975 eremita,
2025 1914 2078 1964 et
2113 1907 2378 1986 Evagrio
2408 1914 2630 1998 (167').

151 1974 467 2049 Pngnavere
496 1980 598 2035 viri
625 1983 772 2040 circa
802 1985 946 2042 hanc
976 1989 1271 2047 virtutibus
1301 1994 1496 2050 urbem

147 2063 433 2123 Vincentes
452 2071 662 2140 pariter
683 2075 950 2130 mundum
974 2079 1340 2153 rabidumque
1375 2089 1688 2156 tyrannum,

145 2155 305 2211 Tutan
319 2165 401 2213 tes
430 2161 580 2216 cives
607 2171 662 2217 et
687 2164 845 2219 mitia
879 2174 1056 2222 castra
1085 2175 1356 2243 tegentes.

145 2247 287 2305 Nunc
334 2253 618 2322 precibus,
673 2258 903 2313 monitis
967 2277 1136 2329 nunc,
1191 2265 1412 2338 agmina
1455 2277 1644 2324 sancta
1674 2285 1759 2326 re-

1444 2356 1679 2430 [gentes,

139 2429 279 2486 Nunc
307 2431 642 2505 intercessu,
672 2439 837 2496 modo
869 2441 1170 2510 subventu,
1197 2451 1328 2515 apta
1359 2429 1620 2505 ferentes.

140 2520 368 2584 Quorum
396 2527 558 2595 jussa
587 2529 938 2588 Macedonius
969 2535 1216 2591 crudelia
1242 2539 1400 2594 caesis
1418 2542 1550 2609 (cod.
1571 2542 1604 2598 2
1630 2559 1756 2599 cen-

137 2612 469 2688 Detoxquere
501 2622 942 2696 paransjugulis,
975 2634 1030 2682 et
1058 2630 1342 2685 montibus
1361 2632 1486 2687 altis
1601 2635 1749 2708 [sis?)

133 2704 343 2764 Civibus
366 2710 631 2768 advectus
661 2716 910 2786 trepidis,
952 2717 1169 2775 funesta
1207 2729 1466 2795 gerentes

127 2798 450 2871 Aggreditur
479 2821 495 2867 ;
527 2805 725 2874 pannis
749 2806 920 2863 fasces
951 2810 1096 2865 haud
1129 2812 1344 2868 obsitus
1366 2815 1572 2883 horret,

127 2889 398 2948 lmoaditu
430 2902 644 2952 terrens
673 2906 800 2954 sunt
820 2917 940 2972 qua)
974 2905 1231 2959 mandata
1262 2907 1463 2962 minaci

123 2979 468 3056 Sceptrigero
501 2987 734 3061 leganda
772 2990 924 3057 serit,
957 3001 1144 3048 monet
1171 3010 1295 3049 esse
1325 2997 1594 3052 caducum

125 3067 179 3123 Et
195 3071 411 3128 similes
437 3083 617 3130 sortes
646 3077 919 3133 dominari
951 3081 1006 3134 in
1039 3083 1289 3157 regmina
1317 3083 1567 3152 fratrum,

119 3161 220 3218 Nec
246 3165 432 3220 solum
466 3168 779 3239 imperium,
814 3172 1044 3242 parilem
1077 3176 1211 3246 quin
1245 3193 1472 3232 cernere
1499 3187 1734 3248 partum;

117 3249 304 3307 Puniat
335 3256 484 3309 haud
505 3258 758 3313 homines
790 3261 1009 3315 Domini
1041 3264 1143 3317 sub
1176 3264 1420 3334 imagine
1450 3267 1641 3323 factos.

117 3339 334 3396 lrritans
361 3343 656 3400 Dominum
687 3347 845 3415 cujus
873 3349 1099 3420 punitur
1130 3351 1310 3426 imago
1343 3371 1357 3406 ε

117 3429 166 3482 Si
196 3448 418 3488 versam
449 3435 636 3490 uxoris
659 3443 891 3492 statuam
919 3455 1085 3513 grave
1115 3440 1285 3495 ducat
1304 3441 1561 3510 ahenam,

115 3523 274 3585 Quam
307 3542 475 3599 mage
503 3527 890 3585 Cuncticreans
918 3539 1203 3587 moveatur
1227 3533 1467 3608 imagine
1527 3548 1682 3610 rapta
1715 3560 1727 3596 :

115 3615 169 3671 Et
196 3630 468 3690 quantum
496 3621 680 3676 videat
705 3633 924 3678 sensata
953 3625 1276 3681 carentibus
1305 3628 1488 3684 absint
1518 3650 1534 3697 ;

109 3709 321 3783 Nosque
353 3713 524 3768 simul
552 3714 736 3784 plures
764 3716 930 3772 unius
957 3718 1166 3773 honore
1201 3720 1385 3775 valere
1409 3739 1423 3774 :

110 3799 280 3868 Ipsum
313 3818 425 3856 nec
455 3802 735 3858 modicum
765 3803 952 3860 functo
982 3822 1240 3875 reparare
1267 3809 1546 3879 capillum.

108 3888 207 3946 Hoc
232 3892 652 3950 infrendentem
679 3895 948 3951 cohibens
973 3905 1182 3953 terrore
1215 3901 1433 3956 leonem

104 3983 335 4042 Crimine
383 3987 695 4058 primatem,
724 3989 886 4044 solvit
915 3989 1236 4047 discrimine
1276 3993 1518 4064 plebem,

103 4076 266 4149 Inque
294 4079 692 4134 resolvendum
720 4079 892 4135 fertur
907 4097 1066 4136 mens
1089 4082 1317 4138 delubra
1332 4087 1500 4160 regis.

164 4165 258 4223 llic
284 4183 454 4223 sacer
481 4168 691 4241 ingenii
723 4168 954 4226 rutilans
985 4171 1249 4243 Evagrius
1277 4174 1419 4229 acris

97 4255 231 4314 Luce
263 4260 360 4331 pia
389 4260 578 4326 nituit,
601 4267 838 4316 tractans
862 4262 1050 4315 divina
1079 4263 1358 4320 decenter.

159 4345 266 4402 Hac
296 4348 504 4402 tellure
532 4348 630 4403 Dei
662 4348 809 4403 cultu
842 4357 1057 4404 terrena
1089 4352 1430 4424 relinquens,

85 4435 205 4491 Iure
227 4439 521 4508 pudicitia
541 4438 760 4513 fugiens
790 4457 876 4496 res
912 4451 1078 4512 atque
1111 4452 1390 4513 parentes,

85 4528 322 4586 Pratulit
341 4532 628 4587 illecebris
647 4534 905 4589 monachi
929 4537 1231 4592 certamina
1262 4540 1453 4594 mundi

86 4615 346 4688 Malchus,
372 4637 565 4693 regem
630 4632 752 4680 actu
785 4632 1062 4701 retegens,
1121 4643 1286 4697 quem
1302 4630 1528 4686 nomine
1556 4648 1701 4703 prae-

641 4712 652 4722 '
1309 4721 1434 4794 [fert
1462 4725 1632 4797 (168),

81 4800 316 4860 Callidus
347 4807 501 4862 hunc
529 4807 702 4864 hostis
731 4809 990 4865 virtutum
1023 4811 1266 4868 culmine
1293 4829 1526 4871 cernens

79 4890 341 4959 Gliscere,
379 4896 692 4951 tendiculas
723 4898 877 4954 cordi
907 4900 1256 4968 circumjacit
1283 4909 1429 4959 atras
1459 4922 1473 4959 :

81 4982 202 5040 Rem
234 4987 484 5058 patriam
516 4997 752 5060 reparet,
783 4991 964 5047 viduae
988 4993 1257 5049 solamina
1286 4997 1444 5051 matri

78 5071 352 5140 Conferat,
379 5084 438 5130 et
463 5077 634 5131 sacris
665 5079 997 5148 patrimonia
1036 5081 1232 5137 ritibus
1255 5090 1407 5154 aptet
1435 5104 1452 5151 ;

76 5157 176 5216 Nec
203 5163 442 5236 linquit,
475 5166 605 5221 licet
619 5167 963 5225 admonitum
994 5171 1153 5234 duce,
1185 5173 1240 5227 ni
1275 5173 1451 5231 trahat
1497 5177 1696 5246 hamis,

77 5248 363 5308 Fluctibus
388 5255 662 5322 exturbet,
691 5256 816 5313 vitae
838 5259 1106 5328 projectet
1134 5262 1337 5317 arenis.

75 5336 176 5395 Nec
202 5341 425 5398 desunt
448 5343 599 5400 nudo
626 5344 943 5403 rabidarum
972 5348 1117 5405 furta
1147 5349 1409 5408 ferarum.

135 5484 181 5582 (11
191 5485 324 5582 (54")
361 5486 677 5582 Principem
697 5489 756 5582 in
766 5492 878 5582 hoc
893 5493 1135 5582 capitulo
1151 5496 1265 5582 οξξιὶ
1277 5508 1366 5582 net
1379 5499 1558 5554 locum
1575 5501 1688 5582 Vita

73 5554 258 5612 Malchi
292 5554 566 5615 monachi
595 5578 610 5626 ;
639 5561 696 5615 in
722 5563 878 5619 titulo
910 5554 1091 5620 tamen
1111 5568 1262 5622 nulla
1279 5571 1425 5625 deeo
1458 5554 1685 5629 mentio:

381 5712 683 5778 PATROL.
738 5717 1073 5780 CXXXV.

1871 2007 2135 2067 Panditur
2162 2024 2408 2073 actutum
2440 2032 2751 2096 grassatum
2777 2031 2963 2099 praeda
2987 2037 3218 2107 rapinis,

1870 2101 2268 2163 lsmaelitarum
2304 2113 2626 2187 rapiturque
2657 2122 2934 2192 examine,
2967 2127 3139 2184 turba:

1864 2191 2132 2263 Dispersa;
2160 2199 2420 2255 comitum
2441 2204 2604 2259 variis
2631 2213 2685 2261 et
2704 2191 2959 2267 cladibus
2987 2225 3119 2272 actae
3149 2239 3166 2284 ;

1861 2282 2060 2356 Sicque
2089 2290 2424 2348 camelorum
2462 2295 2646 2368 gibbis
2675 2299 2930 2358 sublimis
2957 2306 3252 2367 inhaerens.

1859 2370 1960 2425 Per
1985 2384 2190 2431 vastam
2215 2377 2386 2434 fertur
2413 2398 2684 2453 eremum,
2717 2403 2844 2444 caro
2875 2395 3045 2450 cruda
3076 2400 3302 2457 resolvit

1853 2462 2119 2536 Esuriem,
2145 2469 2350 2526 misero
2381 2481 2601 2543 potatur
2630 2477 2770 2534 lacte
2799 2485 3017 2554 cameli,

1859 2555 2164 2615 Barbariem
2184 2570 2439 2620 curvatus
2483 2567 2630 2623 herae
2657 2569 2817 2626 datur
2845 2575 3053 2650 absque
3071 2585 3349 2654 pupendis

1850 2646 2038 2704 Nudus
2065 2651 2238 2717 abire,
2266 2655 2460 2712 ovibus
2487 2657 2653 2716 discit
2671 2646 2991 2735 dependere
3020 2646 3228 2730 curam.

1848 2739 2136 2797 Servitium
2165 2755 2415 2817 respecta
2440 2749 2585 2806 levat
2615 2760 2941 2815 memoratio
2973 2770 3189 2832 patrum
3219 2785 3233 2833 ;

1848 2829 2024 2904 Exigit
2052 2833 2140 2889 hic
2163 2839 2491 2894 monachum
2514 2843 2772 2910 precibus
2800 2829 3138 2925 psalmisque
3169 2829 3329 2915 sueto

1845 2921 2037 2989 Instat,
2079 2926 2359 2985 delectant
2378 2931 2673 2989 famulatus
2695 2937 2820 3008 jura
2848 2921 3154 3001 subactum.

1845 3013 2159 3113 Invidethis
2189 3020 2385 3090 hostis,
2413 3024 2755 3103 laqueosque
2778 3049 2876 3104 per
2904 3035 3093 3092 abdita
3123 3041 3384 3113 tendens,

1843 3101 2095 3160 Hortatur
2127 3108 2413 3166 dominum
2439 3115 2611 3172 donet
2640 3101 2910 3178 solamine
2937 3140 3153 3182 servum

1765 3243 1814 3307 C
1840 3194 2006 3307 gnem
2034 3199 2186 3255 videt
2214 3205 2495 3307 egregium
2519 3211 2708 3307 caulas
2739 3213 2970 3285 implere
3000 3225 3315 3307 patronum,

1840 3282 2147 3340 Viuclorum
2177 3291 2384 3346 sociam
2421 3292 2628 3354 famulo
2658 3282 2861 3357 nexare
2889 3306 3136 3361 maritam

1837 3378 2110 3449 Decernit,
2133 3385 2319 3456 gladio
2351 3399 2674 3448 renuentem
2703 3397 2900 3455 cedere
2929 3403 3098 3476 cogit,

1834 3471 2141 3529 Detestatus
2171 3476 2271 3532 init
2296 3478 2567 3538 thalamos
2589 3485 2789 3544 virtute
2813 3471 3062 3562 perosos,

1831 3562 2098 3639 Plangere
2129 3583 2229 3637 pro
2257 3577 2444 3640 cantu,
2475 3589 2574 3645 pro
2605 3578 2802 3634 saltatu
2835 3583 3000 3639 edere
3022 3585 3252 3655 luctum,

1831 3653 1985 3710 Flere
2021 3658 2364 3728 pudicitiam,
2397 3666 2681 3736 preprium
2700 3673 3048 3731 consciscere
3075 3677 3305 3746 lethum,

1828 3745 2080 3811 Quaerere
2109 3751 2420 3821 decessum,
2454 3756 2579 3812 vitae
2608 3761 2870 3829 praeferre
2896 3766 3168 3835 pudorem
3201 3787 3214 3823 :

1826 3839 2045 3895 Evibrat
2072 3841 2127 3894 in
2160 3859 2283 3898 sese
2303 3844 2532 3918 ferrum,
2563 3864 2751 3906 comes
2777 3854 3006 3911 ausibus
3035 3858 3218 3915 obstat
3250 3878 3264 3918 :

1825 3931 1990 3988 Morte
2009 3932 2122 3989 fera
2142 3933 2437 4006 abstineat,
2459 3940 2609 4008 jurat
2637 3943 2722 3998 vel
2753 3961 2812 4001 se
2838 3948 2990 4017 prius
3018 3949 3154 4008 Orco

1819 4024 2079 4081 Demittat
2099 4024 2308 4094 feritas,
2339 4031 2431 4085 tali
2464 4034 2755 4092 nexamine
2779 4038 2978 4112 jungat

1823 4118 2104 4176 Pertantes
2131 4123 2344 4181 animas
2370 4128 2546 4184 lucem
2581 4139 2918 4204 postponere
2947 4139 3110 4196 castis

1821 4209 1883 4264 At
1918 4212 2096 4282 pudor
2121 4215 2241 4286 ipse
2269 4218 2466 4288 placet,
2500 4222 2918 4294 capiatpietatis
2947 4230 3200 4296 amicam.

1837 4303 2114 4359 Munditias
2133 4304 2358 4374 sociam,
2389 4310 2592 4366 mentis
2611 4328 2774 4383 quam
2803 4319 3000 4386 copula
3025 4322 3204 4377 carnis

1817 4393 2102 4460 Collibeat,
2142 4395 2351 4450 domini
2381 4398 2650 4457 thalamos
2673 4403 2819 4459 Deus
2845 4406 2966 4476 ipse
2994 4408 3229 4466 nitorem

1815 4483 2114 4554 Approbet,
2155 4483 2417 4540 alterutra
2455 4490 2713 4546 ostendat
2743 4493 2967 4552 dilectio
2998 4515 3190 4556 nexos.

1729 4559 1782 4626 Ι)
1810 4572 2080 4627 Attonitus
2097 4571 2287 4627 senior
2312 4573 2513 4630 virtute
2545 4577 2734 4652 vigere
2766 4581 2910 4637 virili

1808 4661 2029 4718 Miratur
2066 4663 2279 4719 facilem
2312 4665 2514 4721 lasciva
2543 4668 2610 4723 ad
2641 4670 2852 4728 lubrica
2890 4691 3104 4746 sexum,

1804 4751 2068 4826 Diligitut
2089 4753 2336 4822 junctam
2359 4755 2562 4827 volupe
2593 4758 2716 4828 plus
2745 4760 2858 4818 imo
2882 4765 3128 4840 jugalem
3155 4787 3168 4824 :

1804 4845 2038 4902 Cernere
2067 4848 2217 4903 nuda
2244 4857 2428 4905 tamen
2459 4853 2661 4926 refugit
2688 4857 2777 4911 vel
2818 4866 3045 4933 tangere
3076 4867 3280 4935 carnis,

1801 4937 2038 4993 Perdere
2069 4955 2204 5010 pace
2243 4957 2450 5012 pavens
2478 4945 2690 5001 studuit
2718 4949 2869 5019 quod
2899 4968 3148 5024 quaerere
3177 4957 3348 5016 bello.

1801 5028 2066 5098 Acceptos
2091 5030 2333 5086 dominis
2363 5032 2488 5103 plus
2519 5036 2648 5090 talia
2675 5038 2896 5096 vincula
2925 5045 3186 5116 reddunt,

1802 5121 1958 5175 Nulla
1996 5121 2139 5196 fugae
2170 5124 2442 5194 formido;
2479 5131 2650 5186 eremi
2683 5132 2812 5189 dum
2843 5145 2994 5192 vasta
3025 5152 3312 5210 pererrant

1799 5215 2080 5273 Liberiore
2118 5221 2301 5294 gregis
2339 5222 2505 5278 ductu
2538 5243 2551 5279 :
2584 5231 2909 5286 memoratio
2941 5241 3180 5290 mentem

1799 5303 1981 5360 Prisca
2006 5306 2156 5362 subit
2184 5307 2432 5378 fratrum,
2464 5312 2652 5370 blandi
2693 5321 2969 5390 respectio
3008 5325 3199 5393 patris.

1871 5395 2094 5454 Interea
2117 5397 2344 5457 formica
2368 5409 2552 5460 terens
2579 5409 2852 5478 prudente
2880 5424 3164 5471 vacantem

1869 5530 1998 5621 (168,
2045 5531 2267 5589 Hieron.
2299 5535 2352 5590 in
2380 5537 2496 5593 Vita
2528 5539 2721 5621 hiulchi
2755 5561 2768 5597 :
2810 5570 2832 5588 ο»
2847 5544 3108 5615 Malchus,
3128 5566 3291 5621 quem
3312 5567 3412 5607 nos

1800 5600 1987 5656 Latine
2013 5618 2187 5671 regem
2204 5621 2498 5676 possumus
2523 5610 2733 5667 dicere.
2777 5641 2794 5662 ιι

3046 5748 3117 5808 19
