  <div class='ocr_page' id='page_1' title='image "/cluster/home/n/w/nwhite01/storage/ocr_20150623/135/hvd.32044054759956/299.png"; bbox 0 0 3974 6146; ppageno 0'>
   <div class='ocr_carea' id='block_1_1' title="bbox 552 292 3804 356">
    <p class='ocr_par' dir='ltr' id='par_1_1' title="bbox 552 292 3804 356">
     <span class='ocr_line' id='line_1_1' title="bbox 552 292 3804 356; baseline 0.001 -4"><span class='ocrx_word' id='word_1_1' title='bbox 552 298 655 352; x_wconf 82' lang='grc'>587</span> <span class='ocrx_word' id='word_1_2' title='bbox 1312 292 1682 350; x_wconf 83' lang='lat' dir='ltr'><strong>FLODOARDI</strong></span> <span class='ocrx_word' id='word_1_3' title='bbox 1721 295 2025 352; x_wconf 81' lang='lat' dir='ltr'><strong>CANONlCl</strong></span> <span class='ocrx_word' id='word_1_4' title='bbox 2066 299 2394 355; x_wconf 80' lang='lat' dir='ltr'><strong>REMENSIS</strong></span> <span class='ocrx_word' id='word_1_5' title='bbox 2436 298 2775 356; x_wconf 80' lang='lat' dir='ltr'><strong>OPUSCULA</strong></span> <span class='ocrx_word' id='word_1_6' title='bbox 2813 297 3121 353; x_wconf 81' lang='lat' dir='ltr'><strong>METRICA.</strong></span> <span class='ocrx_word' id='word_1_7' title='bbox 3739 302 3804 355; x_wconf 76' lang='lat'><strong>588</strong></span> 
     </span>
    </p>
   </div>
   <div class='ocr_carea' id='block_1_2' title="bbox 544 423 1868 494">
    <p class='ocr_par' dir='ltr' id='par_1_2' title="bbox 544 423 1868 494">
     <span class='ocr_line' id='line_1_2' title="bbox 544 423 1868 494; baseline 0.003 -18"><span class='ocrx_word' id='word_1_8' title='bbox 544 425 810 480; x_wconf 90' lang='lat' dir='ltr'><strong>Sollicitat</strong></span> <span class='ocrx_word' id='word_1_9' title='bbox 827 440 977 486; x_wconf 90' lang='lat' dir='ltr'><strong>cura,</strong></span> <span class='ocrx_word' id='word_1_10' title='bbox 1009 423 1287 494; x_wconf 91' lang='lat' dir='ltr'><strong>stupidam</strong></span> <span class='ocrx_word' id='word_1_11' title='bbox 1316 423 1532 478; x_wconf 86' lang='lat' dir='ltr'><strong>diversa</strong></span> <span class='ocrx_word' id='word_1_12' title='bbox 1564 425 1868 480; x_wconf 89' lang='lat' dir='ltr'><strong>trahentem</strong></span> 
     </span>
    </p>
   </div>
   <div class='ocr_carea' id='block_1_3' title="bbox 543 516 1870 589">
    <p class='ocr_par' dir='ltr' id='par_1_3' title="bbox 543 516 1870 589">
     <span class='ocr_line' id='line_1_3' title="bbox 543 516 1870 589; baseline 0.002 -19"><span class='ocrx_word' id='word_1_13' title='bbox 543 516 850 572; x_wconf 73' lang='lat' dir='ltr'><strong>Mtestitiam</strong></span> <span class='ocrx_word' id='word_1_14' title='bbox 874 516 1075 571; x_wconf 91' lang='lat' dir='ltr'><strong>mentis</strong></span> <span class='ocrx_word' id='word_1_15' title='bbox 1103 516 1255 570; x_wconf 90' lang='lat' dir='ltr'><strong>vultu</strong></span> <span class='ocrx_word' id='word_1_16' title='bbox 1276 531 1463 571; x_wconf 91' lang='lat' dir='ltr'><strong>comes</strong></span> <span class='ocrx_word' id='word_1_17' title='bbox 1483 516 1646 572; x_wconf 89' lang='lat' dir='ltr'><strong>unica</strong></span> <span class='ocrx_word' id='word_1_18' title='bbox 1677 526 1870 589; x_wconf 77' lang='lat' dir='ltr'><strong>raptat,</strong></span> 
     </span>
    </p>
   </div>
   <div class='ocr_carea' id='block_1_4' title="bbox 547 607 1891 681">
    <p class='ocr_par' dir='ltr' id='par_1_4' title="bbox 547 607 1891 681">
     <span class='ocr_line' id='line_1_4' title="bbox 547 607 1891 681; baseline 0.002 -20"><span class='ocrx_word' id='word_1_19' title='bbox 547 607 784 663; x_wconf 80' lang='lat' dir='ltr'><strong>Pectoris</strong></span> <span class='ocrx_word' id='word_1_20' title='bbox 812 624 1070 662; x_wconf 90' lang='lat' dir='ltr'><strong>arcanum</strong></span> <span class='ocrx_word' id='word_1_21' title='bbox 1102 608 1317 681; x_wconf 77' lang='lat' dir='ltr'><strong>rogitat,</strong></span> <span class='ocrx_word' id='word_1_22' title='bbox 1341 617 1555 664; x_wconf 89' lang='lat' dir='ltr'><strong>secreta</strong></span> <span class='ocrx_word' id='word_1_23' title='bbox 1584 617 1891 680; x_wconf 89' lang='lat' dir='ltr'><strong>patescunt.</strong></span> 
     </span>
    </p>
   </div>
   <div class='ocr_carea' id='block_1_5' title="bbox 543 699 1807 775">
    <p class='ocr_par' dir='ltr' id='par_1_5' title="bbox 543 699 1807 775">
     <span class='ocr_line' id='line_1_5' title="bbox 543 699 1807 775; baseline -0.001 -20"><span class='ocrx_word' id='word_1_24' title='bbox 543 701 835 755; x_wconf 84' lang='lat' dir='ltr'><strong>Exhortata</strong></span> <span class='ocrx_word' id='word_1_25' title='bbox 865 699 1072 775; x_wconf 84' lang='lat' dir='ltr'><strong>fugam,</strong></span> <span class='ocrx_word' id='word_1_26' title='bbox 1097 700 1327 770; x_wconf 75' lang='lat' dir='ltr'><strong>quaesita</strong></span> <span class='ocrx_word' id='word_1_27' title='bbox 1357 700 1579 755; x_wconf 89' lang='lat' dir='ltr'><strong>silentia</strong></span> <span class='ocrx_word' id='word_1_28' title='bbox 1608 700 1807 768; x_wconf 85' lang='lat' dir='ltr'><strong>ﬁrmat,</strong></span> 
     </span>
    </p>
   </div>
   <div class='ocr_carea' id='block_1_6' title="bbox 540 791 2154 864">
    <p class='ocr_par' dir='ltr' id='par_1_6' title="bbox 540 791 2154 864">
     <span class='ocr_line' id='line_1_6' title="bbox 540 791 2154 864; baseline 0.002 -18"><span class='ocrx_word' id='word_1_29' title='bbox 540 793 817 863; x_wconf 86' lang='lat' dir='ltr'><strong>Spemque</strong></span> <span class='ocrx_word' id='word_1_30' title='bbox 847 798 1169 862; x_wconf 91' lang='lat' dir='ltr'><strong>metumque</strong></span> <span class='ocrx_word' id='word_1_31' title='bbox 1193 791 1310 862; x_wconf 85' lang='lat' dir='ltr'><strong>jugi</strong></span> <span class='ocrx_word' id='word_1_32' title='bbox 1348 792 1572 846; x_wconf 88' lang='lat' dir='ltr'><strong>volvunt</strong></span> <span class='ocrx_word' id='word_1_33' title='bbox 1594 799 1895 864; x_wconf 88' lang='lat' dir='ltr'><strong>peroperta</strong></span> <span class='ocrx_word' id='word_1_34' title='bbox 1909 808 2154 860; x_wconf 88' lang='lat' dir='ltr'><strong>susurro,</strong></span> 
     </span>
    </p>
   </div>
   <div class='ocr_carea' id='block_1_7' title="bbox 543 878 1728 949">
    <p class='ocr_par' dir='ltr' id='par_1_7' title="bbox 543 878 1728 949">
     <span class='ocr_line' id='line_1_7' title="bbox 543 878 1728 949; baseline 0 -15"><span class='ocrx_word' id='word_1_35' title='bbox 543 878 809 934; x_wconf 88' lang='lat' dir='ltr'><strong>Carnibus</strong></span> <span class='ocrx_word' id='word_1_36' title='bbox 840 879 1066 933; x_wconf 82' lang='lat' dir='ltr'><strong>hircinis</strong></span> <span class='ocrx_word' id='word_1_37' title='bbox 1096 879 1536 949; x_wconf 72' lang='lat' dir='ltr'><strong>praevisaviatica</strong></span> <span class='ocrx_word' id='word_1_38' title='bbox 1563 895 1728 936; x_wconf 67' lang='lat' dir='ltr'><strong>curae.</strong></span> 
     </span>
    </p>
   </div>
   <div class='ocr_carea' id='block_1_8' title="bbox 543 967 1871 1042">
    <p class='ocr_par' dir='ltr' id='par_1_8' title="bbox 543 967 1871 1042">
     <span class='ocr_line' id='line_1_8' title="bbox 543 967 1871 1042; baseline 0.003 -22"><span class='ocrx_word' id='word_1_39' title='bbox 543 967 678 1022; x_wconf 90' lang='lat' dir='ltr'><strong>Sero</strong></span> <span class='ocrx_word' id='word_1_40' title='bbox 707 967 923 1022; x_wconf 88' lang='lat' dir='ltr'><strong>subitur</strong></span> <span class='ocrx_word' id='word_1_41' title='bbox 954 968 1074 1033; x_wconf 89' lang='lat' dir='ltr'><strong>iter,</strong></span> <span class='ocrx_word' id='word_1_42' title='bbox 1106 982 1299 1022; x_wconf 90' lang='lat' dir='ltr'><strong>carnes</strong></span> <span class='ocrx_word' id='word_1_43' title='bbox 1325 975 1381 1022; x_wconf 91' lang='lat' dir='ltr'><strong>et</strong></span> <span class='ocrx_word' id='word_1_44' title='bbox 1411 977 1626 1042; x_wconf 83' lang='lat' dir='ltr'><strong>tergora</strong></span> <span class='ocrx_word' id='word_1_45' title='bbox 1651 968 1871 1037; x_wconf 89' lang='lat' dir='ltr'><strong>tollunt,</strong></span> 
     </span>
    </p>
   </div>
   <div class='ocr_carea' id='block_1_9' title="bbox 545 1063 1839 1135">
    <p class='ocr_par' dir='ltr' id='par_1_9' title="bbox 545 1063 1839 1135">
     <span class='ocr_line' id='line_1_9' title="bbox 545 1063 1839 1135; baseline 0.001 -16"><span class='ocrx_word' id='word_1_46' title='bbox 545 1065 766 1120; x_wconf 87' lang='lat' dir='ltr'><strong>Utribus</strong></span> <span class='ocrx_word' id='word_1_47' title='bbox 797 1063 971 1118; x_wconf 85' lang='lat' dir='ltr'>innixi</span> <span class='ocrx_word' id='word_1_48' title='bbox 999 1063 1208 1135; x_wconf 86' lang='lat' dir='ltr'><strong>rapidis</strong></span> <span class='ocrx_word' id='word_1_49' title='bbox 1237 1080 1297 1120; x_wconf 92' lang='lat' dir='ltr'><strong>se</strong></span> <span class='ocrx_word' id='word_1_50' title='bbox 1317 1063 1578 1120; x_wconf 89' lang='lat' dir='ltr'><strong>ﬂuctibus</strong></span> <span class='ocrx_word' id='word_1_51' title='bbox 1610 1066 1839 1132; x_wconf 88' lang='lat' dir='ltr'><strong>addunt,</strong></span> 
     </span>
    </p>
   </div>
   <div class='ocr_carea' id='block_1_10' title="bbox 545 1153 1959 1225">
    <p class='ocr_par' dir='ltr' id='par_1_10' title="bbox 545 1153 1959 1225">
     <span class='ocr_line' id='line_1_10' title="bbox 545 1153 1959 1225; baseline 0.001 -17"><span class='ocrx_word' id='word_1_52' title='bbox 545 1154 793 1209; x_wconf 86' lang='lat' dir='ltr'><strong>Flumine</strong></span> <span class='ocrx_word' id='word_1_53' title='bbox 826 1153 1144 1208; x_wconf 89' lang='lat' dir='ltr'><strong>transmisso</strong></span> <span class='ocrx_word' id='word_1_54' title='bbox 1176 1153 1329 1208; x_wconf 92' lang='lat' dir='ltr'><strong>dubii</strong></span> <span class='ocrx_word' id='word_1_55' title='bbox 1361 1170 1460 1225; x_wconf 89' lang='lat' dir='ltr'><strong>per</strong></span> <span class='ocrx_word' id='word_1_56' title='bbox 1489 1155 1650 1210; x_wconf 89' lang='lat' dir='ltr'><strong>devia</strong></span> <span class='ocrx_word' id='word_1_57' title='bbox 1684 1165 1912 1210; x_wconf 91' lang='lat' dir='ltr'><strong>currunt</strong></span> <span class='ocrx_word' id='word_1_58' title='bbox 1944 1173 1959 1221; x_wconf 92' lang='lat'><strong>;</strong></span> 
     </span>
    </p>
   </div>
   <div class='ocr_carea' id='block_1_11' title="bbox 548 1245 1931 1317">
    <p class='ocr_par' dir='ltr' id='par_1_11' title="bbox 548 1245 1931 1317">
     <span class='ocr_line' id='line_1_11' title="bbox 548 1245 1931 1317; baseline 0 -16"><span class='ocrx_word' id='word_1_59' title='bbox 548 1246 675 1301; x_wconf 84' lang='lat' dir='ltr'><strong>Post</strong></span> <span class='ocrx_word' id='word_1_60' title='bbox 703 1255 913 1317; x_wconf 83' lang='lat' dir='ltr'><strong>tergum</strong></span> <span class='ocrx_word' id='word_1_61' title='bbox 943 1245 1149 1300; x_wconf 87' lang='lat' dir='ltr'><strong>assidui</strong></span> <span class='ocrx_word' id='word_1_62' title='bbox 1182 1254 1435 1302; x_wconf 90' lang='lat' dir='ltr'><strong>revocata</strong></span> <span class='ocrx_word' id='word_1_63' title='bbox 1461 1247 1639 1303; x_wconf 88' lang='lat' dir='ltr'><strong>fronte</strong></span> <span class='ocrx_word' id='word_1_64' title='bbox 1671 1255 1884 1302; x_wconf 86' lang='lat' dir='ltr'><strong>mentes</strong></span> <span class='ocrx_word' id='word_1_65' title='bbox 1918 1265 1931 1301; x_wconf 93' lang='lat'>:</span> 
     </span>
    </p>
   </div>
   <div class='ocr_carea' id='block_1_12' title="bbox 550 1336 1879 1394">
    <p class='ocr_par' dir='ltr' id='par_1_12' title="bbox 550 1336 1879 1394">
     <span class='ocr_line' id='line_1_12' title="bbox 550 1336 1879 1394; baseline 0.001 -3"><span class='ocrx_word' id='word_1_66' title='bbox 550 1336 812 1392; x_wconf 86' lang='lat' dir='ltr'><strong>Noctibus</strong></span> <span class='ocrx_word' id='word_1_67' title='bbox 834 1337 1062 1392; x_wconf 87' lang='lat' dir='ltr'><strong>insidias</strong></span> <span class='ocrx_word' id='word_1_68' title='bbox 1093 1337 1251 1392; x_wconf 90' lang='lat' dir='ltr'><strong>veriti</strong></span> <span class='ocrx_word' id='word_1_69' title='bbox 1284 1337 1403 1393; x_wconf 90' lang='lat' dir='ltr'><strong>loca</strong></span> <span class='ocrx_word' id='word_1_70' title='bbox 1433 1338 1578 1393; x_wconf 90' lang='lat' dir='ltr'><strong>sicca</strong></span> <span class='ocrx_word' id='word_1_71' title='bbox 1607 1337 1879 1394; x_wconf 90' lang='lat' dir='ltr'><strong>terebant.</strong></span> 
     </span>
    </p>
   </div>
   <div class='ocr_carea' id='block_1_13' title="bbox 550 1430 1996 1498">
    <p class='ocr_par' dir='ltr' id='par_1_13' title="bbox 550 1430 1996 1498">
     <span class='ocr_line' id='line_1_13' title="bbox 550 1430 1996 1498; baseline 0.001 -14"><span class='ocrx_word' id='word_1_72' title='bbox 550 1430 733 1484; x_wconf 85' lang='lat' dir='ltr'><strong>Tertia</strong></span> <span class='ocrx_word' id='word_1_73' title='bbox 751 1430 864 1498; x_wconf 90' lang='lat' dir='ltr'><strong>jam</strong></span> <span class='ocrx_word' id='word_1_74' title='bbox 899 1437 1167 1484; x_wconf 89' lang='lat' dir='ltr'><strong>transacta</strong></span> <span class='ocrx_word' id='word_1_75' title='bbox 1196 1430 1315 1485; x_wconf 90' lang='lat' dir='ltr'><strong>dies</strong></span> <span class='ocrx_word' id='word_1_76' title='bbox 1339 1437 1393 1485; x_wconf 92' lang='lat' dir='ltr'><strong>et</strong></span> <span class='ocrx_word' id='word_1_77' title='bbox 1422 1431 1602 1486; x_wconf 92' lang='lat' dir='ltr'><strong>adhuc</strong></span> <span class='ocrx_word' id='word_1_78' title='bbox 1632 1438 1815 1486; x_wconf 87' lang='lat' dir='ltr'><strong>tamen</strong></span> <span class='ocrx_word' id='word_1_79' title='bbox 1851 1430 1996 1486; x_wconf 91' lang='lat' dir='ltr'><strong>idem</strong></span> 
     </span>
    </p>
   </div>
   <div class='ocr_carea' id='block_1_14' title="bbox 552 1524 1986 1581">
    <p class='ocr_par' dir='ltr' id='par_1_14' title="bbox 552 1524 1986 1581">
     <span class='ocr_line' id='line_1_14' title="bbox 552 1524 1986 1581; baseline 0.001 -2"><span class='ocrx_word' id='word_1_80' title='bbox 552 1525 715 1579; x_wconf 87' lang='lat' dir='ltr'><strong>Retro</strong></span> <span class='ocrx_word' id='word_1_81' title='bbox 744 1524 946 1580; x_wconf 88' lang='lat' dir='ltr'><strong>referre</strong></span> <span class='ocrx_word' id='word_1_82' title='bbox 978 1535 1168 1581; x_wconf 89' lang='lat' dir='ltr'><strong>monet</strong></span> <span class='ocrx_word' id='word_1_83' title='bbox 1196 1527 1373 1581; x_wconf 92' lang='lat' dir='ltr'><strong>visum</strong></span> <span class='ocrx_word' id='word_1_84' title='bbox 1414 1525 1760 1581; x_wconf 90' lang='lat' dir='ltr'><strong>ﬂuitantibus</strong></span> <span class='ocrx_word' id='word_1_85' title='bbox 1791 1541 1942 1580; x_wconf 89' lang='lat' dir='ltr'><strong>error</strong></span> <span class='ocrx_word' id='word_1_86' title='bbox 1974 1543 1986 1580; x_wconf 90' lang='lat'><strong>:</strong></span> 
     </span>
    </p>
   </div>
   <div class='ocr_carea' id='block_1_15' title="bbox 554 1613 1756 1686">
    <p class='ocr_par' dir='ltr' id='par_1_15' title="bbox 554 1613 1756 1686">
     <span class='ocr_line' id='line_1_15' title="bbox 554 1613 1756 1686; baseline 0.002 -20"><span class='ocrx_word' id='word_1_87' title='bbox 554 1613 688 1668; x_wconf 87' lang='lat' dir='ltr'><strong>Ecce</strong></span> <span class='ocrx_word' id='word_1_88' title='bbox 718 1615 989 1670; x_wconf 90' lang='lat' dir='ltr'><strong>camelino</strong></span> <span class='ocrx_word' id='word_1_89' title='bbox 1019 1615 1271 1686; x_wconf 85' lang='lat' dir='ltr'><strong>geminos</strong></span> <span class='ocrx_word' id='word_1_90' title='bbox 1298 1616 1567 1670; x_wconf 85' lang='lat' dir='ltr'><strong>accedere</strong></span> <span class='ocrx_word' id='word_1_91' title='bbox 1595 1631 1756 1670; x_wconf 88' lang='lat' dir='ltr'><strong>cursu</strong></span> 
     </span>
    </p>
   </div>
   <div class='ocr_carea' id='block_1_16' title="bbox 552 1706 2098 1781">
    <p class='ocr_par' dir='ltr' id='par_1_16' title="bbox 552 1706 2098 1781">
     <span class='ocr_line' id='line_1_16' title="bbox 552 1706 2098 1781; baseline 0.001 -22"><span class='ocrx_word' id='word_1_92' title='bbox 552 1706 704 1760; x_wconf 88' lang='lat' dir='ltr'><strong>Mens</strong></span> <span class='ocrx_word' id='word_1_93' title='bbox 737 1722 982 1781; x_wconf 71' lang='lat' dir='ltr'><strong>praesaga</strong></span> <span class='ocrx_word' id='word_1_94' title='bbox 1007 1706 1135 1761; x_wconf 91' lang='lat' dir='ltr'><strong>mali</strong></span> <span class='ocrx_word' id='word_1_95' title='bbox 1166 1707 1450 1762; x_wconf 91' lang='lat' dir='ltr'><strong>dominum</strong></span> <span class='ocrx_word' id='word_1_96' title='bbox 1478 1708 1796 1779; x_wconf 92' lang='lat' dir='ltr'><strong>lethumque</strong></span> <span class='ocrx_word' id='word_1_97' title='bbox 1838 1714 2098 1762; x_wconf 85' lang='lat' dir='ltr'><strong>retractat</strong></span> 
     </span>
    </p>
   </div>
   <div class='ocr_carea' id='block_1_17' title="bbox 554 1797 1968 1872">
    <p class='ocr_par' dir='ltr' id='par_1_17' title="bbox 554 1797 1968 1872">
     <span class='ocr_line' id='line_1_17' title="bbox 554 1797 1968 1872; baseline 0.001 -23"><span class='ocrx_word' id='word_1_98' title='bbox 554 1799 936 1868; x_wconf 85' lang='lat' dir='ltr'><strong>Approperare</strong></span> <span class='ocrx_word' id='word_1_99' title='bbox 968 1798 1154 1864; x_wconf 90' lang='lat' dir='ltr'><strong>simul,</strong></span> <span class='ocrx_word' id='word_1_100' title='bbox 1175 1797 1482 1872; x_wconf 82' lang='lat' dir='ltr'><strong>nigrantem</strong></span> <span class='ocrx_word' id='word_1_101' title='bbox 1511 1813 1739 1852; x_wconf 88' lang='lat' dir='ltr'><strong>cernere</strong></span> <span class='ocrx_word' id='word_1_102' title='bbox 1772 1797 1968 1852; x_wconf 89' lang='lat' dir='ltr'><strong>solem.</strong></span> 
     </span>
    </p>
   </div>
   <div class='ocr_carea' id='block_1_18' title="bbox 559 1886 2080 1962">
    <p class='ocr_par' dir='ltr' id='par_1_18' title="bbox 559 1886 2080 1962">
     <span class='ocr_line' id='line_1_18' title="bbox 559 1886 2080 1962; baseline -0.001 -22"><span class='ocrx_word' id='word_1_103' title='bbox 559 1886 632 1941; x_wconf 86' lang='lat' dir='ltr'><strong>En</strong></span> <span class='ocrx_word' id='word_1_104' title='bbox 665 1887 897 1957; x_wconf 91' lang='lat' dir='ltr'><strong>trepidis</strong></span> <span class='ocrx_word' id='word_1_105' title='bbox 929 1887 1093 1962; x_wconf 87' lang='lat' dir='ltr'><strong>longe</strong></span> <span class='ocrx_word' id='word_1_106' title='bbox 1132 1895 1430 1958; x_wconf 86' lang='lat' dir='ltr'><strong>penetrans</strong></span> <span class='ocrx_word' id='word_1_107' title='bbox 1469 1887 1818 1956; x_wconf 86' lang='lat' dir='ltr'><strong>depromitur</strong></span> <span class='ocrx_word' id='word_1_108' title='bbox 1843 1892 2080 1940; x_wconf 87' lang='lat' dir='ltr'><strong>antrum.</strong></span> 
     </span>
    </p>
   </div>
   <div class='ocr_carea' id='block_1_19' title="bbox 558 1974 2085 2046">
    <p class='ocr_par' dir='ltr' id='par_1_19' title="bbox 558 1974 2085 2046">
     <span class='ocr_line' id='line_1_19' title="bbox 558 1974 2085 2046; baseline -0.001 -18"><span class='ocrx_word' id='word_1_109' title='bbox 558 1974 666 2028; x_wconf 83' lang='lat' dir='ltr'><strong>Nec</strong></span> <span class='ocrx_word' id='word_1_110' title='bbox 695 1975 878 2029; x_wconf 91' lang='lat' dir='ltr'><strong>minus</strong></span> <span class='ocrx_word' id='word_1_111' title='bbox 918 1975 1109 2029; x_wconf 90' lang='lat' dir='ltr'><strong>horror</strong></span> <span class='ocrx_word' id='word_1_112' title='bbox 1133 1975 1210 2029; x_wconf 92' lang='lat' dir='ltr'><strong>ibi</strong></span> <span class='ocrx_word' id='word_1_113' title='bbox 1235 1975 1426 2031; x_wconf 90' lang='lat' dir='ltr'><strong>mortis</strong></span> <span class='ocrx_word' id='word_1_114' title='bbox 1453 1975 1840 2046; x_wconf 90' lang='lat' dir='ltr'><strong>scrobiumque</strong></span> <span class='ocrx_word' id='word_1_115' title='bbox 1871 1989 2085 2029; x_wconf 91' lang='lat' dir='ltr'><strong>venena</strong></span> 
     </span>
    </p>
   </div>
   <div class='ocr_carea' id='block_1_20' title="bbox 559 2063 1969 2136">
    <p class='ocr_par' dir='ltr' id='par_1_20' title="bbox 559 2063 1969 2136">
     <span class='ocr_line' id='line_1_20' title="bbox 559 2063 1969 2136; baseline 0.001 -20"><span class='ocrx_word' id='word_1_116' title='bbox 559 2065 855 2118; x_wconf 91' lang='lat' dir='ltr'><strong>lntrorsum</strong></span> <span class='ocrx_word' id='word_1_117' title='bbox 889 2077 1184 2134; x_wconf 90' lang='lat' dir='ltr'><strong>properare</strong></span> <span class='ocrx_word' id='word_1_118' title='bbox 1209 2072 1418 2130; x_wconf 85' lang='lat' dir='ltr'><strong>vetant,</strong></span> <span class='ocrx_word' id='word_1_119' title='bbox 1450 2063 1712 2136; x_wconf 87' lang='lat' dir='ltr'><strong>adituque</strong></span> <span class='ocrx_word' id='word_1_120' title='bbox 1745 2064 1969 2119; x_wconf 89' lang='lat' dir='ltr'><strong>sinistre</strong></span> 
     </span>
    </p>
   </div>
   <div class='ocr_carea' id='block_1_21' title="bbox 558 2157 1930 2230">
    <p class='ocr_par' dir='ltr' id='par_1_21' title="bbox 558 2157 1930 2230">
     <span class='ocr_line' id='line_1_21' title="bbox 558 2157 1930 2230; baseline 0.001 -20"><span class='ocrx_word' id='word_1_121' title='bbox 558 2157 839 2230; x_wconf 87' lang='lat' dir='ltr'><strong>lngressos</strong></span> <span class='ocrx_word' id='word_1_122' title='bbox 867 2165 1069 2212; x_wconf 90' lang='lat' dir='ltr'><strong>restare</strong></span> <span class='ocrx_word' id='word_1_123' title='bbox 1094 2157 1315 2226; x_wconf 90' lang='lat' dir='ltr'><strong>jubent,</strong></span> <span class='ocrx_word' id='word_1_124' title='bbox 1358 2157 1582 2212; x_wconf 88' lang='lat' dir='ltr'><strong>Famulo</strong></span> <span class='ocrx_word' id='word_1_125' title='bbox 1611 2158 1930 2224; x_wconf 88' lang='lat' dir='ltr'><strong>comitante,</strong></span> 
     </span>
    </p>
   </div>
   <div class='ocr_carea' id='block_1_22' title="bbox 556 2249 2066 2321">
    <p class='ocr_par' dir='ltr' id='par_1_22' title="bbox 556 2249 2066 2321">
     <span class='ocr_line' id='line_1_22' title="bbox 556 2249 2066 2321; baseline -0.003 -15"><span class='ocrx_word' id='word_1_126' title='bbox 556 2251 910 2321; x_wconf 86' lang='lat' dir='ltr'><strong>Persequitur</strong></span> <span class='ocrx_word' id='word_1_127' title='bbox 936 2249 1193 2304; x_wconf 91' lang='lat' dir='ltr'><strong>dominus</strong></span> <span class='ocrx_word' id='word_1_128' title='bbox 1220 2250 1609 2321; x_wconf 65' lang='lat' dir='ltr'><strong>speluncaeque</strong></span> <span class='ocrx_word' id='word_1_129' title='bbox 1649 2250 1889 2321; x_wconf 89' lang='lat' dir='ltr'><strong>applicat</strong></span> <span class='ocrx_word' id='word_1_130' title='bbox 1928 2264 2023 2303; x_wconf 91' lang='lat' dir='ltr'><strong>ora</strong></span> <span class='ocrx_word' id='word_1_131' title='bbox 2052 2264 2066 2313; x_wconf 87' lang='lat'><strong>;</strong></span> 
     </span>
    </p>
   </div>
   <div class='ocr_carea' id='block_1_23' title="bbox 555 2336 1960 2412">
    <p class='ocr_par' dir='ltr' id='par_1_23' title="bbox 555 2336 1960 2412">
     <span class='ocr_line' id='line_1_23' title="bbox 555 2336 1960 2412; baseline -0.004 -17"><span class='ocrx_word' id='word_1_132' title='bbox 555 2340 785 2410; x_wconf 84' lang='lat' dir='ltr'><strong>Jamque</strong></span> <span class='ocrx_word' id='word_1_133' title='bbox 814 2338 968 2393; x_wconf 92' lang='lat' dir='ltr'><strong>necis</strong></span> <span class='ocrx_word' id='word_1_134' title='bbox 989 2353 1151 2408; x_wconf 84' lang='lat' dir='ltr'><strong>pcena</strong></span> <span class='ocrx_word' id='word_1_135' title='bbox 1181 2339 1398 2412; x_wconf 83' lang='lat' dir='ltr'><strong>gravior</strong></span> <span class='ocrx_word' id='word_1_136' title='bbox 1426 2336 1667 2393; x_wconf 87' lang='lat' dir='ltr'><strong>formido</strong></span> <span class='ocrx_word' id='word_1_137' title='bbox 1701 2338 1920 2392; x_wconf 90' lang='lat' dir='ltr'><strong>videtur</strong></span> <span class='ocrx_word' id='word_1_138' title='bbox 1948 2354 1960 2389; x_wconf 92' lang='lat'><strong>:</strong></span> 
     </span>
    </p>
   </div>
   <div class='ocr_carea' id='block_1_24' title="bbox 558 2429 2018 2505">
    <p class='ocr_par' dir='ltr' id='par_1_24' title="bbox 558 2429 2018 2505">
     <span class='ocr_line' id='line_1_24' title="bbox 558 2429 2018 2505; baseline -0.002 -19"><span class='ocrx_word' id='word_1_139' title='bbox 558 2433 832 2486; x_wconf 81' lang='lat' dir='ltr'><strong>Presserat</strong></span> <span class='ocrx_word' id='word_1_140' title='bbox 860 2446 956 2485; x_wconf 90' lang='lat' dir='ltr'><strong>ora</strong></span> <span class='ocrx_word' id='word_1_141' title='bbox 987 2445 1174 2500; x_wconf 85' lang='lat' dir='ltr'><strong>pavor,</strong></span> <span class='ocrx_word' id='word_1_142' title='bbox 1198 2429 1313 2497; x_wconf 87' lang='lat' dir='ltr'><strong>jam</strong></span> <span class='ocrx_word' id='word_1_143' title='bbox 1345 2429 1533 2502; x_wconf 85' lang='lat' dir='ltr'><strong>lingua</strong></span> <span class='ocrx_word' id='word_1_144' title='bbox 1561 2429 1727 2505; x_wconf 87' lang='lat' dir='ltr'><strong>ligata</strong></span> <span class='ocrx_word' id='word_1_145' title='bbox 1756 2436 2018 2496; x_wconf 88' lang='lat' dir='ltr'><strong>tremore,</strong></span> 
     </span>
    </p>
   </div>
   <div class='ocr_carea' id='block_1_25' title="bbox 559 2522 1958 2578">
    <p class='ocr_par' dir='ltr' id='par_1_25' title="bbox 559 2522 1958 2578">
     <span class='ocr_line' id='line_1_25' title="bbox 559 2522 1958 2578; baseline -0.002 0"><span class='ocrx_word' id='word_1_146' title='bbox 559 2523 688 2578; x_wconf 91' lang='lat' dir='ltr'><strong>Cum</strong></span> <span class='ocrx_word' id='word_1_147' title='bbox 713 2538 871 2578; x_wconf 88' lang='lat' dir='ltr'><strong>servo</strong></span> <span class='ocrx_word' id='word_1_148' title='bbox 901 2522 1162 2577; x_wconf 91' lang='lat' dir='ltr'><strong>dominus</strong></span> <span class='ocrx_word' id='word_1_149' title='bbox 1189 2522 1421 2577; x_wconf 91' lang='lat' dir='ltr'><strong>miseros</strong></span> <span class='ocrx_word' id='word_1_150' title='bbox 1450 2523 1690 2577; x_wconf 91' lang='lat' dir='ltr'><strong>educere</strong></span> <span class='ocrx_word' id='word_1_151' title='bbox 1716 2522 1958 2577; x_wconf 90' lang='lat' dir='ltr'><strong>mandat.</strong></span> 
     </span>
    </p>
   </div>
   <div class='ocr_carea' id='block_1_26' title="bbox 558 2614 1888 2686">
    <p class='ocr_par' dir='ltr' id='par_1_26' title="bbox 558 2614 1888 2686">
     <span class='ocr_line' id='line_1_26' title="bbox 558 2614 1888 2686; baseline -0.002 -16"><span class='ocrx_word' id='word_1_152' title='bbox 558 2618 677 2686; x_wconf 85' lang='lat' dir='ltr'><strong>Ipse</strong></span> <span class='ocrx_word' id='word_1_153' title='bbox 698 2616 1025 2669; x_wconf 87' lang='lat' dir='ltr'><strong>renudatum</strong></span> <span class='ocrx_word' id='word_1_154' title='bbox 1065 2629 1309 2669; x_wconf 56' lang='lat' dir='ltr'><strong>casurus</strong></span> <span class='ocrx_word' id='word_1_155' title='bbox 1340 2621 1400 2668; x_wconf 92' lang='lat' dir='ltr'><strong>ut</strong></span> <span class='ocrx_word' id='word_1_156' title='bbox 1427 2614 1640 2669; x_wconf 90' lang='lat' dir='ltr'><strong>evibrat</strong></span> <span class='ocrx_word' id='word_1_157' title='bbox 1674 2630 1888 2679; x_wconf 91' lang='lat' dir='ltr'><strong>ensem,</strong></span> 
     </span>
    </p>
   </div>
   <div class='ocr_carea' id='block_1_27' title="bbox 560 2705 2024 2781">
    <p class='ocr_par' dir='ltr' id='par_1_27' title="bbox 560 2705 2024 2781">
     <span class='ocr_line' id='line_1_27' title="bbox 560 2705 2024 2781; baseline -0.003 -17"><span class='ocrx_word' id='word_1_158' title='bbox 560 2708 800 2764; x_wconf 66' lang='lat' dir='ltr'><strong>Praeterit</strong></span> <span class='ocrx_word' id='word_1_159' title='bbox 829 2708 1112 2780; x_wconf 88' lang='lat' dir='ltr'><strong>ingressus</strong></span> <span class='ocrx_word' id='word_1_160' title='bbox 1134 2707 1321 2774; x_wconf 90' lang='lat' dir='ltr'><strong>jussos</strong></span> <span class='ocrx_word' id='word_1_161' title='bbox 1347 2716 1470 2778; x_wconf 82' lang='lat' dir='ltr'><strong>post</strong></span> <span class='ocrx_word' id='word_1_162' title='bbox 1499 2713 1656 2781; x_wconf 85' lang='lat' dir='ltr'><strong>terga</strong></span> <span class='ocrx_word' id='word_1_163' title='bbox 1685 2705 2024 2778; x_wconf 89' lang='lat' dir='ltr'><strong>relinquens,</strong></span> 
     </span>
    </p>
   </div>
   <div class='ocr_carea' id='block_1_28' title="bbox 561 2796 1985 2870">
    <p class='ocr_par' dir='ltr' id='par_1_28' title="bbox 561 2796 1985 2870">
     <span class='ocr_line' id='line_1_28' title="bbox 561 2796 1985 2870; baseline 0 -20"><span class='ocrx_word' id='word_1_164' title='bbox 561 2798 859 2852; x_wconf 82' lang='lat' dir='ltr'><strong>Cernentes</strong></span> <span class='ocrx_word' id='word_1_165' title='bbox 895 2813 954 2851; x_wconf 88' lang='lat' dir='ltr'><strong>se</strong></span> <span class='ocrx_word' id='word_1_166' title='bbox 978 2813 1080 2851; x_wconf 91' lang='lat' dir='ltr'><strong>nec</strong></span> <span class='ocrx_word' id='word_1_167' title='bbox 1107 2811 1343 2852; x_wconf 90' lang='lat' dir='ltr'><strong>cernens</strong></span> <span class='ocrx_word' id='word_1_168' title='bbox 1371 2796 1553 2870; x_wconf 89' lang='lat' dir='ltr'><strong>rigido</strong></span> <span class='ocrx_word' id='word_1_169' title='bbox 1584 2796 1835 2867; x_wconf 88' lang='lat' dir='ltr'><strong>increpat</strong></span> <span class='ocrx_word' id='word_1_170' title='bbox 1867 2811 1985 2863; x_wconf 91' lang='lat' dir='ltr'><strong>ore,</strong></span> 
     </span>
    </p>
   </div>
   <div class='ocr_carea' id='block_1_29' title="bbox 561 2885 2020 2957">
    <p class='ocr_par' dir='ltr' id='par_1_29' title="bbox 561 2885 2020 2957">
     <span class='ocr_line' id='line_1_29' title="bbox 561 2885 2020 2957; baseline -0.001 -16"><span class='ocrx_word' id='word_1_171' title='bbox 561 2885 866 2942; x_wconf 75' lang='lat' dir='ltr'><strong>Furciferos</strong></span> <span class='ocrx_word' id='word_1_172' title='bbox 892 2887 1160 2952; x_wconf 85' lang='lat' dir='ltr'><strong>vocitans,</strong></span> <span class='ocrx_word' id='word_1_173' title='bbox 1194 2886 1497 2957; x_wconf 88' lang='lat' dir='ltr'><strong>plexosque</strong></span> <span class='ocrx_word' id='word_1_174' title='bbox 1528 2885 1744 2956; x_wconf 90' lang='lat' dir='ltr'><strong>eripere</strong></span> <span class='ocrx_word' id='word_1_175' title='bbox 1775 2885 2020 2940; x_wconf 89' lang='lat' dir='ltr'><strong>clamans</strong></span> 
     </span>
    </p>
   </div>
   <div class='ocr_carea' id='block_1_30' title="bbox 2178 429 3805 504">
    <p class='ocr_par' dir='ltr' id='par_1_30' title="bbox 2178 429 3805 504">
     <span class='ocr_line' id='line_1_30' title="bbox 2178 429 3805 504; baseline -0.002 -18"><span class='ocrx_word' id='word_1_176' title='bbox 2178 431 2496 502; x_wconf 74' lang='lat' dir='ltr'><strong>AQuaeqne</strong></span> <span class='ocrx_word' id='word_1_177' title='bbox 2554 440 2764 486; x_wconf 90' lang='lat' dir='ltr'><strong>trucem</strong></span> <span class='ocrx_word' id='word_1_178' title='bbox 2847 429 3116 485; x_wconf 90' lang='lat' dir='ltr'><strong>invadens</strong></span> <span class='ocrx_word' id='word_1_179' title='bbox 3173 429 3316 501; x_wconf 85' lang='lat' dir='ltr'><strong>rapit</strong></span> <span class='ocrx_word' id='word_1_180' title='bbox 3383 431 3592 486; x_wconf 88' lang='lat' dir='ltr'><strong>hostem</strong></span> <span class='ocrx_word' id='word_1_181' title='bbox 3642 438 3805 504; x_wconf 83' lang='lat' dir='ltr'><strong>gutture</strong></span> 
     </span>
    </p>
   </div>
   <div class='ocr_carea' id='block_1_31' title="bbox 3508 522 3766 593">
    <p class='ocr_par' dir='ltr' id='par_1_31' title="bbox 3508 522 3766 593">
     <span class='ocr_line' id='line_1_31' title="bbox 3508 522 3766 593; baseline -0.004 -17"><span class='ocrx_word' id='word_1_182' title='bbox 3508 522 3728 593; x_wconf 89' lang='lat' dir='ltr'><strong>[fractum</strong></span> <span class='ocrx_word' id='word_1_183' title='bbox 3757 542 3766 584; x_wconf 83' lang='lat'><strong>;</strong></span> 
     </span>
    </p>
   </div>
   <div class='ocr_carea' id='block_1_32' title="bbox 2260 612 3568 690">
    <p class='ocr_par' dir='ltr' id='par_1_32' title="bbox 2260 612 3568 690">
     <span class='ocr_line' id='line_1_32' title="bbox 2260 612 3568 690; baseline 0 -21"><span class='ocrx_word' id='word_1_184' title='bbox 2260 616 2578 690; x_wconf 85' lang='lat' dir='ltr'><strong>Indignatus</strong></span> <span class='ocrx_word' id='word_1_185' title='bbox 2605 623 2660 670; x_wconf 89' lang='lat' dir='ltr'><strong>at</strong></span> <span class='ocrx_word' id='word_1_186' title='bbox 2682 615 2802 686; x_wconf 89' lang='lat' dir='ltr'><strong>ipse</strong></span> <span class='ocrx_word' id='word_1_187' title='bbox 2834 631 3014 670; x_wconf 88' lang='lat' dir='ltr'><strong>moras</strong></span> <span class='ocrx_word' id='word_1_188' title='bbox 3047 612 3268 669; x_wconf 74' lang='lat' dir='ltr'><strong>differre</strong></span> <span class='ocrx_word' id='word_1_189' title='bbox 3300 629 3405 670; x_wconf 91' lang='lat' dir='ltr'><strong>nec</strong></span> <span class='ocrx_word' id='word_1_190' title='bbox 3435 614 3568 670; x_wconf 86' lang='lat' dir='ltr'><strong>iram</strong></span> 
     </span>
    </p>
   </div>
   <div class='ocr_carea' id='block_1_33' title="bbox 2258 705 3715 777">
    <p class='ocr_par' dir='ltr' id='par_1_33' title="bbox 2258 705 3715 777">
     <span class='ocr_line' id='line_1_33' title="bbox 2258 705 3715 777; baseline -0.001 -16"><span class='ocrx_word' id='word_1_191' title='bbox 2258 707 2495 762; x_wconf 78' lang='lat' dir='ltr'><strong>Alterius</strong></span> <span class='ocrx_word' id='word_1_192' title='bbox 2519 707 2762 762; x_wconf 90' lang='lat' dir='ltr'><strong>tolerans</strong></span> <span class='ocrx_word' id='word_1_193' title='bbox 2789 706 3070 773; x_wconf 92' lang='lat' dir='ltr'><strong>dominus,</strong></span> <span class='ocrx_word' id='word_1_194' title='bbox 3101 706 3242 777; x_wconf 89' lang='lat' dir='ltr'><strong>petit</strong></span> <span class='ocrx_word' id='word_1_195' title='bbox 3274 706 3467 761; x_wconf 90' lang='lat' dir='ltr'><strong>intima</strong></span> <span class='ocrx_word' id='word_1_196' title='bbox 3497 705 3715 770; x_wconf 70' lang='lat' dir='ltr'><strong>fervens,</strong></span> 
     </span>
    </p>
   </div>
   <div class='ocr_carea' id='block_1_34' title="bbox 2262 795 3728 866">
    <p class='ocr_par' dir='ltr' id='par_1_34' title="bbox 2262 795 3728 866">
     <span class='ocr_line' id='line_1_34' title="bbox 2262 795 3728 866; baseline -0.002 -17"><span class='ocrx_word' id='word_1_197' title='bbox 2262 797 2320 850; x_wconf 90' lang='lat' dir='ltr'><strong>Et</strong></span> <span class='ocrx_word' id='word_1_198' title='bbox 2348 795 2540 850; x_wconf 92' lang='lat' dir='ltr'><strong>rabido</strong></span> <span class='ocrx_word' id='word_1_199' title='bbox 2579 811 2796 850; x_wconf 90' lang='lat' dir='ltr'><strong>servum</strong></span> <span class='ocrx_word' id='word_1_200' title='bbox 2820 795 3154 866; x_wconf 89' lang='lat' dir='ltr'><strong>increpitans</strong></span> <span class='ocrx_word' id='word_1_201' title='bbox 3184 795 3426 850; x_wconf 86' lang='lat' dir='ltr'><strong>clamore</strong></span> <span class='ocrx_word' id='word_1_202' title='bbox 3463 797 3728 850; x_wconf 87' lang='lat' dir='ltr'><strong>socordem</strong></span> 
     </span>
    </p>
   </div>
   <div class='ocr_carea' id='block_1_35' title="bbox 2259 883 3592 949">
    <p class='ocr_par' dir='ltr' id='par_1_35' title="bbox 2259 883 3592 949">
     <span class='ocr_line' id='line_1_35' title="bbox 2259 883 3592 949; baseline -0.003 -9"><span class='ocrx_word' id='word_1_203' title='bbox 2259 887 2395 940; x_wconf 92' lang='lat' dir='ltr'><strong>Dum</strong></span> <span class='ocrx_word' id='word_1_204' title='bbox 2434 885 2609 949; x_wconf 84' lang='lat' dir='ltr'><strong>saevit,</strong></span> <span class='ocrx_word' id='word_1_205' title='bbox 2643 899 2820 940; x_wconf 68' lang='lat' dir='ltr'><strong>saevos</strong></span> <span class='ocrx_word' id='word_1_206' title='bbox 2849 883 3080 938; x_wconf 90' lang='lat' dir='ltr'><strong>incurrit</strong></span> <span class='ocrx_word' id='word_1_207' title='bbox 3110 884 3165 938; x_wconf 91' lang='lat' dir='ltr'><strong>in</strong></span> <span class='ocrx_word' id='word_1_208' title='bbox 3196 884 3385 940; x_wconf 89' lang='lat' dir='ltr'><strong>abdita</strong></span> <span class='ocrx_word' id='word_1_209' title='bbox 3406 884 3592 940; x_wconf 90' lang='lat' dir='ltr'><strong>rictus.</strong></span> 
     </span>
    </p>
   </div>
   <div class='ocr_carea' id='block_1_36' title="bbox 2261 972 3582 1043">
    <p class='ocr_par' dir='ltr' id='par_1_36' title="bbox 2261 972 3582 1043">
     <span class='ocr_line' id='line_1_36' title="bbox 2261 972 3582 1043; baseline -0.001 -16"><span class='ocrx_word' id='word_1_210' title='bbox 2261 973 2526 1028; x_wconf 89' lang='lat' dir='ltr'><strong>Defensos</strong></span> <span class='ocrx_word' id='word_1_211' title='bbox 2559 972 2708 1027; x_wconf 87' lang='lat' dir='ltr'><strong>furor</strong></span> <span class='ocrx_word' id='word_1_212' title='bbox 2734 972 2943 1027; x_wconf 90' lang='lat' dir='ltr'><strong>ultricis</strong></span> <span class='ocrx_word' id='word_1_213' title='bbox 2974 972 3261 1043; x_wconf 88' lang='lat' dir='ltr'><strong>quatiebat</strong></span> <span class='ocrx_word' id='word_1_214' title='bbox 3291 979 3346 1027; x_wconf 91' lang='lat' dir='ltr'><strong>et</strong></span> <span class='ocrx_word' id='word_1_215' title='bbox 3371 974 3582 1033; x_wconf 82' lang='lat' dir='ltr'><strong>horror,</strong></span> 
     </span>
    </p>
   </div>
   <div class='ocr_carea' id='block_1_37' title="bbox 2268 1066 3642 1140">
    <p class='ocr_par' dir='ltr' id='par_1_37' title="bbox 2268 1066 3642 1140">
     <span class='ocr_line' id='line_1_37' title="bbox 2268 1066 3642 1140; baseline -0.001 -17"><span class='ocrx_word' id='word_1_216' title='bbox 2268 1073 2340 1124; x_wconf 80' lang='lat' dir='ltr'><strong>Ac</strong></span> <span class='ocrx_word' id='word_1_217' title='bbox 2367 1068 2564 1138; x_wconf 78' lang='lat' dir='ltr'><strong>similis</strong></span> <span class='ocrx_word' id='word_1_218' title='bbox 2592 1075 2772 1123; x_wconf 89' lang='lat' dir='ltr'><strong>metus</strong></span> <span class='ocrx_word' id='word_1_219' title='bbox 2803 1067 3059 1122; x_wconf 90' lang='lat' dir='ltr'><strong>interitus</strong></span> <span class='ocrx_word' id='word_1_220' title='bbox 3088 1066 3380 1140; x_wconf 89' lang='lat' dir='ltr'><strong>torquebat</strong></span> <span class='ocrx_word' id='word_1_221' title='bbox 3403 1068 3642 1122; x_wconf 89' lang='lat' dir='ltr'><strong>anhelos.</strong></span> 
     </span>
    </p>
   </div>
   <div class='ocr_carea' id='block_1_38' title="bbox 2271 1157 3497 1231">
    <p class='ocr_par' dir='ltr' id='par_1_38' title="bbox 2271 1157 3497 1231">
     <span class='ocr_line' id='line_1_38' title="bbox 2271 1157 3497 1231; baseline 0 -19"><span class='ocrx_word' id='word_1_222' title='bbox 2271 1159 2416 1213; x_wconf 88' lang='lat' dir='ltr'><strong>Inter</strong></span> <span class='ocrx_word' id='word_1_223' title='bbox 2443 1165 2592 1213; x_wconf 88' lang='lat' dir='ltr'><strong>tanta</strong></span> <span class='ocrx_word' id='word_1_224' title='bbox 2611 1159 2746 1213; x_wconf 91' lang='lat' dir='ltr'><strong>sitos</strong></span> <span class='ocrx_word' id='word_1_225' title='bbox 2767 1157 3084 1213; x_wconf 88' lang='lat' dir='ltr'><strong>discrimina</strong></span> <span class='ocrx_word' id='word_1_226' title='bbox 3110 1157 3287 1231; x_wconf 90' lang='lat' dir='ltr'><strong>gloria</strong></span> <span class='ocrx_word' id='word_1_227' title='bbox 3318 1158 3497 1212; x_wconf 73' lang='lat' dir='ltr'><strong>ductae</strong></span> 
     </span>
    </p>
   </div>
   <div class='ocr_carea' id='block_1_39' title="bbox 2270 1246 3424 1317">
    <p class='ocr_par' dir='ltr' id='par_1_39' title="bbox 2270 1246 3424 1317">
     <span class='ocr_line' id='line_1_39' title="bbox 2270 1246 3424 1317; baseline -0.003 -16"><span class='ocrx_word' id='word_1_228' title='bbox 2270 1247 2397 1302; x_wconf 90' lang='lat' dir='ltr'><strong>Sola</strong></span> <span class='ocrx_word' id='word_1_229' title='bbox 2427 1246 2707 1317; x_wconf 73' lang='lat' dir='ltr'><strong>pudicitiae</strong></span> <span class='ocrx_word' id='word_1_230' title='bbox 2730 1246 2926 1302; x_wconf 88' lang='lat' dir='ltr'><strong>attollit</strong></span> <span class='ocrx_word' id='word_1_231' title='bbox 2955 1247 3136 1301; x_wconf 89' lang='lat' dir='ltr'><strong>solata</strong></span> <span class='ocrx_word' id='word_1_232' title='bbox 3167 1246 3424 1302; x_wconf 87' lang='lat' dir='ltr'><strong>latentes.</strong></span> 
     </span>
    </p>
   </div>
   <div class='ocr_carea' id='block_1_40' title="bbox 2273 1341 3553 1412">
    <p class='ocr_par' dir='ltr' id='par_1_40' title="bbox 2273 1341 3553 1412">
     <span class='ocr_line' id='line_1_40' title="bbox 2273 1341 3553 1412; baseline 0.001 -18"><span class='ocrx_word' id='word_1_233' title='bbox 2273 1342 2532 1396; x_wconf 85' lang='lat' dir='ltr'><strong>Immotos</strong></span> <span class='ocrx_word' id='word_1_234' title='bbox 2561 1357 2729 1412; x_wconf 85' lang='lat' dir='ltr'><strong>pavor</strong></span> <span class='ocrx_word' id='word_1_235' title='bbox 2754 1341 2875 1412; x_wconf 91' lang='lat' dir='ltr'><strong>ipse</strong></span> <span class='ocrx_word' id='word_1_236' title='bbox 2907 1346 3060 1396; x_wconf 87' lang='lat' dir='ltr'><strong>tenet</strong></span> <span class='ocrx_word' id='word_1_237' title='bbox 3091 1356 3191 1395; x_wconf 90' lang='lat' dir='ltr'><strong>seu</strong></span> <span class='ocrx_word' id='word_1_238' title='bbox 3221 1341 3391 1396; x_wconf 90' lang='lat' dir='ltr'><strong>limite</strong></span> <span class='ocrx_word' id='word_1_239' title='bbox 3429 1341 3553 1395; x_wconf 65' lang='lat' dir='ltr'><strong>vitae</strong></span> 
     </span>
    </p>
   </div>
   <div class='ocr_carea' id='block_1_41' title="bbox 2271 1430 3744 1502">
    <p class='ocr_par' dir='ltr' id='par_1_41' title="bbox 2271 1430 3744 1502">
     <span class='ocr_line' id='line_1_41' title="bbox 2271 1430 3744 1502; baseline 0 -18"><span class='ocrx_word' id='word_1_240' title='bbox 2271 1431 2597 1502; x_wconf 89' lang='lat' dir='ltr'><strong>Suspensos,</strong></span> <span class='ocrx_word' id='word_1_241' title='bbox 2629 1431 2759 1485; x_wconf 89' lang='lat' dir='ltr'><strong>dum</strong></span> <span class='ocrx_word' id='word_1_242' title='bbox 2792 1438 2949 1486; x_wconf 90' lang='lat' dir='ltr'><strong>cauta</strong></span> <span class='ocrx_word' id='word_1_243' title='bbox 2979 1431 3122 1501; x_wconf 89' lang='lat' dir='ltr'><strong>rapit</strong></span> <span class='ocrx_word' id='word_1_244' title='bbox 3145 1430 3473 1502; x_wconf 88' lang='lat' dir='ltr'><strong>foveamque</strong></span> <span class='ocrx_word' id='word_1_245' title='bbox 3502 1431 3744 1502; x_wconf 89' lang='lat' dir='ltr'><strong>relinquit</strong></span> 
     </span>
    </p>
   </div>
   <div class='ocr_carea' id='block_1_42' title="bbox 2279 1519 3748 1591">
    <p class='ocr_par' dir='ltr' id='par_1_42' title="bbox 2279 1519 3748 1591">
     <span class='ocr_line' id='line_1_42' title="bbox 2279 1519 3748 1591; baseline 0.001 -18"><span class='ocrx_word' id='word_1_246' title='bbox 2279 1521 2542 1576; x_wconf 87' lang='lat' dir='ltr'><strong>Evectans</strong></span> <span class='ocrx_word' id='word_1_247' title='bbox 2571 1520 2810 1575; x_wconf 89' lang='lat' dir='ltr'><strong>catulum</strong></span> <span class='ocrx_word' id='word_1_248' title='bbox 2835 1519 2952 1574; x_wconf 85' lang='lat' dir='ltr'><strong>fera</strong></span> <span class='ocrx_word' id='word_1_249' title='bbox 2977 1519 3258 1576; x_wconf 86' lang='lat' dir='ltr'><strong>mordicus</strong></span> <span class='ocrx_word' id='word_1_250' title='bbox 3290 1535 3386 1576; x_wconf 91' lang='lat' dir='ltr'><strong>ore</strong></span> <span class='ocrx_word' id='word_1_251' title='bbox 3409 1521 3748 1591; x_wconf 86' lang='lat' dir='ltr'><strong>prehensum,</strong></span> 
     </span>
    </p>
   </div>
   <div class='ocr_carea' id='block_1_43' title="bbox 2271 1612 3644 1684">
    <p class='ocr_par' dir='ltr' id='par_1_43' title="bbox 2271 1612 3644 1684">
     <span class='ocr_line' id='line_1_43' title="bbox 2271 1612 3644 1684; baseline 0 -18"><span class='ocrx_word' id='word_1_252' title='bbox 2271 1612 2628 1684; x_wconf 87' lang='lat' dir='ltr'><strong>Tutelamque</strong></span> <span class='ocrx_word' id='word_1_253' title='bbox 2651 1627 2804 1666; x_wconf 90' lang='lat' dir='ltr'><strong>suam</strong></span> <span class='ocrx_word' id='word_1_254' title='bbox 2837 1612 2986 1668; x_wconf 92' lang='lat' dir='ltr'><strong>cedit</strong></span> <span class='ocrx_word' id='word_1_255' title='bbox 3012 1613 3393 1668; x_wconf 89' lang='lat' dir='ltr'><strong>metuentibus</strong></span> <span class='ocrx_word' id='word_1_256' title='bbox 3414 1621 3644 1677; x_wconf 87' lang='lat' dir='ltr'><strong>antrum,</strong></span> 
     </span>
    </p>
   </div>
   <div class='ocr_carea' id='block_1_44' title="bbox 2274 1705 3791 1778">
    <p class='ocr_par' dir='ltr' id='par_1_44' title="bbox 2274 1705 3791 1778">
     <span class='ocr_line' id='line_1_44' title="bbox 2274 1705 3791 1778; baseline 0.001 -20"><span class='ocrx_word' id='word_1_257' title='bbox 2274 1705 2383 1760; x_wconf 89' lang='lat' dir='ltr'><strong>Nec</strong></span> <span class='ocrx_word' id='word_1_258' title='bbox 2403 1720 2528 1760; x_wconf 87' lang='lat' dir='ltr'><strong>mox</strong></span> <span class='ocrx_word' id='word_1_259' title='bbox 2556 1713 2876 1775; x_wconf 90' lang='lat' dir='ltr'><strong>erumpunt,</strong></span> <span class='ocrx_word' id='word_1_260' title='bbox 2903 1720 3291 1778; x_wconf 90' lang='lat' dir='ltr'><strong>propensaque</strong></span> <span class='ocrx_word' id='word_1_261' title='bbox 3314 1706 3459 1761; x_wconf 87' lang='lat' dir='ltr'><strong>dona</strong></span> <span class='ocrx_word' id='word_1_262' title='bbox 3479 1705 3791 1769; x_wconf 86' lang='lat' dir='ltr'><strong>tremiscunt,</strong></span> 
     </span>
    </p>
   </div>
   <div class='ocr_carea' id='block_1_45' title="bbox 2197 1775 3716 1871">
    <p class='ocr_par' dir='ltr' id='par_1_45' title="bbox 2197 1775 3716 1871">
     <span class='ocr_line' id='line_1_45' title="bbox 2197 1775 3716 1871; baseline 0.005 -29"><span class='ocrx_word' id='word_1_263' title='bbox 2197 1775 2246 1842; x_wconf 83' lang='grc' dir='ltr'>Β</span> <span class='ocrx_word' id='word_1_264' title='bbox 2269 1793 2512 1849; x_wconf 89' lang='lat' dir='ltr'><strong>Vindicis</strong></span> <span class='ocrx_word' id='word_1_265' title='bbox 2532 1810 2820 1850; x_wconf 86' lang='lat' dir='ltr'><strong>occursum</strong></span> <span class='ocrx_word' id='word_1_266' title='bbox 2854 1797 3086 1852; x_wconf 91' lang='lat' dir='ltr'><strong>tremulo</strong></span> <span class='ocrx_word' id='word_1_267' title='bbox 3116 1775 3224 1850; x_wconf 78' lang='lat' dir='ltr'><strong>sibi</strong></span> <span class='ocrx_word' id='word_1_268' title='bbox 3261 1803 3484 1867; x_wconf 88' lang='lat' dir='ltr'><strong>pectore</strong></span> <span class='ocrx_word' id='word_1_269' title='bbox 3513 1794 3716 1871; x_wconf 83' lang='lat' dir='ltr'><strong>fingunt</strong></span> 
     </span>
    </p>
   </div>
   <div class='ocr_carea' id='block_1_46' title="bbox 2273 1883 3710 1957">
    <p class='ocr_par' dir='ltr' id='par_1_46' title="bbox 2273 1883 3710 1957">
     <span class='ocr_line' id='line_1_46' title="bbox 2273 1883 3710 1957; baseline 0.001 -20"><span class='ocrx_word' id='word_1_270' title='bbox 2273 1883 2676 1956; x_wconf 87' lang='lat' dir='ltr'><strong>Transactaque</strong></span> <span class='ocrx_word' id='word_1_271' title='bbox 2707 1884 2818 1948; x_wconf 88' lang='lat' dir='ltr'><strong>die,</strong></span> <span class='ocrx_word' id='word_1_272' title='bbox 2839 1883 2951 1952; x_wconf 91' lang='lat' dir='ltr'><strong>jam</strong></span> <span class='ocrx_word' id='word_1_273' title='bbox 2981 1886 3098 1940; x_wconf 90' lang='lat' dir='ltr'><strong>sole</strong></span> <span class='ocrx_word' id='word_1_274' title='bbox 3130 1885 3386 1952; x_wconf 88' lang='lat' dir='ltr'><strong>cadente,</strong></span> <span class='ocrx_word' id='word_1_275' title='bbox 3418 1894 3710 1957; x_wconf 87' lang='lat' dir='ltr'><strong>sequuntur</strong></span> 
     </span>
    </p>
   </div>
   <div class='ocr_carea' id='block_1_47' title="bbox 2278 1973 3592 2049">
    <p class='ocr_par' dir='ltr' id='par_1_47' title="bbox 2278 1973 3592 2049">
     <span class='ocr_line' id='line_1_47' title="bbox 2278 1973 3592 2049; baseline 0.002 -23"><span class='ocrx_word' id='word_1_276' title='bbox 2278 1973 2493 2049; x_wconf 83' lang='lat' dir='ltr'><strong>Egressi</strong></span> <span class='ocrx_word' id='word_1_277' title='bbox 2525 1975 2790 2030; x_wconf 90' lang='lat' dir='ltr'><strong>latebram</strong></span> <span class='ocrx_word' id='word_1_278' title='bbox 2825 1983 3011 2045; x_wconf 89' lang='lat' dir='ltr'><strong>partos</strong></span> <span class='ocrx_word' id='word_1_279' title='bbox 3050 1975 3158 2031; x_wconf 91' lang='lat' dir='ltr'><strong>sibi</strong></span> <span class='ocrx_word' id='word_1_280' title='bbox 3181 1983 3328 2031; x_wconf 83' lang='lat' dir='ltr'><strong>stare</strong></span> <span class='ocrx_word' id='word_1_281' title='bbox 3359 1976 3592 2030; x_wconf 90' lang='lat' dir='ltr'><strong>veredos</strong></span> 
     </span>
    </p>
   </div>
   <div class='ocr_carea' id='block_1_48' title="bbox 2275 2063 3709 2136">
    <p class='ocr_par' dir='ltr' id='par_1_48' title="bbox 2275 2063 3709 2136">
     <span class='ocr_line' id='line_1_48' title="bbox 2275 2063 3709 2136; baseline 0 -20"><span class='ocrx_word' id='word_1_282' title='bbox 2275 2064 2487 2118; x_wconf 84' lang='lat' dir='ltr'><strong>Auxilio</strong></span> <span class='ocrx_word' id='word_1_283' title='bbox 2524 2064 2765 2128; x_wconf 87' lang='lat' dir='ltr'><strong>Domini,</strong></span> <span class='ocrx_word' id='word_1_284' title='bbox 2805 2065 3104 2136; x_wconf 89' lang='lat' dir='ltr'><strong>hostilique</strong></span> <span class='ocrx_word' id='word_1_285' title='bbox 3133 2064 3236 2119; x_wconf 90' lang='lat' dir='ltr'><strong>sub</strong></span> <span class='ocrx_word' id='word_1_286' title='bbox 3261 2065 3467 2135; x_wconf 91' lang='lat' dir='ltr'><strong>impete</strong></span> <span class='ocrx_word' id='word_1_287' title='bbox 3499 2063 3709 2118; x_wconf 88' lang='lat' dir='ltr'><strong>ductos.</strong></span> 
     </span>
    </p>
   </div>
   <div class='ocr_carea' id='block_1_49' title="bbox 2276 2156 3650 2233">
    <p class='ocr_par' dir='ltr' id='par_1_49' title="bbox 2276 2156 3650 2233">
     <span class='ocr_line' id='line_1_49' title="bbox 2276 2156 3650 2233; baseline 0.001 -24"><span class='ocrx_word' id='word_1_288' title='bbox 2276 2157 2406 2221; x_wconf 82' lang='lat' dir='ltr'><strong>Quis</strong></span> <span class='ocrx_word' id='word_1_289' title='bbox 2437 2156 2540 2210; x_wconf 88' lang='lat' dir='ltr'><strong>ista</strong></span> <span class='ocrx_word' id='word_1_290' title='bbox 2569 2157 2888 2212; x_wconf 88' lang='lat' dir='ltr'><strong>conscensis</strong></span> <span class='ocrx_word' id='word_1_291' title='bbox 2917 2156 3149 2212; x_wconf 87' lang='lat' dir='ltr'><strong>recreati</strong></span> <span class='ocrx_word' id='word_1_292' title='bbox 3175 2164 3334 2213; x_wconf 89' lang='lat' dir='ltr'><strong>vasta</strong></span> <span class='ocrx_word' id='word_1_293' title='bbox 3359 2164 3650 2233; x_wconf 84' lang='lat' dir='ltr'><strong>peragrant</strong></span> 
     </span>
    </p>
   </div>
   <div class='ocr_carea' id='block_1_50' title="bbox 2277 2247 3648 2314">
    <p class='ocr_par' dir='ltr' id='par_1_50' title="bbox 2277 2247 3648 2314">
     <span class='ocr_line' id='line_1_50' title="bbox 2277 2247 3648 2314; baseline 0.003 -14"><span class='ocrx_word' id='word_1_294' title='bbox 2277 2247 2591 2302; x_wconf 87' lang='lat' dir='ltr'><strong>Gaudentes</strong></span> <span class='ocrx_word' id='word_1_295' title='bbox 2618 2249 2788 2302; x_wconf 90' lang='lat' dir='ltr'><strong>eremi</strong></span> <span class='ocrx_word' id='word_1_296' title='bbox 2826 2266 2840 2314; x_wconf 88' lang='lat'><strong>;</strong></span> <span class='ocrx_word' id='word_1_297' title='bbox 2875 2249 3090 2304; x_wconf 91' lang='lat' dir='ltr'><strong>decimo</strong></span> <span class='ocrx_word' id='word_1_298' title='bbox 3114 2249 3361 2304; x_wconf 82' lang='lat' dir='ltr'><strong>Romana</strong></span> <span class='ocrx_word' id='word_1_299' title='bbox 3394 2257 3648 2304; x_wconf 90' lang='lat' dir='ltr'><strong>tenentur</strong></span> 
     </span>
    </p>
   </div>
   <div class='ocr_carea' id='block_1_51' title="bbox 2282 2339 3679 2413">
    <p class='ocr_par' dir='ltr' id='par_1_51' title="bbox 2282 2339 3679 2413">
     <span class='ocr_line' id='line_1_51' title="bbox 2282 2339 3679 2413; baseline 0.002 -20"><span class='ocrx_word' id='word_1_300' title='bbox 2282 2339 2463 2394; x_wconf 87' lang='lat' dir='ltr'><strong>Castra</strong></span> <span class='ocrx_word' id='word_1_301' title='bbox 2491 2340 2603 2406; x_wconf 90' lang='lat' dir='ltr'><strong>die,</strong></span> <span class='ocrx_word' id='word_1_302' title='bbox 2639 2342 2891 2412; x_wconf 88' lang='lat' dir='ltr'><strong>pandunt</strong></span> <span class='ocrx_word' id='word_1_303' title='bbox 2919 2357 2987 2395; x_wconf 87' lang='lat' dir='ltr'><strong>ex</strong></span> <span class='ocrx_word' id='word_1_304' title='bbox 3025 2342 3223 2396; x_wconf 92' lang='lat' dir='ltr'><strong>ordine</strong></span> <span class='ocrx_word' id='word_1_305' title='bbox 3254 2348 3409 2413; x_wconf 85' lang='lat' dir='ltr'><strong>gesta</strong></span> <span class='ocrx_word' id='word_1_306' title='bbox 3440 2341 3679 2404; x_wconf 88' lang='lat' dir='ltr'><strong>tribuno,</strong></span> 
     </span>
    </p>
   </div>
   <div class='ocr_carea' id='block_1_52' title="bbox 2283 2430 3589 2502">
    <p class='ocr_par' dir='ltr' id='par_1_52' title="bbox 2283 2430 3589 2502">
     <span class='ocr_line' id='line_1_52' title="bbox 2283 2430 3589 2502; baseline -0.001 -17"><span class='ocrx_word' id='word_1_307' title='bbox 2283 2430 2573 2500; x_wconf 89' lang='lat' dir='ltr'><strong>Oblatique</strong></span> <span class='ocrx_word' id='word_1_308' title='bbox 2603 2430 2731 2484; x_wconf 92' lang='lat' dir='ltr'><strong>duci</strong></span> <span class='ocrx_word' id='word_1_309' title='bbox 2761 2430 3206 2501; x_wconf 73' lang='lat' dir='ltr'><strong>pretioijumenta</strong></span> <span class='ocrx_word' id='word_1_310' title='bbox 3229 2430 3546 2502; x_wconf 89' lang='lat' dir='ltr'><strong>relinquunt</strong></span> <span class='ocrx_word' id='word_1_311' title='bbox 3577 2449 3589 2483; x_wconf 90' lang='lat'>:</span> 
     </span>
    </p>
   </div>
   <div class='ocr_carea' id='block_1_53' title="bbox 2279 2521 3670 2594">
    <p class='ocr_par' dir='ltr' id='par_1_53' title="bbox 2279 2521 3670 2594">
     <span class='ocr_line' id='line_1_53' title="bbox 2279 2521 3670 2594; baseline 0.001 -18"><span class='ocrx_word' id='word_1_312' title='bbox 2279 2523 2451 2594; x_wconf 82' lang='lat' dir='ltr'><strong>Atque</strong></span> <span class='ocrx_word' id='word_1_313' title='bbox 2483 2521 2804 2577; x_wconf 89' lang='lat' dir='ltr'><strong>monasterii</strong></span> <span class='ocrx_word' id='word_1_314' title='bbox 2835 2522 3167 2578; x_wconf 90' lang='lat' dir='ltr'><strong>monachum</strong></span> <span class='ocrx_word' id='word_1_315' title='bbox 3198 2523 3434 2594; x_wconf 88' lang='lat' dir='ltr'><strong>repetita</strong></span> <span class='ocrx_word' id='word_1_316' title='bbox 3459 2530 3670 2577; x_wconf 86' lang='lat' dir='ltr'><strong>caterva</strong></span> 
     </span>
    </p>
   </div>
   <div class='ocr_carea' id='block_1_54' title="bbox 2281 2617 3722 2689">
    <p class='ocr_par' dir='ltr' id='par_1_54' title="bbox 2281 2617 3722 2689">
     <span class='ocr_line' id='line_1_54' title="bbox 2281 2617 3722 2689; baseline -0.001 -17"><span class='ocrx_word' id='word_1_317' title='bbox 2281 2618 2371 2672; x_wconf 92' lang='lat' dir='ltr'><strong>Sic</strong></span> <span class='ocrx_word' id='word_1_318' title='bbox 2402 2617 2619 2688; x_wconf 92' lang='lat' dir='ltr'><strong>recipit,</strong></span> <span class='ocrx_word' id='word_1_319' title='bbox 2649 2617 2930 2689; x_wconf 91' lang='lat' dir='ltr'><strong>castisque</strong></span> <span class='ocrx_word' id='word_1_320' title='bbox 2962 2633 3148 2674; x_wconf 90' lang='lat' dir='ltr'><strong>comes</strong></span> <span class='ocrx_word' id='word_1_321' title='bbox 3179 2619 3478 2687; x_wconf 89' lang='lat' dir='ltr'><strong>conjuncta</strong></span> <span class='ocrx_word' id='word_1_322' title='bbox 3515 2618 3722 2674; x_wconf 89' lang='lat' dir='ltr'><strong>choreis</strong></span> 
     </span>
    </p>
   </div>
   <div class='ocr_carea' id='block_1_55' title="bbox 2291 2704 3518 2772">
    <p class='ocr_par' dir='ltr' id='par_1_55' title="bbox 2291 2704 3518 2772">
     <span class='ocr_line' id='line_1_55' title="bbox 2291 2704 3518 2772; baseline 0.002 -13"><span class='ocrx_word' id='word_1_323' title='bbox 2291 2704 2529 2760; x_wconf 86' lang='lat' dir='ltr'><strong>Fulcitur</strong></span> <span class='ocrx_word' id='word_1_324' title='bbox 2558 2704 2757 2760; x_wconf 88' lang='lat' dir='ltr'><strong>dilecta</strong></span> <span class='ocrx_word' id='word_1_325' title='bbox 2778 2721 2954 2772; x_wconf 91' lang='lat' dir='ltr'><strong>soror,</strong></span> <span class='ocrx_word' id='word_1_326' title='bbox 2986 2721 3090 2761; x_wconf 91' lang='lat' dir='ltr'><strong>nec</strong></span> <span class='ocrx_word' id='word_1_327' title='bbox 3117 2706 3326 2761; x_wconf 89' lang='lat' dir='ltr'><strong>credita</strong></span> <span class='ocrx_word' id='word_1_328' title='bbox 3354 2705 3518 2761; x_wconf 81' lang='lat' dir='ltr'><strong>fratre</strong></span> 
     </span>
    </p>
   </div>
   <div class='ocr_carea' id='block_1_56' title="bbox 2291 2793 3730 2868">
    <p class='ocr_par' dir='ltr' id='par_1_56' title="bbox 2291 2793 3730 2868">
     <span class='ocr_line' id='line_1_56' title="bbox 2291 2793 3730 2868; baseline 0.001 -21"><span class='ocrx_word' id='word_1_329' title='bbox 2291 2793 2378 2848; x_wconf 91' lang='lat' dir='ltr'><strong>Sic</strong></span> <span class='ocrx_word' id='word_1_330' title='bbox 2403 2793 2615 2868; x_wconf 89' lang='lat' dir='ltr'><strong>gladios</strong></span> <span class='ocrx_word' id='word_1_331' title='bbox 2645 2793 2900 2866; x_wconf 88' lang='lat' dir='ltr'><strong>interque</strong></span> <span class='ocrx_word' id='word_1_332' title='bbox 2932 2794 3074 2851; x_wconf 88' lang='lat' dir='ltr'><strong>feras</strong></span> <span class='ocrx_word' id='word_1_333' title='bbox 3105 2797 3435 2868; x_wconf 86' lang='lat' dir='ltr'><strong>desertaque</strong></span> <span class='ocrx_word' id='word_1_334' title='bbox 3464 2812 3730 2867; x_wconf 83' lang='lat' dir='ltr'><strong>nunquam</strong></span> 
     </span>
    </p>
   </div>
   <div class='ocr_carea' id='block_1_57' title="bbox 2293 2883 3750 2960">
    <p class='ocr_par' dir='ltr' id='par_1_57' title="bbox 2293 2883 3750 2960">
     <span class='ocr_line' id='line_1_57' title="bbox 2293 2883 3750 2960; baseline 0.001 -23"><span class='ocrx_word' id='word_1_335' title='bbox 2293 2883 2566 2954; x_wconf 87' lang='lat' dir='ltr'><strong>Captivam</strong></span> <span class='ocrx_word' id='word_1_336' title='bbox 2598 2901 2719 2939; x_wconf 91' lang='lat' dir='ltr'><strong>esse</strong></span> <span class='ocrx_word' id='word_1_337' title='bbox 2751 2884 3075 2955; x_wconf 90' lang='lat' dir='ltr'><strong>pudicitiam</strong></span> <span class='ocrx_word' id='word_1_338' title='bbox 3109 2892 3278 2956; x_wconf 89' lang='lat' dir='ltr'><strong>patet,</strong></span> <span class='ocrx_word' id='word_1_339' title='bbox 3321 2895 3489 2958; x_wconf 89' lang='lat' dir='ltr'><strong>atque</strong></span> <span class='ocrx_word' id='word_1_340' title='bbox 3511 2885 3750 2960; x_wconf 87' lang='lat' dir='ltr'><strong>jugatum</strong></span> 
     </span>
    </p>
   </div>
   <div class='ocr_carea' id='block_1_58' title="bbox 561 2971 3780 3046">
    <p class='ocr_par' dir='ltr' id='par_1_58' title="bbox 561 2971 3780 3046">
     <span class='ocr_line' id='line_1_58' title="bbox 561 2971 3780 3046; baseline -0 -18"><span class='ocrx_word' id='word_1_341' title='bbox 561 2976 625 3028; x_wconf 83' lang='lat' dir='ltr'><strong>At</strong></span> <span class='ocrx_word' id='word_1_342' title='bbox 653 2989 861 3029; x_wconf 91' lang='lat' dir='ltr'><strong>memor</strong></span> <span class='ocrx_word' id='word_1_343' title='bbox 889 2973 1250 3046; x_wconf 89' lang='lat' dir='ltr'><strong>Omnipotens</strong></span> <span class='ocrx_word' id='word_1_344' title='bbox 1272 2972 1626 3042; x_wconf 91' lang='lat' dir='ltr'><strong>famulorum,</strong></span> <span class='ocrx_word' id='word_1_345' title='bbox 1649 2973 1719 3029; x_wconf 89' lang='lat' dir='ltr'><strong>ad</strong></span> <span class='ocrx_word' id='word_1_346' title='bbox 1772 2973 1918 3030; x_wconf 86' lang='lat' dir='ltr'><strong>bella</strong></span> <span class='ocrx_word' id='word_1_347' title='bbox 1957 2974 2187 3031; x_wconf 69' lang='lat' dir='ltr'><strong>leaenam</strong></span> <span class='ocrx_word' id='word_1_348' title='bbox 2292 2973 2461 3030; x_wconf 86' lang='lat' dir='ltr'><strong>Posse</strong></span> <span class='ocrx_word' id='word_1_349' title='bbox 2483 2973 2620 3028; x_wconf 92' lang='lat' dir='ltr'><strong>mori</strong></span> <span class='ocrx_word' id='word_1_350' title='bbox 2662 2971 2874 3028; x_wconf 91' lang='lat' dir='ltr'><strong>Christo</strong></span> <span class='ocrx_word' id='word_1_351' title='bbox 2904 2972 3193 3041; x_wconf 88' lang='lat' dir='ltr'><strong>famulum,</strong></span> <span class='ocrx_word' id='word_1_352' title='bbox 3229 2989 3339 3029; x_wconf 89' lang='lat' dir='ltr'><strong>non</strong></span> <span class='ocrx_word' id='word_1_353' title='bbox 3369 2989 3536 3045; x_wconf 88' lang='lat' dir='ltr'><strong>posse</strong></span> <span class='ocrx_word' id='word_1_354' title='bbox 3577 2974 3780 3029; x_wconf 86' lang='lat' dir='ltr'><strong>reﬂecti.</strong></span> 
     </span>
    </p>
   </div>
   <div class='ocr_carea' id='block_1_59' title="bbox 563 3065 1832 3131">
    <p class='ocr_par' dir='ltr' id='par_1_59' title="bbox 563 3065 1832 3131">
     <span class='ocr_line' id='line_1_59' title="bbox 563 3065 1832 3131; baseline 0 -10"><span class='ocrx_word' id='word_1_355' title='bbox 563 3067 768 3122; x_wconf 88' lang='lat' dir='ltr'><strong>Excitat</strong></span> <span class='ocrx_word' id='word_1_356' title='bbox 799 3066 1054 3131; x_wconf 90' lang='lat' dir='ltr'><strong>interius,</strong></span> <span class='ocrx_word' id='word_1_357' title='bbox 1083 3065 1232 3122; x_wconf 87' lang='lat' dir='ltr'><strong>fetus</strong></span> <span class='ocrx_word' id='word_1_358' title='bbox 1247 3066 1512 3122; x_wconf 91' lang='lat' dir='ltr'><strong>alimenta</strong></span> <span class='ocrx_word' id='word_1_359' title='bbox 1541 3067 1832 3123; x_wconf 91' lang='lat' dir='ltr'><strong>ferentem.</strong></span> 
     </span>
    </p>
   </div>
   <div class='ocr_carea' id='block_1_60' title="bbox 2068 3173 2436 3230">
    <p class='ocr_par' dir='ltr' id='par_1_60' title="bbox 2068 3173 2436 3230">
     <span class='ocr_line' id='line_1_60' title="bbox 2068 3173 2436 3230; baseline -0.005 -1"><span class='ocrx_word' id='word_1_360' title='bbox 2068 3173 2277 3230; x_wconf 81' lang='lat' dir='ltr'><strong>CAPUT</strong></span> <span class='ocrx_word' id='word_1_361' title='bbox 2323 3173 2436 3229; x_wconf 80' lang='grc' dir='ltr'><strong>ΧΠ.</strong></span> 
     </span>
    </p>
   </div>
   <div class='ocr_carea' id='block_1_61' title="bbox 1926 3285 2568 3360">
    <p class='ocr_par' dir='ltr' id='par_1_61' title="bbox 1926 3285 2568 3360">
     <span class='ocr_line' id='line_1_61' title="bbox 1926 3285 2568 3360; baseline -0.005 -16"><span class='ocrx_word' id='word_1_362' title='bbox 1926 3286 2006 3345; x_wconf 89' lang='lat' dir='ltr'><strong>De</strong></span> <span class='ocrx_word' id='word_1_363' title='bbox 2047 3294 2257 3346; x_wconf 83' lang='lat' dir='ltr'><strong>sancta</strong></span> <span class='ocrx_word' id='word_1_364' title='bbox 2299 3285 2568 3360; x_wconf 79' lang='lat' dir='ltr'><strong>Pelagia.</strong></span> 
     </span>
    </p>
   </div>
   <div class='ocr_carea' id='block_1_62' title="bbox 565 3415 1937 3491">
    <p class='ocr_par' dir='ltr' id='par_1_62' title="bbox 565 3415 1937 3491">
     <span class='ocr_line' id='line_1_62' title="bbox 565 3415 1937 3491; baseline -0.003 -19"><span class='ocrx_word' id='word_1_365' title='bbox 565 3418 733 3488; x_wconf 85' lang='lat' dir='ltr'><strong>Hujus</strong></span> <span class='ocrx_word' id='word_1_366' title='bbox 755 3416 1029 3491; x_wconf 88' lang='lat' dir='ltr'><strong>Pelagiam</strong></span> <span class='ocrx_word' id='word_1_367' title='bbox 1062 3415 1412 3487; x_wconf 90' lang='lat' dir='ltr'><strong>percepimus</strong></span> <span class='ocrx_word' id='word_1_368' title='bbox 1443 3415 1599 3470; x_wconf 86' lang='lat' dir='ltr'><strong>urbis</strong></span> <span class='ocrx_word' id='word_1_369' title='bbox 1626 3415 1937 3480; x_wconf 88' lang='lat' dir='ltr'><strong>alumnam,</strong></span> 
     </span>
    </p>
   </div>
   <div class='ocr_carea' id='block_1_63' title="bbox 563 3507 1958 3577">
    <p class='ocr_par' dir='ltr' id='par_1_63' title="bbox 563 3507 1958 3577">
     <span class='ocr_line' id='line_1_63' title="bbox 563 3507 1958 3577; baseline -0.003 -12"><span class='ocrx_word' id='word_1_370' title='bbox 563 3512 728 3575; x_wconf 85' lang='lat' dir='ltr'><strong>Quam</strong></span> <span class='ocrx_word' id='word_1_371' title='bbox 761 3511 882 3565; x_wconf 71' lang='lat' dir='ltr'><strong>vita:</strong></span> <span class='ocrx_word' id='word_1_372' title='bbox 903 3509 1114 3566; x_wconf 90' lang='lat' dir='ltr'><strong>meritis</strong></span> <span class='ocrx_word' id='word_1_373' title='bbox 1145 3509 1465 3565; x_wconf 88' lang='lat' dir='ltr'><strong>veneranda</strong></span> <span class='ocrx_word' id='word_1_374' title='bbox 1489 3507 1779 3564; x_wconf 88' lang='lat' dir='ltr'><strong>cacumina</strong></span> <span class='ocrx_word' id='word_1_375' title='bbox 1802 3507 1958 3577; x_wconf 83' lang='lat' dir='ltr'><strong>juxta</strong></span> 
     </span>
    </p>
   </div>
   <div class='ocr_carea' id='block_1_64' title="bbox 564 3597 1772 3672">
    <p class='ocr_par' dir='ltr' id='par_1_64' title="bbox 564 3597 1772 3672">
     <span class='ocr_line' id='line_1_64' title="bbox 564 3597 1772 3672; baseline -0.002 -18"><span class='ocrx_word' id='word_1_376' title='bbox 564 3599 760 3656; x_wconf 80' lang='lat' dir='ltr'><strong>Montis</strong></span> <span class='ocrx_word' id='word_1_377' title='bbox 785 3599 978 3654; x_wconf 88' lang='lat' dir='ltr'><strong>Oliveti</strong></span> <span class='ocrx_word' id='word_1_378' title='bbox 1000 3598 1340 3672; x_wconf 88' lang='lat' dir='ltr'><strong>signavimus</strong></span> <span class='ocrx_word' id='word_1_379' title='bbox 1378 3603 1522 3651; x_wconf 88' lang='lat' dir='ltr'><strong>astra</strong></span> <span class='ocrx_word' id='word_1_380' title='bbox 1551 3597 1772 3668; x_wconf 85' lang='lat' dir='ltr'><strong>petisse.</strong></span> 
     </span>
    </p>
   </div>
   <div class='ocr_carea' id='block_1_65' title="bbox 565 3680 1990 3768">
    <p class='ocr_par' dir='ltr' id='par_1_65' title="bbox 565 3680 1990 3768">
     <span class='ocr_line' id='line_1_65' title="bbox 565 3680 1990 3768; baseline -0.001 -18"><span class='ocrx_word' id='word_1_381' title='bbox 565 3696 730 3764; x_wconf 88' lang='lat' dir='ltr'><strong>Cujus</strong></span> <span class='ocrx_word' id='word_1_382' title='bbox 757 3694 1082 3749; x_wconf 86' lang='lat' dir='ltr'><strong>detenebris</strong></span> <span class='ocrx_word' id='word_1_383' title='bbox 1110 3694 1175 3748; x_wconf 92' lang='lat' dir='ltr'><strong>ad</strong></span> <span class='ocrx_word' id='word_1_384' title='bbox 1206 3693 1409 3757; x_wconf 89' lang='lat' dir='ltr'><strong>lucem,</strong></span> <span class='ocrx_word' id='word_1_385' title='bbox 1444 3709 1474 3747; x_wconf 90' lang='lat' dir='ltr'><strong>a</strong></span> <span class='ocrx_word' id='word_1_386' title='bbox 1514 3680 1687 3748; x_wconf 85' lang='lat' dir='ltr'><strong>morte</strong></span> <span class='ocrx_word' id='word_1_387' title='bbox 1718 3691 1990 3768; x_wconf 71' lang='lat' dir='ltr'><strong>gehennae</strong></span> 
     </span>
    </p>
   </div>
   <div class='ocr_carea' id='block_1_66' title="bbox 561 3781 1897 3854">
    <p class='ocr_par' dir='ltr' id='par_1_66' title="bbox 561 3781 1897 3854">
     <span class='ocr_line' id='line_1_66' title="bbox 561 3781 1897 3854; baseline -0.004 -14"><span class='ocrx_word' id='word_1_388' title='bbox 561 3787 640 3840; x_wconf 80' lang='lat' dir='ltr'><strong>Ad</strong></span> <span class='ocrx_word' id='word_1_389' title='bbox 671 3786 878 3840; x_wconf 90' lang='lat' dir='ltr'><strong>clarum</strong></span> <span class='ocrx_word' id='word_1_390' title='bbox 905 3784 1027 3840; x_wconf 62' lang='lat' dir='ltr'><strong>vita:</strong></span> <span class='ocrx_word' id='word_1_391' title='bbox 1057 3782 1262 3839; x_wconf 91' lang='lat' dir='ltr'><strong>celebri</strong></span> <span class='ocrx_word' id='word_1_392' title='bbox 1298 3782 1501 3854; x_wconf 89' lang='lat' dir='ltr'><strong>pietate</strong></span> <span class='ocrx_word' id='word_1_393' title='bbox 1533 3781 1897 3852; x_wconf 90' lang='lat' dir='ltr'><strong>triumphum,</strong></span> 
     </span>
    </p>
   </div>
   <div class='ocr_carea' id='block_1_67' title="bbox 562 3870 1740 3944">
    <p class='ocr_par' dir='ltr' id='par_1_67' title="bbox 562 3870 1740 3944">
     <span class='ocr_line' id='line_1_67' title="bbox 562 3870 1740 3944; baseline -0.004 -14"><span class='ocrx_word' id='word_1_394' title='bbox 562 3880 600 3930; x_wconf 85' lang='lat' dir='ltr'><strong>A</strong></span> <span class='ocrx_word' id='word_1_395' title='bbox 645 3875 871 3932; x_wconf 92' lang='lat' dir='ltr'><strong>maculis</strong></span> <span class='ocrx_word' id='word_1_396' title='bbox 897 3874 966 3929; x_wconf 91' lang='lat' dir='ltr'><strong>ad</strong></span> <span class='ocrx_word' id='word_1_397' title='bbox 997 3890 1153 3930; x_wconf 90' lang='lat' dir='ltr'><strong>sacra</strong></span> <span class='ocrx_word' id='word_1_398' title='bbox 1183 3872 1294 3944; x_wconf 91' lang='lat' dir='ltr'><strong>poli</strong></span> <span class='ocrx_word' id='word_1_399' title='bbox 1327 3871 1559 3927; x_wconf 88' lang='lat' dir='ltr'><strong>mutatio</strong></span> <span class='ocrx_word' id='word_1_400' title='bbox 1598 3870 1740 3936; x_wconf 90' lang='lat' dir='ltr'><strong>talis,</strong></span> 
     </span>
    </p>
   </div>
   <div class='ocr_carea' id='block_1_68' title="bbox 563 3965 2042 4043">
    <p class='ocr_par' dir='ltr' id='par_1_68' title="bbox 563 3965 2042 4043">
     <span class='ocr_line' id='line_1_68' title="bbox 563 3965 2042 4043; baseline -0.006 -15"><span class='ocrx_word' id='word_1_401' title='bbox 563 3971 858 4028; x_wconf 79' lang='lat' dir='ltr'><strong>Pontifices</strong></span> <span class='ocrx_word' id='word_1_402' title='bbox 887 3971 1166 4043; x_wconf 91' lang='lat' dir='ltr'><strong>quondam</strong></span> <span class='ocrx_word' id='word_1_403' title='bbox 1178 3969 1340 4039; x_wconf 88' lang='lat' dir='ltr'><strong>jubet</strong></span> <span class='ocrx_word' id='word_1_404' title='bbox 1370 3970 1522 4024; x_wconf 89' lang='lat' dir='ltr'><strong>urbis</strong></span> <span class='ocrx_word' id='word_1_405' title='bbox 1551 3969 1848 4040; x_wconf 86' lang='lat' dir='ltr'><strong>cpiscopus</strong></span> <span class='ocrx_word' id='word_1_406' title='bbox 1879 3965 2042 4033; x_wconf 89' lang='lat' dir='ltr'><strong>hujus</strong></span> 
     </span>
    </p>
   </div>
   <div class='ocr_carea' id='block_1_69' title="bbox 563 4059 2040 4137">
    <p class='ocr_par' dir='ltr' id='par_1_69' title="bbox 563 4059 2040 4137">
     <span class='ocr_line' id='line_1_69' title="bbox 563 4059 2040 4137; baseline -0.006 -17"><span class='ocrx_word' id='word_1_407' title='bbox 563 4069 940 4137; x_wconf 82' lang='lat' dir='ltr'><strong>Approperare</strong></span> <span class='ocrx_word' id='word_1_408' title='bbox 970 4063 1078 4116; x_wconf 91' lang='lat' dir='ltr'><strong>sibi</strong></span> <span class='ocrx_word' id='word_1_409' title='bbox 1111 4063 1379 4133; x_wconf 90' lang='lat' dir='ltr'><strong>quosdam</strong></span> <span class='ocrx_word' id='word_1_410' title='bbox 1411 4061 1640 4134; x_wconf 88' lang='lat' dir='ltr'><strong>regione</strong></span> <span class='ocrx_word' id='word_1_411' title='bbox 1674 4059 2040 4131; x_wconf 64' lang='lat' dir='ltr'><strong>propinquos.</strong></span> 
     </span>
    </p>
   </div>
   <div class='ocr_carea' id='block_1_70' title="bbox 565 4153 2077 4228">
    <p class='ocr_par' dir='ltr' id='par_1_70' title="bbox 565 4153 2077 4228">
     <span class='ocr_line' id='line_1_70' title="bbox 565 4153 2077 4228; baseline -0.007 -12"><span class='ocrx_word' id='word_1_412' title='bbox 565 4161 671 4216; x_wconf 91' lang='lat' dir='ltr'><strong>Hos</strong></span> <span class='ocrx_word' id='word_1_413' title='bbox 690 4159 853 4214; x_wconf 88' lang='lat' dir='ltr'><strong>simul</strong></span> <span class='ocrx_word' id='word_1_414' title='bbox 882 4160 1025 4214; x_wconf 88' lang='lat' dir='ltr'><strong>inter</strong></span> <span class='ocrx_word' id='word_1_415' title='bbox 1051 4159 1206 4212; x_wconf 91' lang='lat' dir='ltr'><strong>adest</strong></span> <span class='ocrx_word' id='word_1_416' title='bbox 1227 4165 1449 4211; x_wconf 88' lang='lat' dir='ltr'><strong>sanctus</strong></span> <span class='ocrx_word' id='word_1_417' title='bbox 1477 4155 1809 4228; x_wconf 89' lang='lat' dir='ltr'><strong>cognomine</strong></span> <span class='ocrx_word' id='word_1_418' title='bbox 1831 4153 2077 4214; x_wconf 82' lang='lat' dir='ltr'><strong>Nonnus,</strong></span> 
     </span>
    </p>
   </div>
   <div class='ocr_carea' id='block_1_71' title="bbox 565 4245 1810 4321">
    <p class='ocr_par' dir='ltr' id='par_1_71' title="bbox 565 4245 1810 4321">
     <span class='ocr_line' id='line_1_71' title="bbox 565 4245 1810 4321; baseline -0.006 -15"><span class='ocrx_word' id='word_1_419' title='bbox 565 4253 655 4306; x_wconf 91' lang='lat' dir='ltr'><strong>Vir</strong></span> <span class='ocrx_word' id='word_1_420' title='bbox 678 4251 812 4320; x_wconf 89' lang='lat' dir='ltr'><strong>justi</strong></span> <span class='ocrx_word' id='word_1_421' title='bbox 847 4251 1094 4321; x_wconf 87' lang='lat' dir='ltr'><strong>rectique</strong></span> <span class='ocrx_word' id='word_1_422' title='bbox 1137 4256 1321 4313; x_wconf 86' lang='lat' dir='ltr'><strong>tenax,</strong></span> <span class='ocrx_word' id='word_1_423' title='bbox 1359 4245 1633 4300; x_wconf 91' lang='lat' dir='ltr'><strong>mirabilis</strong></span> <span class='ocrx_word' id='word_1_424' title='bbox 1663 4251 1810 4307; x_wconf 88' lang='lat' dir='ltr'><strong>actu,</strong></span> 
     </span>
    </p>
   </div>
   <div class='ocr_carea' id='block_1_72' title="bbox 566 4333 2012 4411">
    <p class='ocr_par' dir='ltr' id='par_1_72' title="bbox 566 4333 2012 4411">
     <span class='ocr_line' id='line_1_72' title="bbox 566 4333 2012 4411; baseline -0.006 -17"><span class='ocrx_word' id='word_1_425' title='bbox 566 4341 626 4394; x_wconf 91' lang='lat' dir='ltr'><strong>Et</strong></span> <span class='ocrx_word' id='word_1_426' title='bbox 654 4340 928 4411; x_wconf 89' lang='lat' dir='ltr'><strong>probitate</strong></span> <span class='ocrx_word' id='word_1_427' title='bbox 959 4338 1080 4408; x_wconf 87' lang='lat' dir='ltr'><strong>pius</strong></span> <span class='ocrx_word' id='word_1_428' title='bbox 1111 4354 1127 4402; x_wconf 86' lang='lat'><strong>;</strong></span> <span class='ocrx_word' id='word_1_429' title='bbox 1155 4351 1339 4390; x_wconf 89' lang='lat' dir='ltr'><strong>mores</strong></span> <span class='ocrx_word' id='word_1_430' title='bbox 1363 4335 1458 4406; x_wconf 92' lang='lat' dir='ltr'><strong>qui</strong></span> <span class='ocrx_word' id='word_1_431' title='bbox 1490 4339 1718 4404; x_wconf 88' lang='lat' dir='ltr'><strong>propter</strong></span> <span class='ocrx_word' id='word_1_432' title='bbox 1747 4333 2012 4388; x_wconf 90' lang='lat' dir='ltr'><strong>honestos</strong></span> 
     </span>
    </p>
   </div>
   <div class='ocr_carea' id='block_1_73' title="bbox 565 4425 1882 4486">
    <p class='ocr_par' dir='ltr' id='par_1_73' title="bbox 565 4425 1882 4486">
     <span class='ocr_line' id='line_1_73' title="bbox 565 4425 1882 4486; baseline -0.006 0"><span class='ocrx_word' id='word_1_433' title='bbox 565 4432 783 4486; x_wconf 79' lang='lat' dir='ltr'><strong>Caelibis</strong></span> <span class='ocrx_word' id='word_1_434' title='bbox 812 4448 876 4486; x_wconf 91' lang='lat' dir='ltr'><strong>ac</strong></span> <span class='ocrx_word' id='word_1_435' title='bbox 903 4429 1028 4484; x_wconf 55' lang='lat' dir='ltr'><strong>vitae</strong></span> <span class='ocrx_word' id='word_1_436' title='bbox 1058 4428 1271 4484; x_wconf 90' lang='lat' dir='ltr'><strong>cunctis</strong></span> <span class='ocrx_word' id='word_1_437' title='bbox 1292 4425 1611 4482; x_wconf 88' lang='lat' dir='ltr'><strong>venerabile</strong></span> <span class='ocrx_word' id='word_1_438' title='bbox 1641 4425 1882 4480; x_wconf 90' lang='lat' dir='ltr'><strong>culmen.</strong></span> 
     </span>
    </p>
   </div>
   <div class='ocr_carea' id='block_1_74' title="bbox 565 4516 1956 4591">
    <p class='ocr_par' dir='ltr' id='par_1_74' title="bbox 565 4516 1956 4591">
     <span class='ocr_line' id='line_1_74' title="bbox 565 4516 1956 4591; baseline -0.006 -13"><span class='ocrx_word' id='word_1_439' title='bbox 565 4523 719 4579; x_wconf 84' lang='lat' dir='ltr'><strong>Almo</strong></span> <span class='ocrx_word' id='word_1_440' title='bbox 758 4532 812 4577; x_wconf 91' lang='lat' dir='ltr'><strong>et</strong></span> <span class='ocrx_word' id='word_1_441' title='bbox 849 4522 1122 4577; x_wconf 90' lang='lat' dir='ltr'><strong>monacho</strong></span> <span class='ocrx_word' id='word_1_442' title='bbox 1153 4519 1348 4591; x_wconf 67' lang='lat' dir='ltr'><strong>praesul</strong></span> <span class='ocrx_word' id='word_1_443' title='bbox 1377 4516 1728 4588; x_wconf 89' lang='lat' dir='ltr'><strong>resplenduit</strong></span> <span class='ocrx_word' id='word_1_444' title='bbox 1759 4516 1956 4580; x_wconf 88' lang='lat' dir='ltr'><strong>almus,</strong></span> 
     </span>
    </p>
   </div>
   <div class='ocr_carea' id='block_1_75' title="bbox 637 4605 1969 4682">
    <p class='ocr_par' dir='ltr' id='par_1_75' title="bbox 637 4605 1969 4682">
     <span class='ocr_line' id='line_1_75' title="bbox 637 4605 1969 4682; baseline -0.005 -16"><span class='ocrx_word' id='word_1_445' title='bbox 637 4613 792 4666; x_wconf 88' lang='lat' dir='ltr'><strong>Casta</strong></span> <span class='ocrx_word' id='word_1_446' title='bbox 820 4612 910 4666; x_wconf 92' lang='lat' dir='ltr'><strong>die</strong></span> <span class='ocrx_word' id='word_1_447' title='bbox 936 4609 1172 4682; x_wconf 90' lang='lat' dir='ltr'><strong>quadam</strong></span> <span class='ocrx_word' id='word_1_448' title='bbox 1202 4607 1377 4663; x_wconf 91' lang='lat' dir='ltr'><strong>sancti</strong></span> <span class='ocrx_word' id='word_1_449' title='bbox 1411 4607 1540 4662; x_wconf 92' lang='lat' dir='ltr'><strong>dum</strong></span> <span class='ocrx_word' id='word_1_450' title='bbox 1572 4605 1784 4661; x_wconf 91' lang='lat' dir='ltr'><strong>semina</strong></span> <span class='ocrx_word' id='word_1_451' title='bbox 1813 4606 1969 4661; x_wconf 88' lang='lat' dir='ltr'><strong>verbi</strong></span> 
     </span>
    </p>
   </div>
   <div class='ocr_carea' id='block_1_76' title="bbox 565 4695 1900 4770">
    <p class='ocr_par' dir='ltr' id='par_1_76' title="bbox 565 4695 1900 4770">
     <span class='ocr_line' id='line_1_76' title="bbox 565 4695 1900 4770; baseline -0.006 -12"><span class='ocrx_word' id='word_1_452' title='bbox 565 4704 665 4758; x_wconf 92' lang='lat' dir='ltr'><strong>Pro</strong></span> <span class='ocrx_word' id='word_1_453' title='bbox 697 4700 1135 4770; x_wconf 86' lang='lat' dir='ltr'><strong>foribustempli,</strong></span> <span class='ocrx_word' id='word_1_454' title='bbox 1157 4698 1327 4753; x_wconf 89' lang='lat' dir='ltr'><strong>sociis</strong></span> <span class='ocrx_word' id='word_1_455' title='bbox 1357 4696 1721 4768; x_wconf 90' lang='lat' dir='ltr'><strong>poscentibus</strong></span> <span class='ocrx_word' id='word_1_456' title='bbox 1744 4695 1900 4766; x_wconf 87' lang='lat' dir='ltr'><strong>ipsis,</strong></span> 
     </span>
    </p>
   </div>
   <div class='ocr_carea' id='block_1_77' title="bbox 563 4784 1897 4865">
    <p class='ocr_par' dir='ltr' id='par_1_77' title="bbox 563 4784 1897 4865">
     <span class='ocr_line' id='line_1_77' title="bbox 563 4784 1897 4865; baseline -0.006 -19"><span class='ocrx_word' id='word_1_457' title='bbox 563 4793 858 4865; x_wconf 88' lang='lat' dir='ltr'><strong>Spargeret</strong></span> <span class='ocrx_word' id='word_1_458' title='bbox 887 4791 997 4856; x_wconf 91' lang='lat' dir='ltr'><strong>hic,</strong></span> <span class='ocrx_word' id='word_1_459' title='bbox 1013 4788 1228 4844; x_wconf 90' lang='lat' dir='ltr'><strong>cunctis</strong></span> <span class='ocrx_word' id='word_1_460' title='bbox 1249 4786 1600 4848; x_wconf 90' lang='lat' dir='ltr'><strong>mirantibus,</strong></span> <span class='ocrx_word' id='word_1_461' title='bbox 1632 4801 1728 4841; x_wconf 93' lang='lat' dir='ltr'><strong>ore</strong></span> <span class='ocrx_word' id='word_1_462' title='bbox 1752 4784 1897 4839; x_wconf 89' lang='lat' dir='ltr'><strong>beati</strong></span> 
     </span>
    </p>
   </div>
   <div class='ocr_carea' id='block_1_78' title="bbox 565 4879 2071 4959">
    <p class='ocr_par' dir='ltr' id='par_1_78' title="bbox 565 4879 2071 4959">
     <span class='ocr_line' id='line_1_78' title="bbox 565 4879 2071 4959; baseline -0.004 -19"><span class='ocrx_word' id='word_1_463' title='bbox 565 4887 741 4941; x_wconf 89' lang='lat' dir='ltr'><strong>Verba</strong></span> <span class='ocrx_word' id='word_1_464' title='bbox 765 4885 934 4949; x_wconf 92' lang='lat' dir='ltr'><strong>senis,</strong></span> <span class='ocrx_word' id='word_1_465' title='bbox 968 4894 1076 4940; x_wconf 90' lang='lat' dir='ltr'><strong>tam</strong></span> <span class='ocrx_word' id='word_1_466' title='bbox 1105 4901 1305 4959; x_wconf 88' lang='lat' dir='ltr'><strong>magna</strong></span> <span class='ocrx_word' id='word_1_467' title='bbox 1331 4884 1460 4951; x_wconf 91' lang='lat' dir='ltr'><strong>seri,</strong></span> <span class='ocrx_word' id='word_1_468' title='bbox 1484 4890 1593 4938; x_wconf 89' lang='lat' dir='ltr'><strong>tam</strong></span> <span class='ocrx_word' id='word_1_469' title='bbox 1625 4883 1793 4955; x_wconf 90' lang='lat' dir='ltr'><strong>digna</strong></span> <span class='ocrx_word' id='word_1_470' title='bbox 1825 4879 2030 4952; x_wconf 84' lang='lat' dir='ltr'><strong>profari</strong></span> <span class='ocrx_word' id='word_1_471' title='bbox 2058 4899 2071 4935; x_wconf 89' lang='lat'><strong>:</strong></span> 
     </span>
    </p>
   </div>
   <div class='ocr_carea' id='block_1_79' title="bbox 562 4973 1896 5046">
    <p class='ocr_par' dir='ltr' id='par_1_79' title="bbox 562 4973 1896 5046">
     <span class='ocr_line' id='line_1_79' title="bbox 562 4973 1896 5046; baseline -0.004 -13"><span class='ocrx_word' id='word_1_472' title='bbox 562 4980 637 5034; x_wconf 86' lang='lat' dir='ltr'><strong>En</strong></span> <span class='ocrx_word' id='word_1_473' title='bbox 669 4979 870 5032; x_wconf 91' lang='lat' dir='ltr'><strong>ardens</strong></span> <span class='ocrx_word' id='word_1_474' title='bbox 900 4977 1077 5032; x_wconf 90' lang='lat' dir='ltr'><strong>rutilis</strong></span> <span class='ocrx_word' id='word_1_475' title='bbox 1103 4977 1369 5032; x_wconf 91' lang='lat' dir='ltr'><strong>transibat</strong></span> <span class='ocrx_word' id='word_1_476' title='bbox 1403 4975 1632 5030; x_wconf 90' lang='lat' dir='ltr'><strong>mimula</strong></span> <span class='ocrx_word' id='word_1_477' title='bbox 1662 4973 1896 5046; x_wconf 87' lang='lat' dir='ltr'><strong>gemmis</strong></span> 
     </span>
    </p>
   </div>
   <div class='ocr_carea' id='block_1_80' title="bbox 562 5063 1861 5136">
    <p class='ocr_par' dir='ltr' id='par_1_80' title="bbox 562 5063 1861 5136">
     <span class='ocr_line' id='line_1_80' title="bbox 562 5063 1861 5136; baseline -0.005 -12"><span class='ocrx_word' id='word_1_478' title='bbox 562 5069 763 5124; x_wconf 91' lang='lat' dir='ltr'><strong>Ornato</strong></span> <span class='ocrx_word' id='word_1_479' title='bbox 805 5067 1052 5122; x_wconf 90' lang='lat' dir='ltr'><strong>residens</strong></span> <span class='ocrx_word' id='word_1_480' title='bbox 1077 5079 1295 5136; x_wconf 74' lang='lat' dir='ltr'><strong>pompae</strong></span> <span class='ocrx_word' id='word_1_481' title='bbox 1328 5063 1638 5119; x_wconf 88' lang='lat' dir='ltr'><strong>meretricis</strong></span> <span class='ocrx_word' id='word_1_482' title='bbox 1665 5063 1861 5119; x_wconf 88' lang='lat' dir='ltr'><strong>asello.</strong></span> 
     </span>
    </p>
   </div>
   <div class='ocr_carea' id='block_1_81' title="bbox 559 5153 1979 5223">
    <p class='ocr_par' dir='ltr' id='par_1_81' title="bbox 559 5153 1979 5223">
     <span class='ocr_line' id='line_1_81' title="bbox 559 5153 1979 5223; baseline -0.006 -10"><span class='ocrx_word' id='word_1_483' title='bbox 559 5159 732 5223; x_wconf 87' lang='lat' dir='ltr'><strong>Quam</strong></span> <span class='ocrx_word' id='word_1_484' title='bbox 763 5156 928 5212; x_wconf 87' lang='lat' dir='ltr'><strong>fulvis</strong></span> <span class='ocrx_word' id='word_1_485' title='bbox 956 5155 1192 5210; x_wconf 89' lang='lat' dir='ltr'><strong>nitidum</strong></span> <span class='ocrx_word' id='word_1_486' title='bbox 1227 5153 1396 5208; x_wconf 91' lang='lat' dir='ltr'><strong>radiis</strong></span> <span class='ocrx_word' id='word_1_487' title='bbox 1424 5161 1748 5208; x_wconf 89' lang='lat' dir='ltr'><strong>contexerat</strong></span> <span class='ocrx_word' id='word_1_488' title='bbox 1779 5165 1979 5206; x_wconf 92' lang='lat' dir='ltr'><strong>aurum</strong></span> 
     </span>
    </p>
   </div>
   <div class='ocr_carea' id='block_1_82' title="bbox 561 5243 1873 5319">
    <p class='ocr_par' dir='ltr' id='par_1_82' title="bbox 561 5243 1873 5319">
     <span class='ocr_line' id='line_1_82' title="bbox 561 5243 1873 5319; baseline -0.003 -17"><span class='ocrx_word' id='word_1_489' title='bbox 561 5248 834 5319; x_wconf 85' lang='lat' dir='ltr'><strong>Undique,</strong></span> <span class='ocrx_word' id='word_1_490' title='bbox 865 5246 951 5301; x_wconf 91' lang='lat' dir='ltr'><strong>vel</strong></span> <span class='ocrx_word' id='word_1_491' title='bbox 977 5246 1138 5301; x_wconf 89' lang='lat' dir='ltr'><strong>claris</strong></span> <span class='ocrx_word' id='word_1_492' title='bbox 1168 5252 1396 5300; x_wconf 90' lang='lat' dir='ltr'><strong>onerata</strong></span> <span class='ocrx_word' id='word_1_493' title='bbox 1421 5244 1649 5299; x_wconf 91' lang='lat' dir='ltr'><strong>monilia</strong></span> <span class='ocrx_word' id='word_1_494' title='bbox 1669 5243 1873 5298; x_wconf 89' lang='lat' dir='ltr'><strong>baccis.</strong></span> 
     </span>
    </p>
   </div>
   <div class='ocr_carea' id='block_1_83' title="bbox 562 5341 2077 5409">
    <p class='ocr_par' dir='ltr' id='par_1_83' title="bbox 562 5341 2077 5409">
     <span class='ocr_line' id='line_1_83' title="bbox 562 5341 2077 5409; baseline -0.004 -13"><span class='ocrx_word' id='word_1_495' title='bbox 562 5343 711 5397; x_wconf 93' lang='lat' dir='ltr'><strong>Hanc</strong></span> <span class='ocrx_word' id='word_1_496' title='bbox 736 5341 1030 5396; x_wconf 87' lang='lat' dir='ltr'><strong>comitatur</strong></span> <span class='ocrx_word' id='word_1_497' title='bbox 1067 5355 1238 5395; x_wconf 89' lang='lat' dir='ltr'><strong>ovans</strong></span> <span class='ocrx_word' id='word_1_498' title='bbox 1269 5352 1564 5409; x_wconf 87' lang='lat' dir='ltr'><strong>puerorum</strong></span> <span class='ocrx_word' id='word_1_499' title='bbox 1591 5342 1810 5406; x_wconf 88' lang='lat' dir='ltr'><strong>compta</strong></span> <span class='ocrx_word' id='word_1_500' title='bbox 1836 5341 2077 5401; x_wconf 88' lang='lat' dir='ltr'><strong>caterva,</strong></span> 
     </span>
    </p>
   </div>
   <div class='ocr_carea' id='block_1_84' title="bbox 562 5425 1878 5501">
    <p class='ocr_par' dir='ltr' id='par_1_84' title="bbox 562 5425 1878 5501">
     <span class='ocr_line' id='line_1_84' title="bbox 562 5425 1878 5501; baseline -0.005 -16"><span class='ocrx_word' id='word_1_501' title='bbox 562 5432 812 5501; x_wconf 86' lang='lat' dir='ltr'><strong>Grexque</strong></span> <span class='ocrx_word' id='word_1_502' title='bbox 843 5430 1149 5500; x_wconf 88' lang='lat' dir='ltr'><strong>puellarum</strong></span> <span class='ocrx_word' id='word_1_503' title='bbox 1175 5428 1300 5482; x_wconf 92' lang='lat' dir='ltr'><strong>luce</strong></span> <span class='ocrx_word' id='word_1_504' title='bbox 1329 5426 1713 5482; x_wconf 88' lang='lat' dir='ltr'><strong>ornatissimus</strong></span> <span class='ocrx_word' id='word_1_505' title='bbox 1739 5425 1878 5491; x_wconf 87' lang='lat' dir='ltr'><strong>auri,</strong></span> 
     </span>
    </p>
   </div>
   <div class='ocr_carea' id='block_1_85' title="bbox 559 5516 2014 5592">
    <p class='ocr_par' dir='ltr' id='par_1_85' title="bbox 559 5516 2014 5592">
     <span class='ocr_line' id='line_1_85' title="bbox 559 5516 2014 5592; baseline -0.003 -17"><span class='ocrx_word' id='word_1_506' title='bbox 559 5520 818 5575; x_wconf 76' lang='lat' dir='ltr'><strong>Vestibus</strong></span> <span class='ocrx_word' id='word_1_507' title='bbox 848 5519 1117 5592; x_wconf 85' lang='lat' dir='ltr'><strong>insignes,</strong></span> <span class='ocrx_word' id='word_1_508' title='bbox 1152 5517 1426 5572; x_wconf 69' lang='lat' dir='ltr'><strong>decorata:</strong></span> <span class='ocrx_word' id='word_1_509' title='bbox 1458 5516 1750 5588; x_wconf 88' lang='lat' dir='ltr'><strong>torquibus</strong></span> <span class='ocrx_word' id='word_1_510' title='bbox 1783 5531 2014 5582; x_wconf 86' lang='lat' dir='ltr'><strong>omnes;</strong></span> 
     </span>
    </p>
   </div>
   <div class='ocr_carea' id='block_1_86' title="bbox 559 5604 2002 5679">
    <p class='ocr_par' dir='ltr' id='par_1_86' title="bbox 559 5604 2002 5679">
     <span class='ocr_line' id='line_1_86' title="bbox 559 5604 2002 5679; baseline -0.002 -17"><span class='ocrx_word' id='word_1_511' title='bbox 559 5609 688 5674; x_wconf 74' lang='lat' dir='ltr'><strong>Quae</strong></span> <span class='ocrx_word' id='word_1_512' title='bbox 717 5623 826 5679; x_wconf 93' lang='lat' dir='ltr'><strong>quo</strong></span> <span class='ocrx_word' id='word_1_513' title='bbox 856 5608 1145 5679; x_wconf 82' lang='lat' dir='ltr'><strong>migrabat,</strong></span> <span class='ocrx_word' id='word_1_514' title='bbox 1186 5604 1483 5678; x_wconf 77' lang='lat' dir='ltr'><strong>Spargebat</strong></span> <span class='ocrx_word' id='word_1_515' title='bbox 1513 5615 1756 5662; x_wconf 90' lang='lat' dir='ltr'><strong>aromate</strong></span> <span class='ocrx_word' id='word_1_516' title='bbox 1788 5613 2002 5673; x_wconf 87' lang='lat' dir='ltr'><strong>ventos,</strong></span> 
     </span>
    </p>
   </div>
   <div class='ocr_carea' id='block_1_87' title="bbox 561 5693 1845 5764">
    <p class='ocr_par' dir='ltr' id='par_1_87' title="bbox 561 5693 1845 5764">
     <span class='ocr_line' id='line_1_87' title="bbox 561 5693 1845 5764; baseline -0.001 -15"><span class='ocrx_word' id='word_1_517' title='bbox 561 5696 830 5751; x_wconf 86' lang='lat' dir='ltr'><strong>Sollicitis</strong></span> <span class='ocrx_word' id='word_1_518' title='bbox 859 5711 1093 5751; x_wconf 89' lang='lat' dir='ltr'><strong>vacuum</strong></span> <span class='ocrx_word' id='word_1_519' title='bbox 1121 5694 1417 5750; x_wconf 90' lang='lat' dir='ltr'><strong>nidoribus</strong></span> <span class='ocrx_word' id='word_1_520' title='bbox 1445 5710 1573 5750; x_wconf 90' lang='lat' dir='ltr'><strong>aera</strong></span> <span class='ocrx_word' id='word_1_521' title='bbox 1604 5693 1845 5764; x_wconf 88' lang='lat' dir='ltr'><strong>replens,</strong></span> 
     </span>
    </p>
   </div>
   <div class='ocr_carea' id='block_1_88' title="bbox 2212 3414 3592 3488">
    <p class='ocr_par' dir='ltr' id='par_1_88' title="bbox 2212 3414 3592 3488">
     <span class='ocr_line' id='line_1_88' title="bbox 2212 3414 3592 3488; baseline -0.001 -17"><span class='ocrx_word' id='word_1_522' title='bbox 2212 3423 2259 3488; x_wconf 56' lang='grc' dir='ltr'><strong>(ς</strong></span> <span class='ocrx_word' id='word_1_523' title='bbox 2294 3416 2462 3484; x_wconf 90' lang='lat' dir='ltr'><strong>Hujus</strong></span> <span class='ocrx_word' id='word_1_524' title='bbox 2494 3415 2549 3468; x_wconf 93' lang='lat' dir='ltr'><strong>in</strong></span> <span class='ocrx_word' id='word_1_525' title='bbox 2580 3421 2804 3484; x_wconf 90' lang='lat' dir='ltr'><strong>aspectu</strong></span> <span class='ocrx_word' id='word_1_526' title='bbox 2845 3414 3013 3469; x_wconf 90' lang='lat' dir='ltr'><strong>satias</strong></span> <span class='ocrx_word' id='word_1_527' title='bbox 3041 3414 3288 3488; x_wconf 84' lang='lat' dir='ltr'><strong>fugiebat</strong></span> <span class='ocrx_word' id='word_1_528' title='bbox 3319 3422 3592 3470; x_wconf 89' lang='lat' dir='ltr'><strong>amantes.</strong></span> 
     </span>
    </p>
   </div>
   <div class='ocr_carea' id='block_1_89' title="bbox 2225 3502 3659 3574">
    <p class='ocr_par' dir='ltr' id='par_1_89' title="bbox 2225 3502 3659 3574">
     <span class='ocr_line' id='line_1_89' title="bbox 2225 3502 3659 3574; baseline 0 -16"><span class='ocrx_word' id='word_1_529' title='bbox 2225 3562 2233 3568; x_wconf 88' lang='lat'>_</span> <span class='ocrx_word' id='word_1_530' title='bbox 2289 3502 2584 3560; x_wconf 83' lang='lat' dir='ltr'><strong>Pontifices</strong></span> <span class='ocrx_word' id='word_1_531' title='bbox 2613 3504 2821 3574; x_wconf 87' lang='lat' dir='ltr'><strong>stupidi</strong></span> <span class='ocrx_word' id='word_1_532' title='bbox 2846 3510 2995 3558; x_wconf 90' lang='lat' dir='ltr'><strong>tanta</strong></span> <span class='ocrx_word' id='word_1_533' title='bbox 3025 3504 3326 3560; x_wconf 88' lang='lat' dir='ltr'><strong>ambitione</strong></span> <span class='ocrx_word' id='word_1_534' title='bbox 3359 3514 3659 3568; x_wconf 87' lang='lat' dir='ltr'><strong>meantem,</strong></span> 
     </span>
    </p>
   </div>
   <div class='ocr_carea' id='block_1_90' title="bbox 2285 3593 3754 3665">
    <p class='ocr_par' dir='ltr' id='par_1_90' title="bbox 2285 3593 3754 3665">
     <span class='ocr_line' id='line_1_90' title="bbox 2285 3593 3754 3665; baseline -0.001 -17"><span class='ocrx_word' id='word_1_535' title='bbox 2285 3593 2405 3649; x_wconf 83' lang='lat' dir='ltr'><strong>Non</strong></span> <span class='ocrx_word' id='word_1_536' title='bbox 2444 3595 2500 3648; x_wconf 91' lang='lat' dir='ltr'><strong>in</strong></span> <span class='ocrx_word' id='word_1_537' title='bbox 2533 3595 2741 3650; x_wconf 90' lang='lat' dir='ltr'><strong>honore</strong></span> <span class='ocrx_word' id='word_1_538' title='bbox 2771 3594 2864 3649; x_wconf 91' lang='lat' dir='ltr'><strong>Dei</strong></span> <span class='ocrx_word' id='word_1_539' title='bbox 2889 3609 3183 3665; x_wconf 91' lang='lat' dir='ltr'><strong>procerum</strong></span> <span class='ocrx_word' id='word_1_540' title='bbox 3211 3594 3556 3650; x_wconf 89' lang='lat' dir='ltr'><strong>descendere</strong></span> <span class='ocrx_word' id='word_1_541' title='bbox 3578 3595 3754 3654; x_wconf 87' lang='lat' dir='ltr'><strong>asello,</strong></span> 
     </span>
    </p>
   </div>
   <div class='ocr_carea' id='block_1_91' title="bbox 2286 3687 3556 3758">
    <p class='ocr_par' dir='ltr' id='par_1_91' title="bbox 2286 3687 3556 3758">
     <span class='ocr_line' id='line_1_91' title="bbox 2286 3687 3556 3758; baseline 0.002 -17"><span class='ocrx_word' id='word_1_542' title='bbox 2286 3687 2500 3744; x_wconf 91' lang='lat' dir='ltr'><strong>Nudato</strong></span> <span class='ocrx_word' id='word_1_543' title='bbox 2531 3687 2736 3743; x_wconf 90' lang='lat' dir='ltr'><strong>nitidos</strong></span> <span class='ocrx_word' id='word_1_544' title='bbox 2766 3688 3092 3758; x_wconf 90' lang='lat' dir='ltr'><strong>prodentem</strong></span> <span class='ocrx_word' id='word_1_545' title='bbox 3115 3689 3321 3745; x_wconf 85' lang='lat' dir='ltr'><strong>vertice</strong></span> <span class='ocrx_word' id='word_1_546' title='bbox 3348 3689 3556 3756; x_wconf 90' lang='lat' dir='ltr'><strong>crines,</strong></span> 
     </span>
    </p>
   </div>
   <div class='ocr_carea' id='block_1_92' title="bbox 2287 3779 3598 3855">
    <p class='ocr_par' dir='ltr' id='par_1_92' title="bbox 2287 3779 3598 3855">
     <span class='ocr_line' id='line_1_92' title="bbox 2287 3779 3598 3855; baseline 0.005 -23"><span class='ocrx_word' id='word_1_547' title='bbox 2287 3779 2491 3836; x_wconf 80' lang='lat' dir='ltr'><strong>intuitu</strong></span> <span class='ocrx_word' id='word_1_548' title='bbox 2513 3781 2721 3838; x_wconf 91' lang='lat' dir='ltr'><strong>vultum</strong></span> <span class='ocrx_word' id='word_1_549' title='bbox 2741 3797 2848 3838; x_wconf 88' lang='lat' dir='ltr'><strong>ceu</strong></span> <span class='ocrx_word' id='word_1_550' title='bbox 2865 3798 3064 3855; x_wconf 85' lang='lat' dir='ltr'><strong>magna</strong></span> <span class='ocrx_word' id='word_1_551' title='bbox 3093 3799 3124 3838; x_wconf 91' lang='lat' dir='ltr'><strong>a</strong></span> <span class='ocrx_word' id='word_1_552' title='bbox 3156 3783 3282 3839; x_wconf 90' lang='lat' dir='ltr'><strong>labe</strong></span> <span class='ocrx_word' id='word_1_553' title='bbox 3307 3783 3598 3848; x_wconf 89' lang='lat' dir='ltr'><strong>reducunt,</strong></span> 
     </span>
    </p>
   </div>
   <div class='ocr_carea' id='block_1_93' title="bbox 2285 3872 3731 3947">
    <p class='ocr_par' dir='ltr' id='par_1_93' title="bbox 2285 3872 3731 3947">
     <span class='ocr_line' id='line_1_93' title="bbox 2285 3872 3731 3947; baseline 0.001 -20"><span class='ocrx_word' id='word_1_554' title='bbox 2285 3872 2512 3928; x_wconf 87' lang='lat' dir='ltr'><strong>Nonnus</strong></span> <span class='ocrx_word' id='word_1_555' title='bbox 2537 3884 2591 3928; x_wconf 90' lang='lat' dir='ltr'><strong>at</strong></span> <span class='ocrx_word' id='word_1_556' title='bbox 2628 3875 2906 3947; x_wconf 87' lang='lat' dir='ltr'><strong>egregius,</strong></span> <span class='ocrx_word' id='word_1_557' title='bbox 2935 3876 3230 3947; x_wconf 90' lang='lat' dir='ltr'><strong>speculans</strong></span> <span class='ocrx_word' id='word_1_558' title='bbox 3258 3878 3549 3940; x_wconf 89' lang='lat' dir='ltr'><strong>attentius,</strong></span> <span class='ocrx_word' id='word_1_559' title='bbox 3573 3883 3731 3947; x_wconf 87' lang='lat' dir='ltr'><strong>atque</strong></span> 
     </span>
    </p>
   </div>
   <div class='ocr_carea' id='block_1_94' title="bbox 2289 3963 3640 4038">
    <p class='ocr_par' dir='ltr' id='par_1_94' title="bbox 2289 3963 3640 4038">
     <span class='ocr_line' id='line_1_94' title="bbox 2289 3963 3640 4038; baseline 0.001 -21"><span class='ocrx_word' id='word_1_560' title='bbox 2289 3963 2527 4038; x_wconf 84' lang='lat' dir='ltr'><strong>Longius</strong></span> <span class='ocrx_word' id='word_1_561' title='bbox 2564 3979 2854 4019; x_wconf 90' lang='lat' dir='ltr'><strong>asservans</strong></span> <span class='ocrx_word' id='word_1_562' title='bbox 2882 3965 3000 4019; x_wconf 89' lang='lat' dir='ltr'><strong>visu</strong></span> <span class='ocrx_word' id='word_1_563' title='bbox 3027 3965 3158 4020; x_wconf 92' lang='lat' dir='ltr'><strong>dum</strong></span> <span class='ocrx_word' id='word_1_564' title='bbox 3184 3965 3422 4032; x_wconf 89' lang='lat' dir='ltr'><strong>transiit,</strong></span> <span class='ocrx_word' id='word_1_565' title='bbox 3455 3967 3640 4029; x_wconf 63' lang='lat' dir='ltr'><strong>haeret,</strong></span> 
     </span>
    </p>
   </div>
   <div class='ocr_carea' id='block_1_95' title="bbox 2288 4052 3722 4130">
    <p class='ocr_par' dir='ltr' id='par_1_95' title="bbox 2288 4052 3722 4130">
     <span class='ocr_line' id='line_1_95' title="bbox 2288 4052 3722 4130; baseline -0.001 -22"><span class='ocrx_word' id='word_1_566' title='bbox 2288 4052 2460 4109; x_wconf 86' lang='lat' dir='ltr'><strong>Corde</strong></span> <span class='ocrx_word' id='word_1_567' title='bbox 2489 4055 2591 4108; x_wconf 91' lang='lat' dir='ltr'><strong>sub</strong></span> <span class='ocrx_word' id='word_1_568' title='bbox 2631 4055 2862 4111; x_wconf 91' lang='lat' dir='ltr'><strong>attonito</strong></span> <span class='ocrx_word' id='word_1_569' title='bbox 2893 4055 3122 4128; x_wconf 90' lang='lat' dir='ltr'><strong>reliquis</strong></span> <span class='ocrx_word' id='word_1_570' title='bbox 3153 4055 3439 4130; x_wconf 89' lang='lat' dir='ltr'><strong>incognita</strong></span> <span class='ocrx_word' id='word_1_571' title='bbox 3467 4054 3722 4118; x_wconf 86' lang='lat' dir='ltr'><strong>volvens;</strong></span> 
     </span>
    </p>
   </div>
   <div class='ocr_carea' id='block_1_96' title="bbox 2291 4143 3758 4216">
    <p class='ocr_par' dir='ltr' id='par_1_96' title="bbox 2291 4143 3758 4216">
     <span class='ocr_line' id='line_1_96' title="bbox 2291 4143 3758 4216; baseline -0.003 -18"><span class='ocrx_word' id='word_1_572' title='bbox 2291 4143 2424 4198; x_wconf 84' lang='lat' dir='ltr'><strong>inde</strong></span> <span class='ocrx_word' id='word_1_573' title='bbox 2452 4143 2658 4199; x_wconf 88' lang='lat' dir='ltr'><strong>recline</strong></span> <span class='ocrx_word' id='word_1_574' title='bbox 2687 4151 2852 4215; x_wconf 91' lang='lat' dir='ltr'><strong>caput</strong></span> <span class='ocrx_word' id='word_1_575' title='bbox 2875 4144 3113 4216; x_wconf 85' lang='lat' dir='ltr'><strong>genibus</strong></span> <span class='ocrx_word' id='word_1_576' title='bbox 3143 4143 3491 4216; x_wconf 89' lang='lat' dir='ltr'><strong>superaddit,</strong></span> <span class='ocrx_word' id='word_1_577' title='bbox 3522 4150 3576 4198; x_wconf 90' lang='lat' dir='ltr'><strong>et</strong></span> <span class='ocrx_word' id='word_1_578' title='bbox 3603 4157 3758 4198; x_wconf 86' lang='lat' dir='ltr'><strong>omne</strong></span> 
     </span>
    </p>
   </div>
   <div class='ocr_carea' id='block_1_97' title="bbox 2292 4229 3809 4305">
    <p class='ocr_par' dir='ltr' id='par_1_97' title="bbox 2292 4229 3809 4305">
     <span class='ocr_line' id='line_1_97' title="bbox 2292 4229 3809 4305; baseline -0.005 -18"><span class='ocrx_word' id='word_1_579' title='bbox 2292 4233 2411 4289; x_wconf 79' lang='lat' dir='ltr'><strong>Mox</strong></span> <span class='ocrx_word' id='word_1_580' title='bbox 2441 4235 2695 4305; x_wconf 82' lang='lat' dir='ltr'><strong>lacrymis</strong></span> <span class='ocrx_word' id='word_1_581' title='bbox 2718 4233 2996 4300; x_wconf 89' lang='lat' dir='ltr'><strong>manuale,</strong></span> <span class='ocrx_word' id='word_1_582' title='bbox 3030 4234 3327 4305; x_wconf 89' lang='lat' dir='ltr'><strong>sinumque</strong></span> <span class='ocrx_word' id='word_1_583' title='bbox 3351 4233 3587 4305; x_wconf 87' lang='lat' dir='ltr'><strong>replevit</strong></span> <span class='ocrx_word' id='word_1_584' title='bbox 3611 4229 3809 4286; x_wconf 84' lang='lat' dir='ltr'><strong>obortis.</strong></span> 
     </span>
    </p>
   </div>
   <div class='ocr_carea' id='block_1_98' title="bbox 2292 4324 3532 4399">
    <p class='ocr_par' dir='ltr' id='par_1_98' title="bbox 2292 4324 3532 4399">
     <span class='ocr_line' id='line_1_98' title="bbox 2292 4324 3532 4399; baseline 0.002 -21"><span class='ocrx_word' id='word_1_585' title='bbox 2292 4325 2424 4380; x_wconf 83' lang='lat' dir='ltr'><strong>Exin</strong></span> <span class='ocrx_word' id='word_1_586' title='bbox 2484 4340 2684 4399; x_wconf 91' lang='lat' dir='ltr'><strong>magna</strong></span> <span class='ocrx_word' id='word_1_587' title='bbox 2716 4325 2941 4382; x_wconf 88' lang='lat' dir='ltr'><strong>trahens</strong></span> <span class='ocrx_word' id='word_1_588' title='bbox 2968 4324 3080 4380; x_wconf 92' lang='lat' dir='ltr'><strong>imo</strong></span> <span class='ocrx_word' id='word_1_589' title='bbox 3101 4324 3347 4396; x_wconf 85' lang='lat' dir='ltr'><strong>suspiria</strong></span> <span class='ocrx_word' id='word_1_590' title='bbox 3365 4325 3532 4380; x_wconf 88' lang='lat' dir='ltr'><strong>corde</strong></span> 
     </span>
    </p>
   </div>
   <div class='ocr_carea' id='block_1_99' title="bbox 2293 4414 3562 4486">
    <p class='ocr_par' dir='ltr' id='par_1_99' title="bbox 2293 4414 3562 4486">
     <span class='ocr_line' id='line_1_99' title="bbox 2293 4414 3562 4486; baseline 0.002 -18"><span class='ocrx_word' id='word_1_591' title='bbox 2293 4414 2464 4469; x_wconf 83' lang='lat' dir='ltr'><strong>«Num</strong></span> <span class='ocrx_word' id='word_1_592' title='bbox 2492 4414 2815 4482; x_wconf 88' lang='lat' dir='ltr'><strong>delectatos,</strong></span> <span class='ocrx_word' id='word_1_593' title='bbox 2833 4414 2994 4482; x_wconf 91' lang='lat' dir='ltr'><strong>socii,</strong></span> <span class='ocrx_word' id='word_1_594' title='bbox 3025 4431 3121 4471; x_wconf 89' lang='lat' dir='ltr'><strong>vos</strong></span> <span class='ocrx_word' id='word_1_595' title='bbox 3132 4415 3258 4483; x_wconf 88' lang='lat' dir='ltr'><strong>jure</strong></span> <span class='ocrx_word' id='word_1_596' title='bbox 3290 4415 3562 4486; x_wconf 87' lang='lat' dir='ltr'><strong>probatis,</strong></span> 
     </span>
    </p>
   </div>
   <div class='ocr_carea' id='block_1_100' title="bbox 2290 4504 3689 4580">
    <p class='ocr_par' dir='ltr' id='par_1_100' title="bbox 2290 4504 3689 4580">
     <span class='ocr_line' id='line_1_100' title="bbox 2290 4504 3689 4580; baseline -0.002 -17"><span class='ocrx_word' id='word_1_597' title='bbox 2290 4509 2414 4564; x_wconf 63' lang='lat' dir='ltr'><strong>Haec</strong></span> <span class='ocrx_word' id='word_1_598' title='bbox 2443 4523 2552 4580; x_wconf 90' lang='lat' dir='ltr'><strong>quo</strong></span> <span class='ocrx_word' id='word_1_599' title='bbox 2577 4524 2639 4562; x_wconf 89' lang='lat' dir='ltr'><strong>se</strong></span> <span class='ocrx_word' id='word_1_600' title='bbox 2669 4507 2869 4563; x_wconf 92' lang='lat' dir='ltr'><strong>mulier</strong></span> <span class='ocrx_word' id='word_1_601' title='bbox 2887 4507 3037 4562; x_wconf 91' lang='lat' dir='ltr'><strong>cultu</strong></span> <span class='ocrx_word' id='word_1_602' title='bbox 3064 4506 3346 4562; x_wconf 86' lang='lat' dir='ltr'><strong>decoravit</strong></span> <span class='ocrx_word' id='word_1_603' title='bbox 3375 4504 3634 4562; x_wconf 66' lang='lat' dir='ltr'><strong>amteno?</strong></span> <span class='ocrx_word' id='word_1_604' title='bbox 3669 4527 3689 4550; x_wconf 77' lang='grc' dir='ltr'><strong><em>ο</em></strong></span> 
     </span>
    </p>
   </div>
   <div class='ocr_carea' id='block_1_101' title="bbox 2292 4597 3762 4663">
    <p class='ocr_par' dir='ltr' id='par_1_101' title="bbox 2292 4597 3762 4663">
     <span class='ocr_line' id='line_1_101' title="bbox 2292 4597 3762 4663; baseline -0.006 -8"><span class='ocrx_word' id='word_1_605' title='bbox 2292 4601 2384 4656; x_wconf 90' lang='lat' dir='ltr'><strong>His</strong></span> <span class='ocrx_word' id='word_1_606' title='bbox 2425 4601 2559 4655; x_wconf 91' lang='lat' dir='ltr'><strong>nihil</strong></span> <span class='ocrx_word' id='word_1_607' title='bbox 2592 4601 2708 4655; x_wconf 68' lang='lat' dir='ltr'><strong>haec</strong></span> <span class='ocrx_word' id='word_1_608' title='bbox 2725 4608 2916 4655; x_wconf 88' lang='lat' dir='ltr'><strong>contra</strong></span> <span class='ocrx_word' id='word_1_609' title='bbox 2962 4599 3345 4663; x_wconf 89' lang='lat' dir='ltr'><strong>reddentibus,</strong></span> <span class='ocrx_word' id='word_1_610' title='bbox 3367 4599 3458 4653; x_wconf 90' lang='lat' dir='ltr'><strong>ille</strong></span> <span class='ocrx_word' id='word_1_611' title='bbox 3487 4597 3762 4653; x_wconf 78' lang='lat' dir='ltr'><strong>reﬂectens</strong></span> 
     </span>
    </p>
   </div>
   <div class='ocr_carea' id='block_1_102' title="bbox 2290 4689 3596 4766">
    <p class='ocr_par' dir='ltr' id='par_1_102' title="bbox 2290 4689 3596 4766">
     <span class='ocr_line' id='line_1_102' title="bbox 2290 4689 3596 4766; baseline -0.004 -19"><span class='ocrx_word' id='word_1_612' title='bbox 2290 4693 2614 4764; x_wconf 84' lang='lat' dir='ltr'><strong>Applicitam</strong></span> <span class='ocrx_word' id='word_1_613' title='bbox 2642 4691 2880 4766; x_wconf 90' lang='lat' dir='ltr'><strong>genibus</strong></span> <span class='ocrx_word' id='word_1_614' title='bbox 2900 4689 3094 4746; x_wconf 83' lang='lat' dir='ltr'><strong>faciem</strong></span> <span class='ocrx_word' id='word_1_615' title='bbox 3127 4690 3366 4760; x_wconf 89' lang='lat' dir='ltr'><strong>suspiria</strong></span> <span class='ocrx_word' id='word_1_616' title='bbox 3387 4689 3596 4764; x_wconf 86' lang='lat' dir='ltr'><strong>jungit,</strong></span> 
     </span>
    </p>
   </div>
   <div class='ocr_carea' id='block_1_103' title="bbox 2209 4743 3730 4852">
    <p class='ocr_par' dir='ltr' id='par_1_103' title="bbox 2209 4743 3730 4852">
     <span class='ocr_line' id='line_1_103' title="bbox 2209 4743 3730 4852; baseline -0.008 -15"><span class='ocrx_word' id='word_1_617' title='bbox 2209 4743 2265 4810; x_wconf 84' lang='lat' dir='ltr'><strong>D</strong></span> <span class='ocrx_word' id='word_1_618' title='bbox 2289 4743 2483 4836; x_wconf 59' lang='lat' dir='ltr'><strong>Pectus</strong></span> <span class='ocrx_word' id='word_1_619' title='bbox 2509 4743 2836 4852; x_wconf 59' lang='lat' dir='ltr'><strong>perciitiens‘</strong></span> <span class='ocrx_word' id='word_1_620' title='bbox 2864 4743 3239 4851; x_wconf 73' lang='lat' dir='ltr'><strong>lacrymisque</strong></span> <span class='ocrx_word' id='word_1_621' title='bbox 3268 4777 3456 4833; x_wconf 88' lang='lat' dir='ltr'><strong>cilicia</strong></span> <span class='ocrx_word' id='word_1_622' title='bbox 3476 4743 3730 4846; x_wconf 45' lang='lat' dir='ltr'><strong>czmplet,</strong></span> 
     </span>
    </p>
   </div>
   <div class='ocr_carea' id='block_1_104' title="bbox 2286 4865 3642 4935">
    <p class='ocr_par' dir='ltr' id='par_1_104' title="bbox 2286 4865 3642 4935">
     <span class='ocr_line' id='line_1_104' title="bbox 2286 4865 3642 4935; baseline -0.006 -11"><span class='ocrx_word' id='word_1_623' title='bbox 2286 4870 2413 4935; x_wconf 66' lang='lat' dir='ltr'><strong>Quae</strong></span> <span class='ocrx_word' id='word_1_624' title='bbox 2444 4885 2664 4926; x_wconf 90' lang='lat' dir='ltr'><strong>carnem</strong></span> <span class='ocrx_word' id='word_1_625' title='bbox 2698 4867 2880 4922; x_wconf 83' lang='lat' dir='ltr'><strong>valido</strong></span> <span class='ocrx_word' id='word_1_626' title='bbox 2910 4866 3038 4922; x_wconf 65' lang='lat' dir='ltr'><strong>caeli</strong></span> <span class='ocrx_word' id='word_1_627' title='bbox 3071 4865 3289 4923; x_wconf 88' lang='lat' dir='ltr'><strong>fervore</strong></span> <span class='ocrx_word' id='word_1_628' title='bbox 3321 4865 3642 4921; x_wconf 87' lang='lat' dir='ltr'><strong>domabant.</strong></span> 
     </span>
    </p>
   </div>
   <div class='ocr_carea' id='block_1_105' title="bbox 2282 4951 3747 5036">
    <p class='ocr_par' dir='ltr' id='par_1_105' title="bbox 2282 4951 3747 5036">
     <span class='ocr_line' id='line_1_105' title="bbox 2282 4951 3747 5036; baseline -0.005 -20"><span class='ocrx_word' id='word_1_629' title='bbox 2282 4962 2418 5018; x_wconf 91' lang='lat' dir='ltr'><strong>Hinc</strong></span> <span class='ocrx_word' id='word_1_630' title='bbox 2447 4961 2667 5036; x_wconf 88' lang='lat' dir='ltr'><strong>rogitat,</strong></span> <span class='ocrx_word' id='word_1_631' title='bbox 2693 4959 2912 5030; x_wconf 89' lang='lat' dir='ltr'><strong>species</strong></span> <span class='ocrx_word' id='word_1_632' title='bbox 2942 4957 3110 5013; x_wconf 89' lang='lat' dir='ltr'><strong>sociis</strong></span> <span class='ocrx_word' id='word_1_633' title='bbox 3140 4957 3424 5028; x_wconf 87' lang='lat' dir='ltr'><strong>placuitne</strong></span> <span class='ocrx_word' id='word_1_634' title='bbox 3457 4964 3688 5011; x_wconf 81' lang='lat' dir='ltr'><strong>venusta</strong></span> <span class='ocrx_word' id='word_1_635' title='bbox 3723 4951 3747 4992; x_wconf 76' lang='grc'><strong>⁹</strong></span> 
     </span>
    </p>
   </div>
   <div class='ocr_carea' id='block_1_106' title="bbox 2280 5049 3672 5120">
    <p class='ocr_par' dir='ltr' id='par_1_106' title="bbox 2280 5049 3672 5120">
     <span class='ocr_line' id='line_1_106' title="bbox 2280 5049 3672 5120; baseline -0.006 -12"><span class='ocrx_word' id='word_1_636' title='bbox 2280 5053 2397 5109; x_wconf 90' lang='lat' dir='ltr'><strong>Non</strong></span> <span class='ocrx_word' id='word_1_637' title='bbox 2423 5053 2606 5108; x_wconf 91' lang='lat' dir='ltr'><strong>minus</strong></span> <span class='ocrx_word' id='word_1_638' title='bbox 2635 5059 2720 5107; x_wconf 89' lang='lat' dir='ltr'><strong>ast</strong></span> <span class='ocrx_word' id='word_1_639' title='bbox 2743 5051 2823 5105; x_wconf 94' lang='lat' dir='ltr'><strong>illi</strong></span> <span class='ocrx_word' id='word_1_640' title='bbox 2845 5057 3118 5120; x_wconf 88' lang='lat' dir='ltr'><strong>concepta</strong></span> <span class='ocrx_word' id='word_1_641' title='bbox 3145 5049 3374 5106; x_wconf 83' lang='lat' dir='ltr'><strong>silentia</strong></span> <span class='ocrx_word' id='word_1_642' title='bbox 3394 5057 3672 5120; x_wconf 89' lang='lat' dir='ltr'><strong>rumpunt.</strong></span> 
     </span>
    </p>
   </div>
   <div class='ocr_carea' id='block_1_107' title="bbox 2290 5142 3592 5214">
    <p class='ocr_par' dir='ltr' id='par_1_107' title="bbox 2290 5142 3592 5214">
     <span class='ocr_line' id='line_1_107' title="bbox 2290 5142 3592 5214; baseline -0.003 -14"><span class='ocrx_word' id='word_1_643' title='bbox 2290 5145 2384 5201; x_wconf 90' lang='lat' dir='ltr'><strong>Ille</strong></span> <span class='ocrx_word' id='word_1_644' title='bbox 2417 5162 2598 5200; x_wconf 87' lang='lat' dir='ltr'><strong>rosam</strong></span> <span class='ocrx_word' id='word_1_645' title='bbox 2628 5146 2839 5200; x_wconf 87' lang='lat' dir='ltr'><strong>callens</strong></span> <span class='ocrx_word' id='word_1_646' title='bbox 2868 5144 3028 5198; x_wconf 86' lang='lat' dir='ltr'><strong>hirtis</strong></span> <span class='ocrx_word' id='word_1_647' title='bbox 3055 5143 3359 5214; x_wconf 87' lang='lat' dir='ltr'><strong>decerpere</strong></span> <span class='ocrx_word' id='word_1_648' title='bbox 3391 5142 3592 5208; x_wconf 86' lang='lat' dir='ltr'><strong>dumis,</strong></span> 
     </span>
    </p>
   </div>
   <div class='ocr_carea' id='block_1_108' title="bbox 2288 5231 3677 5305">
    <p class='ocr_par' dir='ltr' id='par_1_108' title="bbox 2288 5231 3677 5305">
     <span class='ocr_line' id='line_1_108' title="bbox 2288 5231 3677 5305; baseline -0.004 -15"><span class='ocrx_word' id='word_1_649' title='bbox 2288 5236 2518 5305; x_wconf 90' lang='lat' dir='ltr'><strong>Semper</strong></span> <span class='ocrx_word' id='word_1_650' title='bbox 2543 5234 2610 5288; x_wconf 92' lang='lat' dir='ltr'><strong>ad</strong></span> <span class='ocrx_word' id='word_1_651' title='bbox 2642 5233 2954 5304; x_wconf 88' lang='lat' dir='ltr'><strong>exemplum</strong></span> <span class='ocrx_word' id='word_1_652' title='bbox 2989 5231 3212 5302; x_wconf 86' lang='lat' dir='ltr'><strong>pietatis</strong></span> <span class='ocrx_word' id='word_1_653' title='bbox 3241 5241 3296 5286; x_wconf 92' lang='lat' dir='ltr'><strong>et</strong></span> <span class='ocrx_word' id='word_1_654' title='bbox 3329 5231 3441 5286; x_wconf 86' lang='lat' dir='ltr'><strong>alta</strong></span> <span class='ocrx_word' id='word_1_655' title='bbox 3462 5243 3677 5291; x_wconf 82' lang='lat' dir='ltr'><strong>vocare,</strong></span> 
     </span>
    </p>
   </div>
   <div class='ocr_carea' id='block_1_109' title="bbox 2290 5320 3664 5394">
    <p class='ocr_par' dir='ltr' id='par_1_109' title="bbox 2290 5320 3664 5394">
     <span class='ocr_line' id='line_1_109' title="bbox 2290 5320 3664 5394; baseline -0.002 -11"><span class='ocrx_word' id='word_1_656' title='bbox 2290 5328 2557 5385; x_wconf 90' lang='lat' dir='ltr'><strong>Cordibus</strong></span> <span class='ocrx_word' id='word_1_657' title='bbox 2587 5344 2618 5383; x_wconf 94' lang='lat' dir='ltr'><strong>a</strong></span> <span class='ocrx_word' id='word_1_658' title='bbox 2639 5327 2899 5383; x_wconf 92' lang='lat' dir='ltr'><strong>comitum</strong></span> <span class='ocrx_word' id='word_1_659' title='bbox 2927 5323 3120 5379; x_wconf 89' lang='lat' dir='ltr'><strong>mundi</strong></span> <span class='ocrx_word' id='word_1_660' title='bbox 3155 5339 3444 5380; x_wconf 89' lang='lat' dir='ltr'><strong>removere</strong></span> <span class='ocrx_word' id='word_1_661' title='bbox 3469 5320 3664 5394; x_wconf 88' lang='lat' dir='ltr'><strong>piacla.</strong></span> 
     </span>
    </p>
   </div>
   <div class='ocr_carea' id='block_1_110' title="bbox 2292 5417 3639 5493">
    <p class='ocr_par' dir='ltr' id='par_1_110' title="bbox 2292 5417 3639 5493">
     <span class='ocr_line' id='line_1_110' title="bbox 2292 5417 3639 5493; baseline -0.007 -18"><span class='ocrx_word' id='word_1_662' title='bbox 2292 5421 2353 5477; x_wconf 87' lang='lat' dir='ltr'><strong>Et</strong></span> <span class='ocrx_word' id='word_1_663' title='bbox 2383 5421 2539 5493; x_wconf 89' lang='lat' dir='ltr'><strong>quasi</strong></span> <span class='ocrx_word' id='word_1_664' title='bbox 2568 5420 2873 5476; x_wconf 87' lang='lat' dir='ltr'><strong>vaticinans</strong></span> <span class='ocrx_word' id='word_1_665' title='bbox 2914 5419 3139 5475; x_wconf 86' lang='lat' dir='ltr'><strong>tandem</strong></span> <span class='ocrx_word' id='word_1_666' title='bbox 3169 5418 3249 5473; x_wconf 90' lang='lat' dir='ltr'><strong>sic</strong></span> <span class='ocrx_word' id='word_1_667' title='bbox 3278 5417 3478 5490; x_wconf 88' lang='lat' dir='ltr'><strong>incipit</strong></span> <span class='ocrx_word' id='word_1_668' title='bbox 3504 5430 3594 5482; x_wconf 80' lang='lat' dir='ltr'><strong>ore</strong></span> <span class='ocrx_word' id='word_1_669' title='bbox 3625 5430 3639 5465; x_wconf 87' lang='lat'><strong><em>:</em></strong></span> 
     </span>
    </p>
   </div>
   <div class='ocr_carea' id='block_1_111' title="bbox 2299 5509 3498 5581">
    <p class='ocr_par' dir='ltr' id='par_1_111' title="bbox 2299 5509 3498 5581">
     <span class='ocr_line' id='line_1_111' title="bbox 2299 5509 3498 5581; baseline 0 -17"><span class='ocrx_word' id='word_1_670' title='bbox 2299 5534 2320 5564; x_wconf 77' lang='grc' dir='ltr'>ι</span> <span class='ocrx_word' id='word_1_671' title='bbox 2351 5513 2485 5568; x_wconf 87' lang='lat' dir='ltr'><strong>Vere</strong></span> <span class='ocrx_word' id='word_1_672' title='bbox 2505 5511 2775 5569; x_wconf 86' lang='lat' dir='ltr'><strong>confiteor</strong></span> <span class='ocrx_word' id='word_1_673' title='bbox 2795 5512 3134 5568; x_wconf 91' lang='lat' dir='ltr'><strong>delectatum</strong></span> <span class='ocrx_word' id='word_1_674' title='bbox 3167 5526 3263 5566; x_wconf 90' lang='lat' dir='ltr'><strong>ore</strong></span> <span class='ocrx_word' id='word_1_675' title='bbox 3303 5509 3498 5581; x_wconf 73' lang='lat' dir='ltr'><strong>puellae</strong></span> 
     </span>
    </p>
   </div>
   <div class='ocr_carea' id='block_1_112' title="bbox 2296 5594 3711 5675">
    <p class='ocr_par' dir='ltr' id='par_1_112' title="bbox 2296 5594 3711 5675">
     <span class='ocr_line' id='line_1_112' title="bbox 2296 5594 3711 5675; baseline -0.005 -16"><span class='ocrx_word' id='word_1_676' title='bbox 2296 5605 2399 5667; x_wconf 81' lang='lat' dir='ltr'><strong>Me,</strong></span> <span class='ocrx_word' id='word_1_677' title='bbox 2425 5604 2742 5675; x_wconf 89' lang='lat' dir='ltr'><strong>placuitque</strong></span> <span class='ocrx_word' id='word_1_678' title='bbox 2772 5602 2910 5658; x_wconf 91' lang='lat' dir='ltr'><strong>mihi</strong></span> <span class='ocrx_word' id='word_1_679' title='bbox 2931 5603 3148 5674; x_wconf 90' lang='lat' dir='ltr'><strong>species</strong></span> <span class='ocrx_word' id='word_1_680' title='bbox 3177 5609 3236 5657; x_wconf 89' lang='lat' dir='ltr'><strong>et</strong></span> <span class='ocrx_word' id='word_1_681' title='bbox 3263 5602 3435 5658; x_wconf 86' lang='lat' dir='ltr'><strong>forma</strong></span> <span class='ocrx_word' id='word_1_682' title='bbox 3463 5594 3668 5653; x_wconf 88' lang='lat' dir='ltr'><strong>decoris</strong></span> <span class='ocrx_word' id='word_1_683' title='bbox 3694 5609 3711 5652; x_wconf 84' lang='lat'><strong><em>;</em></strong></span> 
     </span>
    </p>
   </div>
   <div class='ocr_carea' id='block_1_113' title="bbox 2297 5691 3562 5763">
    <p class='ocr_par' dir='ltr' id='par_1_113' title="bbox 2297 5691 3562 5763">
     <span class='ocr_line' id='line_1_113' title="bbox 2297 5691 3562 5763; baseline -0.006 -16"><span class='ocrx_word' id='word_1_684' title='bbox 2297 5694 2361 5748; x_wconf 87' lang='lat' dir='ltr'><strong>At</strong></span> <span class='ocrx_word' id='word_1_685' title='bbox 2384 5709 2568 5748; x_wconf 87' lang='lat' dir='ltr'><strong>veram</strong></span> <span class='ocrx_word' id='word_1_686' title='bbox 2593 5693 2767 5749; x_wconf 85' lang='lat' dir='ltr'><strong>fateor</strong></span> <span class='ocrx_word' id='word_1_687' title='bbox 2797 5693 2963 5748; x_wconf 89' lang='lat' dir='ltr'><strong>nobis</strong></span> <span class='ocrx_word' id='word_1_688' title='bbox 2983 5692 3125 5747; x_wconf 85' lang='lat' dir='ltr'><strong>hanc</strong></span> <span class='ocrx_word' id='word_1_689' title='bbox 3155 5691 3407 5763; x_wconf 62' lang='lat' dir='ltr'><strong>praeferet</strong></span> <span class='ocrx_word' id='word_1_690' title='bbox 3433 5692 3562 5743; x_wconf 89' lang='lat' dir='ltr'><strong>altus</strong></span> 
     </span>
    </p>
   </div>
  </div>
