3974 6146
252 232 356 286 589

781 238 865 292 DE
901 239 1262 300 TRIUMPHIS
1306 245 1560 306 CHRISTI
1603 251 1976 309 ANTIOCHIAE
2015 256 2242 312 GESTIS
2282 259 2650 319 LIBBI‘DUO.
2692 294 2763 303 —
2803 265 2927 320 LIB.
2973 267 3036 322 ll.

3477 274 3584 329 590

248 381 477 449 Arbiter,
500 392 629 440 ante
660 387 916 443 thronum
948 398 1194 449 statuens
1217 377 1457 453 censore
1489 400 1770 455 tremendu

1918 384 2116 454 jTetro
2159 385 2383 441 horrore
2414 388 2648 461 nigram,
2681 392 2837 458 cujus
2871 408 3052 464 neque
3082 393 3226 448 ferre
3267 395 3474 453 valeret

247 473 462 530 Judicet
507 486 565 530 ut
614 489 859 534 nostrum
904 481 1149 540 ofﬁcium
1194 504 1294 543 nos
1335 495 1498 561 atque
1535 491 1854 563 triumphet,

244 566 305 620 Et
337 575 562 638 quantas
591 571 832 626 morulas
861 575 1119 630 horarum
1151 580 1331 652 egisse
1374 583 1574 651 putatis

249 654 392 709 Hanc
420 656 560 711 intra
588 661 868 730 pr0prium
899 675 1076 720 semet
1103 667 1416 725 decorando
1446 672 1649 740 cubile,

245 746 374 800 Dum
411 747 576 815 lavat,
601 751 905 824 etpingens
923 769 982 808 se
1013 758 1280 829 unguenti
1305 768 1527 818 nectare
1544 765 1724 837 tingit,

245 835 475 906 insuper
500 839 568 892 ad
591 841 877 909 speculum
909 845 1175 900 studiosis
1203 847 1442 904 cultibus
1469 835 1693 922 ornans,

245 927 306 980 Ut
334 929 541 984 mundo
572 931 808 1000 placeat,
841 935 1057 990 cunctis
1087 939 1346 1009 optabilis
1377 958 1497 998 esse

242 1020 415 1074 Possit
440 1032 767 1092 amatorum,
801 1027 937 1082 nulli
959 1028 1224 1086 deformis
1255 1033 1443 1090 haberi

238 1109 591 1180 Cernentum,
633 1116 961 1190 plerumque
1005 1121 1125 1176 dies
1166 1139 1307 1194 quos
1349 1127 1590 1182 crastina
1619 1130 1858 1200 captat?

235 1206 298 1258 At
319 1219 421 1260 nos
446 1205 503 1259 in
525 1208 681 1262 caelis
705 1217 914 1264 aeterna
937 1212 992 1265 in
1020 1215 1180 1269 saecla
1211 1227 1528 1274 manentem

234 1300 334 1364 Qui
364 1300 599 1358 colimus
629 1304 866 1371 Patrem,
896 1323 1102 1379 sponso
1134 1311 1227 1382 qui
1262 1319 1438 1368 morte
1466 1323 1687 1372 carente

233 1389 549 1461 Gaudemus
579 1393 686 1447 sibi
719 1395 938 1452 divitias
968 1399 1088 1454 sine
1120 1399 1230 1455 ﬁne
1263 1402 1501 1457 nitentes

235 1476 580 1534 .tttribuente
610 1489 737 1552 apte
769 1483 1193 1558 famulantibus,
1221 1490 1455 1546 aestimat
1485 1492 1630 1548 ullus

231 1568 372 1630 Quas
405 1583 517 1623 non
541 1570 630 1624 hic
660 1572 879 1628 animus
909 1577 1094 1631 carnis
1117 1593 1228 1634 non
1259 1580 1475 1636 strinxit
1505 1583 1743 1651 ocellus,

231 1655 346 1711 Non
377 1673 542 1713 aures
573 1661 806 1718 hausere
838 1666 1102 1736 hominis,
1140 1685 1321 1741 neque
1352 1671 1518 1728 corde
1559 1673 1844 1732 librantur.

229 1745 354 1809 Quae
384 1747 511 1804 fidis
541 1751 806 1808 Dominus
829 1755 1122 1829 dignisque
1154 1762 1364 1830 paravit
1394 1762 1633 1818 alumnis
1659 1781 1671 1818 :

229 1831 366 1888 Certi
400 1845 666 1906 praeterea
696 1843 838 1912 pacti
866 1846 1135 1914 promissa
1165 1855 1440 1917 tenentes,

224 1925 472 1982 Caelestis
496 1929 698 1988 faciem
730 1935 928 2006 Sponsi
960 1955 1058 2009 per
1077 1941 1237 1997 saecla
1267 1944 1514 2009 videndi,

223 2014 316 2070 Cui
349 2019 640 2077 cherubim
682 2025 904 2094 penitus
935 2029 1214 2099 trepidant
1248 2033 1535 2089 intendere
1563 2037 1728 2091 visus.

219 2103 325 2159 Nec
357 2123 459 2162 nos
478 2124 761 2180 ornamus,
792 2117 984 2171 sordes
1016 2135 1194 2191 neque
1227 2122 1483 2191 pellimus
1513 2132 1677 2192 atras,

216 2196 392 2267 Atque
425 2196 800 2258 immunditias
839 2205 1005 2278 lapsis
1031 2209 1324 2266 animabus
1353 2213 1586 2279 inustas,

216 2287 327 2342 lmo
350 2291 566 2358 protriti
592 2296 863 2366 pronique
886 2299 1134 2367 jacemus
1163 2303 1387 2367 inertes,

209 2379 355 2440 Quos
377 2381 462 2434 vel
491 2383 546 2437 in
578 2387 830 2456 exemplo
863 2388 1205 2460 reliquorum
1238 2396 1458 2450 tramite
1493 2396 1546 2450 in
1581 2397 1690 2452 alto

211 2466 481 2524 Virtutum
501 2487 727 2544 semper
748 2476 958 2531 meritis
989 2491 1235 2550 perstare
1257 2483 1495 2540 deceret.
1543 2506 1567 2536 υ

203 2558 366 2624 Dixit,
388 2570 444 2615 et
474 2563 696 2635 hospitii
717 2582 777 2622 se
807 2584 931 2624 mox
967 2573 1349 2640 penetralibus
1379 2575 1613 2645 abdens,

203 2650 258 2703 In
288 2651 606 2727 faciemque
638 2675 804 2714 ruens
828 2662 981 2716 vultu
1013 2680 1270 2732 percussa
1310 2667 1521 2742 rigabat

200 2745 376 2821 Terga
407 2749 505 2803 soli
539 2752 814 2824 lacrymis,
846 2758 1056 2813 maestis
1087 2759 1161 2814 ita
1190 2763 1418 2818 vocibus
1439 2779 1602 2819 orans
1630 2785 1642 2819 :

203 2859 228 2888 α
271 2839 310 2894 Ο
344 2845 610 2912 praecelsa
639 2847 803 2914 Deus,
831 2851 1052 2915 nostris,
1080 2869 1236 2928 rogo,
1271 2872 1433 2926 parce
1455 2859 1677 2929 piaclis;

200 2927 481 2985 Peccatori
509 2932 734 3004 ignosce
763 2938 918 3014 mihi,
948 2956 1071 2995 nam
1100 2927 1312 3012 pellicis
1338 2927 1503 3014 hujus

198 3014 374 3070 Unius
395 3019 559 3075 solito
587 3022 768 3078 cultus
789 3013 857 3080 de
888 3043 1041 3083 more
1068 3030 1179 3084 diei

194 3107 529 3165 Ornamenta
569 3130 705 3170 mete
731 3117 979 3173 vicerunt
1017 3123 1202 3176 omnia
1232 3123 1378 3179 vitae.

192 3199 308 3264 Quo
342 3209 397 3257 te
427 3207 762 3277 conspiciam
794 3212 991 3265 vultu?
1025 3214 1340 3272 Excusabor
1365 3218 1432 3272 ab
1461 3235 1555 3274 ore
1579 3220 1607 3272 ‘2

189 3292 328 3344 Ante
363 3292 555 3346 oculos
585 3311 689 3349 nec
727 3298 872 3352 enim
895 3300 1204 3357 abscondar
1233 3315 1442 3360 secreta
1461 3309 1686 3365 tuentis.

192 3382 279 3437 Va:
304 3387 586 3454 peccatori
617 3391 750 3444 mihi
777 3391 790 3445 l
825 3394 1028 3466 quique
1054 3397 1319 3453 altaribus
1346 3408 1529 3455 astans

192 3471 472 3546 indignus
502 3477 672 3532 sacris
698 3479 868 3536 decus
898 3483 1044 3538 haud
1075 3485 1286 3542 illustre
1313 3491 1501 3562 peregi

188 3561 376 3616 Ullum
403 3565 471 3618 ad
503 3568 646 3623 velle
683 3579 859 3636 tuum,
889 3572 1133 3629 clemens
1161 3577 1253 3647 qui
1288 3561 1484 3633 cuncta
1513 3582 1708 3636 creasti

184 3655 258 3709 De
289 3657 498 3724 nihilo,
529 3659 780 3726 Domine,
827 3661 972 3716 inter
1000 3681 1122 3734 quae
1154 3681 1242 3720 me
1273 3669 1513 3723 condere
1553 3670 1805 3744 dignans,

178 3747 594 3821 Set-vitiumque
620 3751 718 3806 tibi
750 3760 998 3809 statuens
1023 3756 1345 3827 impendere
1368 3760 1618 3834 dignum.

182 3835 256 3890 Ne
288 3853 384 3892 me
422 3840 628 3894 caelesti
660 3841 923 3897 miserum
960 3845 1217 3913 rejeceris
1249 3849 1391 3916 aula,

179 3929 313 3997 Nec,
351 3933 676 4001 reverende,
710 3941 857 3989 tuam
889 3937 1198 3993 confundas
1227 3949 1357 3997 ante
1385 3945 1733 4000 tremendam

179 4023 263 4079 Me
296 4025 668 4094 majestatem,
695 4016 853 4085 cultu
884 4033 1193 4088 meretricis
1222 4035 1276 4089 in
1305 4037 1490 4105 hujus,

177 4111 310 4174 Quae
328 4129 431 4182 pro
459 4116 694 4171 terrenis
721 4119 930 4174 studuit
954 4137 1014 4175 se
1047 4137 1243 4177 ornare
1265 4125 1528 4196 superbe,

173 4198 409 4253 Summa
434 4216 532 4270 pro
554 4202 720 4257 rebus
748 4221 878 4260 cura
905 4208 1170 4265 decorare
1201 4214 1444 4269 caducis.

173 4295 268 4344 Ast
301 4292 399 4363 qui
433 4295 694 4364 pr0posui
715 4312 871 4352 sacro
890 4298 988 4352 tibi
1014 4300 1137 4370 jure
1173 4302 1410 4371 placere,

175 4382 393 4440 Invicto
413 4385 652 4441 Domino
684 4387 884 4443 decora
916 4390 1147 4460 implere
1171 4393 1377 4464 quievi,

171 4475 360 4539 Quare
388 4492 478 4531 me
510 4477 564 4530 in
597 4479 756 4534 terris
785 4488 963 4547 tueor,
990 4483 1240 4556 caeloque
1272 4487 1519 4542 relictum

170 4565 337 4618 Cultu
372 4565 622 4637 inopem,
653 4585 871 4624 servare
900 4571 998 4626 tibi
1029 4574 1122 4644 qui
1155 4584 1279 4630 vota
1311 4576 1534 4652 refugi?

173 4656 306 4710 Haec
337 4673 463 4728 qua:
485 4661 738 4728 promisit
762 4664 1086 4719 mortalibus
1114 4665 1257 4722 ultro
1285 4670 1568 4738 rependit:

169 4745 340 4798 Nulla
379 4746 520 4800 meis
551 4748 720 4820 igitur
748 4751 885 4805 mihi
905 4751 1018 4820 jam
1049 4755 1407 4825 spesactihus
1433 4757 1624 4812 hieret.

171 4836 252 4887 Ad
286 4851 565 4906 suspensa
590 4844 697 4894 tua;
729 4841 947 4912 pietatis
973 4843 1029 4897 in
1052 4846 1225 4900 arduo
1261 4863 1418 4902 mens
1438 4855 1540 4915 est,

173 4928 461 4982 Immense
490 4929 652 4985 Pater
679 4931 844 5000 alme,
878 4935 1013 4988 mihi
1047 4942 1138 4991 tua
1170 4935 1343 4993 ﬁdere
1383 4940 1554 4994 multa

176 5015 282 5070 Dat
307 5017 552 5085 bonitas,
593 5020 831 5076 animam
864 5022 1034 5078 facias
1060 5042 1225 5096 quam
1258 5044 1486 5084 munere
1512 5032 1735 5088 salvam.
1783 5053 1808 5084 »

251 5105 408 5160 Talia
449 5109 544 5179 qui
571 5111 710 5167 tristi
741 5113 921 5169 donec
949 5131 1186 5172 maerore
1216 5119 1424 5174 volutat

178 5198 548 5268 Pracipitans
587 5203 758 5272 nigris
788 5215 960 5260 terras
991 5223 1099 5263 nox
1129 5211 1374 5284 contegit
1403 5211 1526 5279 alis,

175 5293 394 5345 Ductus
417 5291 560 5348 fessa
589 5310 756 5366 scpor
785 5299 1068 5354 recreabat
1093 5301 1343 5356 membra
1362 5303 1580 5368 labore;

175 5379 254 5432 En
292 5381 474 5435 maesti
504 5382 769 5439 Dominus
795 5386 988 5442 famuli
1027 5405 1260 5460 memor,
1298 5392 1484 5446 omnia
1515 5395 1706 5464 pandit

176 5472 331 5526 Laeta
361 5473 671 5531 futurorum
703 5479 878 5552 signis
907 5498 1153 5555 praesaga
1184 5484 1455 5540 bonorum

177 5565 322 5617 Nam
347 5565 499 5622 videt
528 5567 585 5622 in
616 5572 828 5626 somnis
851 5589 961 5628 arae
990 5591 1050 5629 se
1081 5577 1338 5632 assistere
1374 5579 1598 5648 praesul,

179 5655 414 5711 Plenam
447 5666 500 5714 et
528 5661 806 5730 spurcitiis
835 5665 1276 5724 circumvolitare
1303 5670 1639 5733 columbam,

1959 475 2195 531 ilorrens
2219 478 2481 548 pedorem
2506 480 2798 536 lutulentis
2825 486 3085 541 sordibus
3106 503 3335 561 aegrum,

1961 568 2308 641 Durabatque
2333 572 2523 626 volans
2560 574 2722 641 circa,
2745 575 2875 630 dum
2905 578 3116 633 miserit
3146 581 3300 637 ordo.

1957 656 2116 712 Extra
2141 660 2423 715 auditores
2455 663 2688 715 necdum
2715 664 3038 735 baptismate
3062 669 3220 737 lotos,

1959 749 2049 803 His
2073 751 2237 804 simul
2271 755 2508 822 egressis
2533 757 2706 826 septis
2739 767 3043 814 secesserat
3071 760 3219 828 ales;

1957 837 2022 891 Ut
2050 855 2202 892 sacra
2229 843 2578 912 complentur
2595 846 2754 910 redit,
2779 853 2834 900 et
2860 847 2995 917 petit
3025 849 3424 921 egredientem.

1960 925 2107 980 lianc
2140 927 2251 982 illle
2277 931 2559 1000 accipiens
2587 933 2749 987 stanti
2785 950 2842 988 se
2875 951 3124 1008 mergere
3155 940 3330 992 cernit

1959 1018 2093 1073 Ante
2139 1018 2288 1074 fores
2316 1023 2504 1092 templi
2550 1025 2720 1092 labro,
2761 1043 2892 1098 quo,
2933 1029 3096 1082 sorde
3125 1030 3290 1100 piata,

1961 1113 2025 1167 Et
2056 1114 2146 1168 nix
2174 1115 2298 1170 alba
2335 1118 2506 1188 velut,
2527 1120 2726 1175 caalum
2760 1123 3082 1178 conscendit
3121 1124 3176 1178 in
3205 1126 3395 1192 altum,

1958 1209 2084 1263 Tam
2115 1210 2261 1266 celse
2287 1221 2580 1285 penetrans
2615 1216 2776 1281 hujus
2797 1217 2925 1272 dum
2958 1219 3169 1274 visibus
3197 1222 3360 1278 absit.

1961 1299 2076 1361 Quo
2108 1301 2364 1372 stupidus
2393 1303 2620 1359 horrore
2650 1321 2841 1373 senex,
2871 1307 3000 1362 dum
3034 1309 3180 1364 clara
3208 1326 3433 1366 serenas

1959 1385 2068 1440 Lux
2092 1389 2264 1444 rutilae
2286 1399 2458 1446 terras
2496 1392 2731 1448 illustrat
2763 1395 2972 1450 honore
3004 1397 3212 1463 nitelas,

1957 1475 2069 1539 Qua
2108 1477 2439 1534 celebranda
2463 1480 2554 1535 die
2586 1483 2783 1537 renitet
2809 1485 3078 1540 surrectio
3110 1485 3303 1542 Christi
3329 1506 3342 1551 ;

1903 1551 1910 1560 ⁸
1955 1563 2136 1643 Pergit
2165 1569 2217 1623 in
2241 1571 2556 1639 eeclesiam,
2583 1574 2868 1630 missarum
2911 1592 3066 1631 sacra
3095 1579 3368 1636 coluntur.

1905 1707 1924 1737 ›
1958 1659 2081 1714 Post
2101 1677 2254 1716 sacra
2276 1662 2421 1718 dicta
2449 1664 2635 1732 simul,
2662 1666 2890 1722 Nonnus
2917 1684 3176 1724 sermone
3202 1682 3424 1746 rogatur

1904 1737 1926 1768 ²
1949 1752 2124 1808 Solari
2157 1766 2349 1811 sancto
2378 1760 2644 1829 populum
2674 1778 2687 1814 :
2720 1761 2912 1832 incipit
2942 1763 3035 1819 ille
3065 1737 3305 1836 superna

1949 1843 2060 1898 Nec
2080 1851 2299 1902 terrena
2321 1864 2544 1914 sonans,
2577 1867 2680 1906 nec
2701 1853 2936 1908 rhetoris
2963 1864 3077 1910 arte
3108 1857 3279 1928 polita

1947 1933 2269 1991 Declamans
2322 1939 2444 1993 εαξιὶ
2479 1939 2614 2012 quin
2647 1940 2770 1997 luce
2802 1943 3036 1998 nitentia
3064 1962 3350 2015 promens;

1946 2024 2061 2080 Non
2092 2035 2321 2084 ventosa
2345 2029 2536 2097 hasns,
2566 2041 2754 2089 sancto
2781 2035 2879 2089 sed
2901 2035 3146 2092 Flamine
3176 2040 3393 2109 plenus,

1943 2114 2194 2172 Errantes
2225 2135 2506 2186 rcvooans,
2532 2121 2638 2177 iter
2666 2125 2732 2178 ad
2765 2126 3010 2182 coelestia
3041 2129 3308 2199 pandens,

1941 2202 2206 2259 Indicium
2241 2211 2599 2264 memorando
2619 2211 2942 2285 benignum,
2970 2231 3180 2288 Speque
3213 2217 3451 2290 benigna

1938 2297 2210 2354 Labentes
2235 2302 2481 2358 solidans
2511 2306 2723 2360 animas
2746 2307 2958 2364 fervore
2988 2327 3248 2380 superno,

1939 2394 2100 2463 Cujus
2133 2395 2216 2449 his
2245 2399 2468 2452 monitis
2497 2400 2840 2470 pulsantibus
2861 2405 3056 2460 intima
3075 2407 3296 2472 mentis,

1936 2484 2106 2540 Corda
2138 2497 2520 2558 capessentum
2553 2493 2632 2548 sic
2655 2501 2781 2549 sunt
2800 2504 3130 2567 compuncta
3147 2498 3411 2564 virorum,

1932 2579 2104 2653 Terga
2137 2580 2432 2650 pavimenti
2465 2590 2523 2638 ut
2555 2586 2809 2657 lacrymm
2845 2589 3047 2657 pietate
3081 2591 3346 2664 rigarent.

1930 2667 2151 2722 Astabat
2182 2672 2439 2726 meretrix
2473 2681 2605 2728 nutu
2640 2677 2864 2746 praefata
2889 2680 3148 2734 Tonantis

1929 2757 2096 2812 Ducta
2119 2761 2308 2826 sacris,
2343 2762 2442 2816 etsi
2475 2766 2880 2834 catechumina,
2908 2768 3063 2836 juxta
3092 2785 3192 2826 nec
3221 2787 3466 2842 unquam

1927 2848 2041 2905 Huc
2061 2859 2217 2907 sueta
2241 2856 2570 2926 apprOpiare
2595 2860 2744 2929 gravi
2770 2860 2873 2913 sub
2895 2862 3039 2916 mole
3059 2847 3296 2933 sepulta,

1924 2942 2158 2998 Duxerat
2182 2945 2324 3001 hanc
2354 2948 2610 3019 equidem
2645 2950 2890 3008 clemens
2906 2954 3183 3010 miseratio
3215 2955 3438 3021 Christi,

1922 3031 2000 3085 Ad
2034 3049 2280 3105 praesepe
2310 3052 2468 3091 suum
2503 3039 2726 3094 mundis
2756 3042 3110 3110 animalibus,
3144 3045 3198 3099 in
3222 3061 3331 3117 quo

1923 3127 2124 3184 Caelica
2147 3147 2244 3199 per
2272 3131 2440 3188 fidum
2473 3135 2758 3204 praebebat
2782 3137 2986 3208 pabula
3013 3155 3256 3195 servum.

1923 3217 2094 3274 Corda
2124 3221 2290 3277 timor
2317 3223 2510 3278 Christi
2533 3224 2646 3292 jam
2678 3227 2922 3283 concutit
2942 3235 3060 3283 atra
3082 3231 3319 3300 puellae;

1875 3351 1878 3354 .
1919 3309 2201 3366 Terrorem
2225 3315 2440 3370 Domini
2471 3315 2657 3372 famuli
2691 3318 2820 3372 dum
2854 3320 3088 3391 percipit
3109 3337 3222 3383 ore,

1919 3394 2053 3451 Miro
2085 3397 2232 3473 larga
2262 3403 2426 3458 modo
2460 3404 2700 3460 ﬂuerent
2727 3413 2784 3461 ut
2814 3406 3044 3464 ﬂumina
3075 3411 3258 3465 cordis

1917 3489 2094 3543 Attriti
2124 3492 2192 3546 de
2222 3492 2392 3559 fonte,
2418 3506 2572 3551 metu
2605 3500 2882 3554 manantia
2908 3500 3094 3571 Regis,

1919 3578 2081 3648 Cujus
2109 3584 2178 3637 ab
2227 3601 2321 3641 ore
2352 3587 2504 3642 senis
2548 3597 2654 3644 tam
2685 3599 2903 3662 sceptra
2943 3593 3192 3663 pavenda
3229 3595 3539 3657 resultant;

1912 3669 2112 3742 Sicquo
2145 3676 2238 3730 Dei
2268 3677 2391 3732 vivo
2421 3679 2644 3735 rediens
2667 3698 2925 3737 sermone
2951 3682 3154 3749 cibata,

1913 3765 2168 3833 Praecipit
2199 3778 2260 3820 ut
2290 3777 2550 3824 maneant
2576 3772 2783 3844 gemini
2807 3772 3140 3844 videamque
3160 3774 3397 3828 clientes

1912 3859 2219 3930 Hospitium
2253 3870 2361 3914 tam
2384 3861 2711 3932 praecellens
2741 3864 2836 3918 ubi
2865 3872 3054 3934 pastor
3076 3864 3319 3918 haberet.

1909 3948 2082 4012 Stant,
2124 3957 2405 4003 sectantur
2451 3966 2574 4004 cum
2607 3951 2769 4016 servi,
2820 3961 3190 4023 cernuntque,
3242 3951 3537 4023 feruntque

1912 4036 1968 4090 ld
2001 4035 2262 4104 dominae,
2291 4037 2483 4092 scribit
2505 4040 2704 4094 ceratis
2733 4042 2824 4095 illa
2855 4040 3105 4095 tabellis:

1913 4153 1937 4183 «
1982 4132 2106 4187 Haec
2135 4142 2323 4188 sancto
2355 4135 2568 4202 Nonno,
2612 4135 2808 4190 Christi
2837 4136 2930 4207 qui
2959 4135 3162 4208 dignus
3190 4135 3450 4190 alumnus

1906 4227 2088 4286 Pellex
2121 4227 2358 4303 Pelagia.
2391 4228 2569 4282 zabuli
2595 4244 2718 4300 quae
2746 4229 2922 4299 turpis
2944 4228 3204 4290 alumna;

1905 4328 2104 4382 Auditu
2133 4327 2301 4382 didici
2325 4326 2639 4391 Dominum,
2667 4341 2830 4396 quem
2861 4333 2918 4379 tu
2947 4325 3105 4388 colis,
3130 4324 3264 4378 olim

1835 4445 1884 4507 υ
1909 4417 2204 4470 lnclinasse
2232 4416 2411 4487 polos,
2445 4414 2709 4469 humilem
2741 4421 2956 4468 terrena
2984 4413 3213 4507 petisse,

1908 4508 2059 4562 Haud
2093 4507 2302 4563 meritis
2326 4509 2622 4576 justorum,
2656 4515 2710 4561 at
2749 4506 3135 4577 peccatoribus
3161 4506 3320 4559 alma

1908 4596 2008 4661 Qui
2033 4603 2357 4650 sanarentur
2385 4596 2538 4649 daret
2556 4595 2996 4649 utmedicamina
3025 4595 3175 4656 vitae,

1910 4683 1979 4738 Se
2010 4692 2235 4739 sanctus
2268 4683 2488 4737 famulis
2517 4683 2746 4738 sociavit
2778 4682 3102 4756 ﬂagitiosis;

1911 4779 2080 4844 Quem
2130 4780 2408 4852 trepidant
2467 4778 2756 4834 cherubim
2811 4779 3202 4850 seraphimque
3249 4778 3533 4833 attendere

2493 4920 2495 4923 ,
3264 4871 3456 4941 [vultu,

1912 4967 2123 5040 Degere
2154 4965 2410 5041 dignatus
2439 4983 2561 5022 cum
2591 4965 2998 5038 peccatoribus,
3030 4972 3090 5019 ut
3129 4971 3209 5031 tu,

1915 5057 2110 5114 Sancte
2134 5057 2308 5124 Pater,
2342 5057 2526 5132 dignis
2555 5058 2720 5112 etiam
2747 5055 3097 5112 sermonibus
3120 5054 3319 5121 effers;

1917 5146 2086 5214 Hujus
2107 5147 2153 5200 si
2182 5163 2309 5201 vere
2337 5147 2687 5219 cognosceris
2716 5163 2840 5202 esse
2870 5144 3115 5218 magistri

1915 5237 2254 5308 Discipulus,
2282 5255 2351 5294 ne
2381 5240 2674 5310 despicias,
2706 5238 2802 5294 sed
2831 5238 3050 5308 suscipe
3073 5250 3285 5291 servam

1915 5331 2200 5402 Perpetua;
2232 5349 2432 5387 munus
2461 5333 2723 5402 cupidam
2753 5331 2999 5402 reperire
3021 5327 3234 5384 salutis.
3283 5353 3306 5375 ο

1916 5419 2148 5475 Sanctus
2174 5423 2243 5476 ad
2274 5424 2374 5477 ista
2397 5440 2566 5478 senex
2596 5423 2911 5478 rescribens
2940 5419 3070 5474 talia
3086 5415 3283 5472 mittit:

1919 5533 1944 5554 α
1987 5509 2357 5583 Quaecumque
2384 5530 2463 5580 es,
2485 5513 2717 5568 Domino
2734 5519 2922 5565 nostro
2944 5505 3236 5562 manifesta
3267 5507 3532 5578 probaris,

1917 5598 2030 5656 Hoc
2059 5609 2273 5657 tantum
2308 5605 2581 5659 admoneo
2616 5621 2685 5658 ne
2719 5608 2943 5673 pectora
2971 5597 3126 5652 mitia
3165 5604 3342 5652 tentes

1918 5689 2229 5760 Squalentis
2251 5702 2476 5764 peccata
2498 5693 2741 5748 hominis
2763 5693 2988 5747 horrore
3018 5687 3213 5758 patrati
3235 5706 3251 5744 ,-
