3962 6140
525 210 623 264 591

524 333 619 388 Sin
651 339 832 388 autem
873 345 1057 384 veram
1089 329 1246 400 cupis
1276 329 1571 400 impetrare
1597 327 1852 394 salutem,

525 426 716 496 Illeque
744 424 932 478 vadere
963 422 1126 492 potis,
1167 421 1333 477 sociis
1353 420 1712 491 speculabere
1743 418 1958 484 fultum,

525 517 654 571 Nam
677 529 956 583 nunquam
990 512 1166 566 solum
1193 511 1383 582 capies
1410 526 1494 564 me
1525 510 1642 565 sola
1660 509 1866 564 videre.
1912 527 1938 560 ι

525 609 650 673 Quae
678 623 803 661 mox
829 606 943 659 visa
970 605 1123 678 legit,
1157 619 1461 675 properans
1490 601 1690 657 festina
1716 600 1978 666 cucurrit,

529 699 868 752 Praemittens
901 696 1184 750 famulum.
1219 694 1456 750 Comites
1497 694 1655 748 Pater
1683 693 1915 748 advocat
1941 691 2134 755 almos,

526 787 942 858 Sollicitamque
963 786 1134 840 sacris
1165 785 1451 853 juvenem,
1479 783 1582 838 sub
1613 783 1847 838 testibus
1877 782 2030 853 ipsis,

1302 202 1669 259 FLODOARDI
1713 199 2014 256 CANONICI
2055 197 2382 254 REMENSIS
2423 169 2721 254 OPUCULA
2760 200 3071 256 METRICA.

2159 331 2213 398 Α
2245 326 2310 380 At
2337 325 2566 382 Nonnus
2592 326 2856 384 Iacobum
2879 327 3120 384 Levitam
3145 331 3304 387 mittit
3329 334 3391 388 ad
3406 335 3541 391 urbis

2245 417 2585 486 Pontificem,
2625 427 2832 476 reserat
2858 436 2968 492 quo
2998 429 3192 478 cuncta
3218 439 3282 478 ex
3307 427 3481 482 ordine
3499 437 3629 504 gesta

2240 510 2332 566 Ille
2361 512 2471 566 Deo
2501 518 2682 584 grates
2709 512 2968 579 reddens,
2994 515 3454 588 congaudetovilis

2238 602 2495 657 Crescere
2527 603 2679 658 lucra
2707 603 2790 658 sui
2821 603 3114 678 Nonnique
3140 607 3328 662 attollit
3355 609 3608 674 honorem.

2239 693 2471 766 Moxque
2501 711 2709 750 sacram
2742 702 2971 752 matrem
3010 697 3300 754 Romanam
3344 716 3548 774 pergere
3586 707 3755 760 mandat

2239 785 2409 840 Mater
2437 792 2496 841 ut
2525 803 2648 842 esse
2679 803 2834 844 novae
2863 797 3122 860 preperet
3150 790 3454 862 baptismate
3473 795 3632 864 prolis.

523 879 762 934 Tandem
795 879 1000 933 intrare
1037 877 1233 946 jubet;
1269 884 1563 947 penetrans
1592 875 1978 948 prosternitur,
2030 875 2140 929 imo
2242 874 2553 930 Adveniens
2582 876 2655 930 ita
2679 876 2953 948 Pelagiam
2998 878 3237 934 Romana
3257 879 3507 948 jacentem

529 973 701 1026 Prona
733 971 872 1037 solo,
897 971 1232 1040 planctuque
1261 968 1486 1023 domum
1513 968 1763 1039 replebat
1789 984 1996 1023 amaro.

529 1063 812 1118 Insolitum
844 1061 1009 1131 capiti
1038 1061 1289 1116 velamen
1318 1060 1560 1132 pulveris
1588 1060 1823 1126 addens,

527 1156 917 1228 Pontificisque
944 1155 1117 1227 pedes
1144 1155 1504 1226 lacrymarum
1527 1154 1758 1209 flumine
1782 1154 2002 1226 tingens

529 1247 704 1316 Atque
724 1244 916 1300 lavans
944 1243 1096 1308 fletu,
1129 1242 1381 1318 tergebat
1409 1243 1561 1298 crine
1591 1242 1792 1306 soluto,

530 1334 752 1389 Actibus
771 1334 858 1388 his
889 1335 1107 1388 imitans
1129 1334 1324 1389 humili
1352 1334 1555 1405 pietate
1577 1333 1820 1396 Mariam,

528 1425 619 1479 Cui
649 1425 774 1496 quia
806 1424 995 1479 dilexit
1014 1425 1244 1480 multum
1269 1424 1396 1480 data
1427 1426 1606 1481 multo
1638 1425 1960 1497 probantur.

531 1519 653 1574 Haec
675 1519 802 1591 quia
835 1533 945 1574 non
975 1527 1192 1591 poterat
1222 1519 1438 1574 Domini
1469 1521 1720 1594 vestigia,
1743 1520 1896 1594 digni

529 1607 909 1678 Complectens
933 1607 1123 1662 famuli
1158 1608 1426 1680 obsequio
1455 1618 1750 1664 veneratur
1778 1609 1964 1676 herili,

527 1699 780 1755 Clamans
809 1707 864 1755 et
885 1699 1108 1755 dicens:
1158 1723 1177 1751 ι
1223 1701 1436 1764 Senior,
1468 1702 1731 1756 miserere
1755 1701 1948 1772 piaclis

527 1793 599 1846 Ac
627 1792 843 1846 Domini
871 1800 1082 1846 sectare
1108 1791 1185 1846 tui
1210 1791 1302 1862 pia
1332 1792 1591 1866 dogmata
1621 1792 1840 1857 Christi,

528 1885 607 1939 Me
635 1883 1095 1955 supereﬂ‘undens
1115 1885 1338 1956 pietatis
1357 1887 1567 1942 viscera
1591 1895 1816 1953 sanctae,

528 1976 855 2048 Participem
889 1983 1092 2031 memet
1121 1975 1330 2032 faciens
1367 1993 1494 2034 mox
1525 1979 1764 2034 nominis
1795 1977 1906 2033 alti.

527 2066 735 2136 Nempe
765 2081 868 2140 ego
898 2065 1118 2140 Pelagia
1149 2067 1382 2139 pelagus
1419 2083 1538 2121 sum
1571 2068 1743 2138 pestis
1771 2067 1978 2137 iniquae

528 2157 806 2211 Fluctibus
853 2156 1110 2210 obscenis
1154 2157 1424 2212 scelerum
1481 2159 1793 2228 petulanter
1844 2158 2146 2221 inundans;

527 2244 770 2316 Sumque
817 2244 1018 2298 anima;
1059 2244 1311 2315 laqueus,
1360 2261 1482 2300 sum
1531 2246 1860 2316 perditionis
1889 2245 2149 2316 abyssus:

528 2339 773 2394 Luxuriae
813 2339 1010 2394 faculis
1037 2339 1282 2410 lethique
1308 2341 1572 2415 voragine
1603 2341 1806 2397 multos

526 2426 746 2496 Decepi,
777 2425 1012 2498 decepta
1051 2427 1236 2498 prius;
1273 2429 1440 2483 nimis
1469 2430 1666 2485 horreo
1705 2437 1893 2505 gesta;

527 2513 787 2569 Exsecror
814 2513 1073 2569 infectam
1097 2523 1305 2570 memet
1333 2523 1446 2571 tam
1477 2517 1734 2572 sordibus
1766 2519 1918 2585 atris,

527 2606 801 2676 Deprecor
828 2606 974 2661 unde
1009 2607 1102 2679 pio
1132 2605 1390 2678 baptismi
1422 2607 1576 2664 fonte
1610 2610 1808 2665 lavacri
1841 2610 1894 2682 [f
1937 2611 2146 2683 lavari],

529 2697 594 2751 Ut
625 2707 980 2768 peccatorum
1016 2707 1244 2770 pereant
1267 2699 1342 2754 ibi
1373 2699 1516 2756 facta
1547 2716 1814 2764 meorum,

535 2791 707 2860 Atque
731 2805 868 2844 meae
907 2791 1102 2845 sordes
1133 2791 1330 2846 anima;
1362 2800 1669 2867 purgentur
1691 2793 1918 2849 abacta}.

534 2880 821 2952 Credoque
848 2882 1120 2952 baptismo
1151 2884 1304 2953 quod
1333 2885 1716 2940 sanctificante
1748 2894 1934 2941 renata

528 2972 604 3026 De
633 2971 889 3026 manibus
915 2971 1123 3046 fugiam
1149 2973 1242 3044 qui
1273 2990 1363 3029 me
1395 2975 1619 3032 seduxit
1648 2976 1847 3048 iniqui.
1901 3001 1921 3022 ο

530 3063 822 3120 Pontifices
853 3064 1097 3136 clerique
1125 3082 1322 3122 omnes
1349 3075 1615 3139 stupuere
1641 3070 1893 3125 videntes

526 3157 626 3212 Tot
664 3158 931 3229 lacrymas
960 3167 1278 3232 tantamque
1310 3161 1499 3224 ﬁdem.
1533 3165 1846 3220 meretricis
1874 3173 1928 3220 et
1955 3166 2076 3234 ejus

527 3253 679 3318 Quod
701 3254 812 3322 jam
840 3263 1096 3310 cernatur
1119 3257 1303 3313 subito
1330 3259 1562 3314 mutatio
1593 3260 1746 3324 talis;

529 3345 785 3401 Mirantes
807 3346 967 3402 reflui
993 3354 1101 3402 tam
1143 3349 1292 3425 larga
1319 3351 1598 3406 volumina
1628 3351 1810 3418 ﬂetus,

531 3437 586 3490 In
611 3452 887 3509 quoquam
909 3439 1096 3494 nullus
1123 3457 1287 3512 quam
1313 3458 1378 3515 _se
1408 3443 1610 3498 vidisse
1641 3443 1873 3500 ferebat.

528 3524 738 3598 Vixque
764 3527 882 3583 solo
909 3529 1104 3584 suadet
1133 3530 1290 3585 lmtus
1318 3531 1460 3586 hanc
1489 3547 1718 3604 surgere
1747 3535 1966 3604 praesul.

526 3618 657 3675 Tum
682 3629 873 3678 cautus
894 3639 1164 3679 canonem
1187 3641 1355 3696 super
1375 3625 1462 3680 his
1489 3627 1751 3682 mandare
1779 3633 2052 3696 retractat,

528 3713 645 3768 Non
667 3714 874 3770 debere
899 3717 1244 3772 meretricem
1278 3717 1608 3789 baptismate
1629 3720 1823 3796 mergi,

529 3802 588 3856 Ni
622 3805 851 3860 vadibus
881 3805 1006 3860 latis
1027 3805 1154 3861 fidei
1186 3808 1492 3862 munimina
1523 3807 1704 3864 firmet

531 3893 974 3950 Actibusinvolvi
1001 3912 1284 3967 nunquam
1313 3912 1372 3951 se
1392 3897 1576 3952 denuo
1605 3898 1806 3967 pravis.

527 3980 762 4035 Auribus
791 3983 978 4037 invitis
1016 3999 1283 4055 responsa
1323 3985 1592 4038 morantia
1625 3993 1854 4056 captans

531 4071 642 4127 Illa.
666 4073 976 4145 iterumque
999 4091 1166 4129 ruens
1190 4075 1684 4144 corpusjaculatur
1705 4078 2048 4150 humumque

532 4162 906 4219 Percutithaec
927 4164 1077 4219 luctu
1109 4165 1272 4219 misto
1302 4165 1622 4238 gemituque
1653 4165 1950 4236 profundo.

537 4274 560 4303 α
597 4253 673 4308 Tu
705 4269 804 4324 pro
834 4270 921 4308 me
952 4255 1183 4310 Domino
1214 4256 1482 4311 rationem
1506 4257 1739 4312 reddere
1761 4274 1977 4314 summo

529 4345 771 4419 Cogaris,
805 4347 944 4400 mala
963 4356 1149 4401 nostra
1179 4348 1276 4401 tibi
1301 4355 1624 4419 reputentur
1653 4349 1723 4404 ab
1750 4349 1893 4421 ipso,

529 4433 585 4487 Si
615 4450 702 4488 me
734 4433 1017 4489 distuleris
1045 4435 1374 4507 baptismate
1405 4437 1619 4510 tingere
1643 4437 1793 4494 fonte
1818 4457 1832 4505 ;

530 4530 660 4584 Nam
686 4546 881 4586 vereor
907 4547 977 4585 ne
1000 4530 1160 4597 forte,
1191 4549 1374 4588 moras
1393 4534 1524 4589 dum
1563 4535 1812 4610 segniter
1841 4535 2027 4603 aﬂ'ers,

530 4619 707 4675 Hostis
735 4638 823 4676 me
853 4621 986 4675 diris
1022 4630 1232 4694 repetat
1268 4623 1528 4695 laqueare
1551 4626 1788 4692 catenis,

527 4714 824 4770 Maturante
846 4715 973 4787 fuga
1000 4734 1137 4789 quas
1171 4718 1290 4789 ipsa
1313 4719 1546 4774 evadere
1568 4735 1748 4775 curro.

528 4805 703 4862 Nosco
732 4808 956 4878 quidem
998 4809 1229 4880 laqueos
1259 4809 1425 4864 vafrze
1459 4810 1790 4883 fraudesque
1822 4813 2050 4884 rapinae,

529 4897 664 4950 Dum
681 4913 765 4951 me
797 4898 1158 4968 muscipulam
1180 4906 1394 4954 constat
1419 4916 1519 4970 per
1547 4901 1753 4971 probra
1776 4901 1946 4958 fuisse

531 4989 793 5056 lncautis;
825 4989 906 5043 sic
937 4989 1188 5044 invenias
1206 5007 1376 5062 super
1403 4993 1614 5048 aethera
1643 5000 1851 5065 partem

527 5081 659 5138 Cum
693 5083 917 5148 sanctis,
954 5091 1192 5139 nostram
1215 5083 1358 5140 nolis
1387 5084 1608 5142 differre
1638 5089 1896 5156 salutem,

525 5175 601 5230 Ne
632 5177 874 5232 crudelis
898 5194 1034 5249 aper
1053 5193 1198 5232 saevo
1230 5193 1317 5232 me
1336 5178 1502 5233 dente
1532 5179 1782 5246 revellat,

523 5266 596 5320 Ac
613 5267 791 5337 Spatio
811 5266 984 5322 fretus
1021 5266 1194 5321 foveis
1209 5267 1460 5322 devolvat
1480 5267 1536 5322 in
1567 5269 1716 5322 atris.

527 5357 677 5413 Unde
701 5374 912 5428 precor,
939 5358 1110 5414 sacris
1131 5359 1296 5414 hodie
1327 5376 1416 5413 me
1445 5359 1597 5414 dilue
1621 5361 1859 5431 lymphis

519 5447 695 5519 Atque
727 5449 838 5503 Deo
861 5463 958 5518 pro
988 5447 1207 5518 templis
1235 5447 1325 5518 pia
1351 5447 1496 5503 dona
1526 5449 1788 5520 repende.
1829 5467 1864 5502 ι

522 5535 614 5589 His
639 5536 820 5590 cuncti
847 5537 1048 5590 auditis
1078 5536 1319 5591 referunt
1353 5539 1627 5607 praeconia
1658 5538 1875 5594 Christo

521 5625 691 5682 Mirati
719 5637 958 5684 scortum
982 5637 1131 5684 tanta
1155 5629 1382 5705 flagrare
1413 5630 1607 5686 salute.

2244 964 2455 1019 Invenit
2483 972 2609 1020 ante
2641 966 2813 1037 pedes
2843 968 3202 1038 lacrymarum
3233 969 3284 1022 in
3317 968 3523 1025 flumine
3543 970 3704 1026 Nonni.

2243 1057 2427 1130 Surgit
2463 1058 2615 1115 vultu
2650 1059 2887 1114 humens
2915 1067 2969 1115 et
2998 1061 3224 1116 crimina
3247 1062 3394 1130 jussa
3419 1063 3576 1130 fateri,

2244 1146 2367 1202 Haec
2397 1163 2628 1204 numero
2666 1164 2930 1220 superare
2958 1149 3126 1206 maris
3153 1151 3392 1223 deplorat
3410 1167 3597 1216 arenas,

2243 1238 2495 1294 Pondere
2512 1240 2842 1296 continuans
2869 1240 3008 1312 ipsis
3034 1242 3283 1314 graviora
3317 1243 3525 1310 sedere;

2244 1332 2436 1386 Fiderc
2460 1349 2519 1388 se
2553 1340 2736 1390 tamen
2756 1335 2876 1390 haec
2904 1335 3120 1392 Domini
3155 1336 3348 1408 pietate
3375 1337 3574 1403 remitti,

2247 1425 2690 1499 Cunctorumque
2718 1428 2836 1484 dari
2857 1430 3072 1484 veniam
3095 1429 3202 1486 sibi
3241 1429 3566 1504 ﬂagitiorum,

2247 1518 2497 1575 Pontiﬁci
2527 1535 2735 1576 nomen
2767 1522 3066 1596 purganda
3103 1522 3207 1577 rite
3233 1522 3432 1598 roganti

2245 1607 2520 1679 Pelagium
2552 1610 2856 1682 pr0prium,
2884 1611 3339 1686 Margaritamque
3358 1611 3520 1667 vocari

2249 1695 2468 1752 Urbano
2495 1712 2554 1752 se
2584 1712 2736 1752 more
2769 1705 2941 1761 notat,
2972 1699 3295 1755 redimicula
3321 1707 3526 1772 propter

2249 1789 2442 1844 Eximii
2468 1791 2668 1858 cultus,
2700 1793 2914 1846 animas
2945 1793 3070 1865 quis
3095 1793 3279 1848 vincta
3307 1793 3550 1849 trahebat.

2245 1882 2395 1937 Tunc
2408 1883 2728 1938 exorcizans
2753 1884 2944 1941 senior
2969 1885 3039 1940 de
3060 1899 3218 1941 more
3242 1887 3486 1957 puellam,

2249 1971 2482 2027 Nomine
2513 1973 2728 2047 signato
2759 1974 2921 2048 tingit
2950 1974 3283 2046 baptismate
3311 1991 3475 2041 sacro,

2252 2064 2579 2135 Participem
2601 2063 2810 2120 faciens
2839 2066 3042 2122 divinas
3067 2068 3317 2123 muneris
3331 2083 3451 2131 arte.

2253 2152 2423 2216 Quam
2456 2153 2699 2209 Romana
2731 2156 2919 2210 levans
2957 2171 3112 2212 sacro
3135 2157 3211 2212 de
3240 2157 3445 2232 gurgite
3467 2155 3622 2220 sumit,

2255 2243 2350 2299 Hic
2371 2247 2598 2316 praesul:
2643 2269 2669 2294 α
2715 2247 3002 2316 laetemur,
3042 2250 3137 2315 ait,
3167 2266 3290 2304 cum
3321 2249 3516 2304 civibus
3538 2247 3651 2302 aulae

2169 1658 2217 1726 B

2252 2334 2517 2402 fimlestis,
2546 2336 2786 2408 vinoque
2819 2337 3021 2392 hilares
3049 2338 3291 2411 oleoque
3314 2337 3539 2394 fruamur

2251 2422 2418 2491 Hujus
2448 2430 2673 2495 propter
2701 2424 2820 2480 ovis
2848 2425 3186 2481 celebranda
3213 2434 3412 2498 tropaea
3438 2425 3619 2481 salutis.
3650 2442 3674 2473 ι

2247 2515 2363 2570 Jam
2397 2516 2553 2572 Patre
2582 2533 2706 2573 eum
2733 2526 2880 2574 cretu
2919 2519 3199 2574 sociorum
3227 2520 3473 2592 epulante
3496 2518 3650 2580 beato.

2251 2608 2502 2664 Cernitur
2533 2626 2659 2666 esse
2687 2612 2866 2681 palam
2900 2611 3049 2666 nuda
3077 2612 3187 2668 sub
3221 2613 3452 2688 imagine
3479 2612 3672 2675 daemon,

2257 2697 2451 2768 Utpote
2480 2698 2819 2770 depromens
2845 2700 3086 2771 spolium
3115 2701 3228 2756 sibi
3261 2701 3432 2757 nexile
3452 2705 3651 2770 raptum,

2257 2791 2318 2845 Et
2355 2792 2614 2847 manibus
2655 2793 2819 2864 capiti
2860 2794 3078 2849 innexis
3107 2795 3350 2851 clamore
3375 2801 3598 2865 protervo

2261 2878 2504 2934 lnfremit
2525 2881 2813 2937 exululans
2834 2881 2950 2938 sic:
2999 2903 3023 2933 α
3062 2882 3102 2938 0
3132 2883 3393 2939 violentia
3421 2879 3559 2938 facti!

2209 3025 2220 3043 ,
2251 2971 2288 3026 0
2315 2973 2448 3044 quid
2490 2973 2797 3046 perpetior!
2819 2982 3081 3047 quantum
3113 2963 3255 3032 sene
3273 2983 3516 3047 torqueor
3532 2973 3633 3028 ista.

2214 3068 2224 3086 '
2248 3067 2536 3138 Decrepito
2568 3075 2649 3123 ter
2677 3068 2821 3123 dena
2849 3068 2950 3123 tibi
2978 3084 3088 3124 non
3113 3069 3460 3126 sufficiebant

2248 3159 2672 3215 Sarracenorum
2726 3160 2997 3217 violenter
3021 3161 3202 3216 millia
3219 3167 3392 3232 capta.

2249 3251 2394 3316 Quos
2419 3253 2554 3307 mihi
2577 3253 2902 3326 subripiens
2935 3255 3174 3310 dederas
3206 3253 3522 3324 baptismate
3541 3245 3728 3303 Christo:

2249 3339 2367 3394 Non
2403 3347 2500 3401 tibi
2547 3343 2846 3415 HeliOpolis
2865 3360 3007 3409 mea,
3033 3358 3146 3400 non
3167 3343 3302 3398 satis
3331 3345 3505 3416 egerat
3527 3336 3652 3395 olim.

2251 3436 2418 3506 Cujus
2446 3452 2535 3491 me
2565 3433 2773 3488 celebri
2803 3439 3138 3488 venerantes
3169 3432 3410 3488 culmine
3439 3428 3573 3483 cives

2251 3525 2484 3580 Sacrasti
2517 3523 2790 3588 Domino;
2815 3537 2926 3577 non
2963 3528 3044 3577 tot
3069 3529 3245 3592 raptae
3273 3520 3373 3575 tibi
3392 3523 3565 3592 gentes

2251 3613 2563 3679 Sufficiunt,
2598 3611 2793 3667 Christi
2819 3628 2917 3683 per
2948 3618 3000 3666 te
3033 3626 3159 3682 quae
3189 3617 3410 3682 sceptra
3435 3611 3683 3663 verentur:

2250 3705 2350 3760 Tot
2381 3703 2481 3759 tibi
2509 3711 2615 3758 tam
2651 3718 2864 3776 magna:
2893 3717 3003 3758 non
3045 3699 3322 3758 suffecere
3361 3697 3572 3769 rapinae,

2252 3798 2483 3867 Insuper
2510 3794 2756 3850 aufertur
2774 3810 2906 3866 spes
2929 3793 3167 3848 maxima
3201 3791 3407 3848 fenoris
3431 3787 3596 3859 ampli.

2250 3890 2288 3945 Ο
2319 3889 2557 3945 violenta
2578 3904 2748 3943 ruens
2778 3887 3000 3958 raptrix,
3033 3901 3068 3942 ο
3100 3902 3273 3958 prava
3302 3879 3566 3957 senectus!

2250 3989 2582 4056 Argumenta
2611 3981 2723 4036 doli
2750 3981 2864 4049 jam
2896 3995 3006 4036 non
3039 3979 3182 4036 ultra
3218 3979 3336 4036 fero
3365 3977 3505 4034 saevi.

2252 4075 2365 4129 Heu
2399 4073 2688 4129 maledicta
2709 4073 2848 4139 dies,
2880 4072 3014 4127 mihi
3046 4088 3157 4144 qua
3187 4071 3490 4129 contrarius
3511 4060 3660 4122 ortus!

2248 4167 2494 4239 Namque
2524 4166 2760 4237 impulsa
2805 4165 2999 4220 labans
3029 4165 3296 4232 lacrymis
3347 4170 3404 4218 ut
3431 4157 3625 4215 ﬂamine
3648 4153 3778 4206 nostra

2247 4260 2470 4314 Subruit
2495 4258 2684 4314 evulso
2713 4257 2857 4312 male
2885 4255 3041 4311 firma
3069 4255 3403 4312 domuncula
3430 4250 3598 4307 fundo.
3635 4263 3658 4293 ο

2249 4349 2468 4404 Lividus
2495 4350 2613 4403 haec
2642 4347 2716 4402 ita
2755 4346 3110 4418 prosequitur
3143 4346 3409 4420 plangore
3437 4333 3679 4396 frementia.

2165 4409 2221 4478 θ
2255 4439 2544 4496 Pontifices
2575 4409 2771 4511 reliqui
2803 4409 2994 4494 vocem
3026 4409 3250 4509 c‘aptare
3280 4409 3504 4491 nefandi

2249 4533 2310 4588 Et
2340 4549 2461 4588 cum
2494 4531 2716 4606 Pelagia
2755 4536 2929 4585 mater
2957 4529 3277 4584 veneranda
3297 4523 3567 4598 stupescit.

2251 4624 2449 4678 Versus
2479 4632 2533 4677 et
2563 4623 2630 4677 ad
2654 4630 2863 4694 raptam
2893 4619 3088 4676 Christi
3117 4620 3324 4676 virtute
3350 4616 3599 4689 puellam:

2251 4745 2277 4766 «
2320 4719 2358 4774 0
2385 4719 2517 4790 quid
2551 4718 2821 4790 Pelagiam
2852 4731 2974 4770 mea
2991 4716 3139 4786 quod
3170 4715 3306 4770 mihi
3337 4714 3493 4769 chara
3520 4696 3708 4780 parasti!

2248 4809 2305 4863 Ei
2324 4814 2382 4864 tu
2412 4823 2615 4878 nempe
2655 4821 2836 4860 meum
2861 4804 3056 4860 Judam
3084 4814 3295 4860 sectata
3321 4801 3548 4858 videris:

2249 4900 2346 4956 Ille
2378 4905 2672 4956 coronatus
2700 4913 2901 4973 magno
2932 4903 2986 4952 et
3017 4896 3310 4952 redimitus
3330 4897 3529 4950 honore

2249 4994 2475 5049 Culmen
2499 4991 2864 5064 apostolicum
2894 4990 3166 5046 duodenm
3203 4988 3369 5043 sortis
3404 4986 3612 5054 adeptus

2248 5086 2492 5142 Prodidit
2519 5086 2772 5149 altorem,
2801 5083 2956 5151 cujus
2988 5081 3262 5136 renitebat
3284 5079 3560 5137 alumnus;

2248 5184 2398 5238 Haud
2437 5182 2595 5237 aliter
2626 5196 2747 5235 mea
2773 5195 2897 5235 cum
2937 5177 3126 5243 fueris,
3160 5176 3296 5231 mihi
3329 5173 3514 5230 fraude
3541 5161 3732 5222 fatescit
3764 5175 3779 5196 ·

2245 5271 2394 5330 Tunc
2426 5279 2600 5326 mater
2629 5270 2903 5333 Romana;
2953 5288 2973 5316 ε
3019 5266 3204 5322 Crucis
3233 5273 3306 5324 te.
3341 5261 3473 5327 filia,
3508 5253 3640 5312 muni

2243 5361 2527 5425 Praesidio,
2553 5374 2784 5430 pompas
2805 5371 3100 5431 renegans,
3130 5363 3184 5410 et
3202 5352 3470 5408 daemonis
3488 5347 3596 5402 atri.
3634 5362 3655 5387 ιι

2242 5453 2369 5518 Quae
2422 5453 2637 5526 signum
2689 5457 2748 5505 ut
2786 5449 2966 5505 crucis
3017 5447 3291 5520 expressit
3347 5436 3780 5594 Christuquueio‘

3609 5533 3704 5576 an

3609 5533 3704 5576 ανι

2238 5631 2334 5686 Ille
2366 5630 2470 5686 sub
2498 5628 2676 5685 aerias
2707 5626 2930 5702 fugiens
2952 5626 3175 5682 evanuit
3198 5638 3380 5678 auras.
