3974 6146
231 294 340 352 593

305 423 444 480 Hine
471 425 666 482 iterum
705 429 907 499 pellax,
932 439 1088 489 notas
1115 451 1418 495 conversus
1443 441 1511 496 ad
1541 451 1711 511 artes,

233 515 537 574 Blanditias
564 519 764 594 rigidis
780 522 940 579 lenes
971 528 1274 585 terroribus
1303 532 1489 600 addit;

233 604 495 679 ﬂauoque
566 609 761 666 adiens
810 626 1006 670 somno
1075 617 1306 686 positam
1375 621 1548 692 quatit
1603 623 1860 682 horridus

235 783 462 850 Excitat,
495 793 552 842 et
584 787 813 846 blandas
837 802 993 848 curat
1013 794 1244 852 miscere
1273 798 1523 870 loquelas
1623 712 1785 785 [nam

233 893 254 919 ι
327 873 533 928 Domna
591 877 717 932 mali
760 896 1092 947 memorans,
1150 902 1272 941 mea
1335 888 1618 962 Margarita
1654 933 1668 953 ,
1723 892 1856 966 quid

1519 985 1784 1058 [unquam

225 1056 445 1129 lngessi
483 1058 583 1114 tibi
615 1058 643 1103 9
671 1061 791 1118 Non
831 1063 1019 1122 baccis
1047 1069 1299 1142 carisque
1327 1056 1544 1144 capillis

230 1144 433 1202 Ornavi
467 1147 496 1201 ?
533 1149 651 1208 Non
690 1162 918 1228 argento
948 1164 999 1212 te
1030 1174 1276 1232 auroque
1307 1165 1515 1235 replevi
1543 1165 1571 1219 ?

219 1241 324 1296 Dic
349 1242 405 1296 iu
444 1259 557 1315 quo
589 1245 783 1302 leviter
803 1249 888 1304 vel
919 1254 1243 1311 contristata
1264 1260 1496 1328 putaris,

219 1333 458 1406 Jamque
487 1337 819 1395 satisfaciam
857 1360 1044 1408 ;nunc
1076 1364 1164 1403 me
1193 1365 1262 1404 ne
1293 1351 1489 1408 desere
1512 1361 1745 1423 tantum,

221 1421 303 1475 Ne
331 1439 420 1477 me
441 1422 774 1484 Christicolae
809 1437 1016 1488 tantum
1048 1451 1147 1505 per
1176 1438 1378 1507 probra
1408 1441 1659 1518 fatigent.
1702 1470 1725 1492 ιο

221 1517 319 1570 Ast
347 1518 550 1574 ancilla
583 1521 677 1576 Dei
706 1523 866 1598 signo
895 1527 1200 1587 defendere
1235 1533 1434 1591 Christi

228 1609 301 1663 Se
351 1612 563 1679 studet,
589 1615 997 1692 exsufﬂansque
1028 1623 1160 1678 vafri
1195 1627 1576 1696 phantasmata
1603 1635 1854 1701 monstri,

769 299 853 354 DE
891 301 1250 361 TRIUMPHIS
1292 307 1549 366 CHRISTI
1591 312 1963 368 ANTIOCHUE
2002 313 2223 370 GESTIS
2263 315 2440 369 LIBRI
2481 314 2632 370 DUO.
2676 345 2744 355 —
2783 315 2905 370 LIB.
2954 315 3020 370 ll.

3457 318 3565 372 594

1881 448 1932 514 Α
1961 443 2260 518 NeOphytis
2279 446 2452 513 albas,
2477 447 2713 502 necdum
2745 448 3002 505 rutilante
3035 451 3147 506 diei

1958 534 2142 610 Surgit
2178 535 2323 603 luce,
2347 534 2515 590 stolas
2545 537 2700 606 ponit
2721 535 3066 608 baptismatis
3089 539 3266 608 albas,

1962 627 2213 681 Induitur
2275 627 2460 698 byrro,
2489 627 2806 700 tunicaque,
2829 636 2902 696 et,
2935 631 3158 688 nemine
3180 641 3322 690 teste

1959 721 2165 791 Aspera
2221 719 2450 791 ciniphii
2477 719 2750 775 velamina
2787 723 3015 793 corripit
3041 725 3199 792 hirci,

1960 806 2374 879 Assumptisque
2403 807 2503 862 alis
2533 807 2689 878 petiit
2719 809 2982 878 pmcelsa
3011 809 3282 867 columbae
3319 832 3333 878 ;

1960 899 2051 954 llis
2070 905 2125 954 et
2153 899 2270 954 visa
2307 897 2446 955 locis
2467 900 2697 970 posthac
2722 917 2836 956 non
2859 901 3095 972 amplius
3121 920 3353 975 usquam

1960 988 2073 1043 Hoc
2100 988 2232 1060 quia
2263 988 2536 1044 nescierat
2561 998 2734 1044 mater
2768 990 3014 1046 Romana
3048 999 3271 1048 veretur

1959 1081 2036 1137 Ad
2058 1083 2204 1137 mala
2227 1083 2532 1155 contempti
2565 1099 2635 1139 ne
2666 1083 2810 1139 forte
2835 1085 3070 1141 redisset
3099 1088 3324 1152 amoris,

1958 1175 2228 1249 Plangens
2247 1191 2353 1230 ceu
2385 1175 2599 1246 laqueis
2628 1175 2828 1232 iterum
2856 1176 2962 1231 siet
2993 1177 3167 1232 indita
3193 1179 3375 1232 missis

1957 1264 2126 1329 Quam
2161 1264 2320 1318 Pater
2339 1264 2596 1338 egregius
2620 1264 2723 1320 sub
2757 1265 3002 1320 Flamine
3035 1266 3292 1322 conscius
3328 1267 3472 1322 almo

1959 1353 2193 1429 Pelagiae
2222 1354 2358 1418 voti,
2390 1353 2600 1409 solatur
2633 1371 2646 1407 :
2681 1378 2707 1402 σι
2741 1354 2898 1419 Filia,
2931 1355 3043 1411 noli

1958 1442 2112 1498 Flere
2140 1443 2284 1513 piam
2316 1443 2508 1498 dicens
2528 1453 2749 1518 gnatam
2771 1461 2894 1501 cum
2921 1446 3104 1502 caalite
3130 1452 3300 1512 coetu,

1958 1532 2098 1598 Quin
2133 1533 2316 1587 laetare
2345 1533 2534 1588 hilaris
2561 1538 2711 1606 quod
2739 1545 2795 1590 et
2827 1538 2946 1592 haec
2969 1537 3218 1592 sicutilla
3249 1537 3416 1593 Maria

1959 1621 2235 1677 Peccatrix
2267 1631 2477 1692 partem
2507 1623 2754 1679 melioris
2783 1625 3028 1696 repperit
3047 1626 3145 1692 oti,

224 1703 580 1776 Insequitur;
635 1733 651 1749 .
677 1709 818 1779 Tibi,
849 1729 1012 1781 saeve,
1045 1718 1266 1792 tuisque
1300 1726 1557 1782 renuntio
1588 1729 1808 1801 pompis
1840 1749 1853 1795 ς
1889 1750 1938 1819 Β
1962 1712 2090 1776 Quae
2117 1725 2227 1766 non
2260 1712 2462 1767 auferri
2490 1714 2689 1783 poterit
2713 1714 2826 1782 jam
2858 1713 3106 1770 funditus
3134 1715 3234 1770 illi.
3271 1742 3292 1760 -

226 1794 469 1819 [λι-2-.-.
497 1799 648 1819 h-,_,-
799 1805 814 1819 Ι
975 1808 1068 1819 -n.
1261 1814 1272 1819 -
1419 1818 1427 1819 ,
1964 1803 1999 1819 II
2035 1801 2058 1819 1,
2130 1802 2194 1819 ἢ-
2270 1802 2279 1812 ο
2339 1817 2348 1819 ,
2471 1810 2528 1819 ν.ν
2668 1803 2690 1819 ρ
2877 1805 2888 1819 1
3016 1812 3025 1819 .
3076 1814 3085 1819 -
3279 1806 3289 1817 .

225 1794 472 1852 Obsistat
495 1799 760 1858 Dominus
788 1805 949 1862 Jesus
971 1808 1093 1876 tibi,
1131 1814 1368 1882 pessime
1399 1794 1637 1887 daemon,

226 1887 334 1950 Qui
364 1889 572 1959 pietate
608 1895 716 1948 tuis
742 1912 828 1951 me
861 1897 1112 1958 faucibus
1139 1906 1282 1960 eruit
1310 1908 1439 1973 alta,

228 1977 407 2049 Inque
437 1984 1166 2063 suumthalamumcmlique
1194 1995 1481 2054 induxitin
1514 2002 1714 2058 aulam.
1752 2024 1777 2054 ι

230 2073 533 2131 Romanam
566 2078 700 2135 inde
714 2082 867 2138 ciens
891 2104 908 2139 :
937 2111 960 2131 α
983 2087 1151 2143 Mater
1171 2095 1503 2151 venerabilis
1536 2116 1550 2151 :
1584 2099 1778 2172 inquit,

232 2162 413 2219 Exora
440 2181 538 2235 pro
560 2184 646 2222 me
677 2171 1007 2230 Dominum:
1047 2195 1178 2234 nam
1205 2197 1306 2237 ceu
1342 2185 1427 2240 leo
1459 2162 1722 2246 frendens

233 2256 469 2328 Expedit
502 2260 736 2320 insidias
769 2266 1015 2336 Satanas,
1057 2274 1418 2349 mulcensque
1450 2282 1795 2357 minansque.
1834 2309 1857 2338 ι)

246 2348 406 2446 Τυιιο
435 2367 499 2407 ea
532 2371 545 2407 :
587 2379 602 2403 σ
651 2356 729 2412 Ne
759 2358 955 2415 timeas
982 2348 1338 2435 victumjam,
1370 2370 1500 2439 ﬁlia,
1534 2348 1859 2446 monstrum;

237 2437 453 2496 Amodo
489 2459 730 2518 namque
788 2453 934 2503 tuam
996 2450 1168 2524 fugiet
1198 2473 1419 2530 quoque
1478 2437 1702 2521 territus
1747 2437 1862 2524 um;

1528 2556 1721 2626 [bram.
1762 2580 1785 2609 η

220 2623 412 2678 Tertia
442 2623 532 2680 lux
565 2629 852 2697 repetebat
885 2634 1113 2694 humum
1147 2649 1271 2710 post
1296 2643 1442 2700 dona
1473 2623 1700 2706 lavacri.

227 2713 507 2812 Quo-cum
543 2725 695 2788 peste
725 2723 865 2782 truci
898 2726 1141 2784 certabat
1171 2731 1426 2805 clamque
1466 2738 1780 2812 palamque,

227 2803 413 2860 Corde
441 2823 642 2864 cavens
671 2814 845 2868 veteri
885 2817 1210 2889 mulierjam
1241 2803 1380 2880 facta
1411 2803 1608 2896 virilis,

224 2896 464 2952 Vincere
495 2916 615 2971 qua:
629 2918 932 2972 properans
963 2911 1471 2986 avidilaqueamina
1495 2921 1706 2989 mundi,

225 2988 596 3081 Perfectoque
625 2996 784 3066 sequi
818 2998 1102 3058 ductorem
1130 3008 1348 3064 tramite
1390 3011 1681 3081 Christum,

227 3077 594 3147 Praepositum
624 3083 816 3140 domni
850 3104 1067 3146 servum
1098 3102 1275 3162 vocat,
1307 3099 1536 3168 etjubet
1565 3077 1746 3160 omnis

229 3167 494 3222 Vectetur
515 3172 735 3240 penitus
765 3174 870 3231 sibi
903 3194 1012 3249 quo
1052 3181 1326 3256 descripta
1355 3167 1604 3260 supellex
1633 3211 1646 3248 :

225 3260 552 3334 Argentum,
576 3272 778 3331 vestes,
808 3285 1020 3338 aurum,
1055 3275 1394 3346 redimicula,
1427 3300 1659 3356 gemma:

223 3353 510 3410 Accelerat
537 3371 752 3423 servus,
781 3369 1038 3419 metuens
1067 3369 1324 3426 mandata
1353 3353 1576 3434 morari.

222 3441 687 3500 Ornamentorum
721 3448 960 3506 dominae
992 3454 1155 3511 simul
1187 3462 1371 3517 omnia
1406 3467 1610 3534 perfert
1639 3488 1654 3535 ;

221 3529 356 3595 Qua!
378 3547 506 3585 mox
537 3549 636 3604 per
666 3543 893 3592 matrem
915 3539 1032 3597 haec
1046 3542 1218 3600 Patris
1239 3529 1558 3610 tracta-tibus
1581 3529 1756 3616 offert.

223 3620 386 3689 lpsas
415 3637 538 3677 esse
567 3622 745 3680 fatens
784 3631 1070 3686 mercedes
1107 3634 1356 3693 criminis
1379 3643 1502 3707 atri,

219 3708 343 3772 Quo
371 3718 625 3767 versutus
654 3728 773 3769 eam
803 3732 903 3787 per
929 3735 1022 3774 cas
1053 3722 1348 3794 deceperat
1390 3731 1558 3787 hostis
1584 3751 1598 3800 ;

219 3803 464 3860 Arbitrio
489 3821 722 3876 poscens
753 3820 940 3868 sancto
972 3827 1308 3886 expensetur
1337 3830 1394 3877 ut
1421 3826 1564 3894 ejus,

224 3891 503 3949 Sufficere
530 3894 811 3953 affirmans
832 3904 1020 3973 superi
1048 3906 1152 3961 sibi
1187 3926 1413 3969 munera
1443 3891 1668 3988 Eponsi.

230 3986 494 4042 Protinus
512 3996 567 4044 et
596 3989 828 4048 famulos
849 4010 1042 4053 omnes
1074 3999 1414 4079 famulasque
1436 3986 1681 4080 remittit,

224 4079 410 4148 Atque
439 4083 836 4139 manumittens
861 4086 1010 4144 dono
1043 4093 1252 4149 solatur
1290 4099 1562 4169 alumnos,

229 4170 541 4227 Exhortans
569 4176 1073 4239 studeantsceleris
1104 4187 1210 4243 sibi
1242 4189 1456 4248 solvere
1487 4195 1686 4264 vincla,

228 4257 495 4322 Etveram
525 4269 832 4328 libertatem
862 4276 1066 4346 pietate
1098 4284 1255 4339 tueri.

231 4356 534 4413 lnstitorat
563 4360 794 4418 Nonnus
826 4367 1072 4436 prudens
1111 4372 1356 4448 latorque
1388 4378 1569 4437 ﬁdelis

229 4448 593 4506 (Econonum
621 4465 780 4510 vocat
807 4459 1080 4528 ecclesiae,
1113 4480 1409 4541 coramque
1437 4476 1619 4543 puclla

228 4540 428 4596 Omnia
467 4546 740 4601 contradit
760 4552 984 4619 pretiosi
1012 4555 1251 4632 insignia
1282 4540 1483 4630 cultus,

230 4630 507 4700 Adjurans
537 4651 637 4705 per
661 4652 787 4693 eum
820 4642 978 4710 cujus
998 4645 1099 4700 sub
1127 4630 1338 4706 honore
1369 4657 1656 4723 vacabant,

227 4721 600 4819 Defraudetur
626 4743 793 4799 Opum
826 4748 894 4787 ne
923 4751 1048 4804 pars
1076 4739 1161 4793 vel
1190 4744 1451 4813 quzelibet
1472 4721 1688 4819 harum,

228 4813 632 4872 lntromittatur
663 4821 849 4880 domui
879 4824 951 4878 nil
984 4831 1236 4898 praesulis
1275 4834 1424 4903 inde,

230 4903 318 4957 Nil
347 4904 436 4960 vel
468 4905 522 4958 in
554 4908 826 4976 ecclesia,
854 4916 938 4968 vel
973 4922 1279 4977 tractatoris
1305 4941 1490 4981 earum
1515 4946 1528 4994 ;

229 4993 434 5049 Omnia
459 4996 559 5050 sed
593 4999 794 5070 viduis,
825 5006 1048 5076 pupillis
1083 4997 1533 5089 pauperibusque

230 5089 657 5161 Diapensentur,
687 5096 764 5150 uti
790 5114 963 5156 servae
993 5113 1255 5178 congesta
1284 5109 1460 5167 beata:

228 5177 608 5249 Largirentur,
648 5198 783 5256 opes
811 5189 1082 5246 scelerum
1113 5177 1359 5252 solamen
1389 5211 1646 5276 egentum

226 5268 294 5323 Ut
329 5269 546 5327 fierent.
579 5273 660 5329 Fit
690 5279 974 5349 continuo,
1001 5285 1074 5338 nil
1109 5295 1272 5343 restat
1295 5268 1558 5349 inactvum.

227 5360 440 5432 Nempe
473 5364 671 5420 ancilla
699 5369 794 5452 Dgi
826 5388 966 5428 nova
995 5385 1284 5450 postquam
1307 5383 1456 5440 fonte
1477 5387 1675 5445 lavacri

235 5452 574 5520 Canduit,ex
606 5461 845 5530 propriis
876 5468 1130 5537 proprios
1161 5472 1233 5526 nil
1268 5476 1433 5531 rebus
1465 5479 1516 5532 in
1551 5497 1682 5536 usus

236 5543 499 5633 Contigit,
532 5550 770 5622 egregia)
802 5569 1030 5611 sumens
1053 5560 1142 5630 pia
1173 5563 1375 5633 pabula
1406 5571 1612 5632 matris,

229 5631 306 5727 θα
336 5631 488 5687 vitiis
509 5638 739 5727 quaesita
771 5641 943 5717 nigris
974 5648 1058 5702 vel
1091 5631 1320 5727 tangere
1360 5656 1556 5715 vitans.

229 5720 582 5780 Lucescente
605 5726 697 5783 die
728 5747 846 5787 mos
872 5743 956 5790 est
984 5755 1093 5810 qua
1123 5720 1332 5811 ponere
1362 5755 1543 5803 vestes

1964 1801 2101 1857 Urbs
2130 1802 2360 1858 Domino
2391 1810 2572 1876 grates
2601 1803 2852 1858 referens
2877 1805 2992 1860 haec
3015 1812 3127 1861 tota
3155 1806 3420 1871 resciscit,

1954 1895 2129 1966 Atque
2159 1895 2507 1951 sacerdotum
2565 1895 2660 1967 qui
2692 1895 2922 1950 aderant
2959 1913 3060 1951 sua
3097 1897 3333 1969 quisque
3364 1899 3576 1969 petivit.

2023 1987 2235 2042 Tertius
2266 1987 2476 2044 interea
2498 1989 2706 2058 rapidis
2737 1989 3087 2044 successibus
3109 2006 3290 2045 annus

1953 2080 2170 2135 Exierat
2194 2087 2492 2152 votumque
2521 2092 2682 2137 vovet
2712 2082 2872 2137 levita
2893 2098 3134 2153 superne

1963 2171 2081 2225 Jam
2113 2171 2314 2235 dictus,
2345 2170 2607 2225 Solimam
2629 2179 2942 2244 utpergens
2982 2171 3102 2226 loca
3131 2171 3315 2227 visitet
3341 2173 3506 2228 alma.

1966 2264 2184 2319 lntimat
2212 2263 2315 2317 hoc
2334 2262 2476 2316 Patri
2499 2268 2710 2326 sancto,
2739 2261 3009 2316 dimittier
3036 2278 3218 2318 orans.

1963 2352 2172 2406 Vadere
2212 2349 2711 2422 permittitpraesul,
2743 2351 3100 2420 sequiturque
3123 2351 3388 2419 profando
3417 2371 3429 2405 :

1971 2467 1994 2498 (ι
2013 2447 2144 2502 Cum
2175 2453 2467 2518 praestante
2491 2445 2621 2510 Deo,
2651 2443 2839 2510 frater,
2872 2444 3194 2514 perveneris
3223 2445 3376 2512 illuc,

1965 2539 2028 2594 Et
2056 2539 2225 2612 digne
2252 2543 2547 2592 veneratus
2579 2535 2688 2590 eris
2717 2544 2928 2590 sacrata
2960 2537 3228 2600 locorum,

1963 2630 2208 2686 Sollicita
2238 2644 2371 2686 cura
2400 2628 2728 2683 monachum
2760 2628 3082 2699 perquirere
3113 2636 3364 2682 sanctum

1961 2718 2190 2776 Nomine
2218 2716 2516 2789 Pelagium,
2543 2713 2695 2770 solus
2711 2731 2777 2772 ex
2807 2725 3056 2786 tempore
3089 2715 3218 2769 belli

1955 2809 2054 2874 Qui
2076 2809 2294 2864 clausus
2322 2807 2454 2862 latet
2483 2808 2539 2862 in
2575 2807 2715 2862 cella
2744 2825 2758 2872 ;
2793 2822 2957 2878 quem
2992 2807 3170 2861 visere
3202 2821 3354 2873 cura,

1954 2905 2088 2960 Nam
2117 2919 2246 2959 vere
2277 2902 2504 2958 Domino
2526 2901 2711 2966 servit,
2738 2902 3152 2972 monachusque
3184 2901 3446 2971 probatur

1955 2998 2257 3065 Perfectus,
2299 3017 2323 3048 ι)
2357 3005 2600 3051 sanctam
2630 3012 2794 3051 sexus
2821 2995 2922 3050 sub
2956 2996 3165 3050 honore
3195 2995 3434 3065 puellam

1955 3091 2587 3157 Commendans,sexum
2611 3104 2732 3160 quae
2760 3088 2990 3153 vicerat,
3023 3087 3210 3142 omnia
3240 3087 3433 3141 mundi

1907 3153 2100 3238 3Vana
2139 3181 2532 3253 triumphando
2564 3182 2890 3252 proculcans
2909 3181 3075 3236 corde
3103 3180 3271 3234 virili.

1952 3280 2064 3336 Nec
2086 3287 2268 3334 tamen
2301 3278 2442 3332 hanc
2475 3277 2666 3347 pandit
2696 3276 3066 3342 manifestius,
3106 3276 3302 3331 ordine
3351 3290 3579 3330 servans

1952 3369 2013 3424 Id
2045 3368 2162 3423 ﬁeri
2201 3368 2404 3439 placito
2435 3366 2689 3420 etdivino
2715 3366 2944 3419 numine
2965 3366 3140 3434 jusso.

1950 3465 2200 3535 Denique
2231 3459 2702 3519 commonefactus
2732 3461 2846 3515 adit
2873 3461 2992 3515 loca
3030 3467 3220 3516 sancta
3246 3462 3468 3530 diacon,

1955 3560 2124 3632 Ligna
2152 3558 2312 3613 beata
2342 3557 2522 3612 crucis
2551 3556 2792 3627 pretiosa
2818 3562 3021 3610 stratus
3055 3556 3264 3619 adorat,

1951 3649 2084 3704 Tum
2113 3650 2232 3704 loca
2259 3648 2328 3702 de
2361 3645 2625 3701 membris
2657 3644 2819 3716 Regis
2855 3652 3065 3700 sacrata
3097 3645 3324 3714 sepulti,

1954 3738 2124 3794 Morte
2155 3736 2491 3806 triumphata
2531 3735 2696 3789 rediit
2725 3751 2833 3807 qua
2872 3734 3048 3806 gloria
3072 3732 3291 3798 Christi,

1952 3828 2152 3883 Victrix
2181 3834 2462 3898 perpetuae
2487 3824 2722 3880 solidato
2755 3823 2952 3878 robore
2984 3823 3106 3877 vitae.
3140 3841 3152 3876 :

1954 3923 2133 3978 Altera
2154 3922 2396 3991 dumque
2427 3918 2546 3973 dies
2576 3918 2754 3973 noctis
2785 3917 3090 3988 depelleret
3109 3917 3378 3984 umbram,

1952 4013 2203 4078 Quaerere
2230 4009 2509 4083 Pelagium
2541 4015 2799 4079 properat
2827 4005 2991 4061 levita
3018 4011 3284 4061 notatum.

1949 4102 2100 4156 Tune
2138 4101 2196 4154 in
2226 4098 2468 4154 Oliviferi
2499 4097 2772 4152 scandens
2803 4094 3024 4171 fastigia
3063 4095 3284 4161 montis,

1955 4191 2072 4256 Quo
2104 4190 2329 4245 Genitus
2360 4188 2452 4260 pia
2481 4194 2607 4242 vota
2637 4186 2813 4241 Patris
2844 4185 3100 4241 mittebat
3129 4186 3197 4240 ad
3229 4202 3427 4252 aures;

1957 4284 2110 4340 Unde
2141 4291 2197 4338 et
2223 4281 2560 4354 praecipuum
2591 4279 2801 4334 ducens
2829 4295 2998 4350 super
3026 4285 3168 4333 astra
3209 4278 3568 4350 triumphum,

1954 4373 2052 4429 Jus
2068 4382 2328 4444 repetens
2358 4371 2662 4442 pr0prium,
2694 4369 2954 4424 ctelorum
2977 4369 3225 4423 ascendit
3253 4369 3307 4423 in
3333 4369 3460 4423 alta.

1959 4463 2053 4518 llic
2074 4461 2324 4518 habitare
2354 4459 2530 4514 virum
2561 4457 2744 4513 studio
2771 4474 2935 4529 quem
2958 4466 3228 4529 quaereret
3255 4458 3406 4512 audit
3432 4475 3446 4524 ;

1875 4522 1925 4587 ί)
1956 4553 2407 4622 Praeparvamque
2429 4547 2623 4602 videns
2651 4546 3034 4608 cellam,simul
3050 4547 3293 4618 undique
3308 4548 3572 4614 clausam,

1953 4648 2306 4702 Perscrutans
2334 4643 2508 4700 oculis
2535 4641 2715 4696 aditus
2744 4658 2852 4713 qua
2879 4651 3034 4713 parte
3057 4649 3286 4711 pateret,

1956 4735 2037 4790 Nil
2066 4733 2216 4788 videt
2247 4732 2334 4787 hic
2372 4729 2522 4786 omni
2555 4729 2824 4784 modicam
2859 4729 2964 4783 nisi
2995 4739 3146 4799 parte
3179 4728 3496 4784 fenestram.

1954 4825 2082 4890 Quae
2111 4823 2322 4895 pulsata
2352 4827 2520 4891 patet,
2555 4819 2724 4873 levita
2753 4819 3070 4893 agnoscitur
3092 4819 3230 4890 ipse,

1956 4914 2026 4968 Se
2053 4917 2478 4988 cognoscentem
2512 4925 2622 4964 non
2651 4909 2857 4964 callens
2883 4926 3113 4966 noscere
3140 4918 3369 4966 matrem

1956 5003 2088 5056 Dum
2114 5000 2310 5056 faciem
2335 5000 2484 5055 videt
2509 4997 2775 5053 aridulam
2808 5000 3073 5074 rugisque
3103 5000 3361 5067 solutam,

1957 5095 2192 5151 Orbibus
2226 5093 2389 5164 inque
2420 5091 2569 5147 cavis
2600 5091 2789 5147 oculos
2817 5108 3066 5148 marcore
3089 5099 3364 5167 gravatos,

1920 5177 1922 5180 ’
1955 5182 2195 5254 Ossaque
2225 5179 2446 5236 clitellis
2475 5179 2676 5250 passim
2711 5180 3051 5234 numeranda
3073 5179 3286 5244 solutis,

1957 5271 2164 5342 Cuique
2195 5268 2438 5324 arefacta
2469 5269 2610 5324 cutis
2631 5269 2718 5324 vix
2748 5275 2956 5324 texerat
2983 5285 3110 5324 ossa
3130 5284 3366 5339 superne
3397 5286 3410 5322 :

1955 5361 2018 5416 Et
2046 5359 2303 5415 benedici
2336 5358 2404 5413 ab
2437 5375 2502 5413 ea
2533 5374 2785 5430 poscens,
2819 5358 3186 5426 benedicitur,
3216 5368 3378 5430 atque

1960 5458 2201 5512 Levitam
2232 5473 2289 5511 se
2302 5456 2456 5510 audit
2477 5471 2632 5527 papae
2657 5456 2866 5511 servire
2892 5455 3076 5520 beato,

1960 5552 2135 5622 Atque
2165 5549 2337 5604 vicem
2363 5548 2564 5618 petitur
2582 5563 2680 5619 pro
2718 5563 2778 5601 se
2819 5545 3110 5602 redhibere
3143 5545 3407 5616 precanti.

1959 5644 2185 5701 Miratur
2215 5658 2384 5714 super
2411 5642 2498 5698 his
2522 5642 2662 5697 vatis
2685 5649 2896 5696 secreta
2924 5640 3144 5695 fatentis
3169 5657 3183 5706 ;

1966 5734 2238 5790 Praeterea
2266 5748 2369 5788 nec
2399 5733 2555 5803 plura
2583 5731 2750 5803 capit,
2784 5746 2888 5787 nec
2917 5731 3075 5802 plura
3105 5729 3359 5801 rependit
3391 5747 3405 5796 ;
