3962 6140
436 287 542 340 595
1193 281 1558 338 FLODOARDI
1602 281 1904 337 CANONICI
1946 278 2272 335 REMENSIS
2311 274 2647 332 OPUSCULA
2688 273 2989 330 METRICA.
3665 277 3757 330 596

440 416 500 470 Et
525 414 718 469 laudes
744 418 954 466 tantum
972 427 1104 466 aure
1141 412 1362 466 trahens
1401 411 1744 467 sollemniter
1783 411 1875 465 illa
2082 415 2126 479 Α
2153 405 2548 477 Exsequiisque
2581 404 2688 475 piis
2718 418 3053 474 componere
3079 402 3326 457 membra
3346 403 3620 458 sacerdos.

437 505 578 570 Quas
617 503 845 558 Domino
876 500 1054 555 reddit
1075 501 1205 555 dum
1238 500 1382 555 linea
1411 501 1572 556 tertia
1593 501 1769 572 surgit
1799 519 1815 563 ;
2155 497 2288 551 Ecce
2319 501 2547 566 repente
2579 494 2813 564 probant
2844 491 3141 547 muliebria
3169 501 3356 546 mente
3373 492 3514 546 virili

437 595 637 666 Sicque
663 593 775 663 poli
808 592 1095 648 Dominum
1127 591 1464 646 benedicens
1495 590 1673 665 pergit
1693 597 1940 655 ovanter,
2152 585 2322 650 Quem
2353 584 2954 650 creduntmonachum,
2983 583 3309 638 monacham
3323 590 3537 637 secreta
3556 584 3753 638 tulisse.

442 685 758 756 Eximioque
788 700 979 738 means
1005 699 1272 737 accensus
1305 698 1490 737 amore
1517 683 1784 748 locorum,
2150 679 2466 734 Glorificant
2491 679 2658 752 igitur
2689 694 2888 753 magna
2917 694 3041 732 cum
3073 693 3208 732 voce
3231 677 3533 751 benignum

439 775 715 843 Celsisque
747 775 1012 828 almorum
1046 771 1306 843 precibus
1343 771 1665 826 benedicier
1686 776 1902 840 optans,
2154 766 2556 838 Miriﬁcumque
2597 769 2766 821 Deum
2799 766 3002 821 multos
3031 767 3123 837 qui
3157 768 3406 841 regmine
3446 775 3664 822 sanctos

437 868 643 941 Pelagii
672 866 780 920 sibi
807 882 914 937 qua
944 865 1238 935 pertransit
1265 864 1454 935 Opinio
1489 863 1676 933 pollet,
2152 860 2347 936 Dirigit
2376 861 2642 925 occultos,
2671 859 2776 913 sibi
2809 851 2948 914 nota'
2965 859 3192 913 monilia
3221 875 3466 914 servans.

441 956 602 1025 Cujus
633 956 763 1010 item
785 954 1114 1028 aggrediens
1144 954 1359 1020 cellam,
1413 953 1548 1006 nihil
1573 953 1727 1007 audit
1755 953 1824 1007 ab
1856 954 2004 1009 intus
2035 971 2048 1018 ;
2154 953 2315 1008 Fama
2342 954 2507 1020 volat,
2540 953 2738 1008 caelum
2762 952 2919 1021 petiit
2957 952 3085 1023 quia
3122 952 3369 1006 mascula
3397 959 3586 1018 mater,

339 1073 345 1080 ι
441 1043 731 1096 Permanet
760 1049 1059 1112 expectans
1086 1043 1324 1112 spatium
1365 1041 1596 1095 transire
1625 1042 1907 1108 diurnum,
2154 1042 2315 1110 Cujus
2345 1042 2410 1096 ad
2443 1040 2739 1112 exsequias
2768 1049 2961 1094 curant
2986 1055 3314 1094 concurrere
3342 1040 3546 1111 plures,

442 1137 505 1190 Et
537 1152 640 1190 nox
668 1136 797 1189 dum
829 1135 1014 1209 nigras
1038 1135 1198 1190 terris
1214 1136 1325 1204 jam
1359 1142 1641 1207 spargeret
1667 1135 1802 1202 alas,
2152 1134 2423 1204 Sacraque
2452 1131 2687 1205 virginei
2715 1130 2946 1186 volitant
2975 1130 3225 1184 examina
3256 1131 3410 1184 laetus
3443 1148 3457 1195 ;

439 1225 788 1297 Regreditur,
811 1223 1086 1295 mittitque
1103 1225 1248 1278 diem
1281 1225 1536 1298 migrare,
1572 1225 1823 1296 reditque
1855 1244 1870 1291 ;
2154 1229 2404 1299 Dumque
2442 1227 2593 1298 pium
2626 1227 2792 1301 digno
2830 1225 3183 1280 tractantsub
3215 1226 3425 1280 honore
3451 1225 3695 1289 cadaver,

439 1317 623 1372 Tertia
644 1317 774 1371 dum
805 1332 976 1371 caecas
1006 1316 1095 1370 lux
1128 1316 1284 1387 pellit
1310 1317 1377 1370 ab
1404 1316 1789 1371 orbelatebras
2157 1321 2217 1376 Et
2242 1319 2445 1375 celebri
2466 1319 2731 1373 mandant
2753 1334 2876 1372 cum
2895 1317 3186 1390 relligione
3211 1317 3486 1388 sepulcro,

442 1412 686 1478 Scandit,
715 1419 769 1466 et
796 1411 1131 1466 obstructam
1157 1410 1646 1481 cernens,aperire
1669 1412 1967 1467 fenestram
2158 1412 2480 1466 Luminibus
2518 1410 2737 1465 radians
2767 1410 2956 1465 multis
2986 1411 3076 1481 pia
3110 1411 3269 1464 turba
3309 1418 3557 1465 coruscat

441 1505 756 1569 Praesumit;
789 1511 902 1558 tum
933 1512 1099 1557 strata
1124 1503 1316 1558 videns
1342 1505 1431 1574 pia
1459 1504 1704 1558 membra
1726 1506 1934 1576 quiete,
2158 1505 2437 1559 Laudibus
2463 1505 2630 1577 inque
2667 1504 2758 1559 Dei
2786 1504 2966 1575 plebis
2997 1519 3098 1559 vox
3121 1513 3318 1559 cuncta
3349 1505 3590 1559 resultat

442 1596 738 1652 Descendit
778 1611 1034 1667 propere,
1075 1594 1402 1650 Solimorum
1434 1596 1651 1651 nuntiat
1669 1596 1794 1651 urbi
2157 1593 2450 1649 Postmodo
2477 1593 2676 1647 missus
2697 1592 2764 1646 ad
2794 1592 2846 1647 id
2870 1592 3065 1647 Christi
3087 1609 3118 1647 a
3140 1592 3339 1664 pietate
3367 1593 3609 1648 minister

444 1686 730 1790 Pelagium
749 1686 1000 1790 abbatem
1041 1685 1417 1790 coeli‘secretal
1434 1686 1661 1756 petisse.
2084 1723 2134 1790 Β
2158 1689 2486 1760 Regreditur
2505 1687 2762 1754 Jacobus,
2795 1688 3050 1759 Patrique
3082 1704 3147 1742 ea
3180 1688 3374 1742 nuntia
3406 1696 3596 1758 portat.

445 1777 821 1846 Alterutraque
842 1774 948 1829 sibi
980 1775 1374 1830 monachorum
1407 1773 1529 1848 lege
1559 1780 1786 1828 caterva?
2084 1773 2133 1790 υ
2160 1781 2294 1836 Hinc
2325 1793 2580 1852 preparat
2609 1782 2770 1835 matri
2802 1798 3026 1836 narrare
3058 1782 3175 1836 haec
3213 1782 3562 1837 Antiochensi

448 1867 502 1921 Id
538 1866 804 1937 pandunt,
846 1873 1070 1938 totaque
1099 1866 1261 1920 simul
1293 1866 1523 1937 regione
1553 1865 1822 1919 teruntur.

2160 1872 2425 1927 Omnibus
2453 1873 2694 1940 acjustis
2722 1872 2798 1926 ibi
2831 1873 3033 1945 gaudia
3053 1889 3253 1947 magna
3275 1873 3562 1938 ministrat,

440 1962 718 2028 Iordanis,
742 1960 1077 2028 Hericontei,
1107 1960 1410 2031 Solimique
1441 1960 1677 2015 sodales.
2161 1967 2404 2022 Fletibus
2443 1967 2788 2039 illacrymant
2815 1969 3007 2040 pOpuli
3039 1985 3140 2039 per
3167 1969 3366 2040 gaudia
3387 1968 3542 2031 fusis,

443 2053 674 2124 Jamque
703 2052 934 2107 aderant
978 2052 1163 2105 Patres
1200 2058 1389 2106 sancto
1422 2051 1632 2106 fervore
1682 2051 1915 2126 gregati.
2163 2057 2473 2117 Laudantes
2501 2057 2791 2112 Dominum
2821 2058 2945 2112 divo
2969 2059 3061 2129 qui
3095 2073 3325 2112 munere
3359 2065 3594 2128 praestat,

444 2143 575 2196 Tum
607 2141 770 2196 funus
798 2141 936 2196 cella
966 2139 1226 2194 eximitur
1245 2153 1582 2211 scamnoque
1622 2139 1850 2204 locatur,
2170 2146 2231 2200 Ut
2251 2145 2510 2220 dignetur
2540 2145 2608 2199 ab
2650 2146 2735 2200 his
2759 2146 2894 2202 tales
2921 2146 3025 2201 sibi
3051 2163 3270 2202 sumere
3300 2147 3528 2214 fructus,

447 2236 671 2292 Accedit
699 2234 934 2291 Solimus
964 2234 1127 2290 solito
1158 2233 1342 2289 felicia
1372 2234 1478 2288 ritu
2170 2235 2472 2305 Splendida
2503 2250 2643 2306 quos
2669 2235 2796 2290 coeli
2825 2236 3195 2311 gaudenterin
3229 2236 3425 2292 horrea
3451 2237 3662 2291 condat.

918 2607 1060 2755 IIII
1136 2605 1605 2755 CHRISTI
1681 2602 2339 2753 TIIIIIIIPIIIS
2414 2603 2724 2753 APUD
2801 2605 3285 2754 ITALIAII

1409 2884 1748 2985 LIBRI
1823 2887 2823 3008 QUATUORDECIM

726 3321 1227 3410 INCIPIT
1340 3320 2111 3410 PROOEMIUM
2221 3322 2950 3438 SEQUENTIS
3053 3324 3521 3414 OPERIS

453 3744 608 3800 Orbis
639 3743 809 3799 Roma
838 3749 1026 3814 caput,
1055 3741 1200 3797 celsa
1231 3740 1555 3814 potentibus
2100 3743 2149 3810 ρ
2173 3736 2487 3792 Submisere
2508 3736 2624 3791 fero
2657 3735 2797 3791 colla
2829 3743 3011 3790 tamen
3033 3735 3189 3809 jugo,

454 3836 716 3908 Sceptris,
739 3833 1078 3902 consulibus,
1106 3833 1410 3890 Caesaribus
1437 3834 1631 3888 cluens
2174 3829 2362 3884 Pestes
2389 3828 2613 3883 invalidi
2647 3829 2850 3899 pellere
2883 3828 3121 3899 pectoris

453 3927 732 4004 Augustis,
764 3926 1016 3998 patribus
1045 3927 1189 3982 clara
1216 3925 1539 3992 Quiritibus,
1661 3995 1663 3997 ι
2173 3924 2289 3980 Acti
2322 3923 2648 3978 criminibus
2675 3930 2825 3998 terga
2857 3923 3258 3994 prementibus.

455 4025 649 4088 Armis,
682 4021 932 4094 paciﬁcis
962 4029 1018 4078 et
1047 4021 1354 4078 ditionibus
1381 4039 1397 4087 ;
2172 4013 2352 4069 Fallor
2381 4013 2437 4067 ni
2470 4012 2706 4083 propriis
2733 4011 2948 4066 vatibus
2977 4012 3094 4066 limo
3123 4019 3324 4066 sonent

456 4116 520 4170 At
547 4130 692 4170 nunc
718 4112 1010 4167 Altithroni
1039 4112 1247 4167 lumine
1277 4111 1476 4166 clarior
2173 4106 2350 4161 Tabes
2379 4106 2623 4180 Pegaseo
2654 4105 2807 4160 fonte
2839 4103 3162 4175 rigantibus.

456 4204 622 4278 Regis
643 4201 986 4274 principibus
1011 4201 1213 4255 nobilis
1241 4201 1483 4267 aetheris,
2169 4197 2232 4250 At
2262 4196 2459 4250 Christi
2493 4211 2750 4267 proceres
2768 4194 2977 4249 viribus
3003 4194 3190 4248 arduis

458 4299 655 4353 Christi
690 4296 986 4368 praecipuis
1007 4295 1153 4350 celsa
1183 4294 1495 4350 sodalibus.
2171 4287 2356 4342 Edocti
2387 4287 2629 4342 tumidos
2658 4286 2894 4340 subdere
2927 4283 3228 4355 principes,

455 4387 654 4459 Fulges
683 4383 1036 4455 martyribus,
1057 4384 1406 4455 praesulibus,
1438 4383 1620 4440 choris
2169 4376 2476 4449 Magnatum
2507 4375 2760 4430 dominos
2786 4373 2993 4446 pellere
3026 4373 3324 4437 daemones,

453 4478 727 4550 Splendes
756 4475 1039 4550 virgineis,
1073 4481 1216 4530 astra
1243 4493 1410 4547 super
1441 4475 1551 4547 poli
2168 4470 2353 4526 Mortis
2381 4478 2600 4540 sceptra
2625 4477 2803 4523 terunt
2830 4468 2914 4522 his
2943 4466 3304 4532 dominantia,

454 4573 553 4637 Qui
582 4580 634 4626 te
656 4570 942 4646 prodigiis,
970 4570 1246 4644 dogmate,
1281 4570 1480 4641 praeliis
2167 4563 2501 4637 Frangentes
2531 4561 2765 4615 trucium
2796 4559 3006 4630 spicula
3026 4558 3222 4614 virium
3247 4559 3288 4628 ;]

455 4663 654 4718 Palmis
685 4663 1025 4718 constituunt
1054 4662 1260 4716 tethere
1288 4667 1570 4732 perpetem
1603 4679 1618 4725 ;
2168 4654 2314 4718 Quos
2341 4669 2496 4726 reges
2524 4652 2742 4706 miseris
2771 4651 3010 4706 vultibus
3041 4649 3226 4722 inclyti

453 4755 745 4809 Vincentes
768 4761 982 4808 veteres
1001 4752 1244 4808 culmine
1263 4752 1565 4823 principes,
2169 4750 2426 4818 Orabant,
2454 4748 2698 4820 trepidos
2727 4748 2783 4802 hi
2816 4747 3052 4818 pedibus
3079 4754 3356 4818 premunt,

450 4847 620 4902 Bellis
645 4845 737 4918 qui
767 4845 932 4899 validi
961 4861 1127 4916 regna
1153 4843 1496 4916 parantibus,
2167 4841 2486 4896 Sternentes
2513 4840 2712 4896 veteris
2742 4839 2969 4894 numina
3007 4839 3212 4894 saeculi.

453 4935 609 4991 Orbis
631 4935 755 5004 jura
783 4933 916 4988 licet
944 4931 1296 4988 subdiderint
1323 4931 1446 4997 tibi,
2168 4930 2284 4984 Non
2317 4938 2502 4984 nostro
2533 4929 2825 5002 aggredior
2851 4927 3095 4982 carmine
3125 4926 3357 4998 prodere

453 5023 911 5097 Nigraruntvitiis
949 5031 1001 5078 te
1033 5030 1214 5076 tamen
1256 5019 1516 5087 horridis,
2082 5049 2139 5117 D
2171 5022 2274 5076 Res
2297 5037 2525 5093 quarum
2553 5020 2699 5075 Maro
2739 5020 2809 5074 sit
2849 5021 3093 5074 themate
3127 5019 3369 5082 territus,

455 5117 629 5170 Armis
653 5115 968 5187 polluerant
1003 5121 1168 5185 atque
1209 5110 1546 5178 domesticis,
2082 5108 2130 5117 ”
2172 5111 2405 5165 Horrens
2433 5109 2587 5183 nigra
2616 5115 2755 5182 togae
2787 5108 3021 5162 stamina
3052 5115 3258 5173 texere,

453 5207 771 5261 Sanctorum
796 5204 1072 5273 maculant
1101 5218 1248 5273 saepe
1270 5201 1576 5266 cruoribus,
2167 5202 2273 5256 Sed
2298 5218 2421 5273 quae
2459 5202 2537 5256 sic
2569 5209 2794 5256 caneret
2826 5199 3074 5254 vinceret
3105 5197 3358 5269 Orphica,

455 5299 752 5370 Replentcs
772 5298 1043 5352 scelerum
1072 5295 1331 5350 sordibus
1360 5293 1636 5360 omnium,
2166 5299 2596 5370 Formosumquc
2623 5297 2834 5361 Linum,
2861 5305 3069 5366 patrem
3103 5301 3158 5349 et
3180 5294 3538 5365 Appollinem,

454 5394 630 5469 Reges
659 5403 710 5447 et
737 5399 982 5464 satrapas
1006 5389 1356 5446 subdiderint
1376 5389 1526 5457 licet,
2165 5388 2333 5442 Cantu
2361 5387 2504 5442 Pana
2533 5403 2633 5442 suo
2659 5387 2906 5442 vinceret
2936 5383 3262 5440 Arcadem!
