3974 6146
181 287 284 340 597
834 282 914 336 DE
957 282 1213 338 CHRISTI
1252 281 1612 337 TRIUMPHIS
1653 283 1824 338 APUD
1868 283 2137 339 ITALIAM
2178 284 2353 338 LIBRI
2397 286 2528 340 XIV.
2573 317 2633 325 —
2680 286 2800 341 LIB.
2848 288 2865 339 I
3422 289 3526 344 598

1301 384 1629 468 incanum
1661 413 1978 469 CAPITULA
2007 414 2184 470 Limn
2218 415 2420 470 PRlMl.

476 541 591 593 l.—
609 541 680 592 De
712 541 1002 593 certamine
1023 542 1200 594 sancti
1224 541 1376 594 Petri
1403 541 1639 609 apostoli
1665 556 1785 595 cum
1806 541 2019 596 Simone
2041 543 2221 611 Mago.

478 612 541 664 ll.
566 641 634 649 —
661 612 735 663 De
762 614 947 664 sancto
984 612 1220 680 Torpete.

481 682 645 735 lll.—-
674 685 750 736 De
781 684 1036 751 passione
1064 681 1426 751 apostolorum
1451 683 1603 736 Petri
1631 687 1681 736 et
1711 684 1872 738 Pauli

479 754 560 806 IV.
594 783 663 790 —
697 756 773 807 De
800 755 1003 807 sanctis
1019 755 1268 808 Processo
1296 757 1346 807 et
1372 755 1710 807 Martiniano
1741 759 1908 825 atque
1942 755 2170 810 Lucina.

477 825 536 887 V,
571 855 639 862 —
673 827 746 878 De
770 827 978 878 sanctis
1003 825 1244 878 Nazario
1274 828 1324 877 et
1351 825 1496 879 Celso

485 896 565 950 Vl.
610 926 679 934 —
708 897 782 949 De
810 895 1060 949 vindicta
1087 897 1410 952 Neronaniaa
1439 899 1849 964 persecutionis,

480 968 590 1020 VII.
627 997 696 1005 —-
727 970 801 1022 De
839 968 1063 1036 imperio
1100 968 1426 1036 Vespasiani
1454 971 1503 1020 et
1539 969 1649 1021 Titi

477 1039 685 1093 VIll.-—
726 1041 1032 1105 De,sanctis
1059 1039 1197 1092 Lino
1216 1042 1266 1091 et
1300 1037 1461 1092 Cleto.

477 1111 559 1165 XI.
595 1141 665 1148 —
687 1113 762 1164 De
798 1111 1001 1164 caateris
1031 1109 1318 1178 discipulis
1345 1110 1709 1178 apostolorum
1733 1114 1783 1164 et
1799 1115 1987 1165 sancto
2019 1111 2357 1180 Apollinare.

1100 1275 1596 1364 INCIPIT
1664 1275 2049 1361 LIBER
2117 1277 2640 1365 PRIMUS.

1603 1450 1812 1504 CAPUT
1842 1449 2104 1505 PRIMUM

922 1560 1001 1618 De
1047 1561 1376 1619 certamine
1415 1561 1614 1619 sancti
1656 1559 1822 1618 Petri
1862 1561 2116 1636 apostoli
2155 1576 2292 1619 cum
2330 1560 2574 1620 Simone
2619 1561 2805 1636 Mago.

185 1699 342 1751 Alma
372 1704 579 1766 tr0pa3a
601 1695 829 1765 piosque
861 1693 1038 1748 crucis
1068 1709 1170 1764 per
1197 1693 1341 1748 bella
1372 1693 1699 1766 triumphos.

188 1790 291 1842 Pro
316 1787 506 1861 regnis
534 1791 740 1841 certata
765 1785 878 1856 poli
911 1785 1146 1839 feliciter
1161 1792 1373 1851 auctos,

183 1882 513 1934 Sanctorum
556 1877 662 1931 nisi
694 1877 909 1931 meritis
938 1877 1189 1931 evolvere
1224 1893 1382 1932 versu

188 1967 466 2020 Romanas
499 1967 720 2020 tandem
751 1966 977 2020 ductore
1007 1965 1258 2019 venimus
1288 1965 1342 2018 in
1375 1980 1526 2020 arces

187 2062 424 2137 Egregie
453 2061 651 2115 Christi
679 2061 1007 2131 populorum
1038 2062 1294 2131 prteduce
1322 2061 1482 2118 Petro
1509 2078 1522 2126 ;

185 2155 291 2219 Qui
321 2154 478 2208 verbi
499 2153 697 2219 jaculis
720 2153 930 2222 palmas
969 2163 1092 2224 post
1119 2154 1489 2209 Antiochenas

186 2248 521 2302 Pestiferum
551 2245 825 2299 insectans
853 2244 1025 2298 divini
1057 2245 1280 2300 luminis
1308 2247 1523 2302 hostem

185 2341 256 2392 Se
291 2339 419 2394 tulit
448 2339 572 2403 huc,
601 2335 764 2409 longe
796 2335 1122 2410 fugitantem
1156 2338 1210 2391 in
1243 2338 1485 2392 culmine
1509 2337 1699 2391 mundi

185 2429 477 2483 Sterneret
505 2435 563 2482 ut
594 2429 899 2493 Simonem,
928 2436 1240 2498 cunctoque
1271 2432 1579 2497 patesceret
1616 2425 1734 2479 orbi

187 2521 262 2573 De
292 2520 488 2574 mundi
517 2521 692 2591 capite
716 2521 990 2575 aethereos
1021 2519 1243 2572 rutilare
1274 2517 1598 2586 triumphos,

184 2611 535 2665 Substratum
569 2611 825 2666 Ecclesia;
842 2610 966 2682 quis
991 2625 1052 2663 se
1082 2609 1252 2683 gemit
1285 2607 1570 2678 improbus
1594 2607 1810 2680 anguis,

179 2704 588 2774 Terrarumque
618 2720 809 2758 serens
840 2719 938 2774 per
973 2702 1204 2772 plurima
1236 2717 1404 2772 regna
1438 2699 1681 2770 profuse,

180 2797 410 2871 Spargit
437 2798 505 2850 ab
538 2798 665 2852 inde
698 2799 887 2852 Petrus
916 2797 1190 2852 ditissima
1215 2796 1428 2850 semina
1455 2795 1628 2849 verbi.

180 2889 325 2953 Quid
353 2896 596 2960 repetam
628 2889 761 2944 belli
792 2896 1008 2944 veteres
1037 2889 1104 2942 ab
1143 2888 1357 2959 origine
1387 2887 1630 2951 fraudes,

185 2984 252 3038 Ut
283 2983 485 3038 Christi
530 2985 765 3055 primum
787 2983 1010 3038 insidiis
1039 2999 1332 3058 aggressus
1360 2982 1501 3036 ovile

187 3075 524 3130 Proturbare
555 3076 764 3142 Simon,
797 3077 1010 3132 socium
1041 3092 1099 3130 se
1131 3075 1306 3141 ﬁnxit,
1337 3083 1390 3130 et
1420 3077 1630 3130 hostem

187 3164 412 3218 Invitus
442 3164 650 3231 docuit,
682 3179 884 3234 supero
909 3163 1001 3236 qui
1028 3165 1156 3234 jure
1185 3165 1425 3219 sodales.

183 3261 324 3314 Dum
362 3259 514 3313 videt
545 3267 659 3315 arte
701 3277 800 3314 sua
832 3262 1000 3315 multo
1035 3261 1248 3330 potiora
1268 3260 1474 3326 valere,

184 3349 579 3424 Prodigiisque
610 3349 917 3420 Philippeis
937 3349 1276 3420 stupefactus
1304 3357 1358 3403 et
1379 3365 1499 3414 ore,

184 3440 432 3511 Corpore
460 3439 691 3494 salvifici
723 3439 961 3510 sumpsit
989 3440 1232 3495 fomenta
1265 3440 1483 3502 lavacri,

181 3528 430 3583 Attracio
456 3543 686 3598 sperans
707 3528 992 3582 molimine
1023 3529 1232 3583 discere
1263 3536 1528 3593 monstra,

186 3619 433 3673 l'lurima
463 3634 626 3690 quam
668 3629 825 3674 norat
849 3620 1036 3694 Stygio
1068 3620 1416 3674 insimulatus
1441 3619 1511 3674 ab
1543 3626 1710 3675 oestro

183 3718 222 3768 Α
255 3714 422 3781 cujus
453 3720 560 3766 tam
592 3719 775 3768 mente
804 3712 943 3769 fides
971 3730 1163 3769 aversa
1189 3715 1419 3782 nitebat,

187 3806 473 3861 Irradians
491 3805 641 3860 orbis
675 3807 918 3876 pretioso
946 3807 1154 3862 lumine
1181 3824 1351 3883 regna

186 3897 476 3967 Rbiphaem
497 3913 659 3967 quam
688 3897 770 3952 sol
800 3897 1060 3952 tenebras
1093 3899 1336 3972 regionis
1367 3899 1672 3954 abhorrens

184 3985 368 4041 Volvit
401 3986 507 4040 iter
535 4001 836 4061 peragrans
868 3988 1110 4043 stabilito
1144 3989 1358 4042 tramite
1381 3989 1647 4043 mundum

187 4078 295 4132 Res
327 4077 512 4148 patuit
545 4095 558 4130 :
591 4094 716 4131 nam
737 4080 888 4133 nulla
907 4079 1102 4133 videns
1120 4078 1336 4133 fervere
1360 4079 1534 4134 beatae

183 4168 416 4222 Artibus
448 4167 702 4222 Ecclesia:
729 4167 936 4223 fraudis
963 4169 1197 4242 vestigia
1227 4176 1389 4234 notae,

185 4258 455 4312 Protinus
477 4259 691 4312 attoniti
723 4275 867 4314 caeco
897 4259 998 4313 sub
1033 4268 1255 4330 pectore
1287 4269 1490 4324 motus,

185 4350 544 4421 Gentilisque
567 4350 752 4406 animo
781 4351 910 4405 furit
939 4368 1194 4424 aegraque
1232 4353 1370 4407 laetis

187 4446 433 4510 Invidia,
464 4451 624 4515 atque
647 4445 835 4500 odium
855 4453 1052 4501 maeret
1079 4446 1354 4516 pollenter
1379 4449 1567 4502 haberi

186 4541 318 4610 Ipse
346 4537 498 4608 quod
520 4536 772 4592 infaustae
799 4544 911 4592 toto
943 4538 1132 4610 nequit
1159 4540 1289 4594 artis
1315 4539 1485 4610 apisci
1517 4557 1530 4603 ;

189 4629 551 4698 Dilectosque
581 4626 740 4682 dolos
764 4627 923 4702 nigro
955 4629 1058 4682 sub
1082 4630 1246 4683 corde
1269 4629 1539 4690 volutans.

185 4723 359 4777 Tetra
388 4737 605 4775 venena
643 4721 851 4792 coquit,
883 4722 1157 4776 meditans
1188 4739 1383 4794 urgere
1415 4723 1676 4789 latenter,

187 4821 372 4878 Quam
406 4811 614 4866 fraudis
635 4827 899 4881 superare
922 4812 1093 4884 gradu
1127 4827 1235 4866 non
1262 4815 1519 4883 praavalet
1547 4829 1748 4880 arcem,

188 4907 580 4963 Fundamenta
602 4907 754 4978 prius
783 4906 1001 4963 fabricae
1031 4907 1344 4963 subducere
1387 4910 1588 4974 nitens,

189 5003 253 5056 Ut
277 4998 468 5054 valeat
494 5007 660 5070 totam
691 5007 976 5056 structurae
1005 5011 1255 5056 evertere
1286 5001 1486 5056 molem
1525 5020 1537 5054 :

185 5097 476 5164 Armaque
514 5092 818 5164 corripiens
845 5095 980 5165 patri
1006 5096 1119 5162 jam
1149 5095 1369 5170 cognita
1397 5095 1609 5166 pridem

185 5182 528 5254 Terrigenas
557 5198 666 5254 quo
697 5184 986 5238 subruerat
1016 5184 1307 5238 conamine
1349 5185 1574 5256 primos,

193 5274 330 5329 Auri
352 5273 603 5328 advectat
642 5289 799 5344 Opes,
831 5274 1036 5328 donum
1062 5275 1387 5344 Spiraminis
1416 5275 1509 5329 alti

195 5362 436 5418 Mercari
467 5378 527 5417 se
559 5378 720 5432 posse
747 5370 914 5416 ratus.
949 5363 1059 5418 Sed
1094 5363 1283 5418 Petrus
1304 5364 1372 5418 ab
1401 5365 1518 5434 ipso

199 5455 521 5506 lnstructus
544 5452 775 5507 Domino
803 5453 1033 5524 laqueos
1057 5453 1410 5507 transvadere
1441 5461 1628 5518 tetros,

203 5540 524 5611 [aspiciens
553 5541 658 5594 hoc
685 5557 838 5595 sacra
871 5542 1001 5610 peti,
1030 5549 1090 5596 ut
1120 5541 1406 5596 molimine
1437 5543 1663 5596 monstri

204 5637 314 5687 Aut
338 5639 510 5697 emat,
543 5640 634 5686 aut
664 5633 890 5698 adimat,
925 5633 1137 5688 robusti
1170 5633 1398 5704 cuspide
1440 5635 1590 5688 verbi

213 5717 495 5785 Perfodit,
527 5726 693 5792 atque
717 5722 905 5792 lupum
947 5721 1066 5776 miti
1097 5721 1385 5793 proturbat
1409 5721 1555 5776 ovili.

1837 1700 1886 1765 Α
1911 1692 2043 1746 Tum
2073 1693 2238 1746 veluti
2269 1692 2382 1748 fera
2413 1700 2690 1764 pastorum
2708 1695 3042 1752 clamoribus
3072 1709 3211 1766 acta,

1911 1785 2041 1850 Quae
2065 1784 2245 1838 medio
2279 1793 2485 1856 raptam
2510 1786 2689 1842 subito
2720 1787 2788 1841 de
2816 1790 3023 1860 cespite
3056 1791 3293 1861 praedam

1910 1875 2045 1929 Dum
2076 1876 2329 1947 sequitur
2352 1876 2668 1948 clamorque
2700 1879 2896 1946 virum,
2934 1882 3254 1954 celeresque
3281 1883 3529 1950 molossi,

1913 1963 2063 2018 Haud
2092 1964 2336 2034 perferre
2357 1965 2568 2033 valens,
2609 1967 2805 2021 solatia
2836 1983 2946 2022 non
2966 1985 3064 2023 sua
3094 1971 3279 2040 mittit,

1909 2059 2080 2130 Atque
2112 2075 2312 2113 vacans
2335 2069 2460 2114 voto
2493 2061 2728 2132 majores
2761 2061 2973 2136 colligit
3003 2063 3132 2130 iras,

1910 2146 2293 2218 Carpendique
2317 2145 2513 2202 famem
2545 2147 2729 2220 potius
2758 2165 2921 2219 quam
2954 2152 3119 2206 volvit
3149 2154 3349 2209 edendi
3381 2175 3394 2220 ;

1911 2239 2153 2294 Destinat
2183 2239 2412 2293 insidias
2439 2239 2634 2306 caulis,
2668 2241 2806 2294 clam
2833 2241 2978 2296 furta
3022 2243 3352 2316 frequentat,

1909 2331 1974 2385 Et
2004 2347 2090 2385 vta
2120 2331 2164 2384 si
2198 2347 2304 2402 qua
2333 2339 2499 2401 patet,
2527 2339 2798 2401 penetrat,
2831 2334 3141 2406 laceratque
3175 2337 3457 2405 bidentes,

1911 2422 2029 2477 lam
2062 2438 2171 2478 non
2203 2438 2324 2476 esse
2352 2424 2517 2477 modo
2551 2423 2770 2493 cupida.
2809 2424 2920 2480 imo
2962 2442 3165 2482 nocere
3196 2439 3381 2498 parata
3412 2447 3424 2483 :

1914 2517 2066 2571 Haud
2099 2517 2278 2571 minus
2311 2517 2414 2571 iste
2441 2517 2620 2587 lupus,
2653 2518 2895 2572 crudelis
2919 2519 3104 2574 bellua
3143 2522 3363 2589 mentis,

1914 2605 2219 2662 Prtevalida
2245 2607 2441 2678 Cephte
2475 2607 2710 2677 paSIOris
2731 2625 2863 2664 voce
2905 2611 3177 2679 repulsus,

1914 2703 2196 2773 Quaeretur
2229 2703 2452 2773 preprio
2486 2711 2876 2773 praesumptam
2900 2705 3023 2772 jure
3042 2697 3308 2775 rapidam,

1913 2797 2132 2852 Directo
2165 2812 2276 2851 non
2304 2796 2452 2851 ferre
2484 2796 2674 2850 valens
2704 2797 2796 2868 pia
2829 2799 3076 2868 pondera
3103 2815 3287 2864 cursu,

1910 2889 2090 2955 Ponit,
2123 2897 2177 2944 et
2200 2904 2461 2943 accensas
2495 2904 2700 2943 vacuus
2731 2898 2976 2958 raptatur
3002 2889 3055 2944 in
3091 2890 3219 2955 iras,

1909 2980 2250 3052 Sumptaque
2280 2980 2654 3050 multiplicans
2687 2980 2990 3036 studiosius
3022 2998 3172 3035 arma
3202 2983 3464 3049 nocendi,

1911 3075 2148 3144 Quaeque
2170 3073 2316 3127 valet
2339 3071 2534 3126 Christi
2559 3071 2789 3127 furtivus
2818 3073 2985 3128 ovilia
3019 3080 3212 3140 tentat,

1912 3164 2088 3219 Corda
2119 3179 2318 3234 parans
2346 3163 2530 3237 gregis
2552 3163 2772 3217 insidiis
2805 3164 3084 3219 incessere
3117 3165 3328 3230 blandi,

1912 3259 1994 3313 Nil
2017 3273 2311 3313 commune
2342 3255 2548 3319 ferens,
2581 3257 2854 3311 contraria
2885 3266 3082 3314 cuncta
3113 3275 3443 3330 propagans,

1915 3347 2284 3415 Caesareaeque
2319 3352 2375 3398 ut
2402 3360 2532 3398 oves
2555 3344 2713 3399 Petro
2756 3355 2970 3414 pastore
3003 3354 3256 3420 gregatas

1917 3435 2416 3508 Comperit,hostili
2437 3452 2633 3490 cursus
2657 3437 2764 3490 huc
2795 3435 2987 3491 fraude
3029 3439 3282 3502 tetendit,

1917 3529 2360 3602 thuoscunque
2389 3529 2554 3593 valet,
2589 3526 2743 3582 ferali
2776 3528 2942 3582 dente
2975 3536 3247 3582 cruentat.

1918 3621 2086 3686 Quem
2117 3627 2305 3675 contra
2339 3619 2513 3673 rabidi
2540 3620 2770 3673 crudum
2812 3619 3113 3673 moliminis
3148 3621 3357 3674 hostem

1913 3716 2151 3771 Bellator
2169 3715 2385 3768 validus
2417 3713 2606 3768 divino
2639 3730 2872 3788 munere
2904 3713 3113 3783 Cephas

1913 3807 2305 3880 Progrediens,
2339 3806 2614 3876 armisque
2643 3805 2837 3877 vigens
2867 3805 3012 3874 capit
3034 3822 3128 3859 ore
3160 3805 3444 3870 duellum;

1915 3901 2142 3957 Pellitur
2164 3899 2381 3965 umbra,
2416 3899 2508 3969 pio
2537 3898 2789 3953 clarescit
2822 3898 3029 3952 lumine
3061 3898 3260 3973 fulgor.

1920 3996 2180 4066 Discipuli
2222 3993 2452 4059 fraudis,
2496 4008 2728 4065 quorum
2763 4009 2919 4047 mens
2948 4009 3180 4048 cernere
3206 4010 3395 4048 verum

1922 4086 2255 4156 Promptior,
2288 4082 2510 4139 obscuri
2539 4089 2831 4152 penetrant
2863 4083 2992 4137 dum
3020 4083 3162 4138 furta
3201 4084 3467 4156 magistri,

1925 4177 2229 4231 Exhorrent
2260 4174 2506 4238 facinus;
2541 4171 2760 4225 dextras
2784 4172 2939 4240 juvat
2961 4170 3165 4225 addere
3193 4184 3344 4234 vero,

1921 4271 2238 4343 Iunguntur
2263 4267 2468 4322 sanctis
2498 4266 2684 4320 lumen
2717 4272 2938 4335 captare
2971 4264 3166 4335 parati.

1923 4366 2184 4420 Desertus
2213 4359 2384 4415 sociis
2413 4359 2533 4412 dira
2562 4359 2698 4413 latro
2721 4357 2968 4428 carpitur
2997 4356 3096 4418 ira,

1922 4461 2181 4531 Clamque
2214 4457 2397 4532 fugam
2430 4454 2786 4530 aggrediens,
2845 4452 3040 4506 urbem
3075 4451 3214 4522 petit
3242 4450 3543 4507 Antioche-

3306 4546 3466 4616 [nam

1836 3029 1884 3095 B

1841 4399 1889 4464 C

1926 4625 2184 4680 Audierat
2203 4620 2474 4693 siquidem
2504 4619 2634 4673 fidei
2664 4619 2904 4694 crevisse
2935 4632 3178 4691 V'tgorem

1928 4714 2022 4768 IIic
2052 4713 2188 4766 adeo
2220 4720 2280 4765 ut
2313 4707 2506 4764 Christi
2539 4713 2800 4776 caperent
2832 4705 2900 4758 de
2935 4704 3156 4759 nomine
3191 4720 3410 4758 nomen.

1925 4804 2078 4869 Quod
2104 4803 2272 4866 ferus,
2302 4798 2523 4853 invidite
2565 4797 2779 4851 facibus
2797 4795 3076 4849 ferventer
3105 4795 3358 4855 adustus,

1929 4892 2149 4948 lnsidiis
2173 4889 2444 4959 caecisque.
2477 4886 2621 4941 dolis
2651 4885 2952 4956 explodere
2986 4883 3188 4944 nitens,

1929 4986 2161 5042 [Etheris
2191 4984 2454 5038 adversus
2481 4981 2772 5036 Dominum
2805 4990 3013 5033 certare
3043 4978 3271 5038 laborat,

1932 5081 2376 5146 Frustratrusque
2408 5074 2574 5128 miser
2612 5087 2756 5126 saevo
2785 5071 3096 5126 corroditur
3126 5071 3252 5143 igne
3285 5088 3300 5131 ;

1935 5169 2126 5222 Pulsus
2155 5175 2210 5220 et
2233 5182 2262 5219 a
2295 5163 2435 5218 Petri
2461 5161 2651 5228 sociis,
2684 5161 2968 5231 cautisque
3012 5157 3300 5223 ministris,

1934 5260 2191 5316 Prtesidio
2225 5258 2360 5330 petit
2390 5257 2472 5310 ire
2503 5255 2666 5329 fugae,
2697 5269 3044 5323 cernensque
3075 5257 3269 5323 negata

1935 5351 2136 5409 Cuncta
2166 5349 2302 5402 Asiae
2322 5347 2429 5400 sibi
2465 5361 2652 5419 regna,
2678 5343 2808 5417 legit
2840 5350 2989 5396 trans
3009 5354 3231 5409 aequora
3265 5335 3392 5389 ferri
3430 5353 3441 5387 :

1858 5472 1913 5538 Β
1938 5443 2199 5513 Falsaque
2228 5438 2574 5509 comperiens
2605 5450 2948 5507 quaecunque
2981 5444 3268 5500 capessere
3301 5428 3550 5490 Romam,

1942 5538 2138 5608 Utpote
2169 5543 2488 5591 cunctorum
2513 5532 2764 5586 violatam
2791 5544 2978 5583 errore
3009 5527 3238 5579 deorum

1943 5631 2016 5684 Ac
2047 5636 2188 5683 tetro
2219 5625 2500 5680 obsessam
2534 5622 2816 5675 dominatu
2851 5616 3267 5678 daemoniorum,

1947 5719 2102 5774 Fisus
2134 5717 2236 5782 eis,
2272 5721 2325 5769 et
2352 5712 2520 5768 abhis
2551 5717 2726 5776 actus,
2757 5710 2866 5763 huc
2885 5707 3111 5778 perfuga
3128 5705 3309 5767 venit;
