3958 6158
423 213 528 269 599

426 338 783 404 lnnitensque
812 347 916 402 cpe
947 330 1253 386 daemonica
1282 330 1386 384 sub
1414 327 1634 383 vincula
1665 326 1866 383 multos

425 427 656 496 Conjicit
685 423 885 479 erroris
913 423 1081 489 cives,
1111 421 1418 492 crescitque
1449 436 1549 491 per
1577 428 1722 474 artes

426 521 610 590 Usque
629 517 768 572 adeo
797 514 1056 587 magicas,
1084 513 1221 568 deus
1252 513 1581 567 utdecretus
1602 510 1671 564 ab
1705 509 1839 578 ipsis

426 610 680 673 Polleret,
710 605 991 661 simulacri
1029 603 1193 658 etiam
1215 603 1452 658 donatus
1472 603 1716 667 ‘honore,

425 697 576 764 Quod
607 696 862 770 geminos
891 695 1037 750 inter
1061 701 1258 764 pontes
1284 692 1541 746 Tiberina
1581 689 1789 744 ﬂuenta

425 790 704 844 Alluerant
726 787 883 842 titulo
916 785 1191 858 insignem
1226 801 1241 850 ;
1269 783 1368 837 sed
1388 781 1578 836 fraude
1605 780 1772 852 petita

427 879 577 934 Haud
608 879 832 951 longum
857 875 1033 928 deitas
1060 873 1282 940 mansit,
1305 885 1546 942 veroque
1574 868 1791 924 tenellae

427 971 775 1041 Rumpuntur
796 967 1062 1034 tenebrae,
1093 965 1302 1020 validus
1333 963 1459 1018 dum
1493 961 1748 1034 protinus
1777 960 1869 1015 illo

425 1063 629 1118 Militiae
654 1059 849 1115 Christi
879 1059 1046 1114 veluti
1088 1059 1196 1112 dux
1217 1064 1380 1128 atque
1406 1056 1667 1128 magister

425 1155 684 1229 Dirigitur
702 1153 960 1223 princeps
994 1150 1292 1221 primorum
1312 1149 1523 1210 Petrus,
1560 1146 1808 1217 iniquum

427 1246 658 1301 Humani
684 1243 906 1319 generis
935 1249 1124 1297 contra
1147 1238 1482 1314 generaliter
1502 1239 1718 1294 hostem

426 1339 526 1405 Qui
560 1338 768 1408 primus
795 1334 991 1390 vexilla
1017 1333 1194 1388 crucis
1225 1331 1352 1387 huic
1378 1331 1581 1403 ingerit
1607 1328 1756 1394 urbi,

430 1429 720 1499 Postquam
753 1424 1128 1495 Cappadoces,
1175 1421 1406 1483 Galatas,
1457 1419 1692 1474 Pontum
1749 1424 1914 1487 atque
1956 1416 2041 1470 Bi-

1753 1511 1973 1582 [thynos

425 1613 602 1669 Armis
627 1613 880 1668 induerat
911 1609 1060 1676 ﬁdei,
1097 1610 1270 1682 proba
1294 1607 1482 1662 munia
1514 1606 1754 1669 tradens,

427 1702 648 1758 Divinos
672 1707 884 1756 certare
915 1699 1098 1754 sciens
1138 1697 1396 1752 robustus
1437 1711 1663 1770 agones,

425 1795 693 1849 Virtutum
719 1791 990 1847 scelerum
1035 1796 1228 1844 contra
1250 1789 1477 1842 ductare
1515 1787 1790 1854 cohortes,

428 1888 490 1942 Et
517 1886 636 1941 falsi
679 1885 934 1940 tenebras
965 1881 1245 1953 expellere
1277 1879 1489 1935 lumine
1513 1879 1646 1933 veri.

431 1980 525 2034 Hic
555 1979 764 2050 primus
794 1975 947 2031 verbi
975 1973 1234 2045 patefecit
1263 1971 1509 2027 clavibus
1526 1970 1704 2024 aulam

429 2067 676 2123 C(elestis
707 2065 864 2136 regni
896 2061 1235 2118 dominantis
1266 2060 1479 2115 civibus
1499 2058 1652 2114 urbis
1680 2075 1694 2122 ;

427 2157 711 2211 Pelluntur
738 2153 907 2208 radiis
928 2151 1126 2206 Christi
1160 2149 1515 2204 rutilantibus
1545 2147 1754 2201 umbrae
1779 2164 1795 2212 ;

426 2250 544 2303 Jam
579 2253 792 2302 mentes
830 2244 1116 2299 hominum
1141 2241 1357 2313 placido
1387 2239 1694 2294 illustrabat
1720 2252 1938 2293 ammno

429 2344 620 2398 Sermo
639 2339 942 2414 Evangelii,
975 2336 1144 2392 satias
1167 2336 1280 2405 jam
1307 2335 1459 2389 nulla
1489 2334 1712 2389 tenebat

429 2434 588 2489 Verbi
620 2433 926 2491 auditores.
961 2428 1228 2484 miracula
1257 2428 1416 2499 plura
1444 2425 1717 2492 videntes,

429 2525 540 2578 Nec
565 2523 776 2578 ducunt
799 2520 992 2576 audire
1019 2519 1152 2573 satis
1182 2518 1315 2590 quin
1345 2517 1594 2588 supplice
1624 2521 1751 2571 voto

433 2614 766 2684 Discipulum
799 2618 1035 2683 poscunt
1064 2610 1236 2664 sacris
1259 2608 1522 2663 mandare
1550 2605 1746 2662 lituris.

431 2708 615 2762 Audiit
645 2707 737 2762 ille
778 2722 995 2778 preces,
1029 2705 1346 2776 chartisque
1375 2708 1619 2772 receptat
1641 2700 1960 2756 habendum

433 2798 574 2853 Petri
617 2798 998 2872 Evangelium,
1027 2796 1217 2851 senior
1243 2810 1487 2866 quoque,
1522 2793 1766 2847 Flamine
1787 2793 1984 2862 plenus

432 2890 681 2958 Sidereo,
712 2897 1004 2961 postquam
1037 2887 1237 2942 factum
1249 2927 1261 2954 ,
1290 2885 1607 2958 furtumque
1649 2883 1810 2938 fidele

434 2980 660 3050 Accipit,
695 2979 916 3044 attollit,
950 2979 1363 3050 delectatusque
1403 2978 1596 3047 rapina

437 3072 602 3126 Marci
632 3071 779 3143 picta
809 3087 975 3125 manu
1006 3086 1128 3142 quae
1155 3071 1412 3146 dogmata
1442 3069 1643 3142 pagina
1669 3067 1868 3140 signat,

437 3165 654 3231 Firmat,
684 3170 739 3219 et
755 3163 1014 3218 Ecclesiae
1035 3163 1199 3217 tradit
1223 3178 1319 3232 per
1354 3163 1514 3216 saecla
1536 3160 1789 3235 legenda.

509 3254 768 3308 Senserat
797 3258 1038 3307 actutum
1066 3251 1401 3322 respublica,
1427 3251 1599 3305 limite
1631 3250 1684 3304 in
1718 3251 1835 3321 ipso

439 3347 702 3402 lntroitus
725 3346 946 3417 Cephze,
977 3343 1237 3418 suffragia
1259 3346 1403 3401 clara
1423 3345 1614 3400 salutis
1641 3363 1655 3410 ;

438 3439 672 3502 Quartus
701 3437 770 3491 ab
802 3437 1043 3510 Augusto
1075 3435 1251 3492 fasces
1278 3453 1402 3492 nam
1417 3436 1674 3492 Claudius
1691 3436 1841 3492 orbis

439 3529 657 3594 Nactus,
691 3527 1017 3584 consulibus
1046 3527 1272 3583 multam
1303 3527 1664 3600 patribusque
1698 3527 1928 3598 parabat
1961 3547 1975 3595 ;

442 3617 694 3690 Extingui
723 3616 996 3688 siquidem
1030 3632 1126 3687 per
1153 3632 1250 3672 eos
1281 3616 1350 3671 de
1375 3617 1646 3690 sanguine
1676 3625 1904 3671 cunctos

441 3705 729 3760 Decretum
761 3705 967 3760 exierat
996 3721 1256 3776 proceres
1286 3705 1379 3776 qui
1410 3703 1636 3760 Caesaris
1667 3705 1788 3760 orti.

442 3793 602 3849 Caius
629 3802 690 3849 ut
727 3793 1048 3860 exstinctus,
1072 3782 1342 3850 scelerum
1384 3793 1625 3848 crudelis
1650 3793 1882 3862 amicus,

443 3881 576 3938 Pelli
608 3899 778 3957 regna
801 3882 960 3956 jugo,
993 3882 1256 3956 perfringi
1287 3890 1502 3953 sceptra
1532 3882 1775 3952 revulso,

443 3973 677 4029 Restitui
707 3972 880 4047 leges,
906 3972 974 4026 ad
1006 3972 1237 4044 pristina
1261 3972 1387 4040 jura
1414 3973 1613 4029 reverti

446 4061 707 4116 Claudius
739 4068 793 4115 at
827 4075 1057 4133 regnum
1079 4067 1371 4131 postquam
1401 4060 1622 4125 solidat,
1656 4060 1774 4117 fera
1803 4062 1982 4117 tendit

446 4153 735 4208 Judicibus
763 4167 923 4206 saevae
952 4151 1138 4206 crudis
1170 4150 1456 4206 molimina
1483 4169 1682 4222 poenae.

451 4246 559 4300 Sed
588 4245 730 4300 Petri
767 4245 820 4298 in
854 4244 1138 4306 auxilium,
1174 4244 1368 4300 divino
1396 4245 1622 4300 nomine
1657 4254 1852 4315 tactus,

451 4335 527 4389 Ne
568 4335 725 4406 nigra
746 4340 1047 4403 tempestas
1078 4333 1360 4408 surgentia
1389 4335 1639 4406 gramina
1669 4337 1852 4403 laedat,

454 4423 588 4476 Dum
617 4421 933 4478 conduntur
960 4420 1140 4478 adhuc
1165 4421 1348 4478 scissa:
1381 4438 1524 4480 nova
1551 4425 1768 4482 semina
1789 4435 1966 4498 terrae,

456 4513 650 4584 Incipit
680 4512 911 4568 interius
940 4513 1227 4568 advertere
1256 4515 1495 4585 pectoris
1527 4519 1699 4573 antris

455 4601 615 4666 Quas,
641 4602 684 4655 si
704 4609 882 4672 coepta
913 4601 1070 4667 foret,
1105 4611 1316 4676 strages
1355 4603 1510 4660 daret
1539 4606 1676 4661 ultio
1707 4606 1844 4662 dura
1874 4627 1890 4674 ;

458 4690 626 4754 Quam
659 4690 836 4744 claros
863 4705 1203 4766 magnosque
1230 4691 1378 4746 viros
1407 4700 1592 4748 actura
1617 4695 1722 4749 sub
1755 4696 2000 4766 umbras,

459 4785 627 4849 Quam
660 4786 960 4841 desolatam
995 4787 1242 4858 patribus
1274 4789 1686 4864 constringeret
1707 4793 1904 4848 urbem
1931 4812 1944 4850 :

461 4877 670 4952 Cogitat
701 4878 836 4945 haec,
857 4879 1138 4950 animique
1170 4886 1351 4935 truces
1377 4881 1446 4935 ad
1475 4890 1630 4956 grata
1660 4885 1912 4941 residunt

462 4970 664 5024 Irarum
689 4975 795 5024 tam
828 4977 1103 5025 torvarum
1144 4972 1515 5028 medicamina
1545 4991 1687 5030 cura:

460 5061 696 5134 [Equora
716 5069 1005 5118 ventorum
1035 5063 1204 5119 veluti
1237 5074 1361 5134 post
1401 5065 1548 5121 bella
1579 5069 1893 5139 quiescunt,

462 5150 886 5223 lmmoriturque
908 5151 1125 5207 haerens
1154 5154 1293 5208 velis
1324 5156 1548 5210 tandem
1600 5173 1732 5213 aura
1771 5168 2073 5233 superstes,

461 5245 756 5320 Indulgere
777 5246 935 5301 sedet
965 5247 1101 5301 diris
1119 5249 1409 5304 conatibus
1431 5251 1594 5318 ultro,

461 5338 578 5393 Non
611 5338 803 5392 horum
837 5339 1068 5395 memori
1096 5340 1395 5413 quidquam
1425 5344 1657 5399 retinere
1689 5345 1872 5402 furore
1906 5366 1923 5412 ;

460 5429 599 5494 Quin
617 5429 836 5485 veniam
871 5429 1053 5494 dictis,
1079 5431 1237 5488 factis
1265 5449 1486 5506 quoque
1517 5437 1694 5492 sancit
1718 5438 1768 5492 in
1787 5454 1985 5506 aevum,

456 5517 696 5575 Tradere
723 5517 956 5575 nefastis
982 5521 1201 5592 apicum
1235 5539 1303 5578 ne
1334 5523 1456 5580 luce
1489 5533 1811 5594 recurrant;

456 5612 544 5668 Sic
565 5613 774 5671 famosa
795 5614 979 5672 nitens
1003 5617 1106 5674 sub
1137 5617 1320 5690 Cepha
1344 5621 1618 5678 amnestia
1649 5621 1875 5679 Romam

1176 203 1542 259 FLODOARDI
1587 199 1896 256 CANONICI
1939 196 2268 254 REMENSIS
2307 195 2643 252 OPUSCULA
2683 193 2992 250 METRICA.

2076 3027 2124 3094 C

3637 199 3737 258 eoo

2064 333 2114 397 Α
2143 326 2330 394 Sedat,
2363 325 2638 380 Athenaeis
2667 324 2991 379 censoribus
3016 324 3166 380 edita
3193 325 3468 397 quondam
3499 345 3515 392 ;

2140 416 2332 482 Quam,
2363 415 2632 470 suadente
2665 414 2896 486 quidem
2953 415 3161 469 dudum
3203 414 3487 483 Cicerone,
3530 425 3738 472 senatus

2137 505 2392 560 Tentarat
2423 503 2642 576 populis
2668 503 2929 558 inducere
2958 503 3165 559 Caesare
3195 520 3375 570 caeso;

2138 595 2246 650 Sed
2277 602 2424 650 vetat
2452 594 2706 650 infaustis
2733 602 2896 652 utens
2919 595 3190 650 Antonius
3218 595 3404 662 armis,

2137 687 2315 744 Caesar
2332 695 2388 742 et
2412 691 2684 762 Augustus
2703 687 2890 742 furtivi
2921 687 3129 743 funeris
3162 688 3323 743 ultor.

2139 775 2396 831 Claudius
2419 777 2563 831 hanc
2591 777 2865 831 adhibens
2887 777 3117 847 Barjona
3147 777 3399 850 principe
3437 778 3640 845 Romae,

2139 869 2249 924 Etsi
2276 886 2442 924 causa
2471 877 2620 941 petat
2649 870 2856 925 trucior
2884 886 2991 943 quo
3025 869 3239 926 ferveat
3260 872 3421 938 ultor,

2140 961 2346 1033 Sponte
2365 968 2548 1015 tamen
2580 960 2794 1016 facinus
2823 960 2973 1016 nullo
3002 970 3265 1032 poscente
3307 962 3555 1017 remittit.

2213 1052 2455 1126 Contigit
2485 1051 2573 1106 hic
2603 1051 2752 1106 aliud
2782 1052 3080 1122 permirum
3113 1054 3379 1123 temporis
3403 1055 3565 1123 hujus

2141 1145 2330 1217 Regna
2351 1160 2550 1218 regens
2581 1145 2840 1214 praecelsa
2871 1145 2964 1199 Dei
2996 1145 3144 1216 quod
3171 1146 3540 1221 gratiagessit.

2143 1233 2419 1288 Dalmatiae
2450 1233 2643 1288 Furius
2673 1233 2887 1307 legatus
2922 1234 3132 1288 honore
3161 1235 3440 1301 Camillus,

2143 1322 2359 1376 Molitus
2379 1322 2538 1376 civile
2566 1322 2743 1388 nefas,
2775 1323 2843 1376 ad
2870 1338 3025 1376 sacra
3055 1330 3275 1377 vocarat

2143 1415 2347 1470 Militiae
2377 1415 2637 1469 mutanda
2662 1431 2859 1468 manus
2899 1414 3180 1486 fortesque
3226 1415 3514 1488 ferasque;

2143 1510 2478 1583 Signataque
2505 1510 2597 1564 die
2627 1526 2736 1581 qua
2765 1527 2856 1564 rex
2884 1517 3156 1564 statuatur
3172 1511 3240 1564 ab
3267 1513 3416 1566 omni

2143 1598 2353 1665 Militia,
2391 1599 2542 1652 nulla
2573 1605 2806 1668 possunt
2832 1599 3047 1654 ratione
3081 1601 3287 1655 moveri

2065 1657 2116 1723 Β
2143 1657 2515 1764 Signa,'velut
2537 1657 2693 1744 firma
2724 1698 2880 1745 terra
2913 1691 3100 1746 radice
3131 1692 3370 1764 ligentur
3401 1712 3415 1759 ;

2143 1780 2260 1834 Non
2284 1779 2459 1849 aptari
2493 1779 2712 1850 aquila,
2740 1779 2936 1833 Christi
2966 1780 3168 1834 virtute
3197 1782 3452 1845 subacta},

2145 1869 2296 1924 Miles
2327 1875 2386 1923 ut
2406 1870 2524 1924 haec
2550 1883 2660 1923 non
2687 1870 2806 1924 visa
2836 1871 2988 1940 prius
3018 1871 3284 1928 miracula
3315 1875 3513 1941 cernit,

2148 1961 2386 2016 Pcenitet
2414 1960 2642 2031 inccepti
2675 1977 2737 2017 ac
2761 1962 2940 2035 rigido
2972 1963 3098 2018 ferit
3124 1980 3255 2019 ense
3289 1974 3602 2037 tyrannum,

2147 2053 2467 2125 Milititeque
2500 2051 2664 2108 fidem
2694 2061 2883 2109 censet
2905 2071 3126 2111 servare
3153 2057 3340 2128 priori.

2151 2143 2212 2199 Et
2242 2145 2376 2216 quid
2409 2145 2671 2211 deterius,
2703 2146 2836 2217 quid
2855 2147 3225 2216 perniciosius
3246 2150 3394 2218 urbi,

2151 2234 2453 2289 Historicus
2478 2235 2728 2306 sequitur
2753 2252 2916 2307 quam
2938 2237 3086 2292 bella
3103 2238 3402 2296 domestica
3421 2241 3626 2304 Romae.

2152 2323 2274 2377 Rite
2304 2329 2469 2395 neget
2494 2339 2742 2394 pressum
2767 2333 2985 2380 teneros
3017 2327 3285 2384 divinitus
3317 2330 3462 2384 istud

2154 2416 2336 2489 Agnos
2352 2421 2658 2488 uttegeret,
2679 2415 3006 2474 fundamina
3038 2418 3191 2474 firma
3225 2421 3431 2478 locaret

2157 2509 2422 2574 Christus,
2454 2508 2558 2564 fixa
2589 2518 2770 2579 tuens,
2803 2513 2851 2567 si
2881 2513 3009 2568 talia
3038 2526 3192 2588 gesta
3221 2517 3437 2586 prioris,

2156 2603 2229 2656 De
2259 2603 2682 2673 compescendis
2709 2621 2952 2676 unquam
2980 2606 3236 2662 civilibus
3265 2611 3453 2677 armis,

2154 2693 2393 2760 Quilibet
2421 2696 2658 2766 exempli
2687 2697 2888 2767 poterit
2919 2698 3133 2754 ratione
3163 2700 3388 2767 docere,

2157 2789 2421 2854 Quattuor
2451 2791 2543 2846 hic
2571 2792 2732 2847 annis
2754 2800 2884 2848 tunc
2924 2795 3112 2865 praelia
3149 2804 3349 2852 cuncta
3378 2809 3610 2868 remota,

2159 2881 2395 2936 lnternis
2425 2882 2812 2950 Dominijussu
2843 2885 3198 2958 externisque
3227 2891 3537 2960 repressis;

2154 2977 2285 3030 Tum
2317 2977 2538 3031 demum
2571 2977 2856 3048 princeps,
2883 2981 3193 3050 torpedinis
3220 2983 3336 3038 otia
3366 2993 3614 3056 questus,

2154 3067 2357 3132 Quzerit
2384 3068 2589 3139 ubique
2617 3085 2836 3135 manus,
2867 3070 3071 3126 bellum
3092 3073 3244 3128 dolet
3262 3089 3388 3130 esse
3405 3087 3658 3150 negatum
3685 3095 3698 3131 :

2152 3156 2321 3230 Signa
2346 3155 2468 3210 sine
2505 3157 2661 3210 hoste
2683 3165 2901 3223 movet;
2938 3160 3128 3215 niveas
3150 3164 3472 3219 transmittit
3500 3175 3560 3220 ut
3596 3167 3760 3237 Alpes.

2153 3247 2355 3302 Gallica
2390 3263 2511 3302 rura
2526 3249 2713 3319 quieta
2744 3249 2961 3317 videns,
2999 3253 3297 3321 pertransit
3325 3255 3396 3310 ad
3427 3271 3634 3329 equor,

2151 3341 2321 3397 Trans
2353 3359 2503 3397 mare
2527 3344 2873 3414 comperiens
2899 3347 3168 3416 quosdam
3203 3365 3454 3405 mussare
3485 3354 3762 3408 tumultus:

2157 3435 2428 3500 Permeat,
2455 3443 2620 3507 atque
2649 3435 2804 3491 leues
2835 3437 3088 3508 reprimit
3113 3439 3235 3495 sine
3267 3443 3542 3517 sanguine
3558 3454 3766 3511 motus;

2159 3528 2354 3600 Nilque
2381 3529 2561 3602 egisse
2588 3536 2806 3600 putans.
2841 3531 3073 3586 rimatur
3094 3532 3148 3587 in
3180 3550 3406 3605 aequore
3435 3537 3482 3590 si
3513 3554 3650 3607 quas

2161 3615 2357 3671 Obviet
2384 3616 2614 3672 intactas
2646 3617 2891 3674 Romano
2924 3620 3175 3692 principe
3203 3629 3378 3678 terras
3411 3642 3425 3677 :

2163 3705 2416 3776 Quasque
2447 3706 2631 3760 subire
2663 3707 2827 3773 valet,
2853 3709 3022 3765 celeri
3042 3711 3254 3767 ditione
3271 3722 3509 3770 coercet.

2162 3796 2226 3850 At
2252 3811 2488 3866 propero
2509 3813 2763 3852 remeans
2793 3815 2976 3864 cursu,
3009 3811 3281 3874 sextoque
3312 3820 3606 3879 regressus

2166 3885 2347 3941 Mense
2368 3887 2568 3958 pedem
2598 3895 2887 3960 postquam
2908 3889 3040 3945 belli
3071 3893 3338 3962 quaesitor
3367 3895 3574 3966 apertis

2169 3975 2446 4032 Extulerat
2477 3978 2667 4048 portis,
2699 3979 2931 4034 reduces
2951 3980 3073 4035 sine
3089 3983 3248 4038 clade
3270 3984 3505 4049 Quirites

2170 4065 2417 4121 Admittit
2444 4067 2636 4133 caulis,
2671 4085 2808 4139 quas
2837 4069 3167 4125 Jordaneius
3189 4071 3351 4128 heros

2168 4157 2377 4212 Ablutis
2396 4157 2593 4212 ovibus
2625 4157 2748 4213 vitae
2769 4158 2860 4229 pia
2883 4161 3084 4230 pabula
3105 4163 3333 4231 praebet.

2171 4253 2421 4308 Gaudent
2441 4268 2572 4324 pace
2607 4253 2702 4323 pii,
2733 4255 2980 4329 gaudent
2998 4257 3270 4312 solamine
3302 4257 3479 4326 verbi,

2174 4344 2548 4420 Egregiusque
2565 4344 2735 4400 rudes
2763 4355 2919 4416 pater
2939 4347 3125 4403 erudit
3146 4364 3242 4404 ore
3273 4349 3520 4405 clientes.

2094 4398 2154 4468 D
2174 4398 2249 4495 Ei,
2266 4398 2388 4512 pi‘us
2411 4398 2477 4496 ut
2507 4449 2696 4497 custos
2714 4398 2885 4497 crudo
2913 4443 3247 4500 defenditab
3277 4447 3436 4502 hoste
3468 4464 3483 4513 ;

2174 4534 2435 4590 Monstrat
2472 4543 2527 4588 et
2547 4542 2850 4608 expugnat,
2885 4536 3145 4608 propellit
3171 4538 3240 4592 ab
3257 4539 3702 4604 urbelatronem,

2174 4627 2349 4698 Atque
2371 4625 2534 4682 fidem
2556 4625 2772 4689 Christi,
2809 4628 2939 4682 dum
2981 4629 3238 4685 Claudius
3266 4631 3504 4702 imperat
3535 4634 3680 4698 orbi,

2175 4713 2276 4769 Ore
2303 4729 2495 4769 serens
2525 4731 2704 4781 sacro,
2737 4715 2912 4791 signis
2936 4717 3330 4775 comitantibus
3351 4729 3532 4793 auget.

2251 4810 2315 4863 At
2347 4818 2632 4880 postquam
2660 4811 2806 4882 turpi
2840 4821 3128 4868 cesserunt
3147 4813 3272 4881 jura
3293 4815 3518 4880 Neroni,

2180 4902 2376 4958 Audito
2407 4903 2670 4973 probrosa
2698 4904 2888 4960 Simon
2916 4922 3110 4962 curare
3142 4917 3460 4978 tyrannum,

2181 4995 2317 5050 Huic
2337 5012 2418 5060 se,
2448 4996 2649 5072 dignus
2678 5013 2744 5053 eo
2777 5005 2975 5061 tutore,
3009 4999 3296 5056 ultroneus
3315 5001 3497 5066 offert,

2177 5085 2420 5141 Moribus
2451 5087 2689 5162 egregiis
2715 5088 3019 5143 doctrinam
3041 5091 3278 5165 jungere
3301 5109 3590 5164 quaerens:

2179 5176 2358 5231 Nexus
2388 5175 2630 5232 amicitia
2661 5178 2901 5234 sociatur
2931 5181 3130 5236 lividus
3159 5191 3298 5249 atro,

2178 5265 2455 5320 Pessimus
2485 5265 2732 5334 infando,
2765 5267 3040 5325 scelerum
3063 5271 3363 5328 sceleratus
3377 5275 3580 5330 amico.

2179 5355 2385 5410 Crescit
2413 5372 2638 5413 enorme
2660 5358 2886 5423 malum,
2922 5358 3072 5414 diras
3103 5360 3327 5434 instigat
3351 5363 3408 5418 in
3443 5372 3587 5419 artes

2181 5446 2474 5502 Pcrversus
2505 5465 2762 5520 pravum,
2787 5449 2980 5520 probri
3000 5451 3075 5505 nil
3106 5459 3271 5507 restat
3293 5453 3554 5519 inactum,

2179 5534 2370 5591 Omnia
2399 5536 2623 5613 ﬂagitiis
2646 5539 2892 5610 prudens
2919 5555 3011 5596 rex
3046 5548 3218 5596 tentat
3244 5537 3474 5613 apertis.

2178 5626 2268 5683 Sic
2295 5635 2447 5684 tanto
2473 5638 2758 5686 crescente
2789 5631 2956 5698 malo,
2989 5632 3188 5688 solatia
3217 5634 3413 5705 Cephae
