3974 6146
231 269 330 325 601
872 267 956 322 DE
995 267 1250 324 CHRISTI
1289 266 1651 322 TRIUMPIIIS
1687 266 1860 323 APUD
1899 263 2168 321 ITALIAM
2208 262 2385 318 LIBRI
2424 262 2554 316 XIV.
2597 291 2658 304 --
2703 259 2828 316 LIB.
2872 261 2913 314 Ι.
3454 257 3560 315 602

227 393 482 450 Providet
506 392 868 464 Omnipotens
882 393 1138 449 comitem
1151 392 1459 468 fortemque
1473 393 1838 464 probumque,
1866 397 1916 463 Α
1943 387 2293 460 Naufragium
2324 386 2529 442 mentis
2553 383 2790 458 fugiunt,
2820 392 3152 457 portumque
3181 382 3556 453 prehendunt.

228 486 356 557 Ejus
385 486 440 539 in
470 484 735 540 auxilium
764 485 1016 540 tribuens
1044 485 1308 541 accedere
1339 486 1587 558 Paulum,
1942 477 2211 533 lrradiant
2239 475 2413 531 sancti
2445 475 2638 546 plebes
2667 493 2682 541 ;
2716 474 2928 531 fervore
2958 475 3204 529 calentes

225 578 324 644 Qui
367 577 493 634 licet
522 577 768 633 intentus
797 585 967 633 totum
995 577 1260 634 decorare
1289 579 1449 634 beata
1940 568 2202 624 Flaminis
2231 565 2452 623 almiﬁci
2478 567 2696 621 valeant
2734 573 2793 622 ut
2829 565 3080 636 linquere
3106 570 3418 620 monstrant

230 668 480 723 Doctrina
506 667 795 732 mundum,
820 665 960 721 fines
986 667 1284 723 extendere
1305 668 1374 722 ad
1405 683 1580 740 usque
1941 666 2100 720 Vasta
2129 664 2502 728 tenebrarum,
2534 676 2834 733 verumque
2862 675 3166 734 agnoscere
3186 661 3397 724 lumen,

228 757 535 824 Terrarum,
566 764 856 828 postquam
876 773 909 812 a
935 757 1156 813 Solimis
1183 773 1357 830 usque
1390 759 1582 814 intima
1610 760 1751 816 ruris
1939 762 2114 832 Atque
2137 759 2337 814 animae
2361 757 2560 814 sordes
2599 756 2804 812 divinis
2844 771 3051 827 ponere
3092 756 3148 811 in
3179 755 3364 811 undis.

229 849 426 920 Illyrici
458 849 628 913 vicos,
661 849 850 916 urbes,
881 850 1106 904 castella
1133 865 1452 925 peragrans,
1940 854 2220 910 Exsultant
2250 853 2439 924 pepuli
2473 851 2686 909 cmlesti
2729 849 2882 906 fonte
2915 850 3102 924 rigari,

226 937 420 994 Omnia
445 937 714 993 sanctiﬁci
742 939 981 1009 replerat
1009 938 1267 1013 dOgmate
1305 939 1484 1007 verbi,
1941 947 2276 1022 Purgarique
2308 951 2501 1016 petunt
2527 944 2724 999 anima:
2753 942 3007 1015 contagia
3036 942 3180 997 laesae
3210 957 3224 994 :

233 1030 430 1085 Visere
460 1029 806 1085 commodius
830 1028 1112 1084 dominam
1137 1029 1431 1084 deducitur
1457 1031 1644 1086 orbis:
1942 1039 2271 1096 Mundandis
2303 1037 2494 1093 latices
2532 1051 2680 1091 saevo
2711 1035 2943 1090 custode
2973 1040 3263 1106 negantur,

229 1122 440 1190 Nempe
469 1119 557 1174 cui
579 1118 768 1172 mundi
802 1118 1006 1189 ΡοΡιιῙο
1038 1117 1294 1192 ignorare
1321 1118 1512 1174 Ιίοθτθῐ
1948 1127 2181 1183 Solliciti
2203 1141 2465 1198 proceres
2503 1124 2808 1180 animarum
2843 1139 3095 1179 crescere
3117 1123 3288 1186 lucra,

230 1215 434 1268 Rerum
459 1212 770 1282 suscipiens
799 1212 995 1266 rectrix
1016 1212 1164 1282 quod
1188 1212 1358 1267 Roma
1387 1212 1717 1282 probasset?
1949 1221 2152 1292 Regem
2192 1220 2420 1284 adeunt,
2449 1219 2702 1291 coeloque
2725 1233 2920 1288 preces
2949 1217 3235 1289 appellere
3269 1223 3482 1272 curant.

228 1301 597 1372 Concaptivus
628 1301 970 1355 Aristarchus
999 1299 1290 1354 comitatur
1314 1307 1540 1356 euntem

1951 1301 2014 1366 Αἱ
2043 1311 2308 1367 Dominus
2341 1311 2580 1382 lymphae
2608 1309 2861 1384 legisque
2901 1308 3195 1380 utriusque
3227 1307 3465 1363 tributor

229 1395 304 1446 Ac
331 1391 583 1445 medicus
610 1390 810 1455 carnis,
843 1389 1045 1445 mentis
1065 1390 1240 1474 magis
1263 1389 1670 1445 Antiochensis.
1951 1403 2217 1469 Christus,
2247 1410 2304 1458 ut
2321 1403 2577 1458 ostendat
2599 1417 2658 1456 se
2690 1401 2853 1472 prisci
2873 1400 3015 1471 juris
3046 1400 3352 1465 alumnum,

229 1483 323 1537 His
353 1481 570 1538 vehitur
596 1482 782 1538 socius
811 1498 910 1553 per
937 1497 1149 1536 summa
1180 1481 1432 1554 pericula
1462 1481 1679 1547 Paulus,
1951 1491 2051 1557 Qui
2092 1499 2370 1563 ρι-ωοθριει
2400 1491 2556 1547 dedit
2582 1491 2777 1561 Moysi,
2811 1497 3084 1562 praecepta
3113 1489 3335 1545 dedisse

226 1571 530 1627 Custodum
556 1587 618 1627 ac
639 1579 846 1636 custos,
870 1571 1157 1626 ductorum
1198 1569 1394 1625 ductor
1415 1571 1666 1626 habetur.
1957 1581 2212 1636 Ecclesiae
2244 1580 2517 1645 Patribus,
2539 1581 2632 1652 qui
2664 1596 2844 1651 nuper
2879 1580 2934 1634 in
2967 1579 3117 1635 arida
3148 1578 3296 1634 ruris

231 1667 787 1739 lngrediturtandem
810 1667 1061 1738 praecelsi
1092 1666 1352 1722 culminis
1381 1667 1595 1734 urbem,
1874 1721 1918 1744 η
1948 1669 2362 1725 Libanditurbae
2391 1670 2660 1725 solamine
2685 1669 2852 1724 fontis
2875 1669 3081 1744 egenti,

228 1721 549 1817 Vibelorum
582 1770 778 1836 purgat
807 1721 1072 1827 maculas,
1101 1768 1156 1816 et
1181 1760 1250 1816 ab
1280 1777 1374 1817 ore
1407 1762 1581 1817 leonis
1874 1721 1923 1788 Β
1950 1762 2022 1816 De
2056 1768 2210 1832 petra
2237 1761 2494 1833 produxit
2524 1777 2694 1833 aquas
2723 1721 3079 1832 quaestusqne
3107 1757 3360 1825 removit,

231 1852 496 1922 Eripitur,
529 1849 841 1922 Christique
871 1851 1069 1905 iterum
1100 1852 1190 1922 pia
1220 1850 1365 1906 dona
1397 1856 1678 1925 prOpagat.
1950 1851 2136 1906 Arenti
2167 1851 2256 1906 hic
2283 1852 2488 1921 papulo
2510 1851 2745 1923 coelique
2774 1850 2980 1905 ﬂuenta
3008 1849 3243 1920 petenti,

296 1945 366 1999 At
393 1943 554 2010 Nero,
572 1943 821 1998 doctrina
841 1951 1114 2000 saturatus
1140 1944 1497 2005 Samaritani.
1961 1945 2084 2001 Haec
2112 1961 2334 2019 quoque
2354 1961 2517 2017 posse
2541 1947 2713 2002 Deum
2734 1963 2844 2002 non
2872 1944 3258 2001 difﬁdentibus
3285 1943 3468 2009 almis,

226 2033 493 2101 Maiorum
519 2032 724 2086 sensim
753 2033 1026 2088 scelerum
1057 2032 1401 2089 incrementa
1416 2033 1673 2088 subibat:
1961 2035 2163 2110 Largos
2188 2035 2420 2106 Tarpeia
2449 2035 2642 2090 latices
2674 2051 2704 2090 e
2738 2052 2878 2106 rupe
2917 2033 3222 2106 profundit,

227 2126 331 2191 Qui
365 2133 487 2196 post
519 2124 745 2180 infanda
771 2125 828 2180 in
857 2126 1114 2181 miseram
1131 2127 1420 2182 molimina
1447 2133 1700 2193 matrem,
1960 2127 2189 2201 Irrignis
2217 2127 2356 2181 dura
2384 2127 2652 2182 scatebris
2673 2127 2895 2182 incaute
2924 2127 3174 2197 repertis.

231 2219 624 2288 lncestumque
655 2217 740 2272 sui
771 2217 1111 2272 reticendum
1141 2235 1205 2273 ac
1243 2226 1428 2290 stupra
1459 2218 1687 2283 sororis,
1958 2217 2167 2273 Miriﬁci
2199 2218 2380 2292 gnatis
2408 2219 2596 2273 Patres
2628 2218 2719 2288 pia
2745 2219 2892 2272 dona
2922 2217 3259 2280 ministrant,

228 2311 360 2365 Post
388 2308 586 2363 Urbem
619 2308 926 2375 incensam,
957 2310 1274 2380 spectacula
1312 2309 1434 2364 laeta
1460 2309 1701 2380 tyranni,
1962 2313 2215 2383 Dumque
2247 2309 2611 2366 lavantundis
2643 2310 2830 2364 divino
2861 2324 3090 2363 munere
3114 2307 3236 2361 latis

228 2398 631 2470 Relliquiarum
660 2398 805 2469 ignis
835 2397 1010 2452 diram
1045 2397 1361 2470 fmdamque
1392 2398 1661 2468 rapinam,
1957 2405 2218 2472 Corpora,
2246 2399 2530 2456 sanctiﬁco
2556 2408 2771 2456 mentes
2801 2401 3123 2473 purgamine
3143 2397 3438 2466 mundant,

229 2493 471 2565 Postque
491 2500 810 2548 senatorum
827 2493 1107 2566 jugulum,
1132 2492 1312 2564 spolia
1330 2492 1514 2564 ampla
1531 2502 1782 2560 senatus,
1959 2493 2220 2549 Flaminis
2245 2508 2308 2548 ac
2335 2493 2444 2547 divi
2476 2492 2714 2547 fecundo
2744 2492 2975 2566 pignore
2994 2491 3188 2546 ditant.

230 2585 446 2638 Fenora
467 2591 589 2654 post
618 2583 836 2654 direpta
857 2582 986 2650 fori,
1015 2591 1142 2654 post
1171 2585 1337 2639 funus
1367 2585 1642 2656 equestris
1956 2583 2206 2638 Abluitur
2245 2589 2376 2638 tunc
2401 2582 2697 2637 Processus
2726 2597 2848 2636 cum
2879 2579 3223 2645 Martiniano,

231 2676 480 2743 Ordinis,
510 2673 693 2729 afﬁnis
718 2676 943 2730 multam
971 2676 1222 2748 sociique
1243 2676 1454 2730 cruoris
1959 2677 2057 2743 Qui
2081 2686 2450 2748 praeceptores
2477 2675 2735 2731 animaalli
2765 2678 2874 2740 (sic)
2903 2674 3174 2746 principis
3206 2671 3372 2728 undis

234 2765 462 2830 Fratris,
491 2780 789 2838 germanis,
817 2764 1004 2819 uxoris
1030 2765 1358 2836 miseraeque
1389 2765 1655 2836 parentis,
1960 2767 2144 2822 Castra
2173 2775 2367 2838 petunt
2391 2766 2834 2837 contemplantes
2854 2765 3138 2829 miracula,
3171 2777 3405 2838 magnos

235 2855 387 2910 Hanc
416 2855 687 2909 scelerum
720 2854 922 2907 molem
954 2854 1244 2908 cumulans
1273 2869 1476 2929 augere
1494 2855 1714 2930 sategit,
1960 2859 2056 2915 llic
2081 2875 2204 2931 quae
2228 2874 2326 2929 per
2357 2873 2615 2929 proceres
2645 2857 2910 2913 Dominus
2941 2855 3236 2928 praestabat
3261 2854 3443 2918 Jesus,

233 2946 308 2998 Ac
338 2943 551 3011 majora
581 2951 798 3013 petens,
827 2943 1110 2998 cmlestem
1146 2944 1551 2999 theomachiam
1961 2945 2215 3000 Inﬁrmos
2243 2961 2464 3012 curans,
2490 2953 2543 2999 et
2573 2945 2842 3000 daemonis
2871 2961 3022 2999 arma
3053 2942 3422 3014 triumphans.

235 3034 569 3111 Aggreditur
596 3034 806 3105 primus
830 3034 1012 3090 Roma
1044 3051 1303 3090 exercere
1331 3037 1575 3090 cruentis
1896 3104 1929 3111 _
1962 3040 2025 3093 At
2054 3039 2200 3093 ferus
2220 3039 2518 3093 obstructis
2539 3037 2635 3108 qui
2667 3037 2911 3092 fontibus
2933 3037 3116 3108 ampla
3142 3035 3376 3107 putabat

236 3104 454 3180 Primus
482 3104 773 3195 suppliciis
803 3124 942 3179 inibi
974 3126 1288 3198 patriasque
1316 3141 1412 3198 per
1431 3142 1628 3182 omnes
1884 3104 1933 3171 (ἶ
1964 3133 2158 3188 Clausa
2184 3132 2390 3187 ﬂuenta
2416 3133 2529 3195 Dei,
2558 3104 2759 3187 fluvios
2791 3104 3088 3203 procedere
3120 3104 3303 3206 largos

236 3217 575 3273 Excrucians
604 3223 823 3272 sanctos
855 3218 1052 3272 Christi
1081 3218 1286 3288 pietate
1319 3220 1576 3286 nitentes,
1965 3223 2343 3296 Comperiens,
2379 3231 2434 3279 et
2469 3239 2602 3279 oves
2631 3225 2854 3295 lympha
2882 3223 3126 3296 gaudere
3151 3221 3388 3288 salubri,

239 3307 679 3381 Cognomenque
713 3307 863 3377 pium
896 3307 1110 3363 Domini
1135 3309 1204 3362 de
1235 3309 1462 3364 nomine
1491 3317 1771 3381 sumptum
1969 3316 2179 3372 Invidia
2208 3326 2418 3372 cunctae
2449 3315 2669 3372 fervens
2699 3317 2966 3373 bonitatis
2987 3326 3043 3370 et
3073 3315 3256 3371 omnis

238 3399 556 3470 Exstirpare
585 3416 782 3468 parans
817 3401 1057 3471 penitus,
1092 3402 1441 3476 cognominis
1471 3402 1635 3470 hujus
1966 3407 2218 3474 Iustitiae,
2250 3407 2398 3462 vitiis
2438 3422 2559 3479 quae
2591 3417 2806 3461 severat
2841 3405 3093 3477 improba
3123 3403 3258 3459 diris

242 3490 564 3560 Ρηεοίριιοε
591 3489 897 3543 Mamertini
927 3490 1031 3543 ενδ
1060 3505 1278 3544 carcere
1297 3497 1478 3561 Patres
1970 3503 2125 3557 Nasci
2162 3509 2348 3557 sancta
2375 3501 2593 3565 videns,
2629 3500 2801 3572 proba
2832 3514 3074 3573 surgere,
3110 3500 3284 3552 fausta
3313 3495 3522 3569 vigere,

239 3581 454 3647 Trudit,
485 3589 540 3637 et
569 3582 626 3634 in
660 3588 832 3636 totum
859 3581 1063 3636 crudus
1089 3588 1370 3655 grassatur
1399 3581 1566 3636 ovile.

1971 3597 2144 3667 Atque
2163 3595 2348 3650 calens
2377 3602 2493 3648 atro
2525 3593 2720 3648 faculis
2750 3593 3057 3648 Acheronte
3095 3590 3353 3660 perustis,

242 3675 477 3730 Lumina
505 3674 603 3729 sed
635 3674 759 3730 coeli
792 3673 1118 3729 licetabdita
1139 3690 1368 3746 corpore
1397 3674 1603 3740 sidant,

1976 3690 2228 3745 lnsontes
2260 3697 2498 3744 mactare
2525 3704 2724 3763 greges
2757 3694 2810 3742 et
2837 3686 3046 3757 ubique
3065 3692 3314 3739 catervas

240 3767 362 3822 Non
397 3765 828 3821 valettethereus
854 3768 1129 3837 compesci
1164 3783 1383 3822 carcere
1412 3765 1592 3838 fulgor
1621 3783 1634 3819 :

1975 3781 2228 3836 Sternere
2249 3781 2566 3846 bacchatur,
2599 3779 2758 3836 caedit
2787 3778 2912 3832 sine
2926 3775 3160 3831 crimine
3179 3775 3379 3842 justos.

241 3861 388 3925 Quin
417 3860 620 3930 pharus
649 3859 944 3934 undivagis
973 3859 1128 3914 littus
1148 3860 1240 3914 dat
1271 3865 1329 3914 ut
1361 3859 1490 3934 igne
1514 3856 1773 3912 Liburnis
1973 3871 2124 3925 Τιιηο
2152 3879 2366 3942 septem
2401 3878 2599 3941 quater
2629 3875 2682 3922 et
2712 3868 2887 3921 denos
2907 3872 3166 3936 expertus
3197 3863 3266 3916 ab
3296 3863 3456 3917 hoste

243 3949 617 4024 Splendiﬁcos
647 3951 875 4006 mittunt
921 3951 1128 4016 radios,
1161 3950 1498 4021 ductumque
1552 3947 1805 4003 ministra

1751 3954 1874 4004 Γθηί
1976 3966 2205 4022 Ablutos
2234 3964 2530 4030 scelerum,
2562 3962 2823 4017 virtutum
2849 3959 3104 4031 praeduce
3137 3958 3320 4023 Petro,

247 4045 531 4100 Scandere
551 4059 649 4114 per
677 4044 896 4099 rabidas
926 4051 1144 4114 portum
1176 4042 1539 4099 tendentibus
1570 4042 1771 4110 undas,
1979 4057 2086 4112 Hos
2118 4055 2323 4126 pariter
2342 4053 2501 4122 jubet
2529 4050 2748 4106 excindi
2794 4067 2808 4116 ;
2842 4047 3122 4104 confessio
3150 4063 3281 4102 vera

248 4133 509 4204 Undique
539 4149 649 4204 qua
674 4140 909 4188 cernunt
939 4132 1215 4204 placidum
1239 4131 1460 4186 rutilare
1481 4145 1802 4200 coruscum,
1981 4148 2128 4212 Quos
2157 4145 2340 4216 jungit
2365 4142 2517 4210 ﬁdei,
2541 4143 2842 4210 junxerunt
2862 4142 3008 4195 dona
3037 4137 3262 4205 lavacri,

252 4223 664 4295 Approperant,
684 4222 982 4278 tenebrosa
1019 4221 1119 4276 viri
1147 4219 1446 4293 penetralia
1477 4219 1737 4291 linquunt
1761 4237 1776 4285 ;

1663 4227 1737 4275 ιῐιι
1761 4237 1776 4285 ς
1980 4235 2223 4307 Martyrii
2254 4231 2485 4290 sociavit
2514 4232 2693 4288 honos
2722 4236 2776 4284 et
2805 4227 2982 4302 gloria
3013 4227 3232 4300 palmae.

1769 4365 1976 4422 CAPUT
2014 4365 2081 4420 ll.

1610 4471 1690 4530 De
1729 4479 1934 4531 sancto
1985 4469 2242 4546 Torpete.

252 4587 446 4642 Clarus
476 4585 531 4639 in
562 4583 748 4640 ofﬁcio
779 4584 1052 4640 renitebat
1092 4585 1302 4640 honore
1330 4583 1544 4655 tyranni
1988 4578 2360 4655 Quadraginta
2389 4573 2592 4649 premit
2621 4593 2637 4639 ;
2681 4572 2852 4644 patris
2880 4577 3003 4642 post
3037 4569 3185 4625 ﬁlius
3212 4571 3358 4626 ultor

250 4676 485 4745 Torpes,
520 4689 684 4746 quem
716 4673 906 4729 docuit
936 4674 1123 4728 divina
1151 4674 1422 4728 Antonius
1454 4675 1640 4739 heros,
1986 4673 2188 4730 Victori
2229 4669 2434 4743 insigni
2462 4675 2734 4723 tormenta
2765 4665 2999 4721 rotantia
3021 4663 3196 4735 ponit,

254 4769 428 4824 Fonte
460 4784 682 4822 sacrans
709 4767 855 4829 divo,
888 4767 980 4838 qui
1013 4767 1270 4843 dogmate
1303 4767 1594 4838 presbyter
1618 4767 1730 4823 oris
1985 4764 2312 4834 Moliturque
2335 4774 2551 4826 necem,
2576 4755 2862 4827 belvisque
2889 4751 3168 4808 ferocibus
3198 4749 3399 4806 offert:

255 4861 464 4916 Doctus
492 4859 803 4930 apostolici,
837 4859 1104 4914 Christum
1136 4860 1478 4915 memorabat
1508 4865 1716 4930 aperte.
1979 4860 2210 4916 Mitescit
2237 4859 2357 4913 sine
2389 4871 2543 4911 more
2572 4853 2740 4917 furor,
2770 4856 3017 4906 servatur
3043 4850 3252 4904 honore

255 4951 321 5004 At
353 4950 521 5015 Nero,
547 4948 863 5019 percipiens
891 4949 1179 5019 Torpetem
1210 4965 1366 5004 sacra
1394 4949 1635 5016 subisse,
1906 4983 1962 5051 Β
1985 4954 2198 5020 Divino,
2226 4951 2615 5024 trepidantque
2647 4947 2773 5001 ferai
2805 4944 3129 5051 contingere
3160 4942 3324 4997 dente

261 5040 484 5094 Αάάίθίι
523 5038 668 5093 lanio
697 5039 1007 5113 cogendum
1040 5040 1107 5093 ad
1138 5038 1266 5093 fana
1297 5038 1529 5110 Ιποῖᾶῐιο
1562 5056 1576 5104 ;
1906 5031 1960 5051 ν
1989 5043 2441 5110 Quemlacerarat
2469 5040 2632 5093 homo
2664 5034 2942 5090 crudelior
2970 5049 3067 5088 ore
3083 5031 3280 5086 ferino.

261 5131 513 5202 Cumque
545 5129 655 5184 fide
686 5129 829 5185 ﬁxus
862 5131 983 5205 cegi
1024 5132 1090 5185 ad
1124 5132 1394 5186 scelerata
1425 5131 1700 5203 nequiret,
1995 5132 2164 5200 Hujus
2190 5131 2446 5187 virtutem
2477 5126 2784 5198 inspiciens
2805 5122 3041 5178 Evellius
3055 5137 3197 5175 nnus

262 5223 516 5293 Prmcipit
546 5223 711 5290 hunc,
744 5222 901 5293 alapa
918 5223 1220 5294 crepitante
1251 5221 1508 5277 satellitis
1538 5222 1729 5289 ictum,
1995 5222 2252 5280 Consiliis
2283 5221 2421 5275 dura
2445 5220 2715 5274 fautorum
2749 5216 2870 5288 lege
2900 5211 3151 5276 Neronis,

260 5310 431 5366 Morte
456 5310 647 5365 furens
686 5311 880 5366 vinciri
904 5312 1024 5367 alta:
1058 5321 1336 5384 vastaeque
1367 5312 1662 5380 columnae,
1995 5312 2166 5369 Corde
2195 5309 2360 5365 ﬁdem
2393 5307 2587 5363 Christi
2627 5304 2795 5376 capit,
2819 5320 2884 5359 ac
2907 5301 3240 5374 baptismate
3269 5297 3431 5365 lotus,

260 5399 636 5472 Verberisque
677 5401 845 5475 agitat
878 5402 1085 5456 crebris
1115 5419 1130 5468 ;
1160 5402 1290 5456 dum
1321 5416 1552 5472 corpore
1579 5399 1750 5476 guttis
1993 5400 2153 5456 Lucis
2192 5401 2402 5454 honore
2426 5403 2722 5453 coronatur
2750 5408 2863 5448 non
2895 5399 3144 5460 tempore
3172 5387 3356 5460 longo.

262 5497 492 5553 Elicitur
516 5499 767 5572 sanguis,
803 5505 1003 5553 terram
1034 5498 1219 5569 pluvia
1249 5498 1472 5553 horrida
1504 5498 1664 5572 tingit
1697 5514 1712 5562 ;
1995 5493 2120 5549 Post
2147 5492 2332 5548 Romae
2363 5490 2562 5546 caelum
2594 5486 2774 5560 pretio
2795 5482 3024 5540 cervicis
3050 5481 3283 5572 adeptus

264 5588 492 5660 Expavit
512 5589 740 5644 crudele
771 5590 946 5655 nefas,
976 5590 1272 5662 subitoque
1312 5590 1568 5646 columna
1596 5571 1612 5572 γ
1994 5586 2070 5640 Ad
2093 5591 2338 5640 sanctum
2365 5581 2578 5637 Domini
2602 5579 2891 5650 Torpetem
2905 5572 3107 5662 Silvius
3132 5571 3320 5626 urbem

267 5677 566 5734 Censorem
593 5694 771 5735 szevos
803 5679 1006 5751 pariter
1037 5660 1263 5752 delapsa
1289 5679 1506 5736 sodales
1991 5674 2145 5730 Extra
2174 5673 2424 5727 Pisanam
2455 5668 2603 5735 duci,
2635 5665 2808 5740 patris
2836 5661 3044 5734 impius
3070 5660 3264 5724 hmres,
