3962 6140
400 293 508 348 603

402 421 646 493 Detegat,
671 418 903 488 diroque
928 416 1085 486 jubet
1110 429 1376 470 mucrone
1402 412 1552 468 feriri
1589 431 1601 466 :

403 511 642 565 Exsultat
669 518 874 581 martyr
897 510 1091 585 jugulo
1118 508 1424 579 sumpsisse
1452 521 1731 562 coronam.

398 600 654 653 Sanctum
678 597 838 652 lictor
863 604 1013 652 atrox
1041 612 1242 667 corpus
1271 595 1610 666 scelerisque
1641 592 1879 648 ministri

401 693 673 747 Naviculae
704 691 981 760 injiciunt,
1023 691 1171 745 carie
1201 699 1368 761 atque
1393 688 1640 744 teredine
1672 686 1832 750 tritta,

401 785 530 841 Cum
560 802 696 841 cane
728 784 1037 857 parricidali
1066 800 1305 855 cumque
1327 783 1455 837 alite
1479 781 1674 835 dantes

401 877 756 951 Mergendum
787 877 961 948 rapidi
995 875 1194 930 vitreas
1224 875 1326 929 sub
1357 873 1604 928 ﬂuminis
1634 872 1831 928 undas.

408 970 666 1027 Matronae
688 969 817 1025 ﬁdei
846 969 1179 1026 venerandae
1207 967 1444 1022 mittitur
1472 966 1612 1022 aulae

1165 287 1534 342 FLOI)OARD|
1577 284 1879 340 CANONlCl
1925 283 2256 340 REMENSIS
2295 278 2633 338 OPUSCULA
2675 275 2992 332 METRICA.

2050 419 2097 484 Α
2126 410 2307 467 lncola
2334 424 2460 464 mox
2491 421 2732 478 superae,
2767 402 3040 458 Celeninte
3069 400 3320 473 praecipit
3345 407 3511 472 atque

3635 273 3737 329 604

2125 500 2371 571 Martyris
2400 495 2643 568 inquirat
2663 494 2754 565 pia
2782 491 3052 558 membra,
3076 491 3329 562 levetque
3359 491 3632 561 locetque.

2123 592 2276 658 Quod
2307 589 2473 645 celeri
2498 587 2806 643 accelerare
2836 583 3020 639 studet
3049 583 3302 638 Celerina
3330 584 3580 654 sequela,

2126 683 2420 757 Sarcofago
2451 681 2667 736 dedens
2699 693 2902 749 corpus
2930 675 3250 730 venerabile
3281 675 3508 734 mundo.

2124 772 2522 841 Basilicamque
2542 783 2714 838 super
2741 765 2889 822 cultu
2920 763 3201 834 componit
3227 778 3466 818 amceno.

2124 861 2273 917 Felix
2305 858 2554 914 Nuceriae
2585 856 2749 910 simul
2779 870 2845 909 ac
2877 852 3191 907 Constantia
3219 851 3364 922 passi

2121 955 2294 1020 Tunc,
2323 966 2427 1006 nec
2456 964 2566 1004 non
2599 946 2767 1002 variis
2796 961 2960 1017 quam
2977 942 3134 998 multi
3157 942 3406 1013 partibus
3437 939 3606 1005 orbis,

1902 1081 2112 1140 CAPUT
2153 1079 2244 1133 ιιι.

1411 1191 1488 1250 De
1511 1191 1790 1267 passione
1817 1185 2220 1265 apostolorum
2254 1178 2420 1238 Petri
2449 1183 2501 1235 et
2535 1171 2742 1234 Pauli.

406 1307 659 1362 Pluribus
679 1306 932 1361 admissis
970 1306 1233 1362 caelorum
1259 1305 1327 1359 ad
1366 1304 1568 1378 gaudia
1597 1303 1824 1367 sanctis,

402 1396 838 1470 Agminibusque
868 1395 1023 1466 sequi
1049 1396 1162 1463 jam
1201 1394 1353 1468 regia
1367 1394 1525 1466 signa
1554 1392 1779 1464 paratis,

404 1489 604 1544 Castris
632 1489 935 1560 dispositis,
952 1497 1008 1544 et
1026 1489 1250 1543 vincere
1273 1488 1419 1542 bella
1440 1486 1616 1541 suetis
1645 1505 1661 1552 ;

407 1579 595 1633 Przelia
625 1588 747 1649 post
779 1577 962 1632 valido
993 1577 1196 1648 passim
1225 1583 1432 1632 certata
1465 1576 1695 1640 labore;

408 1669 530 1722 Post
562 1667 649 1737 pia
671 1667 908 1720 victricis
939 1666 1233 1739 dignasque
1258 1665 1494 1736 insignia
1536 1663 1730 1733 palmae
1771 1682 1786 1727 ;

409 1761 534 1815 Post
561 1760 812 1830 p0pulos,
841 1759 1026 1822 urbes,
1055 1767 1248 1831 gentes
1279 1765 1331 1811 et
1363 1773 1531 1831 regna
1561 1757 1807 1817 subacta,

412 1853 535 1906 Post
559 1852 691 1923 juga
732 1850 1001 1905 nobilium
1025 1849 1336 1904 cervicibus
1367 1848 1552 1903 addita
1575 1847 1738 1919 Regis

411 1942 668 2009 (Etherei,
712 1942 821 1994 Rex
853 1941 972 2011 ipse
1004 1941 1176 1994 duces
1206 1940 1271 1994 ad
1295 1946 1512 2010 sceptra
1542 1937 1792 2003 vocabat,

413 2037 713 2107 Debitaque
735 2037 998 2089 audacem
1029 2034 1318 2104 pressabat
1351 2049 1510 2103 pmna
1540 2041 1856 2102 tyrannum.

414 2129 743 2182 Mandantur
769 2127 953 2181 Patres
992 2125 1268 2198 ergastula
1297 2125 1548 2195 linquere
1581 2123 1805 2178 tandem

409 2217 685 2285 Jussuque
709 2214 984 2269 immerito
1017 2213 1234 2267 funesta
1264 2213 1328 2266 ad
1363 2211 1566 2266 maznia
1594 2209 1740 2275 duci,

409 2307 614 2363 Titanis
642 2306 832 2362 novies
850 2307 978 2360 dum
1004 2305 1116 2373 jam
1152 2305 1465 2375 repleverat
1498 2302 1690 2358 orbem

410 2398 620 2452 Limina
649 2396 875 2450 Paulino
907 2403 1199 2466 postquam
1232 2399 1486 2448 servante
1515 2391 1834 2446 manebant.

413 2489 678 2544 Custodes
719 2487 900 2559 igitur,
929 2486 1059 2540 visis
1085 2485 1178 2557 qui
1212 2493 1437 2556 pectora
1458 2482 1612 2536 miris

413 2583 625 2636 Sanctaa
663 2579 1024 2634 subdiderant
1050 2577 1200 2640 ﬁdei,
1244 2576 1540 2646 cunctique
1566 2573 1785 2628 sodales

417 2668 699 2741 lllagniﬁco
717 2668 850 2722 vitet
878 2672 1198 2740 suggestant
1239 2664 1432 2718 funera
1472 2663 1650 2724 Petro,

414 2761 595 2830 Seque
624 2758 737 2812 suis
756 2763 937 2811 servet
965 2762 1178 2819 cautus,
1201 2753 1453 2823 liberque
1485 2750 1722 2804 recedat.

415 2849 736 2922 Adjungunt
760 2847 1018 2918 precibus
1048 2846 1336 2915 lacrymas,
1370 2841 1593 2913 labique
1622 2846 1928 2913 queruntur

420 2942 586 2996 Morte
617 2939 789 3010 patris
816 2944 1032 3012 gnatos,
1065 2936 1144 2991 illi
1180 2942 1399 3006 pastore
1429 2939 1715 3004 perempto

419 3031 776 3106 Dispergique
803 3044 1021 3102 greges,
1055 3034 1110 3082 et
1141 3026 1284 3082 ovile
1317 3024 1592 3080 facessere
1625 3023 1817 3078 fundo.

421 3119 664 3175 Fletibus
682 3118 766 3172 his
787 3118 964 3172 victus
995 3116 1242 3170 clemens
1280 3112 1582 3168 inﬂectitur
1611 3112 1771 3177 altor,

421 3211 594 3276 Cedit,
627 3219 682 3265 et
712 3207 973 3284 effugium
1000 3213 1172 3261 tentat
1197 3205 1402 3276 pietate
1429 3210 1688 3268 coactus;

418 3303 649 3373 Jamque
688 3301 886 3371 pedem
919 3304 1086 3354 noctu
1112 3297 1326 3352 foribus
1346 3296 1632 3370 digressus
1661 3292 1865 3364 apertis

422 3394 716 3458 Extulerat,
748 3391 1136 3462 Christumque
1166 3397 1327 3444 tuens
1355 3402 1643 3443 occurrere
1675 3394 1867 3440 contra

425 3482 692 3546 lntremit,
720 3489 886 3552 atque
911 3481 1158 3535 animum
1199 3492 1464 3532 revocans
1490 3476 1561 3530 ita
1593 3474 1736 3528 fatur
1755 3474 1994 3528 adorans
2027 3491 2040 3526 :

429 3595 448 3623 α
482 3573 618 3638 Quo,
645 3573 897 3638 Domine,
931 3570 1172 3626 intendis
1195 3568 1224 3622 ?
1252 3599 1321 3608 —
1353 3565 1625 3641 Cruciﬁgi,
1677 3565 1875 3636 inquit,
1905 3571 2037 3634 peto

1718 3654 1962 3709 Romam.

1695 3655 1962 3725 [Romam.

423 3750 749 3818 -—Rursus,
809 3749 904 3815 ait,
960 3746 1169 3820 patiere
1213 3745 1393 3802 crucis
1444 3750 1736 3809 tormenta,
1796 3742 2037 3796 Redem-

1800 3831 1967 3903 [ptor.

423 3963 492 4008 -έ-
520 3932 744 3999 Rursus,
772 3949 803 3981 ι)
831 3928 1016 3998 atille,
1047 3928 1160 4002 poli
1190 3935 1448 3998 repetens
1478 3939 1646 3995 super
1686 3923 1896 3978 aethera
1950 3938 2041 3976 se-

1807 4010 1971 4081 [dem.

424 4112 514 4168 Sic
542 4111 717 4166 oculis
746 4108 935 4164 senior
958 4105 1152 4161 mundi
1181 4105 1235 4159 in
1268 4103 1503 4177 caligine
1532 4100 1656 4156 ﬁxis

425 4202 656 4276 Pellegit
681 4217 876 4255 aereas
905 4198 1106 4254 animis
1127 4193 1471 4251 sectantibus
1503 4209 1687 4252 auras,

427 4292 598 4362 Atque
629 4290 808 4344 alacer
850 4303 1040 4342 versus
1092 4302 1105 4338 :
1168 4306 1187 4332 ι
1242 4282 1471 4354 Sequar,
1531 4280 1730 4351 inquit,
1781 4285 1855 4344 te,
1897 4278 2044 4334 bone

1711 4371 1933 4442 [pastor
1948 4394 1973 4417 η

432 4475 780 4550 Regreditur,
813 4478 994 4527 narrat
1016 4468 1265 4546 gaudens
1295 4482 1360 4522 ex
1389 4465 1583 4522 ordine
1614 4475 1812 4520 cuncta
1849 4481 1862 4518 :

430 4569 644 4624 Solatur
671 4565 889 4628 socios;
922 4561 1134 4618 cunctis
1161 4558 1568 4632 plangentibus,
1595 4572 1740 4611 unus

434 4662 696 4726 Exsultat,
726 4657 957 4713 comites
983 4669 1240 4709 recreans
1261 4650 1534 4706 solamine
1557 4649 1732 4714 verbi,

433 4755 604 4826 Inque
643 4750 752 4806 ﬁde
792 4748 988 4805 Christi
1019 4746 1197 4801 valido
1221 4743 1523 4799 munimine
1558 4741 1754 4796 ﬁrmat.

434 4849 682 4919 Dumque
713 4844 821 4916 piis
851 4842 976 4914 pius
998 4847 1053 4895 et
1080 4845 1268 4918 pastor
1293 4838 1380 4910 pia
1409 4836 1611 4908 pabula
1643 4833 1870 4905 praebet,

434 4938 499 4992 Et
517 4916 705 4992 medio
736 4932 945 5003 rapitur
975 4916 1233 4985 comitum
1251 4927 1476 5002 lugente
1503 4931 1742 4988 caterva,

438 5031 690 5087 Etnimio
729 5027 934 5102 gemitu
952 5024 1134 5081 cordis
1160 5028 1392 5078 testante
1431 5019 1702 5082 dolorem,

435 5119 638 5195 Viginti
669 5135 791 5174 cum
809 5115 1055 5187 quinque
1077 5111 1192 5186 regi
1224 5111 1317 5183 qui
1349 5107 1594 5181 regmine
1625 5106 1758 5162 tanti

419 5210 618 5288 [Gavisi
637 5209 855 5264 fuerant
883 5204 1055 5258 Patris
1086 5200 1320 5256 feliciter
1351 5197 1530 5260 annis,

437 5299 679 5370 Cogitur,
705 5295 952 5368 arguitur
976 5311 990 5358 ;
1015 5297 1197 5345 manet
1236 5286 1630 5358 insuperabilis
1659 5285 1771 5351 ille,

436 5389 498 5443 Et
527 5385 704 5442 crucis
733 5381 945 5439 extollit
975 5387 1238 5450 praestans
1280 5377 1538 5430 immotus
1569 5373 1831 5429 honorem

435 5479 704 5536 Omnibus
733 5474 1007 5546 impulsus
1037 5469 1224 5524 ﬂabris
1248 5478 1306 5523 ut
1333 5473 1543 5538 perstat
1565 5466 1847 5536 Olympus,

436 5565 780 5638 Supplicium
808 5560 986 5618 crucis
1013 5558 1251 5614 invictus
1283 5556 1515 5612 tolerare
1539 5553 1766 5623 jubetur

441 5661 727 5733 Princeps,
759 5663 1044 5728 tantOpere
1063 5652 1223 5724 cujus
1245 5649 1595 5708 commendat
1614 5649 1880 5705 honorem

2119 1292 2340 1349 Ducitur
2370 1289 2438 1345 ad
2479 1302 2731 1362 regnum,
2775 1291 3063 1356 postquam
3130 1281 3508 1355 Phlegetontis
3546 1279 3602 1333 in
3635 1280 3737 1332 ima

2119 1385 2396 1440 Devictum
2425 1381 2642 1453 penitus
2675 1378 2833 1433 terris
2864 1375 3134 1446 furtisque
3167 1373 3468 1428 minantem

2120 1479 2277 1542 Aera,
2313 1471 2580 1529 tentando
2611 1470 2831 1534 coelum,
2860 1467 3030 1522 corda
3053 1464 3399 1529 illicientem,

2120 1567 2282 1623 Tritis
2310 1566 2527 1621 allisum
2550 1560 2816 1617 membris
2842 1559 3124 1628 dejecerat
3148 1557 3387 1614 hostem,

2122 1662 2249 1726 Quae
2273 1656 2529 1728 precibus
2559 1661 2815 1708 sternens
2841 1649 3190 1723 genibusque
3219 1647 3276 1700 in
3306 1659 3578 1699 marmore
3600 1641 3731 1704 ﬁxis,

2122 1748 2336 1803 r’Ethere
2357 1744 2578 1814 dejecit,
2610 1741 3048 1812 lapidisignatur
3078 1736 3286 1791 adactae

2120 1841 2272 1894 Nunc
2301 1838 2463 1892 etiam
2494 1834 2693 1906 patulae
2722 1833 2881 1886 Petro
2911 1829 3206 1885 incubante
3239 1841 3486 1880 cavernae

2125 1929 2250 1993 Quae
2286 1925 2469 1996 pluvia
2494 1923 2730 1994 cppletée
2763 1926 2946 1991 pestes
2971 1914 3340 1972 medicamine
3373 1915 3607 1983 pellunt,

2127 2019 2491 2088 Jucundoque
2521 2015 2683 2087 aegris
2709 2012 2842 2066 dant
2869 2024 3101 2064 munera
3136 2007 3348 2062 roboris
3386 2006 3602 2057 haustu.

2199 2111 2470 2165 Christum
2503 2115 2678 2161 morte
2704 2113 2994 2158 secuturus
3020 2099 3151 2154 dum
3184 2096 3407 2152 ducitur
3438 2095 3624 2158 heros,

2131 2207 2398 2262 Exsiliens
2428 2203 2612 2258 animo
2643 2199 2930 2273 indignum
2965 2202 3195 2250 testatur
3222 2191 3420 2246 eodem

2129 2297 2198 2350 Se
2223 2292 2509 2349 sublimari
2543 2288 2806 2344 Dominus
2836 2301 2944 2357 quo
2975 2299 3168 2354 passus
3199 2282 3430 2345 honore,

2129 2389 2230 2455 Qui
2260 2390 2399 2444 cwlo
2419 2384 2720 2441 adveniens
2748 2389 2946 2436 cuncta
2972 2379 3038 2432 ad
3069 2376 3315 2432 caelestia
3347 2373 3540 2435 traxit,

2061 2507 2108 2572 B
2129 2486 2308 2553 Seque
2347 2480 2467 2534 solo
2495 2476 2744 2552 genitum
2777 2481 3058 2527 terrenum
3085 2468 3242 2524 ﬁnxit
3270 2468 3590 2528 alumnum;

2133 2575 2272 2629 Crux
2301 2588 2401 2626 sua
2430 2574 2767 2641 quapropter
2786 2572 2951 2633 caput
2970 2562 3037 2616 ad
3071 2558 3352 2616 terrestria
3374 2564 3581 2628 vergat,

2136 2664 2195 2718 Et
2223 2679 2281 2717 se
2313 2666 2630 2716 terrestrem
2660 2656 2876 2715 doceat,
2896 2649 3212 2720 cmlumque
3246 2645 3550 2717 petendum

2137 2749 2287 2805 Haud
2322 2748 2478 2802 aliter
2494 2745 2550 2799 ni
2596 2742 2846 2811 subjecta
2874 2739 3113 2802 cervice,
3149 2734 3383 2790 revelet.

2138 2847 2248 2900 Nec
2276 2858 2426 2898 mora
2465 2850 2688 2915 gyratur
2716 2835 2894 2891 crucis
2924 2850 2954 2888 a
2985 2833 3177 2886 lictore
3216 2827 3550 2898 triumphus,

2139 2935 2514 3006 Figunturque
2541 2928 2710 3000 pedes
2735 2940 2922 2995 supra,
2948 2923 3173 2977 caeleste
3204 2925 3458 2989 petentes

2141 3025 2296 3080 Lucis
2323 3024 2444 3088 iter,
2479 3021 2784 3090 palmaeque
2812 3015 2982 3068 imum
3015 3019 3287 3081 terrzeque
3309 3006 3611 3078 propinqua

2138 3115 2442 3186 Complexaa
2464 3121 2684 3166 terrena
2714 3107 2903 3179 legunt
2942 3118 3112 3173 super
3141 3110 3287 3154 astra
3326 3096 3571 3152 ferenda.

2143 3210 2448 3282 Alloquitur
2469 3208 2538 3261 de
2567 3202 2845 3274 supplicio
2877 3200 3084 3254 circum
3115 3195 3338 3270 agmina
3366 3193 3504 3257 fusa,

2146 3299 2425 3354 Flentibus
2451 3303 2504 3350 et
2527 3292 2739 3349 cunctis
2767 3288 2956 3344 hilaris
2983 3285 3192 3341 solatur
3219 3283 3473 3345 anhelos,

2142 3389 2598 3461 Tranquillusque
2630 3391 2785 3439 vocat
2817 3380 2999 3436 divina
3032 3378 3098 3432 ad
3131 3375 3329 3449 gaudia
3358 3374 3557 3435 tristes,

2147 3459 2491 3548 Eximiasque
2522 3474 2686 3529 refert
2725 3470 2936 3524 Christo
2967 3482 3061 3538 pro
3092 3479 3320 3520 munere
3349 3459 3523 3532 plebis

2140 3571 2350 3634 Grates,
2382 3565 2470 3622 cui
2486 3559 2840 3619 commendat
2859 3573 2991 3613 oves
3019 3555 3123 3610 sibi
3144 3561 3270 3608 vota
3289 3550 3528 3606 ferentes
3556 3565 3570 3612 ;

2145 3659 2384 3714 Exorans
2411 3653 2548 3725 ipsis
2587 3666 2754 3722 super
2773 3649 2978 3703 mthera
3005 3659 3207 3718 pascua
3237 3642 3426 3706 donet,

2142 3755 2291 3810 Tunc
2322 3754 2464 3808 inter
2483 3748 2727 3804 monitus
2753 3746 3009 3816 interque
3033 3738 3290 3795 affamina
3311 3736 3456 3800 vitae,

2095 3873 2110 3892 π
2147 3846 2294 3899 lnter
2322 3849 2448 3895 vota
2476 3850 2799 3909 precesque,
2835 3833 3090 3902 interque
3119 3825 3370 3898 piissime
3393 3821 3571 3880 verba.

2150 3941 2416 3994 lntentam
2449 3933 2605 3990 cmlis
2631 3931 2871 3987 animam
2904 3929 2971 3982 ad
3001 3924 3244 3982 cmlestia
3269 3919 3450 3975 mittit.

2150 4027 2410 4101 Discipuli
2441 4027 2703 4097 civesque
2729 4023 2827 4095 pii,
2860 4020 3145 4090 sanctique
3185 4011 3443 4077 ministri,

2148 4122 2430 4192 Praecipue
2456 4117 2766 4178 Marcellus,
2799 4113 2852 4169 ei
2882 4112 2974 4184 qui
3007 4110 3148 4165 ﬁdus
3177 4107 3457 4168 alumnus,

2148 4218 2223 4271 De
2253 4217 2414 4270 cruce
2445 4210 2700 4282 deposito
2733 4205 2949 4278 pietatis
2977 4199 3168 4258 munia
3189 4196 3359 4261 sufﬁt,

2146 4305 2370 4361 Ordinat
2390 4299 2702 4371 exsequias,
2721 4303 2776 4352 et
2807 4296 3039 4350 honorat
3076 4295 3320 4344 aromate
3354 4283 3537 4338 multo.

2149 4397 2336 4466 Regna
2363 4386 2773 4460 Triumphantis
2803 4383 2997 4439 mundi
3029 4379 3190 4434 simul
3221 4375 3409 4432 omnia
3439 4371 3596 4427 Patris

2149 4461 2394 4538 Membra
2423 4477 2812 4548 triumphalem
2839 4475 2993 4542 juxta
3016 4466 3360 4523 sanctissima
3390 4461 3572 4517 callem

2149 4579 2207 4632 in
2238 4575 2498 4632 Vaticano
2529 4569 2737 4627 celebri
2767 4567 3100 4624 tumulantur
3133 4563 3364 4616 honore.

2218 4667 2282 4720 At
2311 4661 2642 4732 Benjamites
2672 4659 2881 4723 doctor,
2922 4655 3030 4708 dux
3061 4660 3225 4722 atque
3253 4646 3528 4720 magister,

2151 4756 2442 4824 Postquam
2470 4763 2780 4805 sermonem
2810 4743 2941 4798 ﬁdei
2971 4745 3316 4810 resperserat
3348 4733 3460 4789 oris

2157 4859 2357 4923 Largus
2385 4845 2440 4898 in
2471 4840 2742 4907 Occiduis,
2775 4835 3026 4892 doctrina
3055 4832 3275 4887 Oriente
3317 4826 3546 4898 repleto,

2151 4921 2336 4992 Pun'iri
2366 4931 2594 4988 infando
2607 4945 2748 4984 caesa
2787 4925 3001 4982 cervice
3017 4921 3244 4991 jubetur

2149 5027 2190 5080 A
2219 5025 2366 5080 lanio
2397 5041 2411 5088 ;
2445 5021 2809 5094 praehensquc
2837 5020 3000 5085 caput
3026 5027 3125 5084 pro
3155 5006 3384 5063 numine
3415 5001 3570 5073 regis,

2147 5117 2468 5188 Militiaeque
2507 5112 2640 5167 viris
2669 5124 2858 5164 secum
2891 5104 3066 5161 tribus
3095 5100 3287 5156 ultima
3315 5095 3510 5168 passis,

2153 5207 2310 5263 Orbis
2330 5185 2393 5261 in
2411 5220 2535 5261 arce
2564 5202 2655 5274 pio
2687 5214 2786 5271 pro
2823 5195 3026 5251 lumine
3049 5190 3276 5247 cazditur
3302 5185 3476 5249 orbis,

2159 5255 2308 5263 ---η
2413 5255 2531 5261 __--
2689 5255 2702 5271 ,

2068 5255 2125 5321 D
2152 5299 2342 5354 Fertur
2361 5297 2413 5352 ei
2442 5294 2636 5370 jugulo
2668 5293 2752 5346 lac
2779 5301 3066 5345 emanasse
3105 5279 3306 5343 reciso,

2151 5388 2417 5442 Nimirum
2451 5383 2580 5439 ﬁdei
2608 5381 2703 5454 qui
2727 5381 2864 5434 lacte
2891 5373 3190 5430 nutriverat
3219 5381 3414 5443 agnos.

2154 5476 2376 5534 Emeriti
2403 5451 2908 5542 summo‘proceres
2934 5466 3005 5519 de
3024 5461 3267 5518 culmine
3296 5451 3482 5512 mundi

2152 5571 2395 5626 Siderea:
2428 5565 2634 5638 pariter
2666 5561 2932 5618 tolluntur
2959 5556 3014 5610 in
3038 5554 3209 5609 ardua
3231 5550 3398 5614 sedis,

2157 5667 2217 5721 Et
2246 5665 2447 5739 Regem
2464 5659 2643 5732 Spolia
2669 5665 2798 5713 ante
2825 5667 2986 5710 suum
3004 5647 3248 5721 pretiosa
3265 5645 3543 5714 reportant.
