  <div class='ocr_page' id='page_1' title='image "/cluster/home/n/w/nwhite01/storage/ocr_20150623/135/hvd.32044054759956/308.png"; bbox 0 0 3974 6146; ppageno 0'>
   <div class='ocr_carea' id='block_1_1' title="bbox 211 317 3546 381">
    <p class='ocr_par' dir='ltr' id='par_1_1' title="bbox 211 317 3546 381">
     <span class='ocr_line' id='line_1_1' title="bbox 211 317 3546 381; baseline 0.001 -7"><span class='ocrx_word' id='word_1_1' title='bbox 211 320 320 374; x_wconf 81' lang='grc'>605</span> <span class='ocrx_word' id='word_1_2' title='bbox 856 319 938 372; x_wconf 83' lang='lat' dir='ltr'><strong>DE</strong></span> <span class='ocrx_word' id='word_1_3' title='bbox 976 318 1232 373; x_wconf 78' lang='lat' dir='ltr'>CHRISTI</span> <span class='ocrx_word' id='word_1_4' title='bbox 1272 317 1636 374; x_wconf 79' lang='lat' dir='ltr'><strong>TRIUMPIIIS</strong></span> <span class='ocrx_word' id='word_1_5' title='bbox 1674 319 1845 374; x_wconf 86' lang='lat' dir='ltr'>APUD</span> <span class='ocrx_word' id='word_1_6' title='bbox 1886 319 2154 375; x_wconf 83' lang='lat' dir='ltr'><strong>I&#39;I‘ALIAM</strong></span> <span class='ocrx_word' id='word_1_7' title='bbox 2193 321 2368 376; x_wconf 78' lang='lat' dir='ltr'><strong>LIBRI</strong></span> <span class='ocrx_word' id='word_1_8' title='bbox 2410 322 2539 378; x_wconf 81' lang='lat' dir='ltr'><strong>XVI.</strong></span> <span class='ocrx_word' id='word_1_9' title='bbox 2580 353 2648 362; x_wconf 91' lang='lat'>—</span> <span class='ocrx_word' id='word_1_10' title='bbox 2689 322 2812 376; x_wconf 86' lang='lat' dir='ltr'><strong>LIB.</strong></span> <span class='ocrx_word' id='word_1_11' title='bbox 2857 323 2896 376; x_wconf 93' lang='lat' dir='ltr'><strong>I.</strong></span> <span class='ocrx_word' id='word_1_12' title='bbox 3435 326 3546 381; x_wconf 84' lang='lat'>606</span> 
     </span>
    </p>
   </div>
   <div class='ocr_carea' id='block_1_2' title="bbox 215 441 3262 524">
    <p class='ocr_par' dir='ltr' id='par_1_2' title="bbox 215 441 3262 524">
     <span class='ocr_line' id='line_1_2' title="bbox 215 441 3262 524; baseline 0.001 -24"><span class='ocrx_word' id='word_1_13' title='bbox 215 450 251 500; x_wconf 78' lang='grc' dir='ltr'>Α</span> <span class='ocrx_word' id='word_1_14' title='bbox 285 461 398 516; x_wconf 88' lang='lat' dir='ltr'>quo</span> <span class='ocrx_word' id='word_1_15' title='bbox 426 443 682 514; x_wconf 76' lang='lat' dir='ltr'>perpetui</span> <span class='ocrx_word' id='word_1_16' title='bbox 715 441 884 498; x_wconf 86' lang='lat' dir='ltr'>fastus</span> <span class='ocrx_word' id='word_1_17' title='bbox 904 444 1147 519; x_wconf 90' lang='lat' dir='ltr'>insignia</span> <span class='ocrx_word' id='word_1_18' title='bbox 1167 453 1406 516; x_wconf 88' lang='lat' dir='ltr'>captant.</span> <span class='ocrx_word' id='word_1_19' title='bbox 1777 505 1786 513; x_wconf 54' lang='grc'><em>,</em></span> <span class='ocrx_word' id='word_1_20' title='bbox 1863 452 1907 516; x_wconf 82' lang='grc' dir='ltr'>Α</span> <span class='ocrx_word' id='word_1_21' title='bbox 1935 445 2232 500; x_wconf 90' lang='lat' dir='ltr'>Terrentur</span> <span class='ocrx_word' id='word_1_22' title='bbox 2261 446 2495 500; x_wconf 78' lang='lat' dir='ltr'>tonitrus</span> <span class='ocrx_word' id='word_1_23' title='bbox 2521 446 2706 501; x_wconf 91' lang='lat' dir='ltr'>subito</span> <span class='ocrx_word' id='word_1_24' title='bbox 2735 447 2809 512; x_wconf 87' lang='lat' dir='ltr'>vi,</span> <span class='ocrx_word' id='word_1_25' title='bbox 2838 447 3070 521; x_wconf 83' lang='lat' dir='ltr'>fulguris</span> <span class='ocrx_word' id='word_1_26' title='bbox 3101 449 3262 524; x_wconf 89' lang='lat' dir='ltr'>igne:</span> 
     </span>
    </p>
   </div>
   <div class='ocr_carea' id='block_1_3' title="bbox 211 538 3259 613">
    <p class='ocr_par' dir='ltr' id='par_1_3' title="bbox 211 538 3259 613">
     <span class='ocr_line' id='line_1_3' title="bbox 211 538 3259 613; baseline 0.002 -21"><span class='ocrx_word' id='word_1_27' title='bbox 211 539 466 593; x_wconf 76' lang='lat' dir='ltr'>Traditur</span> <span class='ocrx_word' id='word_1_28' title='bbox 501 538 610 592; x_wconf 86' lang='lat' dir='ltr'>an</span> <span class='ocrx_word' id='word_1_29' title='bbox 649 538 914 608; x_wconf 89' lang='lat' dir='ltr'>quosdam</span> <span class='ocrx_word' id='word_1_30' title='bbox 947 538 1173 613; x_wconf 80' lang='lat' dir='ltr'>regione</span> <span class='ocrx_word' id='word_1_31' title='bbox 1201 538 1404 607; x_wconf 86' lang='lat' dir='ltr'>petisse</span> <span class='ocrx_word' id='word_1_32' title='bbox 1937 538 2298 612; x_wconf 89' lang='lat' dir='ltr'>Sparguntur,</span> <span class='ocrx_word' id='word_1_33' title='bbox 2322 539 2455 592; x_wconf 90' lang='lat' dir='ltr'>tanti</span> <span class='ocrx_word' id='word_1_34' title='bbox 2478 539 3050 610; x_wconf 90' lang='lat' dir='ltr'>linquuntconamina</span> <span class='ocrx_word' id='word_1_35' title='bbox 3076 543 3259 613; x_wconf 66' lang='lat' dir='ltr'>empti.</span> 
     </span>
    </p>
   </div>
   <div class='ocr_carea' id='block_1_4' title="bbox 211 627 3136 701">
    <p class='ocr_par' dir='ltr' id='par_1_4' title="bbox 211 627 3136 701">
     <span class='ocr_line' id='line_1_4' title="bbox 211 627 3136 701; baseline 0.001 -19"><span class='ocrx_word' id='word_1_36' title='bbox 211 630 510 684; x_wconf 79' lang='lat' dir='ltr'>Ausoniam</span> <span class='ocrx_word' id='word_1_37' title='bbox 540 628 794 694; x_wconf 88' lang='lat' dir='ltr'>comites,</span> <span class='ocrx_word' id='word_1_38' title='bbox 824 628 1148 681; x_wconf 82' lang='lat' dir='ltr'>charissima</span> <span class='ocrx_word' id='word_1_39' title='bbox 1187 627 1434 681; x_wconf 90' lang='lat' dir='ltr'>membra</span> <span class='ocrx_word' id='word_1_40' title='bbox 1465 627 1689 696; x_wconf 85' lang='lat' dir='ltr'>referre,</span> <span class='ocrx_word' id='word_1_41' title='bbox 1936 629 2184 684; x_wconf 84' lang='lat' dir='ltr'>Romulei</span> <span class='ocrx_word' id='word_1_42' title='bbox 2215 630 2382 694; x_wconf 83' lang='lat' dir='ltr'>cives,</span> <span class='ocrx_word' id='word_1_43' title='bbox 2413 630 2507 701; x_wconf 88' lang='lat' dir='ltr'>qui</span> <span class='ocrx_word' id='word_1_44' title='bbox 2547 630 2699 700; x_wconf 85' lang='lat' dir='ltr'>digni</span> <span class='ocrx_word' id='word_1_45' title='bbox 2735 630 2869 685; x_wconf 86' lang='lat' dir='ltr'>forte</span> <span class='ocrx_word' id='word_1_46' title='bbox 2901 632 3136 701; x_wconf 81' lang='lat' dir='ltr'>probati,</span> 
     </span>
    </p>
   </div>
   <div class='ocr_carea' id='block_1_5' title="bbox 214 721 3216 793">
    <p class='ocr_par' dir='ltr' id='par_1_5' title="bbox 214 721 3216 793">
     <span class='ocr_line' id='line_1_5' title="bbox 214 721 3216 793; baseline 0 -15"><span class='ocrx_word' id='word_1_47' title='bbox 214 726 276 779; x_wconf 80' lang='lat' dir='ltr'>Et</span> <span class='ocrx_word' id='word_1_48' title='bbox 307 740 491 778; x_wconf 89' lang='lat' dir='ltr'>curam</span> <span class='ocrx_word' id='word_1_49' title='bbox 525 722 766 793; x_wconf 88' lang='lat' dir='ltr'>propriis</span> <span class='ocrx_word' id='word_1_50' title='bbox 794 721 1062 776; x_wconf 89' lang='lat' dir='ltr'>adhibere</span> <span class='ocrx_word' id='word_1_51' title='bbox 1095 721 1388 776; x_wconf 88' lang='lat' dir='ltr'>tribulibus</span> <span class='ocrx_word' id='word_1_52' title='bbox 1416 731 1618 792; x_wconf 84' lang='lat' dir='ltr'>aptam.</span> <span class='ocrx_word' id='word_1_53' title='bbox 1933 721 2138 776; x_wconf 86' lang='lat' dir='ltr'>Sectari</span> <span class='ocrx_word' id='word_1_54' title='bbox 2171 728 2377 776; x_wconf 90' lang='lat' dir='ltr'>tantum</span> <span class='ocrx_word' id='word_1_55' title='bbox 2410 722 2504 792; x_wconf 87' lang='lat' dir='ltr'>qui</span> <span class='ocrx_word' id='word_1_56' title='bbox 2547 736 2903 791; x_wconf 89' lang='lat' dir='ltr'>promeruere</span> <span class='ocrx_word' id='word_1_57' title='bbox 2935 723 3216 787; x_wconf 88' lang='lat' dir='ltr'>decorem,</span> 
     </span>
    </p>
   </div>
   <div class='ocr_carea' id='block_1_6' title="bbox 209 810 3362 885">
    <p class='ocr_par' dir='ltr' id='par_1_6' title="bbox 209 810 3362 885">
     <span class='ocr_line' id='line_1_6' title="bbox 209 810 3362 885; baseline -0.002 -14"><span class='ocrx_word' id='word_1_58' title='bbox 209 817 439 871; x_wconf 86' lang='lat' dir='ltr'>Munera</span> <span class='ocrx_word' id='word_1_59' title='bbox 469 824 751 885; x_wconf 84' lang='lat' dir='ltr'>captantes</span> <span class='ocrx_word' id='word_1_60' title='bbox 777 814 892 868; x_wconf 90' lang='lat' dir='ltr'>fere</span> <span class='ocrx_word' id='word_1_61' title='bbox 920 831 1020 884; x_wconf 90' lang='lat' dir='ltr'>per</span> <span class='ocrx_word' id='word_1_62' title='bbox 1045 814 1153 868; x_wconf 92' lang='lat' dir='ltr'>duo</span> <span class='ocrx_word' id='word_1_63' title='bbox 1181 814 1352 868; x_wconf 89' lang='lat' dir='ltr'>millia</span> <span class='ocrx_word' id='word_1_64' title='bbox 1379 821 1616 885; x_wconf 89' lang='lat' dir='ltr'>raptant,</span> <span class='ocrx_word' id='word_1_65' title='bbox 1932 811 2216 876; x_wconf 84' lang='lat' dir='ltr'>Attollunt,</span> <span class='ocrx_word' id='word_1_66' title='bbox 2257 810 2720 880; x_wconf 89' lang='lat' dir='ltr'>complectuntur,</span> <span class='ocrx_word' id='word_1_67' title='bbox 2760 811 2865 864; x_wconf 89' lang='lat' dir='ltr'>sibi</span> <span class='ocrx_word' id='word_1_68' title='bbox 2899 821 3051 882; x_wconf 85' lang='lat' dir='ltr'>rapta</span> <span class='ocrx_word' id='word_1_69' title='bbox 3081 819 3362 884; x_wconf 84' lang='lat' dir='ltr'>receptant</span> 
     </span>
    </p>
   </div>
   <div class='ocr_carea' id='block_1_7' title="bbox 210 901 3348 976">
    <p class='ocr_par' dir='ltr' id='par_1_7' title="bbox 210 901 3348 976">
     <span class='ocr_line' id='line_1_7' title="bbox 210 901 3348 976; baseline -0.001 -16"><span class='ocrx_word' id='word_1_70' title='bbox 210 907 452 970; x_wconf 86' lang='lat' dir='ltr'>Quorum</span> <span class='ocrx_word' id='word_1_71' title='bbox 480 920 647 959; x_wconf 90' lang='lat' dir='ltr'>ausus</span> <span class='ocrx_word' id='word_1_72' title='bbox 686 901 1134 957; x_wconf 89' lang='lat' dir='ltr'>Catacumbarum</span> <span class='ocrx_word' id='word_1_73' title='bbox 1157 903 1258 957; x_wconf 92' lang='lat' dir='ltr'>sub</span> <span class='ocrx_word' id='word_1_74' title='bbox 1288 903 1426 957; x_wconf 88' lang='lat' dir='ltr'>calle</span> <span class='ocrx_word' id='word_1_75' title='bbox 1459 903 1722 970; x_wconf 89' lang='lat' dir='ltr'>relidens,</span> <span class='ocrx_word' id='word_1_76' title='bbox 1934 902 2188 976; x_wconf 84' lang='lat' dir='ltr'>Pignora,</span> <span class='ocrx_word' id='word_1_77' title='bbox 2231 918 2342 973; x_wconf 64' lang='lat' dir='ltr'>prae</span> <span class='ocrx_word' id='word_1_78' title='bbox 2363 901 2575 958; x_wconf 91' lang='lat' dir='ltr'>cunctis</span> <span class='ocrx_word' id='word_1_79' title='bbox 2601 902 2802 972; x_wconf 90' lang='lat' dir='ltr'>opibus</span> <span class='ocrx_word' id='word_1_80' title='bbox 2833 902 3106 957; x_wconf 89' lang='lat' dir='ltr'>ditissima</span> <span class='ocrx_word' id='word_1_81' title='bbox 3134 903 3348 958; x_wconf 91' lang='lat' dir='ltr'>mundi.</span> 
     </span>
    </p>
   </div>
   <div class='ocr_carea' id='block_1_8' title="bbox 213 994 3406 1072">
    <p class='ocr_par' dir='ltr' id='par_1_8' title="bbox 213 994 3406 1072">
     <span class='ocr_line' id='line_1_8' title="bbox 213 994 3406 1072; baseline -0.002 -20"><span class='ocrx_word' id='word_1_82' title='bbox 213 998 404 1072; x_wconf 84' lang='lat' dir='ltr'>Arguit</span> <span class='ocrx_word' id='word_1_83' title='bbox 442 995 699 1050; x_wconf 90' lang='lat' dir='ltr'>immensi</span> <span class='ocrx_word' id='word_1_84' title='bbox 741 995 1001 1065; x_wconf 69' lang='lat' dir='ltr'>prtecelsa</span> <span class='ocrx_word' id='word_1_85' title='bbox 1028 996 1273 1066; x_wconf 90' lang='lat' dir='ltr'>potentia</span> <span class='ocrx_word' id='word_1_86' title='bbox 1305 994 1522 1062; x_wconf 88' lang='lat' dir='ltr'>Christi,</span> <span class='ocrx_word' id='word_1_87' title='bbox 1936 994 2072 1049; x_wconf 84' lang='lat' dir='ltr'>Hinc</span> <span class='ocrx_word' id='word_1_88' title='bbox 2101 994 2222 1050; x_wconf 88' lang='lat' dir='ltr'>loca</span> <span class='ocrx_word' id='word_1_89' title='bbox 2254 994 2380 1065; x_wconf 86' lang='lat' dir='ltr'>quis</span> <span class='ocrx_word' id='word_1_90' title='bbox 2408 999 2763 1048; x_wconf 86' lang='lat' dir='ltr'>servarentur</span> <span class='ocrx_word' id='word_1_91' title='bbox 2793 1009 2892 1064; x_wconf 89' lang='lat' dir='ltr'>pro</span> <span class='ocrx_word' id='word_1_92' title='bbox 2919 995 3060 1048; x_wconf 87' lang='lat' dir='ltr'>velle</span> <span class='ocrx_word' id='word_1_93' title='bbox 3091 1004 3406 1065; x_wconf 87' lang='lat' dir='ltr'>capessunt,</span> 
     </span>
    </p>
   </div>
   <div class='ocr_carea' id='block_1_9' title="bbox 209 1087 3402 1160">
    <p class='ocr_par' dir='ltr' id='par_1_9' title="bbox 209 1087 3402 1160">
     <span class='ocr_line' id='line_1_9' title="bbox 209 1087 3402 1160; baseline -0.001 -15"><span class='ocrx_word' id='word_1_94' title='bbox 209 1092 492 1146; x_wconf 85' lang='lat' dir='ltr'>Summam</span> <span class='ocrx_word' id='word_1_95' title='bbox 526 1090 818 1160; x_wconf 83' lang='lat' dir='ltr'>praecipuis</span> <span class='ocrx_word' id='word_1_96' title='bbox 847 1089 1039 1143; x_wconf 90' lang='lat' dir='ltr'>urbem</span> <span class='ocrx_word' id='word_1_97' title='bbox 1073 1089 1338 1144; x_wconf 88' lang='lat' dir='ltr'>decorare</span> <span class='ocrx_word' id='word_1_98' title='bbox 1375 1088 1620 1158; x_wconf 89' lang='lat' dir='ltr'>patronis</span> <span class='ocrx_word' id='word_1_99' title='bbox 1935 1087 1992 1141; x_wconf 92' lang='lat' dir='ltr'>ln</span> <span class='ocrx_word' id='word_1_100' title='bbox 2024 1088 2224 1158; x_wconf 89' lang='lat' dir='ltr'>quibus</span> <span class='ocrx_word' id='word_1_101' title='bbox 2254 1093 2308 1142; x_wconf 90' lang='lat' dir='ltr'>et</span> <span class='ocrx_word' id='word_1_102' title='bbox 2342 1094 2458 1143; x_wconf 90' lang='lat' dir='ltr'>toto</span> <span class='ocrx_word' id='word_1_103' title='bbox 2483 1096 2814 1142; x_wconf 89' lang='lat' dir='ltr'>veneranter</span> <span class='ocrx_word' id='word_1_104' title='bbox 2842 1087 2912 1142; x_wconf 87' lang='lat' dir='ltr'>ab</span> <span class='ocrx_word' id='word_1_105' title='bbox 2941 1089 3076 1142; x_wconf 91' lang='lat' dir='ltr'>orbe</span> <span class='ocrx_word' id='word_1_106' title='bbox 3106 1095 3402 1158; x_wconf 88' lang='lat' dir='ltr'>petuntur;</span> 
     </span>
    </p>
   </div>
   <div class='ocr_carea' id='block_1_10' title="bbox 212 1177 3272 1248">
    <p class='ocr_par' dir='ltr' id='par_1_10' title="bbox 212 1177 3272 1248">
     <span class='ocr_line' id='line_1_10' title="bbox 212 1177 3272 1248; baseline -0.001 -13"><span class='ocrx_word' id='word_1_107' title='bbox 212 1181 531 1246; x_wconf 89' lang='lat' dir='ltr'>lnstituens,</span> <span class='ocrx_word' id='word_1_108' title='bbox 562 1179 767 1234; x_wconf 88' lang='lat' dir='ltr'>ferrent</span> <span class='ocrx_word' id='word_1_109' title='bbox 795 1185 994 1233; x_wconf 91' lang='lat' dir='ltr'>cuncto</span> <span class='ocrx_word' id='word_1_110' title='bbox 1027 1179 1153 1232; x_wconf 89' lang='lat' dir='ltr'>hinc</span> <span class='ocrx_word' id='word_1_111' title='bbox 1174 1178 1424 1232; x_wconf 78' lang='lat' dir='ltr'>solamen</span> <span class='ocrx_word' id='word_1_112' title='bbox 1460 1184 1518 1231; x_wconf 89' lang='lat' dir='ltr'>ut</span> <span class='ocrx_word' id='word_1_113' title='bbox 1543 1177 1688 1244; x_wconf 91' lang='lat' dir='ltr'>orbi,</span> <span class='ocrx_word' id='word_1_114' title='bbox 1937 1177 2036 1240; x_wconf 85' lang='lat' dir='ltr'>Qui</span> <span class='ocrx_word' id='word_1_115' title='bbox 2053 1177 2231 1244; x_wconf 87' lang='lat' dir='ltr'>juncti</span> <span class='ocrx_word' id='word_1_116' title='bbox 2258 1177 2490 1231; x_wconf 88' lang='lat' dir='ltr'>Domino</span> <span class='ocrx_word' id='word_1_117' title='bbox 2518 1177 2828 1248; x_wconf 68' lang='lat' dir='ltr'>caalisuper</span> <span class='ocrx_word' id='word_1_118' title='bbox 2847 1186 2990 1231; x_wconf 80' lang='lat' dir='ltr'>astra</span> <span class='ocrx_word' id='word_1_119' title='bbox 3014 1178 3272 1232; x_wconf 86' lang='lat' dir='ltr'>sedentes</span> 
     </span>
    </p>
   </div>
   <div class='ocr_carea' id='block_1_11' title="bbox 210 1265 3336 1341">
    <p class='ocr_par' dir='ltr' id='par_1_11' title="bbox 210 1265 3336 1341">
     <span class='ocr_line' id='line_1_11' title="bbox 210 1265 3336 1341; baseline -0.001 -17"><span class='ocrx_word' id='word_1_120' title='bbox 210 1271 373 1326; x_wconf 87' lang='lat' dir='ltr'>Orbis</span> <span class='ocrx_word' id='word_1_121' title='bbox 392 1278 447 1326; x_wconf 90' lang='lat' dir='ltr'>et</span> <span class='ocrx_word' id='word_1_122' title='bbox 472 1271 526 1325; x_wconf 91' lang='lat' dir='ltr'>in</span> <span class='ocrx_word' id='word_1_123' title='bbox 558 1270 738 1341; x_wconf 88' lang='lat' dir='ltr'>capite</span> <span class='ocrx_word' id='word_1_124' title='bbox 767 1275 878 1323; x_wconf 85' lang='lat' dir='ltr'>toto</span> <span class='ocrx_word' id='word_1_125' title='bbox 909 1273 1230 1339; x_wconf 81' lang='lat' dir='ltr'>peterentur</span> <span class='ocrx_word' id='word_1_126' title='bbox 1260 1266 1328 1320; x_wconf 91' lang='lat' dir='ltr'>ab</span> <span class='ocrx_word' id='word_1_127' title='bbox 1359 1268 1511 1322; x_wconf 90' lang='lat' dir='ltr'>orbe.</span> <span class='ocrx_word' id='word_1_128' title='bbox 1937 1265 2143 1337; x_wconf 86' lang='lat' dir='ltr'>Inclyta</span> <span class='ocrx_word' id='word_1_129' title='bbox 2171 1265 2480 1335; x_wconf 86' lang='lat' dir='ltr'>subjectum</span> <span class='ocrx_word' id='word_1_130' title='bbox 2512 1266 2815 1337; x_wconf 90' lang='lat' dir='ltr'>disponunt</span> <span class='ocrx_word' id='word_1_131' title='bbox 2835 1267 2961 1336; x_wconf 88' lang='lat' dir='ltr'>jura</span> <span class='ocrx_word' id='word_1_132' title='bbox 2990 1284 3087 1339; x_wconf 87' lang='lat' dir='ltr'>per</span> <span class='ocrx_word' id='word_1_133' title='bbox 3123 1267 3336 1322; x_wconf 90' lang='lat' dir='ltr'>orbem.</span> 
     </span>
    </p>
   </div>
   <div class='ocr_carea' id='block_1_12' title="bbox 1707 1421 2053 1477">
    <p class='ocr_par' dir='ltr' id='par_1_12' title="bbox 1707 1421 2053 1477">
     <span class='ocr_line' id='line_1_12' title="bbox 1707 1421 2053 1477; baseline 0.003 -1"><span class='ocrx_word' id='word_1_134' title='bbox 1707 1421 1926 1476; x_wconf 82' lang='lat' dir='ltr'>CAPUT</span> <span class='ocrx_word' id='word_1_135' title='bbox 1971 1422 2053 1477; x_wconf 82' lang='grc' dir='ltr'>ιν.</span> 
     </span>
    </p>
   </div>
   <div class='ocr_carea' id='block_1_13' title="bbox 1035 1552 2695 1630">
    <p class='ocr_par' dir='ltr' id='par_1_13' title="bbox 1035 1552 2695 1630">
     <span class='ocr_line' id='line_1_13' title="bbox 1035 1552 2695 1630; baseline -0.002 -16"><span class='ocrx_word' id='word_1_136' title='bbox 1035 1557 1109 1614; x_wconf 85' lang='lat' dir='ltr'>De</span> <span class='ocrx_word' id='word_1_137' title='bbox 1135 1558 1359 1616; x_wconf 77' lang='lat' dir='ltr'>sanctis</span> <span class='ocrx_word' id='word_1_138' title='bbox 1400 1552 1670 1613; x_wconf 77' lang='lat' dir='ltr'>Processo</span> <span class='ocrx_word' id='word_1_139' title='bbox 1709 1563 1762 1614; x_wconf 87' lang='lat' dir='ltr'>et</span> <span class='ocrx_word' id='word_1_140' title='bbox 1793 1554 2168 1614; x_wconf 77' lang='lat' dir='ltr'>Martiniano</span> <span class='ocrx_word' id='word_1_141' title='bbox 2202 1563 2380 1630; x_wconf 86' lang='lat' dir='ltr'>atque</span> <span class='ocrx_word' id='word_1_142' title='bbox 2412 1555 2695 1613; x_wconf 84' lang='lat' dir='ltr'>Luciana.</span> 
     </span>
    </p>
   </div>
   <div class='ocr_carea' id='block_1_14' title="bbox 208 1694 3220 1767">
    <p class='ocr_par' dir='ltr' id='par_1_14' title="bbox 208 1694 3220 1767">
     <span class='ocr_line' id='line_1_14' title="bbox 208 1694 3220 1767; baseline -0.003 -12"><span class='ocrx_word' id='word_1_143' title='bbox 208 1700 496 1755; x_wconf 87' lang='lat' dir='ltr'>Submotis</span> <span class='ocrx_word' id='word_1_144' title='bbox 526 1699 798 1766; x_wconf 90' lang='lat' dir='ltr'>Patribus,</span> <span class='ocrx_word' id='word_1_145' title='bbox 832 1705 946 1753; x_wconf 88' lang='lat' dir='ltr'>toto</span> <span class='ocrx_word' id='word_1_146' title='bbox 977 1697 1155 1753; x_wconf 82' lang='lat' dir='ltr'>vibrat</span> <span class='ocrx_word' id='word_1_147' title='bbox 1180 1713 1330 1751; x_wconf 88' lang='lat' dir='ltr'>arma</span> <span class='ocrx_word' id='word_1_148' title='bbox 1359 1707 1624 1767; x_wconf 82' lang='lat' dir='ltr'>tyrannus</span> <span class='ocrx_word' id='word_1_149' title='bbox 1937 1697 2111 1766; x_wconf 90' lang='lat' dir='ltr'>Atque</span> <span class='ocrx_word' id='word_1_150' title='bbox 2139 1694 2229 1765; x_wconf 91' lang='lat' dir='ltr'>pio</span> <span class='ocrx_word' id='word_1_151' title='bbox 2256 1710 2527 1749; x_wconf 86' lang='lat' dir='ltr'>venerans</span> <span class='ocrx_word' id='word_1_152' title='bbox 2567 1696 2736 1761; x_wconf 91' lang='lat' dir='ltr'>cultu,</span> <span class='ocrx_word' id='word_1_153' title='bbox 2773 1695 2973 1750; x_wconf 86' lang='lat' dir='ltr'>Lucina</span> <span class='ocrx_word' id='word_1_154' title='bbox 2994 1696 3220 1766; x_wconf 89' lang='lat' dir='ltr'>recepit.</span> 
     </span>
    </p>
   </div>
   <div class='ocr_carea' id='block_1_15' title="bbox 208 1783 3265 1866">
    <p class='ocr_par' dir='ltr' id='par_1_15' title="bbox 208 1783 3265 1866">
     <span class='ocr_line' id='line_1_15' title="bbox 208 1783 3265 1866; baseline -0.002 -25"><span class='ocrx_word' id='word_1_155' title='bbox 208 1795 266 1846; x_wconf 88' lang='lat' dir='ltr'>lu</span> <span class='ocrx_word' id='word_1_156' title='bbox 303 1807 472 1866; x_wconf 75' lang='lat' dir='ltr'>grege</span> <span class='ocrx_word' id='word_1_157' title='bbox 506 1800 816 1865; x_wconf 75' lang='lat' dir='ltr'>gnatorum,</span> <span class='ocrx_word' id='word_1_158' title='bbox 858 1790 1140 1860; x_wconf 86' lang='lat' dir='ltr'>fundoque</span> <span class='ocrx_word' id='word_1_159' title='bbox 1165 1789 1380 1844; x_wconf 84' lang='lat' dir='ltr'>auferre</span> <span class='ocrx_word' id='word_1_160' title='bbox 1411 1789 1623 1843; x_wconf 85' lang='lat' dir='ltr'>laborat</span> <span class='ocrx_word' id='word_1_161' title='bbox 1935 1783 2117 1838; x_wconf 83' lang='lat' dir='ltr'>Gloria</span> <span class='ocrx_word' id='word_1_162' title='bbox 2139 1799 2262 1854; x_wconf 59' lang='lat' dir='ltr'>qua:</span> <span class='ocrx_word' id='word_1_163' title='bbox 2294 1793 2513 1837; x_wconf 90' lang='lat' dir='ltr'>maneat</span> <span class='ocrx_word' id='word_1_164' title='bbox 2544 1790 2812 1838; x_wconf 80' lang='lat' dir='ltr'>testantur</span> <span class='ocrx_word' id='word_1_165' title='bbox 2841 1784 2980 1865; x_wconf 70' lang='lat' dir='ltr'>mira</span> <span class='ocrx_word' id='word_1_166' title='bbox 3009 1783 3265 1854; x_wconf 83' lang='lat' dir='ltr'>sepultis:</span> 
     </span>
    </p>
   </div>
   <div class='ocr_carea' id='block_1_16' title="bbox 205 1873 3196 1957">
    <p class='ocr_par' dir='ltr' id='par_1_16' title="bbox 205 1873 3196 1957">
     <span class='ocr_line' id='line_1_16' title="bbox 205 1873 3196 1957; baseline -0.004 -18"><span class='ocrx_word' id='word_1_167' title='bbox 205 1887 321 1941; x_wconf 84' lang='lat' dir='ltr'>l-loc</span> <span class='ocrx_word' id='word_1_168' title='bbox 351 1901 548 1957; x_wconf 87' lang='lat' dir='ltr'>genus,</span> <span class='ocrx_word' id='word_1_169' title='bbox 576 1902 608 1939; x_wconf 89' lang='lat' dir='ltr'>a</span> <span class='ocrx_word' id='word_1_170' title='bbox 633 1885 783 1938; x_wconf 85' lang='lat' dir='ltr'>celsa</span> <span class='ocrx_word' id='word_1_171' title='bbox 810 1884 934 1939; x_wconf 68' lang='lat' dir='ltr'>caali</span> <span class='ocrx_word' id='word_1_172' title='bbox 968 1883 1114 1954; x_wconf 89' lang='lat' dir='ltr'>quod</span> <span class='ocrx_word' id='word_1_173' title='bbox 1156 1882 1373 1956; x_wconf 82' lang='lat' dir='ltr'>origine</span> <span class='ocrx_word' id='word_1_174' title='bbox 1406 1883 1652 1944; x_wconf 90' lang='lat' dir='ltr'>ductum,</span> <span class='ocrx_word' id='word_1_175' title='bbox 1935 1873 2092 1928; x_wconf 85' lang='lat' dir='ltr'>Peste</span> <span class='ocrx_word' id='word_1_176' title='bbox 2128 1874 2289 1928; x_wconf 75' lang='lat' dir='ltr'>levati</span> <span class='ocrx_word' id='word_1_177' title='bbox 2317 1874 2470 1948; x_wconf 62' lang='lat' dir='ltr'>aegri,</span> <span class='ocrx_word' id='word_1_178' title='bbox 2494 1874 2721 1945; x_wconf 86' lang='lat' dir='ltr'>perjuri,</span> <span class='ocrx_word' id='word_1_179' title='bbox 2753 1875 3003 1929; x_wconf 68' lang='lat' dir='ltr'>daemone</span> <span class='ocrx_word' id='word_1_180' title='bbox 3035 1875 3196 1946; x_wconf 87' lang='lat' dir='ltr'>rapti,</span> 
     </span>
    </p>
   </div>
   <div class='ocr_carea' id='block_1_17' title="bbox 202 1965 3197 2045">
    <p class='ocr_par' dir='ltr' id='par_1_17' title="bbox 202 1965 3197 2045">
     <span class='ocr_line' id='line_1_17' title="bbox 202 1965 3197 2045; baseline -0.003 -17"><span class='ocrx_word' id='word_1_181' title='bbox 202 1976 387 2045; x_wconf 82' lang='lat' dir='ltr'>Seque</span> <span class='ocrx_word' id='word_1_182' title='bbox 410 1990 650 2045; x_wconf 90' lang='lat' dir='ltr'>suosque</span> <span class='ocrx_word' id='word_1_183' title='bbox 675 1974 826 2028; x_wconf 86' lang='lat' dir='ltr'>videt</span> <span class='ocrx_word' id='word_1_184' title='bbox 847 1973 1022 2027; x_wconf 87' lang='lat' dir='ltr'>fasces</span> <span class='ocrx_word' id='word_1_185' title='bbox 1050 1973 1371 2043; x_wconf 81' lang='lat' dir='ltr'>pervadere.</span> <span class='ocrx_word' id='word_1_186' title='bbox 1404 1971 1654 2042; x_wconf 82' lang='lat' dir='ltr'>Longum</span> <span class='ocrx_word' id='word_1_187' title='bbox 1863 2015 1904 2045; x_wconf 64' lang='grc' dir='ltr'>υ</span> <span class='ocrx_word' id='word_1_188' title='bbox 1938 1967 2100 2020; x_wconf 87' lang='lat' dir='ltr'>Hoste</span> <span class='ocrx_word' id='word_1_189' title='bbox 2127 1965 2244 2021; x_wconf 90' lang='lat' dir='ltr'>fero</span> <span class='ocrx_word' id='word_1_190' title='bbox 2276 1966 2462 2033; x_wconf 90' lang='lat' dir='ltr'>vincti,</span> <span class='ocrx_word' id='word_1_191' title='bbox 2494 1974 2808 2022; x_wconf 88' lang='lat' dir='ltr'>sanctorum</span> <span class='ocrx_word' id='word_1_192' title='bbox 2841 1968 2964 2021; x_wconf 90' lang='lat' dir='ltr'>lucc</span> <span class='ocrx_word' id='word_1_193' title='bbox 2995 1967 3197 2030; x_wconf 88' lang='lat' dir='ltr'>soluti;</span> 
     </span>
    </p>
   </div>
   <div class='ocr_carea' id='block_1_18' title="bbox 200 2015 3163 2132">
    <p class='ocr_par' dir='ltr' id='par_1_18' title="bbox 200 2015 3163 2132">
     <span class='ocr_line' id='line_1_18' title="bbox 202 2015 3158 2045; baseline -0.003 -16"><span class='ocrx_word' id='word_1_194' title='bbox 202 2015 387 2045; x_wconf 62' lang='grc' dir='ltr'>υωιυυ</span> <span class='ocrx_word' id='word_1_195' title='bbox 410 2015 650 2045; x_wconf 55' lang='lat' dir='ltr'>we..un</span> <span class='ocrx_word' id='word_1_196' title='bbox 686 2015 1022 2028; x_wconf 62' lang='grc' dir='ltr'>...υυυυ</span> <span class='ocrx_word' id='word_1_197' title='bbox 1051 2015 1136 2043; x_wconf 60' lang='grc' dir='ltr'>νυ.</span> <span class='ocrx_word' id='word_1_198' title='bbox 1161 2015 1371 2026; x_wconf 70' lang='grc' dir='ltr'>..,..ν.ν.</span> <span class='ocrx_word' id='word_1_199' title='bbox 1404 2015 1654 2042; x_wconf 48' lang='grc' dir='ltr'><em>ηυγ...</em></span> <span class='ocrx_word' id='word_1_200' title='bbox 1938 2015 2096 2020; x_wconf 78' lang='lat'>---_--</span> <span class='ocrx_word' id='word_1_201' title='bbox 2127 2015 2239 2021; x_wconf 56' lang='grc' dir='ltr'>---ν</span> <span class='ocrx_word' id='word_1_202' title='bbox 2494 2015 2808 2022; x_wconf 76' lang='lat'>---------_---</span> <span class='ocrx_word' id='word_1_203' title='bbox 2841 2015 2961 2021; x_wconf 52' lang='grc' dir='ltr'>---ν</span> <span class='ocrx_word' id='word_1_204' title='bbox 2996 2015 3158 2021; x_wconf 70' lang='lat'>---___</span> 
     </span>
     <span class='ocr_line' id='line_1_19' title="bbox 200 2015 3163 2132; baseline -0.001 -14"><span class='ocrx_word' id='word_1_205' title='bbox 200 2066 464 2119; x_wconf 86' lang='lat' dir='ltr'>Truserat</span> <span class='ocrx_word' id='word_1_206' title='bbox 486 2065 540 2118; x_wconf 91' lang='lat' dir='ltr'>in</span> <span class='ocrx_word' id='word_1_207' title='bbox 570 2063 768 2118; x_wconf 91' lang='lat' dir='ltr'>vinclis</span> <span class='ocrx_word' id='word_1_208' title='bbox 797 2065 1118 2118; x_wconf 87' lang='lat' dir='ltr'>Processum</span> <span class='ocrx_word' id='word_1_209' title='bbox 1151 2070 1206 2116; x_wconf 91' lang='lat' dir='ltr'>et</span> <span class='ocrx_word' id='word_1_210' title='bbox 1235 2061 1616 2116; x_wconf 80' lang='lat' dir='ltr'>Martinianum</span> <span class='ocrx_word' id='word_1_211' title='bbox 1862 2015 1908 2081; x_wconf 64' lang='grc' dir='ltr'><strong>Β</strong></span> <span class='ocrx_word' id='word_1_212' title='bbox 1935 2061 2242 2115; x_wconf 66' lang='lat' dir='ltr'>Praasentes</span> <span class='ocrx_word' id='word_1_213' title='bbox 2270 2061 2434 2115; x_wconf 88' lang='lat' dir='ltr'>rebus</span> <span class='ocrx_word' id='word_1_214' title='bbox 2473 2077 2595 2115; x_wconf 90' lang='lat' dir='ltr'>sese</span> <span class='ocrx_word' id='word_1_215' title='bbox 2622 2061 3000 2132; x_wconf 62' lang='lat' dir='ltr'>qumrentibus</span> <span class='ocrx_word' id='word_1_216' title='bbox 3029 2061 3163 2131; x_wconf 87' lang='lat' dir='ltr'>ipsis</span> 
     </span>
    </p>
   </div>
   <div class='ocr_carea' id='block_1_19' title="bbox 201 2152 3477 2225">
    <p class='ocr_par' dir='ltr' id='par_1_19' title="bbox 201 2152 3477 2225">
     <span class='ocr_line' id='line_1_20' title="bbox 201 2152 3477 2225; baseline -0.002 -15"><span class='ocrx_word' id='word_1_217' title='bbox 201 2157 490 2222; x_wconf 84' lang='lat' dir='ltr'>Paulinus,</span> <span class='ocrx_word' id='word_1_218' title='bbox 515 2174 654 2211; x_wconf 89' lang='lat' dir='ltr'>vana</span> <span class='ocrx_word' id='word_1_219' title='bbox 680 2157 747 2210; x_wconf 88' lang='lat' dir='ltr'>de</span> <span class='ocrx_word' id='word_1_220' title='bbox 781 2156 1066 2210; x_wconf 88' lang='lat' dir='ltr'>nobilitate</span> <span class='ocrx_word' id='word_1_221' title='bbox 1095 2154 1402 2225; x_wconf 87' lang='lat' dir='ltr'>superbus;</span> <span class='ocrx_word' id='word_1_222' title='bbox 1934 2152 2208 2219; x_wconf 90' lang='lat' dir='ltr'>Pandunt,</span> <span class='ocrx_word' id='word_1_223' title='bbox 2238 2169 2402 2207; x_wconf 89' lang='lat' dir='ltr'>carne</span> <span class='ocrx_word' id='word_1_224' title='bbox 2431 2152 2549 2207; x_wconf 88' lang='lat' dir='ltr'>sitis</span> <span class='ocrx_word' id='word_1_225' title='bbox 2577 2169 2688 2208; x_wconf 91' lang='lat' dir='ltr'>non</span> <span class='ocrx_word' id='word_1_226' title='bbox 2712 2169 2992 2224; x_wconf 87' lang='lat' dir='ltr'>nunquam</span> <span class='ocrx_word' id='word_1_227' title='bbox 3022 2154 3235 2207; x_wconf 86' lang='lat' dir='ltr'>visibus</span> <span class='ocrx_word' id='word_1_228' title='bbox 3260 2152 3477 2206; x_wconf 84' lang='lat' dir='ltr'>adsunt.</span> 
     </span>
    </p>
   </div>
   <div class='ocr_carea' id='block_1_20' title="bbox 197 2243 3272 2318">
    <p class='ocr_par' dir='ltr' id='par_1_20' title="bbox 197 2243 3272 2318">
     <span class='ocr_line' id='line_1_21' title="bbox 197 2243 3272 2318; baseline -0.001 -17"><span class='ocrx_word' id='word_1_229' title='bbox 197 2247 532 2318; x_wconf 73' lang='lat' dir='ltr'>Auditisque</span> <span class='ocrx_word' id='word_1_230' title='bbox 563 2248 655 2301; x_wconf 89' lang='lat' dir='ltr'>Dei</span> <span class='ocrx_word' id='word_1_231' title='bbox 678 2262 878 2301; x_wconf 90' lang='lat' dir='ltr'>nomen</span> <span class='ocrx_word' id='word_1_232' title='bbox 915 2261 1040 2300; x_wconf 90' lang='lat' dir='ltr'>cum</span> <span class='ocrx_word' id='word_1_233' title='bbox 1064 2246 1259 2299; x_wconf 90' lang='lat' dir='ltr'>robore</span> <span class='ocrx_word' id='word_1_234' title='bbox 1282 2243 1404 2310; x_wconf 90' lang='lat' dir='ltr'>fari,</span> <span class='ocrx_word' id='word_1_235' title='bbox 1934 2245 2084 2298; x_wconf 89' lang='lat' dir='ltr'>Dicta</span> <span class='ocrx_word' id='word_1_236' title='bbox 2113 2244 2306 2314; x_wconf 90' lang='lat' dir='ltr'>probat</span> <span class='ocrx_word' id='word_1_237' title='bbox 2345 2253 2595 2299; x_wconf 90' lang='lat' dir='ltr'>matrona</span> <span class='ocrx_word' id='word_1_238' title='bbox 2626 2246 2744 2316; x_wconf 87' lang='lat' dir='ltr'>pias</span> <span class='ocrx_word' id='word_1_239' title='bbox 2775 2246 3014 2300; x_wconf 90' lang='lat' dir='ltr'>invisere</span> <span class='ocrx_word' id='word_1_240' title='bbox 3059 2245 3272 2298; x_wconf 89' lang='lat' dir='ltr'>tumbas</span> 
     </span>
    </p>
   </div>
   <div class='ocr_carea' id='block_1_21' title="bbox 200 2334 3260 2412">
    <p class='ocr_par' dir='ltr' id='par_1_21' title="bbox 200 2334 3260 2412">
     <span class='ocr_line' id='line_1_22' title="bbox 200 2334 3260 2412; baseline -0.002 -13"><span class='ocrx_word' id='word_1_241' title='bbox 200 2336 522 2391; x_wconf 58' lang='lat' dir='ltr'>Constantis</span> <span class='ocrx_word' id='word_1_242' title='bbox 553 2335 704 2400; x_wconf 69' lang='lat' dir='ltr'>ﬁdei.</span> <span class='ocrx_word' id='word_1_243' title='bbox 737 2335 884 2390; x_wconf 71' lang='lat' dir='ltr'>saXiS</span> <span class='ocrx_word' id='word_1_244' title='bbox 915 2334 1245 2389; x_wconf 69' lang='grc' dir='ltr'>οοῐιῑιιυάίθΐ</span> <span class='ocrx_word' id='word_1_245' title='bbox 1274 2349 1370 2388; x_wconf 73' lang='lat' dir='ltr'>Ora</span> <span class='ocrx_word' id='word_1_246' title='bbox 1935 2341 2135 2405; x_wconf 82' lang='lat' dir='ltr'>Sueta;</span> <span class='ocrx_word' id='word_1_247' title='bbox 2169 2341 2464 2412; x_wconf 85' lang='lat' dir='ltr'>peregrino</span> <span class='ocrx_word' id='word_1_248' title='bbox 2498 2342 2798 2396; x_wconf 84' lang='lat' dir='ltr'>monachos</span> <span class='ocrx_word' id='word_1_249' title='bbox 2827 2342 3082 2395; x_wconf 90' lang='lat' dir='ltr'>assistere</span> <span class='ocrx_word' id='word_1_250' title='bbox 3112 2340 3260 2394; x_wconf 87' lang='lat' dir='ltr'>cultu</span> 
     </span>
    </p>
   </div>
   <div class='ocr_carea' id='block_1_22' title="bbox 199 2421 3549 2503">
    <p class='ocr_par' dir='ltr' id='par_1_22' title="bbox 199 2421 3549 2503">
     <span class='ocr_line' id='line_1_23' title="bbox 199 2421 3549 2503; baseline 0.001 -22"><span class='ocrx_word' id='word_1_251' title='bbox 199 2427 481 2491; x_wconf 80' lang='lat' dir='ltr'>Jusserat;</span> <span class='ocrx_word' id='word_1_252' title='bbox 510 2431 595 2478; x_wconf 90' lang='lat' dir='ltr'>ast</span> <span class='ocrx_word' id='word_1_253' title='bbox 634 2423 712 2477; x_wconf 92' lang='lat' dir='ltr'>illi</span> <span class='ocrx_word' id='word_1_254' title='bbox 742 2421 934 2476; x_wconf 88' lang='lat' dir='ltr'>laudes</span> <span class='ocrx_word' id='word_1_255' title='bbox 964 2437 1134 2493; x_wconf 89' lang='lat' dir='ltr'>super</span> <span class='ocrx_word' id='word_1_256' title='bbox 1164 2422 1370 2475; x_wconf 63' lang='lat' dir='ltr'>aethera</span> <span class='ocrx_word' id='word_1_257' title='bbox 1403 2421 1618 2476; x_wconf 90' lang='lat' dir='ltr'>tollunt.</span> <span class='ocrx_word' id='word_1_258' title='bbox 1935 2431 2064 2496; x_wconf 51' lang='lat' dir='ltr'>Qua</span> <span class='ocrx_word' id='word_1_259' title='bbox 2097 2447 2349 2497; x_wconf 81' lang='lat' dir='ltr'>cernens,</span> <span class='ocrx_word' id='word_1_260' title='bbox 2378 2433 2506 2486; x_wconf 91' lang='lat' dir='ltr'>dum</span> <span class='ocrx_word' id='word_1_261' title='bbox 2541 2431 2683 2487; x_wconf 87' lang='lat' dir='ltr'>ferre</span> <span class='ocrx_word' id='word_1_262' title='bbox 2716 2440 2890 2503; x_wconf 87' lang='lat' dir='ltr'>parat,</span> <span class='ocrx_word' id='word_1_263' title='bbox 2933 2432 3082 2503; x_wconf 83' lang='lat' dir='ltr'>capit</span> <span class='ocrx_word' id='word_1_264' title='bbox 3117 2431 3235 2502; x_wconf 88' lang='lat' dir='ltr'>ipsa</span> <span class='ocrx_word' id='word_1_265' title='bbox 3272 2430 3549 2490; x_wconf 85' lang='lat' dir='ltr'>levamen;</span> 
     </span>
    </p>
   </div>
   <div class='ocr_carea' id='block_1_23' title="bbox 202 2509 3160 2597">
    <p class='ocr_par' dir='ltr' id='par_1_23' title="bbox 202 2509 3160 2597">
     <span class='ocr_line' id='line_1_24' title="bbox 202 2509 3160 2597; baseline -0.002 -13"><span class='ocrx_word' id='word_1_266' title='bbox 202 2514 448 2569; x_wconf 63' lang='grc' dir='ltr'>Αίῖθηιπ</span> <span class='ocrx_word' id='word_1_267' title='bbox 471 2511 744 2583; x_wconf 68' lang='lat' dir='ltr'>triI’Odem</span> <span class='ocrx_word' id='word_1_268' title='bbox 775 2526 942 2581; x_wconf 61' lang='lat' dir='ltr'>supra</span> <span class='ocrx_word' id='word_1_269' title='bbox 971 2509 1120 2564; x_wconf 63' lang='lat' dir='ltr'>JOVis</span> <span class='ocrx_word' id='word_1_270' title='bbox 1151 2525 1387 2574; x_wconf 65' lang='lat' dir='ltr'>aureus;</span> <span class='ocrx_word' id='word_1_271' title='bbox 1421 2509 1504 2562; x_wconf 77' lang='grc' dir='ltr'>ίῙῙί</span> <span class='ocrx_word' id='word_1_272' title='bbox 1935 2524 2209 2578; x_wconf 91' lang='lat' dir='ltr'>Promisso</span> <span class='ocrx_word' id='word_1_273' title='bbox 2239 2533 2388 2578; x_wconf 89' lang='lat' dir='ltr'>certa</span> <span class='ocrx_word' id='word_1_274' title='bbox 2412 2525 2639 2590; x_wconf 85' lang='lat' dir='ltr'>auxilio,</span> <span class='ocrx_word' id='word_1_275' title='bbox 2682 2524 2741 2579; x_wconf 83' lang='lat' dir='ltr'>fit</span> <span class='ocrx_word' id='word_1_276' title='bbox 2766 2525 2986 2597; x_wconf 80' lang='lat' dir='ltr'>dignior</span> <span class='ocrx_word' id='word_1_277' title='bbox 3015 2533 3160 2586; x_wconf 89' lang='lat' dir='ltr'>actu,</span> 
     </span>
    </p>
   </div>
   <div class='ocr_carea' id='block_1_24' title="bbox 202 2597 1771 2688">
    <p class='ocr_par' dir='ltr' id='par_1_24' title="bbox 202 2597 1760 2675">
     <span class='ocr_line' id='line_1_25' title="bbox 202 2597 1760 2675; baseline -0.004 -16"><span class='ocrx_word' id='word_1_278' title='bbox 202 2604 482 2659; x_wconf 80' lang='lat' dir='ltr'>Exscretis</span> <span class='ocrx_word' id='word_1_279' title='bbox 510 2607 777 2675; x_wconf 83' lang='lat' dir='ltr'>spargunt</span> <span class='ocrx_word' id='word_1_280' title='bbox 816 2601 1203 2670; x_wconf 88' lang='lat' dir='ltr'>tripodemque</span> <span class='ocrx_word' id='word_1_281' title='bbox 1230 2599 1534 2670; x_wconf 77' lang='lat' dir='ltr'>Iovemque</span> <span class='ocrx_word' id='word_1_282' title='bbox 1558 2597 1760 2652; x_wconf 85' lang='lat' dir='ltr'>salivis.</span> 
     </span>
    </p>
   </div>
   <div class='ocr_carea' id='block_1_25' title="bbox 1838 2597 3407 2688">
    <p class='ocr_par' dir='ltr' id='par_1_25' title="bbox 1936 2615 3407 2688">
     <span class='ocr_line' id='line_1_26' title="bbox 1936 2615 3407 2688; baseline 0 -20"><span class='ocrx_word' id='word_1_283' title='bbox 1936 2615 2087 2670; x_wconf 86' lang='lat' dir='ltr'>Scire</span> <span class='ocrx_word' id='word_1_284' title='bbox 2129 2616 2316 2670; x_wconf 91' lang='lat' dir='ltr'>datum</span> <span class='ocrx_word' id='word_1_285' title='bbox 2347 2617 2433 2669; x_wconf 91' lang='lat' dir='ltr'>cui</span> <span class='ocrx_word' id='word_1_286' title='bbox 2458 2624 2740 2671; x_wconf 86' lang='lat' dir='ltr'>venturam</span> <span class='ocrx_word' id='word_1_287' title='bbox 2776 2634 2938 2688; x_wconf 89' lang='lat' dir='ltr'>quam</span> <span class='ocrx_word' id='word_1_288' title='bbox 2962 2617 3188 2672; x_wconf 88' lang='lat' dir='ltr'>credere</span> <span class='ocrx_word' id='word_1_289' title='bbox 3220 2615 3407 2680; x_wconf 84' lang='lat' dir='ltr'>vitam,</span> 
     </span>
    </p>
   </div>
   <div class='ocr_carea' id='block_1_26' title="bbox 203 2691 3341 2777">
    <p class='ocr_par' dir='ltr' id='par_1_26' title="bbox 203 2691 3341 2777">
     <span class='ocr_line' id='line_1_27' title="bbox 203 2691 3341 2777; baseline -0.001 -13"><span class='ocrx_word' id='word_1_290' title='bbox 203 2695 480 2764; x_wconf 77' lang='lat' dir='ltr'>susPenSi</span> <span class='ocrx_word' id='word_1_291' title='bbox 510 2694 805 2763; x_wconf 65' lang='grc' dir='ltr'>Πθτνίεφιθ</span> <span class='ocrx_word' id='word_1_292' title='bbox 833 2693 1046 2746; x_wconf 58' lang='lat' dir='ltr'>aurae“</span> <span class='ocrx_word' id='word_1_293' title='bbox 1081 2691 1316 2746; x_wconf 52' lang='lat' dir='ltr'>fustibus</span> <span class='ocrx_word' id='word_1_294' title='bbox 1347 2691 1519 2745; x_wconf 68' lang='grc' dir='ltr'>δυοῑίδ</span> <span class='ocrx_word' id='word_1_295' title='bbox 1939 2706 2128 2761; x_wconf 83' lang='lat' dir='ltr'>llausit</span> <span class='ocrx_word' id='word_1_296' title='bbox 2153 2706 2482 2777; x_wconf 88' lang='lat' dir='ltr'>apostolicas</span> <span class='ocrx_word' id='word_1_297' title='bbox 2501 2708 2781 2763; x_wconf 90' lang='lat' dir='ltr'>sitibundo</span> <span class='ocrx_word' id='word_1_298' title='bbox 2807 2709 2927 2763; x_wconf 77' lang='lat' dir='ltr'>haec</span> <span class='ocrx_word' id='word_1_299' title='bbox 2956 2707 3158 2762; x_wconf 88' lang='lat' dir='ltr'>femina</span> <span class='ocrx_word' id='word_1_300' title='bbox 3175 2707 3341 2762; x_wconf 85' lang='lat' dir='ltr'>corde</span> 
     </span>
    </p>
   </div>
   <div class='ocr_carea' id='block_1_27' title="bbox 203 2779 3270 2868">
    <p class='ocr_par' dir='ltr' id='par_1_27' title="bbox 203 2779 3270 2868">
     <span class='ocr_line' id='line_1_28' title="bbox 203 2779 3270 2868; baseline -0.004 -32"><span class='ocrx_word' id='word_1_301' title='bbox 203 2781 529 2844; x_wconf 61' lang='lat' dir='ltr'>Cmduntur,</span> <span class='ocrx_word' id='word_1_302' title='bbox 563 2781 716 2835; x_wconf 91' lang='lat' dir='ltr'>lateri</span> <span class='ocrx_word' id='word_1_303' title='bbox 741 2781 980 2835; x_wconf 71' lang='lat' dir='ltr'>flammae</span> <span class='ocrx_word' id='word_1_304' title='bbox 996 2780 1374 2835; x_wconf 88' lang='lat' dir='ltr'>accenduntur</span> <span class='ocrx_word' id='word_1_305' title='bbox 1403 2779 1620 2833; x_wconf 84' lang='lat' dir='ltr'>edaces.</span> <span class='ocrx_word' id='word_1_306' title='bbox 1939 2796 2246 2859; x_wconf 52' lang='lat' dir='ltr'>Doctrinas,</span> <span class='ocrx_word' id='word_1_307' title='bbox 2273 2797 2537 2851; x_wconf 49' lang='lat' dir='ltr'>instructa</span> <span class='ocrx_word' id='word_1_308' title='bbox 2573 2796 2776 2868; x_wconf 67' lang='lat' dir='ltr'>pioque</span> <span class='ocrx_word' id='word_1_309' title='bbox 2803 2804 3010 2852; x_wconf 59' lang='lat' dir='ltr'>sacram</span> <span class='ocrx_word' id='word_1_310' title='bbox 3033 2798 3270 2862; x_wconf 48' lang='lat' dir='ltr'>lavacro,</span> 
     </span>
    </p>
   </div>
   <div class='ocr_carea' id='block_1_28' title="bbox 207 2871 1776 2943">
    <p class='ocr_par' dir='ltr' id='par_1_28' title="bbox 207 2871 1543 2943">
     <span class='ocr_line' id='line_1_29' title="bbox 207 2871 1543 2943; baseline -0.002 -14"><span class='ocrx_word' id='word_1_311' title='bbox 207 2874 487 2929; x_wconf 65' lang='lat' dir='ltr'>Praeclara</span> <span class='ocrx_word' id='word_1_312' title='bbox 519 2873 609 2928; x_wconf 89' lang='lat' dir='ltr'>hic</span> <span class='ocrx_word' id='word_1_313' title='bbox 637 2873 823 2927; x_wconf 87' lang='lat' dir='ltr'>aderat</span> <span class='ocrx_word' id='word_1_314' title='bbox 856 2873 1054 2927; x_wconf 85' lang='lat' dir='ltr'>mulier</span> <span class='ocrx_word' id='word_1_315' title='bbox 1083 2872 1287 2926; x_wconf 89' lang='lat' dir='ltr'>Lucina</span> <span class='ocrx_word' id='word_1_316' title='bbox 1308 2871 1543 2943; x_wconf 88' lang='lat' dir='ltr'>piosque</span> 
     </span>
    </p>
   </div>
   <div class='ocr_carea' id='block_1_29' title="bbox 1561 2871 3130 2943">
    <p class='ocr_par' dir='ltr' id='par_1_29' title="bbox 1937 2885 3130 2942">
     <span class='ocr_line' id='line_1_30' title="bbox 1937 2885 3130 2942; baseline 0 -2"><span class='ocrx_word' id='word_1_317' title='bbox 1937 2886 2213 2940; x_wconf 83' lang='lat' dir='ltr'>Justorum</span> <span class='ocrx_word' id='word_1_318' title='bbox 2248 2885 2365 2940; x_wconf 89' lang='lat' dir='ltr'>fieri</span> <span class='ocrx_word' id='word_1_319' title='bbox 2387 2902 2615 2942; x_wconf 91' lang='lat' dir='ltr'>consors</span> <span class='ocrx_word' id='word_1_320' title='bbox 2644 2886 2874 2941; x_wconf 86' lang='lat' dir='ltr'>ardebat</span> <span class='ocrx_word' id='word_1_321' title='bbox 2913 2887 2966 2940; x_wconf 90' lang='lat' dir='ltr'>in</span> <span class='ocrx_word' id='word_1_322' title='bbox 2999 2903 3130 2941; x_wconf 91' lang='lat' dir='ltr'>usus</span> 
     </span>
    </p>
   </div>
   <div class='ocr_carea' id='block_1_30' title="bbox 199 2960 3269 3052">
    <p class='ocr_par' dir='ltr' id='par_1_30' title="bbox 199 2960 3269 3052">
     <span class='ocr_line' id='line_1_31' title="bbox 199 2960 3269 3052; baseline -0.003 -34"><span class='ocrx_word' id='word_1_323' title='bbox 199 2965 456 3020; x_wconf 78' lang='lat' dir='ltr'>Athletas</span> <span class='ocrx_word' id='word_1_324' title='bbox 485 2963 631 3018; x_wconf 90' lang='lat' dir='ltr'>bello</span> <span class='ocrx_word' id='word_1_325' title='bbox 653 2961 866 3017; x_wconf 88' lang='lat' dir='ltr'>validos</span> <span class='ocrx_word' id='word_1_326' title='bbox 897 2963 1094 3016; x_wconf 84' lang='lat' dir='ltr'>durare</span> <span class='ocrx_word' id='word_1_327' title='bbox 1127 2960 1410 3015; x_wconf 89' lang='lat' dir='ltr'>monebat.</span> <span class='ocrx_word' id='word_1_328' title='bbox 1941 2979 2187 3048; x_wconf 67' lang='lat' dir='ltr'>Ipsorum</span> <span class='ocrx_word' id='word_1_329' title='bbox 2211 2978 2489 3052; x_wconf 53' lang='lat' dir='ltr'>indignos,</span> <span class='ocrx_word' id='word_1_330' title='bbox 2524 2978 2778 3048; x_wconf 61' lang='grc' dir='ltr'>ρηεδθηε</span> <span class='ocrx_word' id='word_1_331' title='bbox 2806 2977 3048 3033; x_wconf 66' lang='lat' dir='ltr'>fomenta</span> <span class='ocrx_word' id='word_1_332' title='bbox 3075 2977 3269 3032; x_wconf 50' lang='lat' dir='ltr'>13mm</span> 
     </span>
    </p>
   </div>
   <div class='ocr_carea' id='block_1_31' title="bbox 201 3053 3342 3141">
    <p class='ocr_par' dir='ltr' id='par_1_31' title="bbox 201 3053 3342 3141">
     <span class='ocr_line' id='line_1_32' title="bbox 201 3053 3342 3141; baseline 0 -19"><span class='ocrx_word' id='word_1_333' title='bbox 201 3062 354 3122; x_wconf 72' lang='lat' dir='ltr'>QUOS</span> <span class='ocrx_word' id='word_1_334' title='bbox 387 3058 620 3127; x_wconf 54' lang='lat' dir='ltr'>Posthac</span> <span class='ocrx_word' id='word_1_335' title='bbox 650 3057 845 3112; x_wconf 56' lang='lat' dir='ltr'>iterum</span> <span class='ocrx_word' id='word_1_336' title='bbox 877 3070 1154 3126; x_wconf 68' lang='lat' dir='ltr'>appensos</span> <span class='ocrx_word' id='word_1_337' title='bbox 1184 3053 1418 3120; x_wconf 48' lang='lat' dir='ltr'>divellit:</span> <span class='ocrx_word' id='word_1_338' title='bbox 1450 3054 1625 3110; x_wconf 66' lang='grc' dir='ltr'>θθυιίδ</span> <span class='ocrx_word' id='word_1_339' title='bbox 1941 3068 2147 3123; x_wconf 90' lang='lat' dir='ltr'>Vinclis</span> <span class='ocrx_word' id='word_1_340' title='bbox 2176 3069 2602 3141; x_wconf 89' lang='lat' dir='ltr'>carceribusque</span> <span class='ocrx_word' id='word_1_341' title='bbox 2633 3069 2775 3124; x_wconf 92' lang='lat' dir='ltr'>datis</span> <span class='ocrx_word' id='word_1_342' title='bbox 2807 3075 3078 3124; x_wconf 88' lang='lat' dir='ltr'>tormenta</span> <span class='ocrx_word' id='word_1_343' title='bbox 3100 3068 3342 3132; x_wconf 86' lang='lat' dir='ltr'>levabat;</span> 
     </span>
    </p>
   </div>
   <div class='ocr_carea' id='block_1_32' title="bbox 203 3146 1772 3232">
    <p class='ocr_par' dir='ltr' id='par_1_32' title="bbox 203 3146 1475 3220">
     <span class='ocr_line' id='line_1_33' title="bbox 203 3146 1475 3220; baseline -0.002 -17"><span class='ocrx_word' id='word_1_344' title='bbox 203 3151 435 3204; x_wconf 84' lang='lat' dir='ltr'>Viscera</span> <span class='ocrx_word' id='word_1_345' title='bbox 467 3148 787 3220; x_wconf 85' lang='lat' dir='ltr'>perfodiens</span> <span class='ocrx_word' id='word_1_346' title='bbox 808 3157 1051 3203; x_wconf 88' lang='lat' dir='ltr'>armatus</span> <span class='ocrx_word' id='word_1_347' title='bbox 1080 3146 1299 3216; x_wconf 89' lang='lat' dir='ltr'>scorpio</span> <span class='ocrx_word' id='word_1_348' title='bbox 1332 3146 1475 3201; x_wconf 90' lang='lat' dir='ltr'>telis.</span> 
     </span>
    </p>
   </div>
   <div class='ocr_carea' id='block_1_33' title="bbox 1600 3146 3169 3232">
    <p class='ocr_par' dir='ltr' id='par_1_33' title="bbox 1937 3159 3169 3232">
     <span class='ocr_line' id='line_1_34' title="bbox 1937 3159 3169 3232; baseline -0.001 -18"><span class='ocrx_word' id='word_1_349' title='bbox 1937 3159 2084 3215; x_wconf 79' lang='lat' dir='ltr'>More</span> <span class='ocrx_word' id='word_1_350' title='bbox 2113 3160 2426 3232; x_wconf 88' lang='lat' dir='ltr'>sepulturas</span> <span class='ocrx_word' id='word_1_351' title='bbox 2449 3160 2658 3216; x_wconf 91' lang='lat' dir='ltr'>celebri</span> <span class='ocrx_word' id='word_1_352' title='bbox 2686 3161 2884 3216; x_wconf 91' lang='lat' dir='ltr'>devota</span> <span class='ocrx_word' id='word_1_353' title='bbox 2913 3160 3169 3232; x_wconf 81' lang='lat' dir='ltr'>gerebat:</span> 
     </span>
    </p>
   </div>
   <div class='ocr_carea' id='block_1_34' title="bbox 201 3236 3090 3324">
    <p class='ocr_par' dir='ltr' id='par_1_34' title="bbox 201 3236 3090 3324">
     <span class='ocr_line' id='line_1_35' title="bbox 201 3236 3090 3324; baseline -0.002 -26"><span class='ocrx_word' id='word_1_354' title='bbox 201 3243 439 3298; x_wconf 84' lang='lat' dir='ltr'>Carcere</span> <span class='ocrx_word' id='word_1_355' title='bbox 473 3242 752 3297; x_wconf 88' lang='lat' dir='ltr'>contrusis</span> <span class='ocrx_word' id='word_1_356' title='bbox 772 3242 969 3296; x_wconf 88' lang='lat' dir='ltr'>iterum</span> <span class='ocrx_word' id='word_1_357' title='bbox 996 3240 1200 3295; x_wconf 88' lang='lat' dir='ltr'>Lucina</span> <span class='ocrx_word' id='word_1_358' title='bbox 1228 3239 1522 3294; x_wconf 80' lang='lat' dir='ltr'>ministrat.</span> <span class='ocrx_word' id='word_1_359' title='bbox 1941 3251 2091 3307; x_wconf 69' lang='lat' dir='ltr'>unde</span> <span class='ocrx_word' id='word_1_360' title='bbox 2121 3253 2374 3308; x_wconf 73' lang='lat' dir='ltr'>coronari</span> <span class='ocrx_word' id='word_1_361' title='bbox 2409 3236 2852 3308; x_wconf 62' lang='lat' dir='ltr'>meritis&#39;sociata</span> <span class='ocrx_word' id='word_1_362' title='bbox 2874 3253 3090 3324; x_wconf 71' lang='lat' dir='ltr'>piorum</span> 
     </span>
    </p>
   </div>
   <div class='ocr_carea' id='block_1_35' title="bbox 201 3333 3201 3414">
    <p class='ocr_par' dir='ltr' id='par_1_35' title="bbox 201 3333 3201 3414">
     <span class='ocr_line' id='line_1_36' title="bbox 201 3333 3201 3414; baseline -0.002 -25"><span class='ocrx_word' id='word_1_363' title='bbox 201 3336 336 3390; x_wconf 89' lang='lat' dir='ltr'>Post</span> <span class='ocrx_word' id='word_1_364' title='bbox 370 3335 612 3389; x_wconf 90' lang='lat' dir='ltr'>triduum</span> <span class='ocrx_word' id='word_1_365' title='bbox 641 3334 904 3389; x_wconf 89' lang='lat' dir='ltr'>Paulinus</span> <span class='ocrx_word' id='word_1_366' title='bbox 924 3333 1098 3388; x_wconf 89' lang='lat' dir='ltr'>hebes</span> <span class='ocrx_word' id='word_1_367' title='bbox 1121 3341 1176 3388; x_wconf 88' lang='lat' dir='ltr'>et</span> <span class='ocrx_word' id='word_1_368' title='bbox 1198 3334 1452 3389; x_wconf 70' lang='lat' dir='ltr'>daemone</span> <span class='ocrx_word' id='word_1_369' title='bbox 1484 3341 1693 3404; x_wconf 90' lang='lat' dir='ltr'>raptus,</span> <span class='ocrx_word' id='word_1_370' title='bbox 1864 3381 1910 3414; x_wconf 57' lang='grc' dir='ltr'>ρ</span> <span class='ocrx_word' id='word_1_371' title='bbox 1939 3343 2264 3411; x_wconf 56' lang='lat' dir='ltr'>promeruit,</span> <span class='ocrx_word' id='word_1_372' title='bbox 2286 3350 2505 3398; x_wconf 60' lang='lat' dir='ltr'>sanctos</span> <span class='ocrx_word' id='word_1_373' title='bbox 2535 3344 2777 3414; x_wconf 60' lang='lat' dir='ltr'>pretiosa</span> <span class='ocrx_word' id='word_1_374' title='bbox 2799 3353 2974 3398; x_wconf 55' lang='lat' dir='ltr'>morte</span> <span class='ocrx_word' id='word_1_375' title='bbox 2995 3349 3201 3407; x_wconf 60' lang='lat' dir='ltr'>secula,</span> 
     </span>
    </p>
   </div>
   <div class='ocr_carea' id='block_1_36' title="bbox 197 3430 3193 3507">
    <p class='ocr_par' dir='ltr' id='par_1_36' title="bbox 197 3430 3193 3507">
     <span class='ocr_line' id='line_1_37' title="bbox 197 3430 3193 3507; baseline 0.001 -23"><span class='ocrx_word' id='word_1_376' title='bbox 197 3431 425 3494; x_wconf 89' lang='lat' dir='ltr'>Tortus,</span> <span class='ocrx_word' id='word_1_377' title='bbox 457 3438 512 3484; x_wconf 91' lang='lat' dir='ltr'>et</span> <span class='ocrx_word' id='word_1_378' title='bbox 539 3430 844 3485; x_wconf 78' lang='lat' dir='ltr'>exstinctus</span> <span class='ocrx_word' id='word_1_379' title='bbox 875 3430 1095 3484; x_wconf 86' lang='lat' dir='ltr'>Letheis</span> <span class='ocrx_word' id='word_1_380' title='bbox 1133 3430 1405 3504; x_wconf 88' lang='lat' dir='ltr'>mergitur</span> <span class='ocrx_word' id='word_1_381' title='bbox 1431 3430 1613 3484; x_wconf 90' lang='lat' dir='ltr'>undis.</span> <span class='ocrx_word' id='word_1_382' title='bbox 1866 3430 1913 3449; x_wconf 70' lang='grc' dir='ltr'><strong>ν</strong></span> <span class='ocrx_word' id='word_1_383' title='bbox 1940 3433 2227 3488; x_wconf 91' lang='lat' dir='ltr'>lntroitum</span> <span class='ocrx_word' id='word_1_384' title='bbox 2257 3432 2412 3507; x_wconf 86' lang='lat' dir='ltr'>regni</span> <span class='ocrx_word' id='word_1_385' title='bbox 2443 3433 2531 3487; x_wconf 91' lang='lat' dir='ltr'>cui</span> <span class='ocrx_word' id='word_1_386' title='bbox 2564 3433 2658 3487; x_wconf 92' lang='lat' dir='ltr'>dat</span> <span class='ocrx_word' id='word_1_387' title='bbox 2686 3432 2966 3488; x_wconf 85' lang='lat' dir='ltr'>confessio</span> <span class='ocrx_word' id='word_1_388' title='bbox 3001 3431 3193 3487; x_wconf 88' lang='lat' dir='ltr'>Christi</span> 
     </span>
    </p>
   </div>
   <div class='ocr_carea' id='block_1_37' title="bbox 201 3522 3342 3603">
    <p class='ocr_par' dir='ltr' id='par_1_37' title="bbox 201 3522 3342 3603">
     <span class='ocr_line' id='line_1_38' title="bbox 201 3522 3342 3603; baseline 0 -25"><span class='ocrx_word' id='word_1_389' title='bbox 201 3524 358 3578; x_wconf 85' lang='lat' dir='ltr'>Hosti</span> <span class='ocrx_word' id='word_1_390' title='bbox 394 3524 655 3578; x_wconf 88' lang='lat' dir='ltr'>virtutum</span> <span class='ocrx_word' id='word_1_391' title='bbox 684 3522 970 3593; x_wconf 79' lang='lat' dir='ltr'>praefectus</span> <span class='ocrx_word' id='word_1_392' title='bbox 1000 3523 1054 3576; x_wconf 92' lang='lat' dir='ltr'>id</span> <span class='ocrx_word' id='word_1_393' title='bbox 1089 3523 1296 3577; x_wconf 91' lang='lat' dir='ltr'>indicat</span> <span class='ocrx_word' id='word_1_394' title='bbox 1322 3523 1506 3588; x_wconf 90' lang='lat' dir='ltr'>urbis;</span> <span class='ocrx_word' id='word_1_395' title='bbox 1941 3530 2114 3600; x_wconf 84' lang='lat' dir='ltr'>Atque</span> <span class='ocrx_word' id='word_1_396' title='bbox 2141 3545 2281 3600; x_wconf 88' lang='lat' dir='ltr'>opus</span> <span class='ocrx_word' id='word_1_397' title='bbox 2306 3529 2589 3603; x_wconf 89' lang='lat' dir='ltr'>egregium</span> <span class='ocrx_word' id='word_1_398' title='bbox 2616 3527 2745 3582; x_wconf 84' lang='lat' dir='ltr'>ﬁdei</span> <span class='ocrx_word' id='word_1_399' title='bbox 2775 3528 2923 3599; x_wconf 90' lang='lat' dir='ltr'>quod</span> <span class='ocrx_word' id='word_1_400' title='bbox 2947 3527 3132 3597; x_wconf 89' lang='lat' dir='ltr'>junxit</span> <span class='ocrx_word' id='word_1_401' title='bbox 3164 3525 3342 3580; x_wconf 87' lang='lat' dir='ltr'>herili.</span> 
     </span>
    </p>
   </div>
   <div class='ocr_carea' id='block_1_38' title="bbox 199 3610 3378 3689">
    <p class='ocr_par' dir='ltr' id='par_1_38' title="bbox 199 3610 3378 3689">
     <span class='ocr_line' id='line_1_39' title="bbox 199 3610 3378 3689; baseline -0.004 -8"><span class='ocrx_word' id='word_1_402' title='bbox 199 3613 301 3666; x_wconf 75' lang='lat' dir='ltr'>me</span> <span class='ocrx_word' id='word_1_403' title='bbox 323 3611 492 3680; x_wconf 67' lang='grc' dir='ltr'>Ῑυδθῑ</span> <span class='ocrx_word' id='word_1_404' title='bbox 520 3611 651 3666; x_wconf 68' lang='lat' dir='ltr'>Cleri</span> <span class='ocrx_word' id='word_1_405' title='bbox 682 3618 904 3665; x_wconf 66' lang='grc' dir='ltr'>εὸιῖοῐοε</span> <span class='ocrx_word' id='word_1_406' title='bbox 933 3611 1177 3684; x_wconf 83' lang='lat' dir='ltr'>pugione</span> <span class='ocrx_word' id='word_1_407' title='bbox 1209 3610 1358 3665; x_wconf 66' lang='lat' dir='ltr'>feriri</span> <span class='ocrx_word' id='word_1_408' title='bbox 1387 3628 1402 3675; x_wconf 87' lang='grc'>;</span> <span class='ocrx_word' id='word_1_409' title='bbox 1941 3616 2139 3689; x_wconf 83' lang='lat' dir='ltr'>Crypta</span> <span class='ocrx_word' id='word_1_410' title='bbox 2161 3617 2449 3674; x_wconf 88' lang='lat' dir='ltr'>beatorum</span> <span class='ocrx_word' id='word_1_411' title='bbox 2481 3616 2746 3671; x_wconf 90' lang='lat' dir='ltr'>membris</span> <span class='ocrx_word' id='word_1_412' title='bbox 2778 3623 3089 3671; x_wconf 91' lang='lat' dir='ltr'>constructa</span> <span class='ocrx_word' id='word_1_413' title='bbox 3109 3613 3378 3677; x_wconf 73' lang='lat' dir='ltr'>locandis,</span> 
     </span>
    </p>
   </div>
   <div class='ocr_carea' id='block_1_39' title="bbox 197 3701 3168 3778">
    <p class='ocr_par' dir='ltr' id='par_1_39' title="bbox 197 3701 3168 3778">
     <span class='ocr_line' id='line_1_40' title="bbox 197 3701 3168 3778; baseline -0 -20"><span class='ocrx_word' id='word_1_414' title='bbox 197 3704 454 3775; x_wconf 89' lang='lat' dir='ltr'>Suscipit</span> <span class='ocrx_word' id='word_1_415' title='bbox 479 3705 581 3758; x_wconf 86' lang='lat' dir='ltr'>hos</span> <span class='ocrx_word' id='word_1_416' title='bbox 601 3704 688 3757; x_wconf 79' lang='lat' dir='ltr'>via</span> <span class='ocrx_word' id='word_1_417' title='bbox 713 3718 1006 3774; x_wconf 86' lang='lat' dir='ltr'>percussos</span> <span class='ocrx_word' id='word_1_418' title='bbox 1032 3702 1256 3757; x_wconf 84' lang='lat' dir='ltr'>Aurelia</span> <span class='ocrx_word' id='word_1_419' title='bbox 1286 3701 1452 3758; x_wconf 84' lang='lat' dir='ltr'>ferro.</span> <span class='ocrx_word' id='word_1_420' title='bbox 1621 3739 1625 3743; x_wconf 94' lang='lat'><strong><em>-</em></strong></span> <span class='ocrx_word' id='word_1_421' title='bbox 1940 3706 2147 3762; x_wconf 90' lang='lat' dir='ltr'>Devoto</span> <span class='ocrx_word' id='word_1_422' title='bbox 2179 3722 2278 3778; x_wconf 90' lang='lat' dir='ltr'>per</span> <span class='ocrx_word' id='word_1_423' title='bbox 2306 3723 2427 3761; x_wconf 91' lang='lat' dir='ltr'>eam</span> <span class='ocrx_word' id='word_1_424' title='bbox 2448 3706 2654 3774; x_wconf 90' lang='lat' dir='ltr'>studio,</span> <span class='ocrx_word' id='word_1_425' title='bbox 2689 3705 2854 3761; x_wconf 89' lang='lat' dir='ltr'>funus</span> <span class='ocrx_word' id='word_1_426' title='bbox 2883 3705 3029 3775; x_wconf 89' lang='lat' dir='ltr'>capit</span> <span class='ocrx_word' id='word_1_427' title='bbox 3048 3704 3168 3772; x_wconf 91' lang='lat' dir='ltr'>ejus</span> 
     </span>
    </p>
   </div>
   <div class='ocr_carea' id='block_1_40' title="bbox 200 3789 3482 3871">
    <p class='ocr_par' dir='ltr' id='par_1_40' title="bbox 200 3789 3482 3871">
     <span class='ocr_line' id='line_1_41' title="bbox 200 3789 3482 3871; baseline -0.004 -17"><span class='ocrx_word' id='word_1_428' title='bbox 200 3801 614 3871; x_wconf 88' lang='lat' dir='ltr'>Cunctipotens</span> <span class='ocrx_word' id='word_1_429' title='bbox 644 3801 854 3854; x_wconf 87' lang='lat' dir='ltr'>animas</span> <span class='ocrx_word' id='word_1_430' title='bbox 880 3801 1003 3856; x_wconf 61' lang='lat' dir='ltr'>caeli</span> <span class='ocrx_word' id='word_1_431' title='bbox 1027 3801 1324 3871; x_wconf 89' lang='lat' dir='ltr'>splendere</span> <span class='ocrx_word' id='word_1_432' title='bbox 1353 3806 1630 3866; x_wconf 89' lang='lat' dir='ltr'>venustat,</span> <span class='ocrx_word' id='word_1_433' title='bbox 1943 3794 2154 3850; x_wconf 88' lang='lat' dir='ltr'>Ornans</span> <span class='ocrx_word' id='word_1_434' title='bbox 2177 3793 2615 3869; x_wconf 87' lang='lat' dir='ltr'>pignoribusque</span> <span class='ocrx_word' id='word_1_435' title='bbox 2636 3793 2840 3866; x_wconf 87' lang='lat' dir='ltr'>jugans</span> <span class='ocrx_word' id='word_1_436' title='bbox 2859 3809 3012 3846; x_wconf 87' lang='lat' dir='ltr'>sacra</span> <span class='ocrx_word' id='word_1_437' title='bbox 3035 3791 3268 3864; x_wconf 87' lang='lat' dir='ltr'>pignora</span> <span class='ocrx_word' id='word_1_438' title='bbox 3297 3789 3482 3844; x_wconf 88' lang='lat' dir='ltr'>sacris.</span> 
     </span>
    </p>
   </div>
   <div class='ocr_carea' id='block_1_41' title="bbox 200 3889 1628 3961">
    <p class='ocr_par' dir='ltr' id='par_1_41' title="bbox 200 3889 1628 3961">
     <span class='ocr_line' id='line_1_42' title="bbox 200 3889 1628 3961; baseline 0.001 -17"><span class='ocrx_word' id='word_1_439' title='bbox 200 3889 451 3961; x_wconf 86' lang='lat' dir='ltr'>Corpora</span> <span class='ocrx_word' id='word_1_440' title='bbox 486 3907 612 3945; x_wconf 88' lang='lat' dir='ltr'>rure</span> <span class='ocrx_word' id='word_1_441' title='bbox 642 3906 742 3946; x_wconf 86' lang='lat' dir='ltr'>suo</span> <span class='ocrx_word' id='word_1_442' title='bbox 766 3907 989 3958; x_wconf 87' lang='lat' dir='ltr'>curans,</span> <span class='ocrx_word' id='word_1_443' title='bbox 1016 3899 1071 3946; x_wconf 90' lang='lat' dir='ltr'>et</span> <span class='ocrx_word' id='word_1_444' title='bbox 1095 3897 1338 3946; x_wconf 88' lang='lat' dir='ltr'>aromata</span> <span class='ocrx_word' id='word_1_445' title='bbox 1368 3891 1628 3958; x_wconf 88' lang='lat' dir='ltr'>miscens,</span> 
     </span>
    </p>
   </div>
   <div class='ocr_carea' id='block_1_42' title="bbox 1737 4026 2047 4083">
    <p class='ocr_par' dir='ltr' id='par_1_42' title="bbox 1737 4026 2047 4083">
     <span class='ocr_line' id='line_1_43' title="bbox 1737 4026 2047 4083; baseline -0.003 0"><span class='ocrx_word' id='word_1_446' title='bbox 1737 4026 1947 4083; x_wconf 82' lang='lat' dir='ltr'><strong>CAPUT</strong></span> <span class='ocrx_word' id='word_1_447' title='bbox 1985 4027 2047 4082; x_wconf 88' lang='lat' dir='ltr'>V.</span> 
     </span>
    </p>
   </div>
   <div class='ocr_carea' id='block_1_43' title="bbox 1406 4158 2378 4220">
    <p class='ocr_par' dir='ltr' id='par_1_43' title="bbox 1406 4158 2378 4220">
     <span class='ocr_line' id='line_1_44' title="bbox 1406 4158 2378 4220; baseline -0.003 -1"><span class='ocrx_word' id='word_1_448' title='bbox 1406 4160 1485 4219; x_wconf 88' lang='lat' dir='ltr'>De</span> <span class='ocrx_word' id='word_1_449' title='bbox 1525 4161 1750 4220; x_wconf 75' lang='lat' dir='ltr'>sanctis</span> <span class='ocrx_word' id='word_1_450' title='bbox 1790 4160 2061 4218; x_wconf 78' lang='lat' dir='ltr'>Nazario</span> <span class='ocrx_word' id='word_1_451' title='bbox 2105 4167 2156 4217; x_wconf 87' lang='lat' dir='ltr'>et</span> <span class='ocrx_word' id='word_1_452' title='bbox 2198 4158 2378 4217; x_wconf 81' lang='lat' dir='ltr'>Celso.</span> 
     </span>
    </p>
   </div>
   <div class='ocr_carea' id='block_1_44' title="bbox 198 4281 3272 4366">
    <p class='ocr_par' dir='ltr' id='par_1_44' title="bbox 198 4281 3272 4366">
     <span class='ocr_line' id='line_1_45' title="bbox 198 4281 3272 4366; baseline -0.004 -18"><span class='ocrx_word' id='word_1_453' title='bbox 198 4293 474 4348; x_wconf 88' lang='lat' dir='ltr'>Traditur</span> <span class='ocrx_word' id='word_1_454' title='bbox 502 4294 615 4349; x_wconf 77' lang='lat' dir='ltr'>haec</span> <span class='ocrx_word' id='word_1_455' title='bbox 637 4281 818 4349; x_wconf 84' lang='lat' dir='ltr'>rabies</span> <span class='ocrx_word' id='word_1_456' title='bbox 839 4302 1057 4350; x_wconf 90' lang='lat' dir='ltr'>sanctos</span> <span class='ocrx_word' id='word_1_457' title='bbox 1091 4309 1312 4366; x_wconf 89' lang='lat' dir='ltr'>quoque</span> <span class='ocrx_word' id='word_1_458' title='bbox 1335 4293 1693 4360; x_wconf 85' lang='lat' dir='ltr'>Mediolanos,</span> <span class='ocrx_word' id='word_1_459' title='bbox 1941 4291 2032 4346; x_wconf 88' lang='lat' dir='ltr'>Sic</span> <span class='ocrx_word' id='word_1_460' title='bbox 2057 4290 2281 4345; x_wconf 89' lang='lat' dir='ltr'>latuisse</span> <span class='ocrx_word' id='word_1_461' title='bbox 2312 4290 2491 4361; x_wconf 89' lang='lat' dir='ltr'>placet</span> <span class='ocrx_word' id='word_1_462' title='bbox 2517 4290 2695 4344; x_wconf 88' lang='lat' dir='ltr'>donec</span> <span class='ocrx_word' id='word_1_463' title='bbox 2712 4287 3060 4343; x_wconf 86' lang='lat' dir='ltr'>volventibus</span> <span class='ocrx_word' id='word_1_464' title='bbox 3090 4284 3272 4348; x_wconf 89' lang='lat' dir='ltr'>annis,</span> 
     </span>
    </p>
   </div>
   <div class='ocr_carea' id='block_1_45' title="bbox 200 4373 3252 4461">
    <p class='ocr_par' dir='ltr' id='par_1_45' title="bbox 200 4373 3252 4461">
     <span class='ocr_line' id='line_1_46' title="bbox 200 4373 3252 4461; baseline -0.004 -22"><span class='ocrx_word' id='word_1_465' title='bbox 200 4385 524 4451; x_wconf 79' lang='lat' dir='ltr'>Nazarium,</span> <span class='ocrx_word' id='word_1_466' title='bbox 557 4385 790 4453; x_wconf 87' lang='lat' dir='ltr'>Christo,</span> <span class='ocrx_word' id='word_1_467' title='bbox 810 4387 971 4441; x_wconf 89' lang='lat' dir='ltr'>claris</span> <span class='ocrx_word' id='word_1_468' title='bbox 999 4386 1344 4461; x_wconf 87' lang='lat' dir='ltr'>genitoribus</span> <span class='ocrx_word' id='word_1_469' title='bbox 1383 4392 1586 4450; x_wconf 91' lang='lat' dir='ltr'>ortum,</span> <span class='ocrx_word' id='word_1_470' title='bbox 1937 4380 2168 4435; x_wconf 86' lang='lat' dir='ltr'>Arcadio</span> <span class='ocrx_word' id='word_1_471' title='bbox 2197 4388 2488 4455; x_wconf 86' lang='lat' dir='ltr'>regnante,</span> <span class='ocrx_word' id='word_1_472' title='bbox 2524 4379 2646 4450; x_wconf 89' lang='lat' dir='ltr'>pius</span> <span class='ocrx_word' id='word_1_473' title='bbox 2677 4379 2767 4448; x_wconf 88' lang='lat' dir='ltr'>pia</span> <span class='ocrx_word' id='word_1_474' title='bbox 2798 4391 3026 4431; x_wconf 89' lang='lat' dir='ltr'>munera</span> <span class='ocrx_word' id='word_1_475' title='bbox 3056 4373 3252 4445; x_wconf 61' lang='lat' dir='ltr'>praesul</span> 
     </span>
    </p>
   </div>
   <div class='ocr_carea' id='block_1_46' title="bbox 197 4461 3466 4549">
    <p class='ocr_par' dir='ltr' id='par_1_46' title="bbox 197 4461 3466 4549">
     <span class='ocr_line' id='line_1_47' title="bbox 197 4461 3466 4549; baseline -0.005 -19"><span class='ocrx_word' id='word_1_476' title='bbox 197 4481 273 4530; x_wconf 72' lang='lat' dir='ltr'>Ac</span> <span class='ocrx_word' id='word_1_477' title='bbox 308 4491 549 4545; x_wconf 90' lang='lat' dir='ltr'>puerum</span> <span class='ocrx_word' id='word_1_478' title='bbox 585 4475 821 4542; x_wconf 85' lang='lat' dir='ltr'>Celsum,</span> <span class='ocrx_word' id='word_1_479' title='bbox 855 4476 1019 4549; x_wconf 89' lang='lat' dir='ltr'>digne</span> <span class='ocrx_word' id='word_1_480' title='bbox 1046 4491 1209 4545; x_wconf 92' lang='lat' dir='ltr'>quem</span> <span class='ocrx_word' id='word_1_481' title='bbox 1242 4475 1434 4529; x_wconf 91' lang='lat' dir='ltr'>nutriit</span> <span class='ocrx_word' id='word_1_482' title='bbox 1461 4475 1606 4545; x_wconf 89' lang='lat' dir='ltr'>ipse,</span> <span class='ocrx_word' id='word_1_483' title='bbox 1937 4469 2279 4537; x_wconf 87' lang='lat' dir='ltr'>Ambrosius,</span> <span class='ocrx_word' id='word_1_484' title='bbox 2302 4470 2533 4524; x_wconf 88' lang='lat' dir='ltr'>Domino</span> <span class='ocrx_word' id='word_1_485' title='bbox 2555 4469 2672 4521; x_wconf 82' lang='lat' dir='ltr'>haec</span> <span class='ocrx_word' id='word_1_486' title='bbox 2687 4467 2909 4521; x_wconf 89' lang='lat' dir='ltr'>sibimet</span> <span class='ocrx_word' id='word_1_487' title='bbox 2937 4465 3229 4536; x_wconf 89' lang='lat' dir='ltr'>prodente,</span> <span class='ocrx_word' id='word_1_488' title='bbox 3252 4461 3466 4517; x_wconf 86' lang='lat' dir='ltr'>levavit.</span> 
     </span>
    </p>
   </div>
   <div class='ocr_carea' id='block_1_47' title="bbox 197 4550 3426 4639">
    <p class='ocr_par' dir='ltr' id='par_1_47' title="bbox 197 4550 3426 4639">
     <span class='ocr_line' id='line_1_48' title="bbox 197 4550 3426 4639; baseline -0.004 -21"><span class='ocrx_word' id='word_1_489' title='bbox 197 4567 276 4619; x_wconf 84' lang='lat' dir='ltr'>De</span> <span class='ocrx_word' id='word_1_490' title='bbox 300 4564 528 4618; x_wconf 88' lang='lat' dir='ltr'>feritate</span> <span class='ocrx_word' id='word_1_491' title='bbox 561 4564 712 4617; x_wconf 89' lang='lat' dir='ltr'>necis</span> <span class='ocrx_word' id='word_1_492' title='bbox 742 4564 1004 4618; x_wconf 62' lang='lat' dir='ltr'>caelorum</span> <span class='ocrx_word' id='word_1_493' title='bbox 1035 4564 1103 4618; x_wconf 91' lang='lat' dir='ltr'>ad</span> <span class='ocrx_word' id='word_1_494' title='bbox 1133 4580 1302 4639; x_wconf 88' lang='lat' dir='ltr'>regna</span> <span class='ocrx_word' id='word_1_495' title='bbox 1333 4563 1543 4618; x_wconf 90' lang='lat' dir='ltr'>tulisse.</span> <span class='ocrx_word' id='word_1_496' title='bbox 1941 4559 2092 4614; x_wconf 89' lang='lat' dir='ltr'>Tunc</span> <span class='ocrx_word' id='word_1_497' title='bbox 2123 4551 2346 4630; x_wconf 84' lang='lat' dir='ltr'>quoque</span> <span class='ocrx_word' id='word_1_498' title='bbox 2371 4558 2582 4613; x_wconf 89' lang='lat' dir='ltr'>Nazarii</span> <span class='ocrx_word' id='word_1_499' title='bbox 2613 4564 2737 4627; x_wconf 92' lang='lat' dir='ltr'>post</span> <span class='ocrx_word' id='word_1_500' title='bbox 2765 4556 2931 4628; x_wconf 89' lang='lat' dir='ltr'>longa</span> <span class='ocrx_word' id='word_1_501' title='bbox 2961 4554 3242 4609; x_wconf 90' lang='lat' dir='ltr'>volumina</span> <span class='ocrx_word' id='word_1_502' title='bbox 3271 4550 3426 4616; x_wconf 88' lang='lat' dir='ltr'>solis,</span> 
     </span>
    </p>
   </div>
   <div class='ocr_carea' id='block_1_48' title="bbox 198 4647 3246 4757">
    <p class='ocr_par' dir='ltr' id='par_1_48' title="bbox 198 4647 3246 4757">
     <span class='ocr_line' id='line_1_49' title="bbox 198 4647 3246 4757; baseline -0.003 -48"><span class='ocrx_word' id='word_1_503' title='bbox 198 4653 422 4709; x_wconf 79' lang='lat' dir='ltr'>Nazarii</span> <span class='ocrx_word' id='word_1_504' title='bbox 453 4660 684 4707; x_wconf 89' lang='lat' dir='ltr'>matrem</span> <span class='ocrx_word' id='word_1_505' title='bbox 716 4653 910 4707; x_wconf 89' lang='lat' dir='ltr'>Petrus</span> <span class='ocrx_word' id='word_1_506' title='bbox 942 4654 1085 4708; x_wconf 88' lang='lat' dir='ltr'>almo</span> <span class='ocrx_word' id='word_1_507' title='bbox 1117 4655 1334 4729; x_wconf 87' lang='lat' dir='ltr'>gurgite</span> <span class='ocrx_word' id='word_1_508' title='bbox 1362 4654 1522 4709; x_wconf 84' lang='lat' dir='ltr'>tinxit</span> <span class='ocrx_word' id='word_1_509' title='bbox 1858 4689 1916 4757; x_wconf 84' lang='lat' dir='ltr'><strong>D</strong></span> <span class='ocrx_word' id='word_1_510' title='bbox 1946 4652 2007 4706; x_wconf 78' lang='lat' dir='ltr'>[&#39;t</span> <span class='ocrx_word' id='word_1_511' title='bbox 2037 4652 2256 4706; x_wconf 90' lang='lat' dir='ltr'>tandem</span> <span class='ocrx_word' id='word_1_512' title='bbox 2287 4659 2436 4721; x_wconf 89' lang='lat' dir='ltr'>patet</span> <span class='ocrx_word' id='word_1_513' title='bbox 2468 4658 2657 4724; x_wconf 89' lang='lat' dir='ltr'>egesta</span> <span class='ocrx_word' id='word_1_514' title='bbox 2685 4648 2878 4704; x_wconf 90' lang='lat' dir='ltr'>tellure</span> <span class='ocrx_word' id='word_1_515' title='bbox 2907 4647 3246 4717; x_wconf 89' lang='lat' dir='ltr'>sepulcrum,</span> 
     </span>
    </p>
   </div>
   <div class='ocr_carea' id='block_1_49' title="bbox 194 4736 3554 4816">
    <p class='ocr_par' dir='ltr' id='par_1_49' title="bbox 194 4736 3554 4816">
     <span class='ocr_line' id='line_1_50' title="bbox 194 4736 3554 4816; baseline -0.003 -15"><span class='ocrx_word' id='word_1_516' title='bbox 194 4747 568 4816; x_wconf 87' lang='lat' dir='ltr'>Perpetuam,</span> <span class='ocrx_word' id='word_1_517' title='bbox 602 4754 792 4800; x_wconf 90' lang='lat' dir='ltr'>sancto</span> <span class='ocrx_word' id='word_1_518' title='bbox 825 4744 1074 4799; x_wconf 90' lang='lat' dir='ltr'>Clemens</span> <span class='ocrx_word' id='word_1_519' title='bbox 1108 4745 1251 4798; x_wconf 93' lang='lat' dir='ltr'>hunc</span> <span class='ocrx_word' id='word_1_520' title='bbox 1284 4746 1432 4800; x_wconf 84' lang='lat' dir='ltr'>fonte</span> <span class='ocrx_word' id='word_1_521' title='bbox 1465 4746 1635 4816; x_wconf 80' lang='lat' dir='ltr'>piavit</span> <span class='ocrx_word' id='word_1_522' title='bbox 1858 4736 1914 4757; x_wconf 72' lang='lat'>”</span> <span class='ocrx_word' id='word_1_523' title='bbox 1941 4745 2033 4798; x_wconf 92' lang='lat' dir='ltr'>Sic</span> <span class='ocrx_word' id='word_1_524' title='bbox 2059 4752 2217 4799; x_wconf 91' lang='lat' dir='ltr'>tener</span> <span class='ocrx_word' id='word_1_525' title='bbox 2242 4751 2407 4815; x_wconf 89' lang='lat' dir='ltr'>atque</span> <span class='ocrx_word' id='word_1_526' title='bbox 2430 4759 2622 4798; x_wconf 90' lang='lat' dir='ltr'>recens</span> <span class='ocrx_word' id='word_1_527' title='bbox 2645 4741 2872 4798; x_wconf 89' lang='lat' dir='ltr'>recubat</span> <span class='ocrx_word' id='word_1_528' title='bbox 2897 4757 3018 4797; x_wconf 91' lang='lat' dir='ltr'>cum</span> <span class='ocrx_word' id='word_1_529' title='bbox 3044 4754 3276 4810; x_wconf 86' lang='lat' dir='ltr'>corpore</span> <span class='ocrx_word' id='word_1_530' title='bbox 3306 4736 3554 4811; x_wconf 88' lang='lat' dir='ltr'>sanguis,</span> 
     </span>
    </p>
   </div>
   <div class='ocr_carea' id='block_1_50' title="bbox 197 4829 3296 4907">
    <p class='ocr_par' dir='ltr' id='par_1_50' title="bbox 197 4829 3296 4907">
     <span class='ocr_line' id='line_1_51' title="bbox 197 4829 3296 4907; baseline -0.003 -14"><span class='ocrx_word' id='word_1_531' title='bbox 197 4840 386 4904; x_wconf 85' lang='lat' dir='ltr'>Quem</span> <span class='ocrx_word' id='word_1_532' title='bbox 415 4844 684 4907; x_wconf 90' lang='lat' dir='ltr'>torquens</span> <span class='ocrx_word' id='word_1_533' title='bbox 713 4836 980 4892; x_wconf 80' lang='lat' dir='ltr'>Anolinus</span> <span class='ocrx_word' id='word_1_534' title='bbox 1011 4844 1185 4903; x_wconf 91' lang='lat' dir='ltr'>atrox,</span> <span class='ocrx_word' id='word_1_535' title='bbox 1218 4844 1271 4890; x_wconf 91' lang='lat' dir='ltr'>et</span> <span class='ocrx_word' id='word_1_536' title='bbox 1299 4837 1533 4891; x_wconf 87' lang='lat' dir='ltr'>carceris</span> <span class='ocrx_word' id='word_1_537' title='bbox 1555 4837 1656 4890; x_wconf 90' lang='lat' dir='ltr'>atri</span> <span class='ocrx_word' id='word_1_538' title='bbox 1941 4833 2049 4887; x_wconf 86' lang='lat' dir='ltr'>Hac</span> <span class='ocrx_word' id='word_1_539' title='bbox 2069 4833 2323 4907; x_wconf 89' lang='lat' dir='ltr'>jugulum</span> <span class='ocrx_word' id='word_1_540' title='bbox 2352 4839 2633 4887; x_wconf 90' lang='lat' dir='ltr'>reserante</span> <span class='ocrx_word' id='word_1_541' title='bbox 2661 4832 2750 4885; x_wconf 88' lang='lat' dir='ltr'>die</span> <span class='ocrx_word' id='word_1_542' title='bbox 2780 4829 3009 4885; x_wconf 65' lang='lat' dir='ltr'>diffusus</span> <span class='ocrx_word' id='word_1_543' title='bbox 3037 4838 3098 4884; x_wconf 92' lang='lat' dir='ltr'>ut</span> <span class='ocrx_word' id='word_1_544' title='bbox 3127 4844 3296 4893; x_wconf 85' lang='lat' dir='ltr'>ense;</span> 
     </span>
    </p>
   </div>
   <div class='ocr_carea' id='block_1_51' title="bbox 194 4911 3429 5002">
    <p class='ocr_par' dir='ltr' id='par_1_51' title="bbox 194 4911 3429 5002">
     <span class='ocr_line' id='line_1_52' title="bbox 194 4911 3429 5002; baseline -0.003 -17"><span class='ocrx_word' id='word_1_545' title='bbox 194 4933 339 4985; x_wconf 89' lang='lat' dir='ltr'>Cum</span> <span class='ocrx_word' id='word_1_546' title='bbox 375 4935 570 4982; x_wconf 87' lang='lat' dir='ltr'>sancto</span> <span class='ocrx_word' id='word_1_547' title='bbox 600 4927 849 4982; x_wconf 83' lang='lat' dir='ltr'>afﬁciens</span> <span class='ocrx_word' id='word_1_548' title='bbox 883 4929 1048 5002; x_wconf 87' lang='lat' dir='ltr'>longo</span> <span class='ocrx_word' id='word_1_549' title='bbox 1082 4929 1335 4999; x_wconf 88' lang='lat' dir='ltr'>squalore</span> <span class='ocrx_word' id='word_1_550' title='bbox 1367 4928 1592 4995; x_wconf 90' lang='lat' dir='ltr'>cliente,</span> <span class='ocrx_word' id='word_1_551' title='bbox 1839 4911 1842 4913; x_wconf 11' lang='grc' dir='ltr'><strong>Δ</strong></span> <span class='ocrx_word' id='word_1_552' title='bbox 1937 4925 2226 4979; x_wconf 88' lang='lat' dir='ltr'>Vermibus</span> <span class='ocrx_word' id='word_1_553' title='bbox 2253 4925 2483 4980; x_wconf 66' lang='lat' dir='ltr'>illaesum</span> <span class='ocrx_word' id='word_1_554' title='bbox 2515 4931 2679 4996; x_wconf 88' lang='lat' dir='ltr'>caput</span> <span class='ocrx_word' id='word_1_555' title='bbox 2705 4925 3083 4994; x_wconf 89' lang='lat' dir='ltr'>intactumque</span> <span class='ocrx_word' id='word_1_556' title='bbox 3114 4912 3387 4993; x_wconf 74' lang='lat' dir='ltr'>repertum</span> <span class='ocrx_word' id='word_1_557' title='bbox 3415 4937 3429 4983; x_wconf 86' lang='lat'><strong>;</strong></span> 
     </span>
    </p>
   </div>
   <div class='ocr_carea' id='block_1_52' title="bbox 192 5015 3040 5088">
    <p class='ocr_par' dir='ltr' id='par_1_52' title="bbox 192 5015 3040 5088">
     <span class='ocr_line' id='line_1_53' title="bbox 192 5015 3040 5088; baseline -0.004 -7"><span class='ocrx_word' id='word_1_558' title='bbox 192 5025 432 5081; x_wconf 87' lang='lat' dir='ltr'>Crudeli</span> <span class='ocrx_word' id='word_1_559' title='bbox 479 5024 701 5077; x_wconf 86' lang='lat' dir='ltr'>tandem</span> <span class='ocrx_word' id='word_1_560' title='bbox 729 5023 1017 5078; x_wconf 88' lang='lat' dir='ltr'>emeritum</span> <span class='ocrx_word' id='word_1_561' title='bbox 1042 5039 1304 5079; x_wconf 91' lang='lat' dir='ltr'>mucrone</span> <span class='ocrx_word' id='word_1_562' title='bbox 1327 5023 1581 5079; x_wconf 89' lang='lat' dir='ltr'>trucidat.</span> <span class='ocrx_word' id='word_1_563' title='bbox 1936 5017 2078 5071; x_wconf 81' lang='lat' dir='ltr'>Pexa</span> <span class='ocrx_word' id='word_1_564' title='bbox 2108 5016 2301 5071; x_wconf 83' lang='lat' dir='ltr'>levatis</span> <span class='ocrx_word' id='word_1_565' title='bbox 2331 5017 2503 5071; x_wconf 88' lang='lat' dir='ltr'>barba</span> <span class='ocrx_word' id='word_1_566' title='bbox 2534 5017 2772 5088; x_wconf 90' lang='lat' dir='ltr'>lotisque</span> <span class='ocrx_word' id='word_1_567' title='bbox 2802 5015 3040 5085; x_wconf 86' lang='lat' dir='ltr'>capillis,</span> 
     </span>
    </p>
   </div>
   <div class='ocr_carea' id='block_1_53' title="bbox 191 5111 3329 5186">
    <p class='ocr_par' dir='ltr' id='par_1_53' title="bbox 191 5111 3329 5186">
     <span class='ocr_line' id='line_1_54' title="bbox 191 5111 3329 5186; baseline -0.003 -14"><span class='ocrx_word' id='word_1_568' title='bbox 191 5118 451 5173; x_wconf 63' lang='lat' dir='ltr'>Membra</span> <span class='ocrx_word' id='word_1_569' title='bbox 484 5116 663 5172; x_wconf 89' lang='lat' dir='ltr'>dicata</span> <span class='ocrx_word' id='word_1_570' title='bbox 694 5115 768 5185; x_wconf 86' lang='lat' dir='ltr'>pii</span> <span class='ocrx_word' id='word_1_571' title='bbox 793 5115 954 5171; x_wconf 81' lang='lat' dir='ltr'>furto</span> <span class='ocrx_word' id='word_1_572' title='bbox 987 5131 1220 5186; x_wconf 91' lang='lat' dir='ltr'>rapuere</span> <span class='ocrx_word' id='word_1_573' title='bbox 1243 5115 1414 5182; x_wconf 83' lang='lat' dir='ltr'>fideli,</span> <span class='ocrx_word' id='word_1_574' title='bbox 1934 5113 2200 5183; x_wconf 90' lang='lat' dir='ltr'>Tempore</span> <span class='ocrx_word' id='word_1_575' title='bbox 2231 5113 2598 5184; x_wconf 91' lang='lat' dir='ltr'>compositum</span> <span class='ocrx_word' id='word_1_576' title='bbox 2625 5112 2791 5167; x_wconf 91' lang='lat' dir='ltr'>veluti</span> <span class='ocrx_word' id='word_1_577' title='bbox 2822 5112 3087 5167; x_wconf 90' lang='lat' dir='ltr'>reniteret</span> <span class='ocrx_word' id='word_1_578' title='bbox 3112 5111 3329 5174; x_wconf 89' lang='lat' dir='ltr'>eodem,</span> 
     </span>
    </p>
   </div>
   <div class='ocr_carea' id='block_1_54' title="bbox 193 5204 3337 5281">
    <p class='ocr_par' dir='ltr' id='par_1_54' title="bbox 193 5204 3337 5281">
     <span class='ocr_line' id='line_1_55' title="bbox 193 5204 3337 5281; baseline -0.003 -19"><span class='ocrx_word' id='word_1_579' title='bbox 193 5206 645 5276; x_wconf 80' lang='lat' dir='ltr'>Romuleamque</span> <span class='ocrx_word' id='word_1_580' title='bbox 677 5211 831 5259; x_wconf 82' lang='lat' dir='ltr'>extra</span> <span class='ocrx_word' id='word_1_581' title='bbox 862 5212 1071 5276; x_wconf 90' lang='lat' dir='ltr'>portam</span> <span class='ocrx_word' id='word_1_582' title='bbox 1098 5206 1166 5260; x_wconf 91' lang='lat' dir='ltr'>de</span> <span class='ocrx_word' id='word_1_583' title='bbox 1198 5205 1422 5261; x_wconf 90' lang='lat' dir='ltr'>nomine</span> <span class='ocrx_word' id='word_1_584' title='bbox 1453 5205 1652 5261; x_wconf 88' lang='lat' dir='ltr'>dictam</span> <span class='ocrx_word' id='word_1_585' title='bbox 1936 5205 2219 5260; x_wconf 88' lang='lat' dir='ltr'>Nectarius</span> <span class='ocrx_word' id='word_1_586' title='bbox 2249 5204 2527 5281; x_wconf 87' lang='lat' dir='ltr'>fragrabat</span> <span class='ocrx_word' id='word_1_587' title='bbox 2558 5207 2734 5261; x_wconf 88' lang='lat' dir='ltr'>honos</span> <span class='ocrx_word' id='word_1_588' title='bbox 2766 5211 2826 5259; x_wconf 91' lang='lat' dir='ltr'>ut</span> <span class='ocrx_word' id='word_1_589' title='bbox 2854 5205 3101 5260; x_wconf 90' lang='lat' dir='ltr'>vinceret</span> <span class='ocrx_word' id='word_1_590' title='bbox 3119 5217 3337 5258; x_wconf 90' lang='lat' dir='ltr'>omnem</span> 
     </span>
    </p>
   </div>
   <div class='ocr_carea' id='block_1_55' title="bbox 196 5296 3372 5369">
    <p class='ocr_par' dir='ltr' id='par_1_55' title="bbox 196 5296 3372 5369">
     <span class='ocr_line' id='line_1_56' title="bbox 196 5296 3372 5369; baseline -0.003 -15"><span class='ocrx_word' id='word_1_591' title='bbox 196 5302 260 5354; x_wconf 88' lang='lat' dir='ltr'><strong>In</strong></span> <span class='ocrx_word' id='word_1_592' title='bbox 299 5296 548 5369; x_wconf 91' lang='lat' dir='ltr'>propriis</span> <span class='ocrx_word' id='word_1_593' title='bbox 572 5297 865 5363; x_wconf 90' lang='lat' dir='ltr'>tumulant,</span> <span class='ocrx_word' id='word_1_594' title='bbox 895 5297 1028 5368; x_wconf 90' lang='lat' dir='ltr'>ipsis</span> <span class='ocrx_word' id='word_1_595' title='bbox 1055 5299 1426 5366; x_wconf 88' lang='lat' dir='ltr'>hortantibus,</span> <span class='ocrx_word' id='word_1_596' title='bbox 1452 5299 1660 5354; x_wconf 88' lang='lat' dir='ltr'>hortis:</span> <span class='ocrx_word' id='word_1_597' title='bbox 1944 5297 2135 5353; x_wconf 88' lang='lat' dir='ltr'>Messis</span> <span class='ocrx_word' id='word_1_598' title='bbox 2152 5298 2463 5353; x_wconf 64' lang='lat' dir='ltr'>aromaticw</span> <span class='ocrx_word' id='word_1_599' title='bbox 2489 5297 2818 5352; x_wconf 87' lang='lat' dir='ltr'>cumulatam</span> <span class='ocrx_word' id='word_1_600' title='bbox 2841 5296 3090 5369; x_wconf 87' lang='lat' dir='ltr'>germine</span> <span class='ocrx_word' id='word_1_601' title='bbox 3109 5309 3372 5349; x_wconf 88' lang='lat' dir='ltr'>massam:</span> 
     </span>
    </p>
   </div>
   <div class='ocr_carea' id='block_1_56' title="bbox 192 5384 3358 5463">
    <p class='ocr_par' dir='ltr' id='par_1_56' title="bbox 192 5384 3358 5463">
     <span class='ocr_line' id='line_1_57' title="bbox 192 5384 3358 5463; baseline 0 -24"><span class='ocrx_word' id='word_1_602' title='bbox 192 5388 519 5439; x_wconf 90' lang='lat' dir='ltr'>lllustratur</span> <span class='ocrx_word' id='word_1_603' title='bbox 548 5384 694 5438; x_wconf 90' lang='lat' dir='ltr'>enim</span> <span class='ocrx_word' id='word_1_604' title='bbox 736 5385 868 5440; x_wconf 88' lang='lat' dir='ltr'>visis</span> <span class='ocrx_word' id='word_1_605' title='bbox 899 5387 1182 5443; x_wconf 83' lang='lat' dir='ltr'>Acetarius</span> <span class='ocrx_word' id='word_1_606' title='bbox 1211 5387 1337 5442; x_wconf 89' lang='lat' dir='ltr'>altis</span> <span class='ocrx_word' id='word_1_607' title='bbox 1945 5393 2190 5447; x_wconf 82' lang='lat' dir='ltr'>Pandent</span> <span class='ocrx_word' id='word_1_608' title='bbox 2217 5395 2364 5448; x_wconf 91' lang='lat' dir='ltr'>hunc</span> <span class='ocrx_word' id='word_1_609' title='bbox 2390 5393 2583 5447; x_wconf 88' lang='lat' dir='ltr'>Christi</span> <span class='ocrx_word' id='word_1_610' title='bbox 2613 5392 2917 5463; x_wconf 88' lang='lat' dir='ltr'>spiramina</span> <span class='ocrx_word' id='word_1_611' title='bbox 2945 5392 3110 5463; x_wconf 86' lang='lat' dir='ltr'>digna</span> <span class='ocrx_word' id='word_1_612' title='bbox 3151 5390 3358 5445; x_wconf 87' lang='lat' dir='ltr'>tulisse.</span> 
     </span>
    </p>
   </div>
   <div class='ocr_carea' id='block_1_57' title="bbox 189 5472 1758 5557">
    <p class='ocr_par' dir='ltr' id='par_1_57' title="bbox 189 5472 1510 5550">
     <span class='ocr_line' id='line_1_58' title="bbox 189 5472 1510 5550; baseline 0.002 -21"><span class='ocrx_word' id='word_1_613' title='bbox 189 5475 416 5548; x_wconf 85' lang='lat' dir='ltr'>Dignus</span> <span class='ocrx_word' id='word_1_614' title='bbox 450 5473 518 5526; x_wconf 91' lang='lat' dir='ltr'>ad</span> <span class='ocrx_word' id='word_1_615' title='bbox 552 5472 605 5527; x_wconf 91' lang='lat' dir='ltr'>id</span> <span class='ocrx_word' id='word_1_616' title='bbox 635 5473 809 5540; x_wconf 89' lang='lat' dir='ltr'>visus,</span> <span class='ocrx_word' id='word_1_617' title='bbox 841 5475 928 5529; x_wconf 92' lang='lat' dir='ltr'>cui</span> <span class='ocrx_word' id='word_1_618' title='bbox 959 5476 1256 5532; x_wconf 87' lang='lat' dir='ltr'>Fortunata</span> <span class='ocrx_word' id='word_1_619' title='bbox 1271 5477 1510 5550; x_wconf 88' lang='lat' dir='ltr'>jugalis:</span> 
     </span>
    </p>
   </div>
   <div class='ocr_carea' id='block_1_58' title="bbox 1678 5472 3247 5557">
    <p class='ocr_par' dir='ltr' id='par_1_58' title="bbox 1940 5484 3247 5557">
     <span class='ocr_line' id='line_1_59' title="bbox 1940 5484 3247 5557; baseline -0.002 -17"><span class='ocrx_word' id='word_1_620' title='bbox 1940 5487 2235 5541; x_wconf 89' lang='lat' dir='ltr'>lnveniunt</span> <span class='ocrx_word' id='word_1_621' title='bbox 2258 5496 2420 5541; x_wconf 80' lang='lat' dir='ltr'>etiam</span> <span class='ocrx_word' id='word_1_622' title='bbox 2453 5486 2708 5542; x_wconf 90' lang='lat' dir='ltr'>comitem</span> <span class='ocrx_word' id='word_1_623' title='bbox 2741 5485 2972 5557; x_wconf 90' lang='lat' dir='ltr'>puerilia</span> <span class='ocrx_word' id='word_1_624' title='bbox 3001 5484 3247 5539; x_wconf 90' lang='lat' dir='ltr'>membra</span> 
     </span>
    </p>
   </div>
   <div class='ocr_carea' id='block_1_59' title="bbox 192 5564 3311 5648">
    <p class='ocr_par' dir='ltr' id='par_1_59' title="bbox 192 5564 3311 5648">
     <span class='ocr_line' id='line_1_60' title="bbox 192 5564 3311 5648; baseline -0 -28"><span class='ocrx_word' id='word_1_625' title='bbox 192 5566 344 5621; x_wconf 80' lang='lat' dir='ltr'>Huic</span> <span class='ocrx_word' id='word_1_626' title='bbox 367 5579 495 5620; x_wconf 82' lang='lat' dir='ltr'>mox</span> <span class='ocrx_word' id='word_1_627' title='bbox 525 5564 811 5620; x_wconf 88' lang='lat' dir='ltr'>insinuant</span> <span class='ocrx_word' id='word_1_628' title='bbox 841 5567 968 5622; x_wconf 65' lang='lat' dir='ltr'>caesi</span> <span class='ocrx_word' id='word_1_629' title='bbox 1001 5584 1100 5623; x_wconf 89' lang='lat' dir='ltr'>sua</span> <span class='ocrx_word' id='word_1_630' title='bbox 1130 5585 1362 5641; x_wconf 91' lang='lat' dir='ltr'>corpora</span> <span class='ocrx_word' id='word_1_631' title='bbox 1393 5576 1582 5632; x_wconf 88' lang='lat' dir='ltr'>testes,</span> <span class='ocrx_word' id='word_1_632' title='bbox 1936 5575 2261 5648; x_wconf 69' lang='lat' dir='ltr'>Lectieaque</span> <span class='ocrx_word' id='word_1_633' title='bbox 2290 5575 2496 5643; x_wconf 71' lang='lat' dir='ltr'>ferum,</span> <span class='ocrx_word' id='word_1_634' title='bbox 2525 5583 2740 5646; x_wconf 74' lang='lat' dir='ltr'>penum</span> <span class='ocrx_word' id='word_1_635' title='bbox 2767 5582 3084 5631; x_wconf 69' lang='lat' dir='ltr'>reverenter</span> <span class='ocrx_word' id='word_1_636' title='bbox 3108 5574 3162 5628; x_wconf 82' lang='lat' dir='ltr'>in</span> <span class='ocrx_word' id='word_1_637' title='bbox 3194 5573 3311 5628; x_wconf 64' lang='lat' dir='ltr'>aede</span> 
     </span>
    </p>
   </div>
   <div class='ocr_carea' id='block_1_60' title="bbox 191 5659 3184 5738">
    <p class='ocr_par' dir='ltr' id='par_1_60' title="bbox 191 5659 3184 5738">
     <span class='ocr_line' id='line_1_61' title="bbox 191 5659 3184 5738; baseline -0 -24"><span class='ocrx_word' id='word_1_638' title='bbox 191 5659 662 5734; x_wconf 66' lang='lat' dir='ltr'>Pmcipiuntque</span> <span class='ocrx_word' id='word_1_639' title='bbox 690 5662 834 5720; x_wconf 88' lang='lat' dir='ltr'>levet</span> <span class='ocrx_word' id='word_1_640' title='bbox 871 5665 1043 5721; x_wconf 90' lang='lat' dir='ltr'>crudo</span> <span class='ocrx_word' id='word_1_641' title='bbox 1072 5667 1398 5722; x_wconf 87' lang='lat' dir='ltr'>occultanda</span> <span class='ocrx_word' id='word_1_642' title='bbox 1428 5665 1636 5732; x_wconf 88' lang='lat' dir='ltr'>furori;</span> <span class='ocrx_word' id='word_1_643' title='bbox 1935 5664 2082 5720; x_wconf 74' lang='lat' dir='ltr'>Iuris</span> <span class='ocrx_word' id='word_1_644' title='bbox 2122 5665 2408 5738; x_wconf 89' lang='lat' dir='ltr'>apostolici</span> <span class='ocrx_word' id='word_1_645' title='bbox 2440 5664 2580 5720; x_wconf 87' lang='lat' dir='ltr'>festo</span> <span class='ocrx_word' id='word_1_646' title='bbox 2619 5663 2722 5720; x_wconf 91' lang='lat' dir='ltr'>sud</span> <span class='ocrx_word' id='word_1_647' title='bbox 2754 5665 2962 5720; x_wconf 88' lang='lat' dir='ltr'>honore</span> <span class='ocrx_word' id='word_1_648' title='bbox 2987 5663 3184 5718; x_wconf 88' lang='lat' dir='ltr'>dicata.</span> 
     </span>
    </p>
   </div>
  </div>
