3962 6140
443 317 548 376 60⁸7
1198 322 1569 379 FLODOARDI
1610 323 1911 381 CANONICI
1954 322 2287 380 REMENSIS
2327 321 2663 379 OPUSCULA
2702 321 3010 380 METRICA.
3673 331 3765 387 608

1945 479 2163 535 CAPUT
2203 479 2289 534 Vl.

1501 581 1579 640 De
1608 581 1883 642 vindicta
1913 581 2274 643 Neronianae
2296 584 2745 660 persecutionis.

449 715 655 783 lnjuste
685 712 924 772 innocuo
954 719 1267 770 sanctorum
1298 715 1568 791 sanguine
1598 714 1739 784 fuso,
2084 702 2135 769 A
2164 698 2456 791 §3W°mm
2477 697 2675 791 chris“
2694 713 2986 791 Pmcel‘um
3013 714 3149 791 98°?
3181 698 3354 791 “om?
3383 717 3645 758 suorum:

445 805 664 861 iudicio
694 805 882 861 divina
912 821 1037 860 reos
1063 805 1191 862 ferit
1217 806 1354 862 ultio
1393 786 1597 881 digno;
2165 787 2226 881 ξι
2265 803 2388 881 quae
2413 786 2676 859 primates
2702 787 2888 881 superi
2917 788 3220 881 saevissima
3245 790 3424 845 cultus

448 895 558 949 Nec
588 894 756 949 dilata
789 893 946 950 sedet
973 894 1198 949 tardans
1230 895 1286 948 in
1307 876 1554 966 tempora
1582 896 1768 971 longa,

2167 876 2442 942 Punierat,
2476 893 2666 950 regum
2696 878 2925 948 punitur
2947 878 3098 934 caede
3131 893 3432 935 novorum:

448 990 523 1045 Ne
548 989 713 1061 lupus
741 990 835 1044 ille
856 989 1004 1045 ferus
1034 996 1256 1046 teneros
1278 991 1560 1047 exulceret
1591 967 1787 1067 agnos,
2167 967 2409 1067 ρυεθίιιιθ
2445 967 2548 1067 39b
2569 969 2987 1067 ἒίξῖθΠωηΡθίτ
3015 969 3278 1067 ininifus
3307 987 3456 1027 arma

449 1081 510 1135 Et
539 1057 776 1135 ναξ-,ωπον
812 1088 967 1135 atrox
988 1081 1222 1136 necdum
1254 1082 1537 1138 molimine
1570 1057 1730 1141 ﬁr'mo
1776 1057 1781 1059 ⁷
2167 1057 2506 1127 Torpuerant
2540 1057 2702 1113 civile
2732 1057 2888 1113 nefas
2917 1058 3226 1114 minitantia
3257 1076 3468 1131 pressa,

451 1172 712 1227 Radicum
741 1173 976 1228 solidata
1005 1174 1140 1230 satis
1176 1175 1444 1246 plantaria
1471 1177 1656 1233 vellat.
2170 1145 2382 1246 ἓθηθίξθ
2409 1147 2681 1246 ξυρριίθξο
2714 1147 2955 1246 ΫίΠίῨιίῗθ
2990 1148 3350 1246 pairibusq‘ie
3376 1152 3608 1246 ngcatis’

449 1261 662 1314 Sanctis
682 1261 803 1316 luce
831 1263 1107 1318 coronatis
1136 1239 1469 1319 damnantur
1501 1264 1698 1337 iniqui.
2176 1239 2462 1337 ῗῗτωίῗδίδ
2493 1240 2678 1311 paullo
2712 1240 2884 1337 frenis
2913 1240 3268 1337 ‘X'T‘Phamur
3297 1242 3530 1337 in_°rbe’

453 1349 706 1420 Undique
736 1350 932 1406 oborta
965 1353 1102 1416 lues,
1139 1351 1339 1406 Urbem
1365 1331 1618 1408 vindicta
1647 1353 1861 1428 fatigat,

2177 1331 2413 1386 Diversis
2445 1337 2503 1385 ut
2531 1339 2682 1386 mota
2702 1331 2881 1406 plagis
2917 1331 3094 1386 flabra
3115 1349 3242 1387 aera
3271 1334 3506 1404 pulsant.

453 1419 890 1512 Arma’supema
921 1441 1126 1509 ferens,
1159 1442 1405 1514 “quidm,
1434 1419 1805 1514 οοπωηρίιιῖι.
1824 1419 1938 1510 ἀπ’
2177 1419 2432 1476 Ediderat
2452 1421 2730 1493 siquidem
2757 1421 3046 1477 confestim
3077 1422 3337 1492 Hispania
3365 1423 3582 1478 Galbam
3608 1443 3624 1488 ;

454 1528 703 1583 Exoritur
729 1530 901 1601 pestis
933 1530 1102 1584 nullis
1128 1532 1399 1602 :equanda
1429 1532 1726 1602 chelydris,

2177 1515 2291 1580 Quo
2322 1531 2514 1586 presso
2544 1516 3000 1589 consurgitOtho,
3033 1517 3371 1589 Romamque
3401 1527 3686 1586 cruentat;

455 1622 692 1692 Corpora
721 1621 1025 1679 conficiens
1055 1625 1204 1680 lento
1247 1624 1542 1696 liquefacta
1569 1641 1786 1681 veneno
1812 1644 1827 1693 ;
2177 1605 2476 1696 Germams
2507 1605 2651 1660 ίηίθτ
2679 1604 2970 1696 Gallosque
3008 1605 3259 1660 Vitellius
3290 1607 3437 1661 θιίίί

455 1709 718 1765 Pestifera
748 1728 882 1766 aura
911 1713 1042 1779 ruit,
1074 1695 1368 1785 campique
1409 1723 1469 1769 et
1495 1715 1642 1770 celsa
1673 1715 1970 1788 Cyclopum
2176 1695 2544 1788 Ῠθδῐξδδίφυδ
2563 1695 2710 1788 θριῖά
2742 1695 2954 1766 Syriam
2984 1711 3111 1750 mox
3144 1705 3360 1767 sceptra
3390 1699 3656 1768 “P335”,

451 1802 613 1857 Tecta
639 1803 948 1873 superiecto
979 1803 1305 1859 nebularum
1331 1815 1568 1861 uruntur
1596 1807 1824 1863 amictu.

2179 1787 2240 1842 Hi
2271 1786 2435 1842 simul
2467 1787 2714 1858 imperiis
2743 1803 2939 1842 omnes
2970 1788 3309 1844 bacchantur
3338 1796 3395 1845 et
3420 1791 3613 1846 armis.

457 1892 735 1948 Labuntur
763 1895 1045 1950 sceleratae
1072 1896 1292 1962 animae,
1323 1912 1474 1952 mors
1501 1897 1673 1953 millia
1702 1898 1873 1954 vincit
2180 1879 2424 1934 Romam
2453 1878 2625 1934 luitur
2653 1887 2967 1934 sanc‘omm
3002 1881 3277 1954 εθηὲυίηθ
3308 1882 3556 1954 sanguis:

459 1981 799 2056 Fungentum
834 1991 917 2038 ter
943 1984 1117 2053 dena;
1147 1985 1254 2040 sibi
1286 1987 1523 2042 Libitina
1556 1987 1760 2044 dicavit

2104 2019 2154 2086 Β
2187 1971 2247 2025 Et
2276 1986 2440 2026 cruor
2469 1970 2746 2026 almiﬂuus
2773 1979 3059 2046 grassante
3086 1989 3283 2028 cruore
3314 1973 3512 2044 piatur,

2189 2061 2500 2086 ll..-..e_--.2s
2533 2061 2805 2086 ..ποι-ιιι-..
2857 2061 3068 2086 13..-...5-
3093 2070 3358 2086 ._-_-.-_4-
3384 2063 3512 2086 ..-ΑΒ

459 2071 698 2144 Oppida:
724 2075 1000 2131 Romanas
1029 2077 1300 2132 nonnulla
1329 2079 1569 2134 colentia
1598 2079 1752 2154 leges

2104 2061 2154 2086 υ
2189 2061 2503 2116 Monstravit
2529 2061 2808 2132 quondam
2840 2061 3071 2136 [Egypto
3093 2070 3361 2133 pereunte
3383 2063 3657 2134 profusus,

460 2163 718 2221 Cladibus
742 2183 807 2221 ac
837 2168 1009 2224 nimio
1036 2169 1202 2224 caedis
1230 2171 1456 2226 horrore
1479 2149 1792 2228 mmmam!
2189 2149 2246 2204 ld
2276 2150 2503 2223 sanguis
2527 2149 2772 2215 laticum,
2807 2151 2998 2204 teritur
3025 2151 3156 2206 dum
3185 2151 3416 2207 verbere
3438 2153 3625 2223 primo

459 2256 680 2327 Magnas
706 2258 976 2313 Armeniae
1002 2261 1207 2330 patrias
1238 2262 1552 2332 respublica
1580 2264 1793 2334 perdit;

2187 2247 2244 2300 ln
2277 2247 2540 2318 pupulum
2583 2245 2880 2302 furibunda
2911 2247 3007 2302 Dei
3041 2251 3397 2320 praesumptio
3429 2250 3628 2320 prima.

458 2349 710 2403 Parthica
743 2349 999 2406 Romam;
1031 2352 1280 2427 legiones
1300 2353 1404 2408 sub
1426 2355 1560 2429 iuga
1598 2355 1800 2421 missae,
2184 2338 2443 2429 Providet
2471 2346 2526 2395 at
2555 2340 2818 2395 Dominus
2842 2340 3061 2395 famulis
3091 2350 3220 2396 tunc
3241 2341 3464 2398 turbine
3494 2343 3652 2398 tactis

459 2437 634 2493 Urbes
659 2440 924 2510 quasdam
957 2441 1094 2496 Asia
1125 2442 1320 2498 sternit
1342 2428 1634 2501 concussio
1669 2453 1826 2501 terrae
1851 2463 1865 2512 ;

2184 2428 2394 2484 Excidit
2414 2434 2494 2485 tot
2520 2429 2668 2484 bella
2689 2446 2949 2501 promens
2977 2430 3248 2485 solamina
3279 2432 3448 2496 tanti;

460 2531 569 2586 Nec
601 2532 828 2587 nimium
852 2533 1049 2589 claudo
1071 2534 1383 2606 insequitur
1397 2537 1538 2608 pede
1566 2553 1729 2608 paena
1753 2545 2076 2610 tyrannum:
2183 2520 2321 2575 Ηεεο
2342 2537 2527 2594 neque
2555 2537 2654 2592 Per
2673 2529 2865 2589 ίθπδεν
2887 2538 2984 2593 Per
3006 2538 3178 2595 aquas
3201 2522 3460 2578 diuturna
3483 2539 3677 2598 "gare

464 2621 598 2676 Hinc
627 2621 880 2693 Hispanis
910 2623 1133 2678 Galbam
1163 2624 1258 2695 qui
1289 2627 1559 2696 οοηιρθι-ίι
1596 2627 1709 2682 oris
2184 2612 2435 2681 Dimittit,
2468 2613 2613 2669 facili
2646 2613 2941 2669 moderans
2973 2615 3105 2686 quin
3139 2629 3276 2684 pace
3301 2614 3544 2670 retundi.

461 2709 662 2765 Militiae
693 2711 995 2783 sumpsisse
1022 2713 1157 2767 viris
1185 2713 1492 2769 diademata
1522 2715 1699 2790 regni,
2186 2788 2202 2790 ξ
2253 2700 2719 2790 Τθτίξυελίῐηρθνίί
2761 2701 2927 2755 ﬁnem
2960 2702 3054 2756 ἀεὶ
3082 2702 3290 2757 metuis
3309 2701 3541 2790 οῑῗὶοξιίτ

463 2801 696 2871 Sprevit,
724 2811 953 2874 atroque
975 2803 1160 2859 animo
1191 2811 1450 2876 totusque
1479 2804 1548 2861 ad
1572 2787 1791 2862 Tartara
1811 2808 2006 2881 vergit,

2215 2796 2319 2843 tum
2341 2787 2488 2844 vinci
2515 2803 2807 2859 spernens,
2839 2791 3123 2860 preprium
3154 2789 3258 2844 sibi
3289 2789 3560 2864 transfigit
3592 2805 3779 2846 ensem.

465 2891 715 2963 Dumque
745 2892 1126 2947 incredibilem
1161 2894 1325 2949 rebus
1351 2896 1707 2967 patribusque
1734 2880 1962 2953 revolvit
2184 2883 2405 2940 Restim
2434 2882 2525 2937 hic
2555 2882 2751 2946 νίθῑοτι
2778 2880 3064 2954 subiitque
3089 2881 3338 2937 νίῐθιιίιιε
3368 2882 3606 2947 urbem;

467 2980 648 3035 Exsilii
681 2981 917 3046 cladem,
953 2983 1141 3053 patriae
1173 2983 1518 3039 convincitur
1547 2985 1757 3038 hostis:
2183 2979 2453 3047 Qui,dum
2467 2977 2632 3032 vitam
2665 2975 2948 3032 hominum
2969 2975 3211 3049 ingluvie
3233 2972 3788 3047 prapriisque(sic)fa-

465 3068 726 3123 Praedicat
756 3069 811 3122 id
841 3067 1057 3143 vulgus,
1087 3071 1293 3143 gaudet
1320 3071 1569 3125 sanxisse
1598 3078 1868 3127 senatum.
2182 3066 2461 3139 Comperit
2490 3073 2552 3120 ut
2580 3063 2755 3120 fasces
2783 3063 3037 3118 attollere
3063 3063 3481 3135 Vespasianum,
3633 3064 3782 3138 μίξει,

464 3157 704 3212 Territus
732 3158 823 3212 ille
845 3167 1016 3218 metu.
1051 3160 1347 3232 lapsusque
1377 3178 1442 3216 ex
1481 3162 1621 3217 urbe
1652 3165 1935 3235 probrose,
2186 3161 2394 3216 Ponere
2423 3155 2746 3228 praesumpti
2787 3154 3182 3210 moderaminis
3211 3160 3364 3226 Optat
3393 3155 3661 3211 habenas.

469 3249 710 3320 Cumque
741 3249 1045 3324 ignominia
1068 3251 1292 3324 fugiens
1309 3252 1633 3308 deformiter
1662 3257 1790 3317 alta,
2189 3249 2323 3304 Hinc
2347 3247 2620 3302 animatus
2648 3245 2716 3300 ad
2748 3245 2854 3299 hoc
2892 3244 3018 3310 urit,
3054 3242 3388 3315 perimitque
3418 3243 3680 3298 Sabinum

470 3341 606 3394 Dum
638 3341 790 3396 timet
822 3343 1015 3397 arctari
1045 3343 1385 3415 meritasque
1416 3345 1730 3416 expendere
1762 3363 1974 3417 poenas,
2118 3388 2164 3417 ρ
2188 3340 2428 3394 Fratrem
2457 3351 2580 3392 cum
2621 3334 2787 3391 sociis
2825 3334 2879 3388 in
2907 3335 3182 3407 sanguine
3208 3334 3556 3405 Vespasiani.

471 3388 606 3394 ---η
823 3388 1015 3397 me"...
1048 3388 1385 3415 ...ν.-...ν.,..ν
1417 3388 1730 3416 “rem”...
1762 3388 1974 3417 γυιων,
2188 3388 2206 3394 -
2230 3388 2428 3394 --------
2633 3388 2673 3391 η
2695 3388 2733 3390 -τ
2771 3388 2779 3389 κ
3011 3388 3068 3407 π
3165 3388 3172 3389 η
3262 3388 3274 3390 ~
3301 3388 3332 3405 γι

471 3431 624 3496 Quod
656 3435 1193 3502 superestscelerum
1221 3449 1630 3502 consummans,
1655 3436 1945 3492 transfodit
1967 3438 2085 3508 ipse
2117 3388 2166 3456 Ο
2188 3433 2332 3496 Quos
2364 3428 2666 3502 Capitolino
2695 3427 2844 3503 cegit
2870 3426 3106 3499 flagrare
3137 3427 3376 3482 camino.

469 3521 539 3576 Se
571 3522 792 3593 preprio
815 3523 984 3578 lectas
1015 3538 1318 3594 properans
1342 3541 1606 3581 mucrone
1636 3527 1739 3581 sub
1771 3528 2015 3596 umbras,
2189 3521 2315 3577 Post
2344 3519 2510 3575 modo
2530 3517 2729 3574 militia
2753 3519 3011 3574 desortus
3041 3533 3253 3587 speque
3273 3515 3520 3580 relictus,

471 3611 838 3684 Caesareaeque
867 3613 1088 3668 labente
1118 3614 1265 3669 labat
1295 3630 1404 3686 quo
1434 3615 1616 3687 gentis
1641 3615 1820 3689 origo.
2189 3616 2449 3672 Claustris
2476 3613 2734 3670 eximitur
2752 3611 2927 3678 cellae,
2954 3610 3295 3683 trahiturque
3323 3609 3580 3674 moleste,

539 3701 661 3756 Mox
711 3701 876 3757 Galba
915 3703 1236 3768 adveniens,
1295 3711 1576 3775 comperta
1623 3712 1800 3760 morte
1839 3704 2084 3773 nefandi,
2188 3711 2361 3781 lnque
2391 3707 2570 3764 forum
2601 3705 2786 3760 nudus
2813 3720 2935 3758 cum
2968 3704 3230 3759 stercoris
3258 3702 3469 3772 impete
3496 3707 3700 3772 raptus,

470 3793 640 3850 Laedit
667 3796 894 3851 avaritia
920 3812 984 3852 ac
1014 3796 1157 3868 turpi
1190 3802 1410 3867 torpore
1442 3796 1684 3862 Quirites
2188 3801 2387 3857 Octavo
2419 3815 2648 3872 regnum
2674 3797 2824 3854 vitiis
2853 3813 2976 3854 cum
3008 3812 3202 3852 mense
3232 3804 3503 3869 gravaret,

472 3887 599 3944 Post
627 3889 847 3945 demum
878 3889 1092 3961 imperii
1124 3905 1289 3945 senos
1315 3889 1382 3944 ab
1411 3889 1622 3944 Othone
1656 3902 1980 3963 peremptus
2191 3895 2395 3951 Ictibus
2424 3893 2632 3949 interiit
2663 3890 2874 3948 crebris
2889 3889 3329 3956 excarniﬁcatus,

469 3976 602 4033 Cum
642 3977 773 4034 Caro
805 3995 1024 4033 menses
1053 3978 1241 4050 periit,
1264 3975 1464 4032 Pisone
1495 3987 1717 4048 recepto
2188 3985 2364 4055 Atque
2393 3997 2536 4038 unco
2568 3988 2771 4037 tractus
2797 3979 3070 4035 Tiberinis
3096 3978 3366 4053 mergitur
3395 3976 3578 4032 undis.

421 4117 436 4129 .
471 4070 531 4124 ln
562 4071 718 4144 regni
755 4071 1020 4145 gnatique
1047 4072 1268 4127 throno.
1295 4072 1417 4126 Luit
1443 4072 1612 4144 impia
1633 4072 1814 4128 credes

1953 4177 2163 4236 CAPUT
2209 4177 2322 4233 VII.

1633 4271 1712 4330 De
1739 4271 1992 4348 imperio
2033 4271 2378 4350 Vespasiani
2405 4277 2460 4330 et
2493 4264 2634 4328 Titi.

468 4386 816 4458 Tempestate
847 4391 1201 4456 tyrannorum
1233 4399 1337 4440 ceu
1369 4383 1518 4439 nube
1545 4383 1816 4455 procellas
2187 4386 2364 4456 Atque
2396 4378 2800 4450 triumphantes
2827 4373 3031 4446 pariter
3055 4369 3376 4428 colerentur
3404 4369 3474 4424 ab
3505 4367 3678 4458 orbe;

471 4478 746 4545 Discussa,
775 4477 895 4532 miti
925 4477 1028 4531 sub
1060 4475 1313 4548 principe
1344 4476 1682 4548 Vespasium
2190 4473 2421 4542 Insuper
2449 4467 2728 4524 adduntur
2756 4462 2998 4519 dominis
3025 4461 3306 4517 adduntur
3334 4460 3577 4516 honores
3596 4457 3790 4528 {169'};

469 4566 710 4622 Turbine
741 4573 956 4638 pacato,
977 4565 1170 4622 mundi
1198 4566 1415 4621 rediere
1444 4581 1660 4624 serena.
1819 4549 1825 4554 ’
2186 4566 2357 4621 Janus
2379 4562 2526 4618 enim
2553 4559 2809 4634 geminus
2838 4556 3001 4611 bellis
3025 4555 3319 4611 cohibetur
3336 4552 3566 4618 abactis,

476 4660 707 4716 Sedatur
727 4677 980 4733 regnum,
1009 4661 1210 4715 mulcta
1238 4659 1553 4730 plectuntur
1582 4667 1637 4714 et
1662 4657 1829 4726 hujus
2187 4655 2365 4725 Atque
2395 4653 2468 4706 ita
2495 4667 2600 4723 pax
2629 4656 2744 4705 toto
2781 4663 2906 4703 mox
2937 4643 3405 4733 promulgaturin
3444 4643 3596 4733 orbe.

478 4753 689 4808 Hostes.
733 4730 1041 4825 Dispulerat
1065 4752 1252 4824 superi
1284 4752 1380 4824 qui
1407 4751 1650 4806 numinis
1677 4751 1884 4815 hostes,
2191 4744 2256 4798 Ut
2273 4741 2484 4797 Christo
2506 4745 2757 4796 servetur
2777 4738 2954 4793 honos
2978 4735 3148 4800 idem,
3179 4730 3430 4788 hostibus
3456 4731 3588 4795 ulto,

479 4841 692 4914 Quique
723 4842 819 4897 Dei
850 4842 1025 4898 Prolis
1055 4857 1154 4915 per
1173 4842 1383 4913 prolem
1412 4840 1558 4896 bella
1580 4839 1873 4904 ministrat,
2190 4834 2290 4900 Qui
2323 4835 2540 4889 delatus
2564 4830 2613 4886 ei
2645 4830 2852 4886 dudum
2883 4829 2955 4884 de
2981 4827 3196 4903 virgine
3227 4832 3379 4893 nato,

477 4931 579 4986 Per
598 4931 815 4987 Domini
844 4932 1076 4987 Gnatum
1102 4946 1226 4986 cum
1253 4936 1422 5004 gnato
1460 4945 1632 5004 regna
1652 4928 1980 5001 triumphat;
2191 4928 2379 4984 Gliscit
2408 4927 2467 4984 in
2483 4927 2814 4982 immensum
2844 4923 2976 4979 belli
3006 4922 3129 4978 sine
3157 4920 3380 4978 turbine
3411 4933 3664 4991 regnum.

482 5021 545 5076 Et
569 5019 927 5094 licetignoret
945 5036 1044 5091 per
1070 5035 1236 5092 quem
1257 5017 1364 5073 sibi
1384 5017 1514 5072 talia
1544 5017 1781 5082 dentur;
2198 5019 2330 5074 Cum
2362 5018 2519 5090 Syria
2539 5016 2767 5073 Rhodus
2802 5021 2966 5086 atque
2996 5013 3189 5068 Samos
3216 5017 3272 5066 et
3298 5008 3505 5065 Achaia
3533 5011 3647 5062 tota

481 5109 591 5165 Sed
615 5109 768 5165 videt
783 5109 928 5164 haud
957 5109 1080 5164 sine
1099 5107 1150 5162 vi
1181 5121 1382 5180 supera
1397 5105 1507 5161 sibi
1535 5113 1688 5161 tanta
1719 5105 1942 5176 patrari.
2112 5141 2170 5210 D
2197 5110 2445 5177 Thracia,
2478 5109 2868 5205 Commagena,
2895 5105 3152 5210 Byzantia
3177 5119 3302 5160 rura
3330 5101 3556 5210 subacta

480 5202 823 5276 Astipulante
853 5219 954 5259 suo
984 5217 1095 5259 non
1138 5201 1253 5256 haec
1281 5215 1383 5255 sua
1407 5199 1595 5271 praelia
1616 5198 1757 5268 Tito,
1930 5200 1932 5202 ’
2112 5195 2165 5210 ⁵⁷
2200 5200 2474 5256 Romanos
2502 5197 2647 5255 ultro
2673 5196 2930 5253 dominos
2957 5195 3220 5270 legesque
3249 5195 3562 5263 capessunt.

481 5292 610 5357 Quae
648 5309 749 5365 per
774 5309 901 5349 eum
932 5293 990 5348 in
1032 5291 1299 5364 reprobos
1329 5289 1521 5346 mundi
1552 5290 1829 5364 Regnator
1875 5289 2092 5361 agebat.
2196 5290 2482 5360 Paciﬁcas,
2519 5293 2643 5362 pius
2679 5297 2735 5345 et
2773 5288 2922 5344 mitis
2949 5295 3075 5359 post
3103 5282 3498 5355 Vespasianum

479 5382 682 5456 Sicque
736 5381 1130 5454 triumphando
1167 5379 1411 5441 subeunt
1461 5378 1630 5434 decus
1681 5377 1906 5449 auspice
1943 5377 2095 5433 nullo
2198 5384 2368 5442 Filius
2393 5383 2639 5452 ejusdem
2671 5380 2825 5437 Titus
2853 5380 2973 5436 sine
3006 5376 3278 5450 sanguine
3306 5381 3519 5450 regnat.

479 5475 645 5532 Retro
687 5475 954 5531 celebrari
989 5491 1090 5547 per
1133 5472 1337 5529 saecula
1383 5477 1582 5533 cuncta
1615 5469 1880 5542 triumphi
1922 5469 2043 5541 (169

1922 5469 2090 5541 (169).
2198 5481 2532 5550 Pacatusque
2553 5477 2692 5532 nitet
2722 5474 2917 5530 Christi
2947 5471 3248 5527 virtutibus
3279 5467 3447 5524 orbis.

479 5567 545 5623 Ut
569 5574 729 5640 pater
757 5573 812 5625 et
847 5565 1071 5641 genitus
1106 5579 1270 5620 curru
1299 5561 1631 5624 veherentur
1659 5559 1877 5623 eodem,

554 5717 707 5798 (169),
725 5717 854 5798 Pgst
890 5723 1258 5798 expugnatam
1277 5711 1731 5798 Hierosolymam,
1755 5710 2091 5798 triumphum
2193 5712 2508 5798 ditugkmm

485 5780 717 5862 egerunt
763 5780 1130 5861 Vespasianus
1176 5793 1234 5842 et
1277 5785 1451 5851 Titus,
1506 5780 1656 5854 quod
1711 5787 1875 5836 antea
1923 5780 2087 5837 inau-
2264 5780 2547 5854 (169‘)Sic
2576 5780 2750 5836 codex
2777 5783 3030 5848 uterque.
