3974 6146
218 193 334 248 609
855 194 938 249 DE
976 193 1233 250 CHRISTI
1272 194 1632 254 TRIUMPIIIS
1671 198 1843 254 APUD
1884 198 2148 256 ITALIAM
2189 201 2365 259 LIBRI
2404 203 2535 260 XIV.
2578 236 2648 246 —
2687 206 2811 262 LIB.
2857 209 2896 263 I.
3452 214 3559 272 610

1693 346 1904 406 CAPUT
1951 353 2089 409 VIII.

1597 457 1675 517 De
1718 460 1861 519 Lino
1904 470 1956 520 et
2002 462 2181 523 Cleto.

225 588 483 661 Magnum
516 598 639 659 post
658 589 877 645 Petrum
900 589 1066 645 Linus
1096 590 1353 646 Ecclesia
1382 593 1739 649 moderamen

224 683 480 753 Disponit
511 683 716 751 Roma,
747 700 912 756 quem
954 684 1148 740 Petrus
1176 687 1459 757 apostolus
1482 688 1599 758 ipse

227 772 545 828 Pontiﬁcem
577 775 782 845 pariter
798 790 921 829 cum
953 774 1103 831 Cleto
1134 777 1238 832 hoc
1258 777 1381 845 jure
1409 786 1667 845 sacrarat,

222 864 541 920 Tractarent
570 865 790 936 p0pulis
820 866 960 920 sacri
1000 874 1060 922 ut
1097 868 1360 939 mysteria
1387 868 1517 924 doni
1549 887 1563 935 ;

228 957 353 1027 Ipse
377 972 578 1011 vacans
608 957 869 1028 precibus
898 958 1049 1014 licite
1078 959 1360 1031 verboque
1391 961 1584 1016 salutis

226 1044 397 1099 Totus
426 1044 480 1098 in
511 1046 766 1120 augenda
794 1047 1047 1121 vigilaret
1073 1048 1233 1118 plebe
1274 1048 1511 1118 piorum.

226 1139 327 1193 Hic
355 1139 525 1193 Linus
567 1140 862 1195 Ecclesiam
897 1142 1176 1197 illustrans
1205 1144 1456 1215 exempla
1485 1151 1705 1200 secutus

230 1231 451 1306 Egregii
481 1231 656 1287 Patris
684 1235 1154 1307 praceptorisque
1192 1236 1362 1304 beati,

1873 604 1921 670 Α
1948 598 2313 673 Martyrioque
2352 612 2645 661 coronatus
2684 624 2852 681 super
2871 620 3016 669 astra
3047 618 3291 673 recessit.

1947 691 2011 743 At
2040 690 2131 760 pia
2162 692 2408 747 membra
2440 695 2515 765 pii
2545 698 2811 755 membris
2838 704 3165 772 suntjuncta
3186 709 3452 781 magistri.

1949 781 2132 837 Cletus
2171 784 2238 838 ab
2269 785 2397 841 inde
2428 803 2671 860 sequens
2701 790 2899 848 Christi
2930 795 3172 867 disponit
3191 800 3337 855 ovile

1951 874 2194 930 Bissenis
2217 884 2340 947 post
2370 878 2520 935 hunc
2553 882 2808 938 residens
2837 886 3180 944 sollemniter
3205 891 3385 959 annis,

1947 962 2082 1016 Dum
2104 978 2360 1020 crescens
2386 968 2655 1024 scelerum
2685 972 2971 1029 molimine
3002 978 3370 1045 Domitianus,

1952 1051 2008 1105 ln
2043 1053 2257 1108 Domini
2285 1063 2465 1111 movet
2495 1073 2647 1114 arma
2672 1077 2895 1136 gregem
2922 1081 3205 1134 parssava
3226 1067 3456 1123 Neronis
3480 1086 3495 1135 ;

1950 1140 2205 1212 Martyrio
2235 1142 2455 1199 functus
2480 1148 2581 1201 sub
2611 1164 2720 1220 quo
2748 1155 3025 1208 concessit
3057 1154 3111 1209 in
3135 1157 3387 1211 aethram.

1953 1232 2085 1288 Ossa
2114 1232 2275 1290 beata
2314 1238 2457 1293 Petri
2491 1240 2702 1297 tumulo
2723 1242 2929 1299 sociata
2946 1246 3222 1302 locantur.

1734 1363 1944 1421 CAPUT
1995 1364 2065 1419 IX
2079 1405 2091 1419 .

1070 1468 1148 1527 De
1174 1468 1498 1546 discipulis
1524 1469 1933 1547 apostolorum
1969 1475 2022 1526 et
2050 1468 2120 1528 dc
2148 1481 2354 1532 sancto
2384 1474 2754 1551 Apollinare.

230 1601 445 1657 Isthinc
472 1600 622 1658 beati
654 1611 710 1658 et
737 1602 968 1677 gloriosi
989 1603 1272 1676 principes

231 1694 427 1748 Plures
452 1695 712 1769 leguntur
739 1694 1026 1751 ordinasse
1064 1696 1350 1767 praesules,

228 1783 309 1836 Ad
337 1783 695 1853 pradicanda
715 1783 860 1839 clara
889 1783 1086 1839 Christi
1112 1784 1353 1855 insignia

1879 1604 1925 1671 Β
1949 1600 2058 1657 Nec
2098 1602 2243 1659 ferre
2266 1621 2453 1661 curam
2475 1607 3055 1668 diﬁ‘eruntdidascalo.

1957 1691 2062 1746 Sex
2088 1694 2361 1750 mensium
2393 1704 2516 1767 post
2546 1700 2770 1755 evoluto
2802 1701 3032 1757 cardine

1955 1784 2068 1838 Viri
2098 1786 2399 1842 eminentis
2422 1789 2625 1845 nobilis
2663 1792 2954 1860 Bonifacii,

226 1875 453 1929 Diversa
490 1874 683 1929 mundi
710 1875 1070 1930 destinandos
1088 1890 1188 1947 per
1219 1877 1352 1931 loca.

222 1964 470 2028 Quorum
513 1963 742 2034 profecti
775 1971 1096 2035 competunt
1122 1965 1178 2018 hi
1198 1964 1397 2019 Gallias
1430 1981 1443 2017 :

226 2054 589 2126 Trophimus,
626 2055 980 2122 Sabinianus,
1012 2057 1133 2124 ejus
1165 2063 1220 2112 et
1248 2071 1437 2112 comes

222 2147 612 2214 Potentianus,
636 2147 836 2203 Fronto
866 2163 991 2203 cum
1025 2148 1280 2223 Georgio,

220 2242 564 2313 Paulusque,
594 2241 876 2309 Martialis,
903 2248 957 2298 et
986 2242 1258 2310 Valerius,

219 2334 522 2405 Sixtusque
546 2340 752 2400 noster,
787 2334 1094 2401 Memmius,
1129 2333 1390 2389 Sinicius.

224 2425 525 2496 Simulque
555 2424 870 2499 diriguntur
898 2426 964 2479 ad
1001 2425 1288 2496 Hispanias

219 2518 535 2591 Torquatus
563 2526 615 2576 et
647 2520 942 2590 'I'e51phon,
976 2520 1255 2575 secundus
1289 2520 1564 2589 Esichius,

225 2611 553 2677 Indalicius,
587 2609 945 2684 Catiliusque,
981 2611 1284 2668 Eufrasius.

226 2704 582 2775 Apollinaris,
618 2704 904 2761 Antiochia
935 2705 1025 2776 qui
1059 2704 1283 2760 Petrum

222 2801 390 2856 Venit
414 2809 660 2868 secutus,
701 2802 781 2857 sic
797 2802 1115 2857 Ravennam
1146 2800 1384 2855 mittitur
1413 2818 1428 2866 ;

223 2888 515 2945 Profectus
535 2906 601 2945 ex
619 2890 828 2946 Troade
858 2896 1102 2945 moratur
1128 2890 1335 2946 mania

227 2977 449 3048 Hospes
479 2977 718 3034 foventis
752 2978 985 3049 Cyrenei
1012 2979 1205 3034 militis
1237 2998 1251 3034 :

228 3065 402 3135 Cujus
422 3074 699 3122 carentem
729 3069 941 3124 honore
972 3069 1110 3124 lucis
1142 3067 1317 3123 ﬁlium

224 3161 361 3215 Visu
401 3163 708 3217 reformans
738 3178 837 3233 per
874 3164 1054 3218 crucis
1081 3163 1429 3235 signaculum

225 3249 366 3304 Divo
398 3259 658 3320 parentes
682 3250 834 3307 fonte
864 3259 1044 3307 sacrat
1076 3253 1278 3308 elutos.

227 3341 483 3397 Matrona
504 3343 755 3414 quadam
775 3350 897 3414 post
928 3344 1138 3400 tribuni
1169 3345 1429 3413 militum,

227 3432 327 3488 Cui
357 3434 563 3489 Thecla
593 3450 816 3502 nomen,
844 3435 957 3503 jam
985 3435 1088 3489 sub
1111 3437 1273 3491 annis
1300 3436 1556 3508 pluribus

227 3528 466 3583 Addicta
494 3528 688 3584 morbo
719 3528 1004 3585 decubans
1032 3530 1344 3605 agerrime,

226 3619 365 3675 Jesu
394 3622 673 3678 medentis
702 3623 953 3680 invocato
980 3624 1227 3691 nomine,

230 3715 395 3769 Manu
422 3714 600 3769 levata
614 3713 863 3783 sospitati
892 3712 1142 3768 redditur
1171 3731 1186 3780 ;

231 3807 357 3863 Mox
387 3814 445 3862 et
467 3807 744 3869 tribunus,
778 3821 917 3861 uxor
944 3812 1112 3878 atque
1145 3805 1332 3873 liberi,

235 3896 557 3967 Domusque
596 3903 708 3951 tota
734 3896 885 3967 pacis
904 3896 1054 3950 unda
1084 3895 1319 3971 tingitur
1348 3911 1361 3951 :

235 3983 435 4038 Divina
464 3984 621 4055 cujus
650 3984 705 4039 in
738 3984 901 4040 domo
928 3984 1263 4056 baptismata

237 4076 334 4129 Bis
360 4091 458 4129 sex
481 4092 580 4146 per
607 4091 784 4131 annos
810 4092 935 4131 cum
966 4076 1077 4147 piis
1106 4075 1409 4143 sodalibus,

232 4166 552 4236 Apollinare
583 4166 747 4220 dante
770 4167 896 4221 lotis
916 4166 1172 4238 mystica,

232 4256 528 4310 Missarum
560 4264 616 4310 et
641 4254 783 4310 alma
812 4256 1169 4326 percoluntur
1190 4257 1396 4312 munia.

229 4348 386 4402 Tunc
417 4348 635 4403 nobiles
654 4348 746 4403 hic
770 4347 1097 4403 dedicantur
1133 4365 1427 4419 suppares,

230 4439 531 4495 Calocerus
556 4449 721 4511 atque
748 4440 1022 4505 Aderitus,
1044 4442 1188 4495 aucti
1220 4440 1315 4513 qui
1347 4441 1518 4495 sacris

230 4529 473 4602 Uterque
506 4530 647 4584 diva
678 4528 853 4584 factus
883 4530 1020 4584 aula
1047 4529 1360 4600 presbyter.

231 4623 296 4674 At
325 4618 656 4673 Martianum
685 4634 849 4673 carne
891 4618 1317 4685 nobilissimum,

228 4708 683 4779 Leucadiumque
704 4708 1015 4779 disciplinis
1041 4708 1351 4780 praditum,

230 4798 491 4854 Caelestis
519 4812 625 4852 ara
663 4797 901 4852 collocat
925 4797 1211 4865 diacones,

232 4893 498 4963 Aliosque
529 4891 695 4965 digne
722 4892 921 4961 prasul
952 4898 1103 4963 aptat
1139 4892 1399 4959 clericos,

234 4985 370 5040 Cum
402 4984 566 5057 queis
593 4984 791 5039 diebus
811 4984 1115 5040 concinens
1143 4992 1198 5039 et
1225 4983 1503 5051 noctibus,

232 5077 466 5148 Hymnis
493 5092 791 5148 supernam
806 5076 1145 5148 personabat
1170 5077 1429 5150 gloriam.

304 5167 433 5222 Hac
456 5166 707 5237 optimati
738 5165 881 5221 fama
910 5166 1115 5236 promit
1135 5165 1340 5234 invida,

230 5261 334 5325 Qui
366 5259 853 5330 comprehendens
880 5258 1049 5326 hunc,
1077 5266 1296 5314 acervat
1327 5257 1599 5315 ﬂamines.

235 5348 481 5419 Piusque
509 5347 671 5402 savis
698 5346 1069 5402 immolandus
1094 5346 1331 5402 traditur
1370 5365 1386 5414 ;

234 5436 505 5492 Iactatus
530 5435 662 5491 atris
690 5435 990 5492 semivivus
1017 5436 1304 5508 linquitur,

235 5527 411 5584 Cibus
440 5528 673 5583 marinis
696 5544 761 5585 ac
789 5529 922 5585 feris
946 5529 1245 5602 exponitur
1271 5549 1287 5597 ;

238 5618 459 5676 Schola
482 5619 661 5675 beata
682 5633 848 5691 quem
889 5620 1081 5693 legunt
1119 5620 1427 5687 domestici,

1956 1874 2119 1945 Cujus
2149 1878 2394 1950 leporem
2426 1882 2596 1953 pestis
2624 1899 2768 1958 agra
2789 1883 3123 1957 dempserat,

1962 1971 2095 2026 Dum
2122 1974 2441 2032 redditurus
2470 1976 2641 2033 verba
2680 1981 2945 2050 competit
2975 1981 3225 2051 domum,

1963 2063 2124 2121 Pulso
2154 2068 2355 2138 puella
2386 2069 2721 2125 datsalutem
2756 2072 3030 2139 damone,

1956 2155 2183 2227 Orisque
2209 2159 2433 2215 solvens
2461 2161 2597 2216 dura
2627 2169 2780 2218 muto
2806 2164 3050 2232 vincula,

1958 2247 2267 2322 Quingenta
2291 2268 2505 2309 summo
2530 2254 2698 2309 corda
2732 2254 2944 2310 Christo
2977 2265 3268 2328 praeparat.

1960 2338 2083 2393 Post
2114 2347 2335 2412 tempus
2364 2351 2571 2400 arctum
2607 2352 2790 2401 tentus
2815 2347 2943 2402 hinc
2970 2348 3038 2402 ab
3061 2349 3299 2404 ethnicis

1960 2429 2058 2484 Diu
2087 2433 2294 2488 severis
2319 2442 2625 2491 maceratur
2652 2436 2910 2504 fustibus,

1958 2517 2226 2591 Stetitque
2256 2523 2437 2579 nudus
2468 2525 2596 2599 igne
2622 2526 2826 2597 plantis
2853 2526 3074 2584 subdito
3103 2546 3117 2595 ;

1959 2611 2022 2666 At
2059 2613 2190 2668 dum
2220 2630 2322 2668 nec
2348 2614 2476 2687 igne
2508 2631 2611 2671 nec
2640 2616 2871 2690 ﬂagellis
2887 2619 3145 2686 vincitur,

1960 2700 2158 2773 Panas
2185 2703 2531 2774 triumphans
2546 2705 2723 2761 victor
2752 2706 2891 2761 urbe
2924 2707 3169 2777 pellitur.

1960 2793 2198 2860 Hujusce
2220 2810 2325 2850 nec
2353 2812 2633 2852 murorum
2671 2796 2740 2852 ab
2782 2796 2991 2853 ambitu
3022 2800 3212 2870 procul

1961 2879 2158 2937 Christi
2194 2883 2473 2958 tugurium
2496 2884 2862 2955 possidebant
2890 2903 3195 2958 pauperes;

1961 2973 2152 3029 Divina
2176 2982 2370 3031 tractat
2408 2977 2499 3032 hic
2531 2994 2688 3034 sacer
2717 2979 3002 3049 mysteria,

1961 3064 2193 3120 Sacrans
2223 3065 2439 3122 lavacro
2468 3075 2620 3123 vasta
2633 3076 2823 3124 sancto
2851 3071 3053 3124 carula

1960 3154 2055 3210 Pio
2086 3155 2303 3212 Domini
2335 3158 2539 3214 timore
2570 3158 3015 3225 formidantium,

1960 3243 2129 3301 lsthic
2149 3246 2394 3323 benigno
2423 3248 2667 3318 pascitur
2698 3248 2942 3303 solatio.‘

1960 3334 2254 3406 Postquam
2285 3345 2530 3391 moratur
2562 3336 2653 3390 hic
2677 3351 2776 3407 per
2797 3350 2973 3389 annos
2999 3335 3298 3406 quotlibet,

1962 3430 2278 3486 Illuminare
2309 3431 2490 3502 pergit
2518 3429 2804 3495 Emeliam,
2837 3444 3042 3504 gerens

1960 3520 2170 3575 Virtute
2197 3520 2397 3576 Christi
2418 3522 2575 3594 signa
2607 3521 2768 3576 nixus
2798 3519 3058 3592 plurima.

1968 3612 2085 3668 Ruﬁ
2118 3628 2369 3669 reversus
2396 3614 2527 3669 inde
2559 3628 2790 3684 compos
2828 3609 2996 3666 ﬁliam

1965 3707 2005 3760 A
2034 3714 2211 3762 morte
2239 3706 2409 3762 functi
2428 3706 2711 3761 suscitavit
2736 3704 2986 3775 corporis
3019 3721 3034 3769 ;

1962 3795 2174 3851 Prolem
2206 3795 2336 3850 dein
2366 3795 2573 3850 orbatis
2600 3793 2766 3849 refert
2795 3791 3136 3863 parentibus,

1963 3885 2271 3941 Perfectum
2303 3883 2589 3938 alumnum
2619 3882 2875 3937 Veritatis
2895 3896 2955 3935 se
2987 3880 3217 3945 docens,

1963 3979 2003 4033 A
2030 3985 2205 4034 morte
2237 3978 2423 4048 plures
2449 3974 2705 4030 excitavit
2745 3972 2993 4044 spiritus,

1964 4056 2170 4141 Deique
2202 4069 2331 4124 fecit
2367 4066 2748 4123 consecrando
2778 4063 2924 4119 ﬁlios
2958 4081 2971 4117 :

1964 4158 2097 4212 Nam
2126 4166 2259 4213 tunc
2287 4162 2566 4212 trecentos
2585 4164 2823 4227 quatuor
2842 4150 3148 4224 promiscui

1877 4284 1935 4353 D
1967 4251 2139 4306 Sexus
2159 4249 2374 4322 parenti
2403 4246 2712 4320 procreavit
2740 4245 2955 4301 calice.

1967 4344 2188 4410 Rufum,
2230 4342 2454 4414 patricia
2486 4340 2753 4413 dignitate
2786 4337 3102 4411 praditum,

1961 4432 2159 4487 Christi
2189 4430 2390 4487 dicavit
2417 4431 2584 4486 corde
2613 4443 2788 4500 prono
2820 4426 3122 4493 servulum,

1961 4522 2078 4587 Quo
2110 4522 2292 4592 Capua
2321 4520 2477 4575 dives
2509 4517 2683 4573 ditior
2713 4516 2771 4570 ﬁt
2802 4524 3061 4587 martyre.

1953 4612 2177 4667 Matrem
2210 4611 2406 4682 puella
2438 4608 2588 4665 fonte
2620 4621 2776 4663 sacro
2794 4606 2975 4671 diluit,

1960 4701 2250 4773 lpsamque
2272 4708 2483 4771 raptam
2506 4695 2765 4752 immanis
2787 4693 2909 4750 Orci
2937 4693 3191 4749 faucibus

1963 4788 2174 4844 Christo
2195 4789 2411 4843 beatam
2442 4785 2718 4842 dedicavit
2746 4782 3047 4857 virginem,

1960 4882 2034 4936 Ac
2063 4880 2341 4936 roboravit
2369 4893 2701 4952 permanere
2733 4866 3100 4931 immobilem.

1962 4972 2367 5028 Annuntiantur
2393 4978 2549 5046 gesta
2582 4968 2702 5025 Ruﬁ
2733 4967 2930 5024 Casari
2969 4985 2983 5034 ;

1960 5068 2024 5123 At
2050 5069 2169 5140 ipse
2188 5083 2563 5125 successorem
2596 5067 2646 5122 ei
2672 5054 2799 5121 mox
2831 5063 3138 5131 destinans,

1961 5162 2163 5219 Scribit
2177 5160 2427 5233 jubendo
2459 5159 2657 5214 litteris
2676 5157 2882 5214 vicario

1958 5255 2282 5311 Dissuadeat
2318 5260 2411 5308 aut
2438 5251 2833 5323 Apollinarem,
2871 5256 2967 5304 aut
2996 5247 3241 5303 exsulem

1958 5351 2142 5425 Longe
2170 5350 2378 5424 releget
2406 5363 2437 5402 a
2465 5347 2742 5402 Ravenna
2782 5342 3007 5399 ﬁnibus.

1962 5442 2133 5507 Quem
2165 5438 2535 5512 prastitutum
2566 5437 2874 5511 interrogat
2902 5428 3159 5492 vicarius,

1960 5528 2230 5603 Minisque
2255 5529 2514 5596 tundens,
2543 5541 2648 5583 nec
2670 5523 2884 5583 moveri
2917 5517 3310 5592 comprobans,

1964 5621 2195 5681 Exutum
2226 5623 2428 5679 amictu
2458 5619 2614 5678 cade
2644 5617 2921 5693 virgarum
2952 5612 3128 5687 quatit
3156 5629 3171 5679 ;
