  <div class='ocr_page' id='page_1' title='image "/cluster/home/n/w/nwhite01/storage/ocr_20150623/135/hvd.32044054759956/311.png"; bbox 0 0 3962 6140; ppageno 0'>
   <div class='ocr_carea' id='block_1_1' title="bbox 473 204 2981 280">
    <p class='ocr_par' dir='ltr' id='par_1_1' title="bbox 473 204 2981 280">
     <span class='ocr_line' id='line_1_1' title="bbox 473 204 2981 280; baseline -0.006 -1"><span class='ocrx_word' id='word_1_1' title='bbox 473 224 568 280; x_wconf 81' lang='grc'>611</span> <span class='ocrx_word' id='word_1_2' title='bbox 1173 215 1541 270; x_wconf 81' lang='lat' dir='ltr'>FLODOARDI</span> <span class='ocrx_word' id='word_1_3' title='bbox 1582 212 1886 270; x_wconf 86' lang='lat' dir='ltr'>CANONlCl</span> <span class='ocrx_word' id='word_1_4' title='bbox 1927 204 2260 265; x_wconf 80' lang='lat' dir='ltr'>REMENSIS</span> <span class='ocrx_word' id='word_1_5' title='bbox 2299 205 2636 263; x_wconf 86' lang='lat' dir='ltr'>OPUSCULA</span> <span class='ocrx_word' id='word_1_6' title='bbox 2674 208 2981 266; x_wconf 84' lang='lat' dir='ltr'>METRICA.</span> 
     </span>
    </p>
   </div>
   <div class='ocr_carea' id='block_1_2' title="bbox 475 341 1676 417">
    <p class='ocr_par' dir='ltr' id='par_1_2' title="bbox 475 341 1676 417">
     <span class='ocr_line' id='line_1_2' title="bbox 475 341 1676 417; baseline -0.008 -14"><span class='ocrx_word' id='word_1_7' title='bbox 475 351 822 417; x_wconf 85' lang='lat' dir='ltr'>Gemensque</span> <span class='ocrx_word' id='word_1_8' title='bbox 853 343 1022 400; x_wconf 91' lang='lat' dir='ltr'>temni</span> <span class='ocrx_word' id='word_1_9' title='bbox 1053 358 1194 396; x_wconf 68' lang='lat' dir='ltr'>saeva</span> <span class='ocrx_word' id='word_1_10' title='bbox 1215 349 1399 396; x_wconf 91' lang='lat' dir='ltr'>mente</span> <span class='ocrx_word' id='word_1_11' title='bbox 1424 341 1676 404; x_wconf 88' lang='lat' dir='ltr'>verbera,</span> 
     </span>
    </p>
   </div>
   <div class='ocr_carea' id='block_1_3' title="bbox 479 434 1514 491">
    <p class='ocr_par' dir='ltr' id='par_1_3' title="bbox 479 434 1514 491">
     <span class='ocr_line' id='line_1_3' title="bbox 479 434 1514 491; baseline -0.004 -1"><span class='ocrx_word' id='word_1_12' title='bbox 479 435 762 491; x_wconf 81' lang='lat' dir='ltr'>Perfundit</span> <span class='ocrx_word' id='word_1_13' title='bbox 787 437 934 490; x_wconf 90' lang='lat' dir='ltr'>unda</span> <span class='ocrx_word' id='word_1_14' title='bbox 969 434 1237 488; x_wconf 91' lang='lat' dir='ltr'>bulliente</span> <span class='ocrx_word' id='word_1_15' title='bbox 1269 434 1514 487; x_wconf 76' lang='lat' dir='ltr'>vulnera.</span> 
     </span>
    </p>
   </div>
   <div class='ocr_carea' id='block_1_4' title="bbox 481 521 1899 596">
    <p class='ocr_par' dir='ltr' id='par_1_4' title="bbox 481 521 1899 596">
     <span class='ocr_line' id='line_1_4' title="bbox 481 521 1899 596; baseline -0.004 -18"><span class='ocrx_word' id='word_1_16' title='bbox 481 525 612 580; x_wconf 88' lang='lat' dir='ltr'>Hinc</span> <span class='ocrx_word' id='word_1_17' title='bbox 640 532 858 596; x_wconf 80' lang='lat' dir='ltr'>torquet</span> <span class='ocrx_word' id='word_1_18' title='bbox 887 539 1192 595; x_wconf 87' lang='lat' dir='ltr'>appensum</span> <span class='ocrx_word' id='word_1_19' title='bbox 1224 538 1318 577; x_wconf 92' lang='lat' dir='ltr'>ora</span> <span class='ocrx_word' id='word_1_20' title='bbox 1347 521 1582 576; x_wconf 87' lang='lat' dir='ltr'>tondens</span> <span class='ocrx_word' id='word_1_21' title='bbox 1604 534 1899 583; x_wconf 82' lang='lat' dir='ltr'>marmore,</span> 
     </span>
    </p>
   </div>
   <div class='ocr_carea' id='block_1_5' title="bbox 477 616 1673 690">
    <p class='ocr_par' dir='ltr' id='par_1_5' title="bbox 477 616 1673 690">
     <span class='ocr_line' id='line_1_5' title="bbox 477 616 1673 690; baseline -0.003 -18"><span class='ocrx_word' id='word_1_22' title='bbox 477 620 916 690; x_wconf 78' lang='lat' dir='ltr'>Gravissimoque</span> <span class='ocrx_word' id='word_1_23' title='bbox 946 617 1075 673; x_wconf 88' lang='lat' dir='ltr'>ferri</span> <span class='ocrx_word' id='word_1_24' title='bbox 1113 624 1373 672; x_wconf 89' lang='lat' dir='ltr'>onustum</span> <span class='ocrx_word' id='word_1_25' title='bbox 1406 616 1673 687; x_wconf 90' lang='lat' dir='ltr'>pondere,</span> 
     </span>
    </p>
   </div>
   <div class='ocr_carea' id='block_1_6' title="bbox 481 705 1497 770">
    <p class='ocr_par' dir='ltr' id='par_1_6' title="bbox 481 705 1497 770">
     <span class='ocr_line' id='line_1_6' title="bbox 481 705 1497 770; baseline -0.005 -8"><span class='ocrx_word' id='word_1_26' title='bbox 481 710 534 763; x_wconf 92' lang='lat' dir='ltr'>In</span> <span class='ocrx_word' id='word_1_27' title='bbox 579 710 686 762; x_wconf 91' lang='lat' dir='ltr'>ima</span> <span class='ocrx_word' id='word_1_28' title='bbox 717 708 923 762; x_wconf 87' lang='lat' dir='ltr'>claudit</span> <span class='ocrx_word' id='word_1_29' title='bbox 954 707 1189 761; x_wconf 88' lang='lat' dir='ltr'>carceris</span> <span class='ocrx_word' id='word_1_30' title='bbox 1212 705 1497 770; x_wconf 86' lang='lat' dir='ltr'>teterrimi,</span> 
     </span>
    </p>
   </div>
   <div class='ocr_carea' id='block_1_7' title="bbox 477 791 1595 873">
    <p class='ocr_par' dir='ltr' id='par_1_7' title="bbox 477 791 1595 873">
     <span class='ocr_line' id='line_1_7' title="bbox 477 791 1595 873; baseline -0.005 -20"><span class='ocrx_word' id='word_1_31' title='bbox 477 800 759 873; x_wconf 87' lang='lat' dir='ltr'>Lignoque</span> <span class='ocrx_word' id='word_1_32' title='bbox 791 803 1004 849; x_wconf 90' lang='lat' dir='ltr'>tensum</span> <span class='ocrx_word' id='word_1_33' title='bbox 1038 796 1157 868; x_wconf 84' lang='lat' dir='ltr'>lege</span> <span class='ocrx_word' id='word_1_34' title='bbox 1188 795 1324 849; x_wconf 90' lang='lat' dir='ltr'>dura</span> <span class='ocrx_word' id='word_1_35' title='bbox 1355 791 1595 850; x_wconf 85' lang='lat' dir='ltr'>conﬁcit.</span> 
     </span>
    </p>
   </div>
   <div class='ocr_carea' id='block_1_8' title="bbox 479 884 1628 957">
    <p class='ocr_par' dir='ltr' id='par_1_8' title="bbox 479 884 1628 957">
     <span class='ocr_line' id='line_1_8' title="bbox 479 884 1628 957; baseline -0.003 -14"><span class='ocrx_word' id='word_1_36' title='bbox 479 892 764 947; x_wconf 82' lang='lat' dir='ltr'>Hominum</span> <span class='ocrx_word' id='word_1_37' title='bbox 788 889 1012 943; x_wconf 86' lang='lat' dir='ltr'>relictus</span> <span class='ocrx_word' id='word_1_38' title='bbox 1039 887 1129 941; x_wconf 88' lang='lat' dir='ltr'>hic</span> <span class='ocrx_word' id='word_1_39' title='bbox 1159 886 1383 957; x_wconf 88' lang='lat' dir='ltr'>quidem</span> <span class='ocrx_word' id='word_1_40' title='bbox 1407 884 1628 949; x_wconf 89' lang='lat' dir='ltr'>solatio,</span> 
     </span>
    </p>
   </div>
   <div class='ocr_carea' id='block_1_9' title="bbox 473 977 1482 1057">
    <p class='ocr_par' dir='ltr' id='par_1_9' title="bbox 473 977 1482 1057">
     <span class='ocr_line' id='line_1_9' title="bbox 473 977 1482 1057; baseline -0.007 -20"><span class='ocrx_word' id='word_1_41' title='bbox 473 983 579 1038; x_wconf 83' lang='lat' dir='ltr'>Sed</span> <span class='ocrx_word' id='word_1_42' title='bbox 609 983 929 1057; x_wconf 82' lang='lat' dir='ltr'>angelorum</span> <span class='ocrx_word' id='word_1_43' title='bbox 964 979 1209 1050; x_wconf 86' lang='lat' dir='ltr'>pascitur</span> <span class='ocrx_word' id='word_1_44' title='bbox 1237 977 1482 1040; x_wconf 89' lang='lat' dir='ltr'>cibario;</span> 
     </span>
    </p>
   </div>
   <div class='ocr_carea' id='block_1_10' title="bbox 478 1067 1614 1144">
    <p class='ocr_par' dir='ltr' id='par_1_10' title="bbox 478 1067 1614 1144">
     <span class='ocr_line' id='line_1_10' title="bbox 478 1067 1614 1144; baseline -0.004 -18"><span class='ocrx_word' id='word_1_45' title='bbox 478 1075 538 1128; x_wconf 84' lang='lat' dir='ltr'>Et</span> <span class='ocrx_word' id='word_1_46' title='bbox 569 1089 638 1127; x_wconf 93' lang='lat' dir='ltr'>nc</span> <span class='ocrx_word' id='word_1_47' title='bbox 677 1079 896 1144; x_wconf 88' lang='lat' dir='ltr'>putetur</span> <span class='ocrx_word' id='word_1_48' title='bbox 922 1071 1048 1125; x_wconf 82' lang='lat' dir='ltr'>vilis</span> <span class='ocrx_word' id='word_1_49' title='bbox 1076 1077 1344 1124; x_wconf 90' lang='lat' dir='ltr'>astrorum</span> <span class='ocrx_word' id='word_1_50' title='bbox 1378 1067 1614 1132; x_wconf 82' lang='lat' dir='ltr'>Arbitro,</span> 
     </span>
    </p>
   </div>
   <div class='ocr_carea' id='block_1_11' title="bbox 474 1156 1588 1233">
    <p class='ocr_par' dir='ltr' id='par_1_11' title="bbox 474 1156 1588 1233">
     <span class='ocr_line' id='line_1_11' title="bbox 474 1156 1588 1233; baseline -0.004 -19"><span class='ocrx_word' id='word_1_51' title='bbox 474 1162 635 1215; x_wconf 91' lang='lat' dir='ltr'>Pastu</span> <span class='ocrx_word' id='word_1_52' title='bbox 666 1161 869 1230; x_wconf 89' lang='lat' dir='ltr'>potitur</span> <span class='ocrx_word' id='word_1_53' title='bbox 897 1159 1220 1233; x_wconf 85' lang='lat' dir='ltr'>angelorum</span> <span class='ocrx_word' id='word_1_54' title='bbox 1249 1158 1304 1211; x_wconf 93' lang='lat' dir='ltr'>in</span> <span class='ocrx_word' id='word_1_55' title='bbox 1321 1156 1542 1227; x_wconf 90' lang='lat' dir='ltr'>publico</span> <span class='ocrx_word' id='word_1_56' title='bbox 1575 1173 1588 1208; x_wconf 89' lang='lat'>:</span> 
     </span>
    </p>
   </div>
   <div class='ocr_carea' id='block_1_12' title="bbox 477 1251 1537 1321">
    <p class='ocr_par' dir='ltr' id='par_1_12' title="bbox 477 1251 1537 1321">
     <span class='ocr_line' id='line_1_12' title="bbox 477 1251 1537 1321; baseline -0.004 -15"><span class='ocrx_word' id='word_1_57' title='bbox 477 1252 778 1307; x_wconf 88' lang='lat' dir='ltr'>Productus</span> <span class='ocrx_word' id='word_1_58' title='bbox 805 1258 920 1305; x_wconf 89' lang='lat' dir='ltr'>atro</span> <span class='ocrx_word' id='word_1_59' title='bbox 946 1251 1062 1304; x_wconf 92' lang='lat' dir='ltr'>sole</span> <span class='ocrx_word' id='word_1_60' title='bbox 1093 1258 1290 1321; x_wconf 90' lang='lat' dir='ltr'>quarto</span> <span class='ocrx_word' id='word_1_61' title='bbox 1319 1263 1537 1303; x_wconf 82' lang='lat' dir='ltr'>carcere</span> 
     </span>
    </p>
   </div>
   <div class='ocr_carea' id='block_1_13' title="bbox 473 1341 1590 1405">
    <p class='ocr_par' dir='ltr' id='par_1_13' title="bbox 473 1341 1590 1405">
     <span class='ocr_line' id='line_1_13' title="bbox 473 1341 1590 1405; baseline -0.004 -8"><span class='ocrx_word' id='word_1_62' title='bbox 473 1344 696 1398; x_wconf 89' lang='lat' dir='ltr'>Vinctus</span> <span class='ocrx_word' id='word_1_63' title='bbox 723 1342 933 1398; x_wconf 87' lang='lat' dir='ltr'>catenis</span> <span class='ocrx_word' id='word_1_64' title='bbox 964 1343 1270 1396; x_wconf 80' lang='lat' dir='ltr'>exsulatum</span> <span class='ocrx_word' id='word_1_65' title='bbox 1304 1341 1541 1395; x_wconf 82' lang='lat' dir='ltr'>mittitur</span> <span class='ocrx_word' id='word_1_66' title='bbox 1577 1359 1590 1405; x_wconf 90' lang='lat'><strong>;</strong></span> 
     </span>
    </p>
   </div>
   <div class='ocr_carea' id='block_1_14' title="bbox 471 1433 1630 1507">
    <p class='ocr_par' dir='ltr' id='par_1_14' title="bbox 471 1433 1630 1507">
     <span class='ocr_line' id='line_1_14' title="bbox 471 1433 1630 1507; baseline -0.002 -19"><span class='ocrx_word' id='word_1_67' title='bbox 471 1437 602 1491; x_wconf 84' lang='lat' dir='ltr'>Tres</span> <span class='ocrx_word' id='word_1_68' title='bbox 622 1445 823 1507; x_wconf 89' lang='lat' dir='ltr'>sponte</span> <span class='ocrx_word' id='word_1_69' title='bbox 857 1437 977 1491; x_wconf 91' lang='lat' dir='ltr'>navi</span> <span class='ocrx_word' id='word_1_70' title='bbox 1009 1452 1067 1490; x_wconf 90' lang='lat' dir='ltr'>se</span> <span class='ocrx_word' id='word_1_71' title='bbox 1093 1436 1417 1490; x_wconf 79' lang='lat' dir='ltr'>invehentes</span> <span class='ocrx_word' id='word_1_72' title='bbox 1446 1433 1630 1488; x_wconf 90' lang='lat' dir='ltr'>clerici</span> 
     </span>
    </p>
   </div>
   <div class='ocr_carea' id='block_1_15' title="bbox 475 1525 1588 1601">
    <p class='ocr_par' dir='ltr' id='par_1_15' title="bbox 475 1525 1588 1601">
     <span class='ocr_line' id='line_1_15' title="bbox 475 1525 1588 1601; baseline -0.004 -19"><span class='ocrx_word' id='word_1_73' title='bbox 475 1529 641 1598; x_wconf 87' lang='lat' dir='ltr'>Opem</span> <span class='ocrx_word' id='word_1_74' title='bbox 671 1527 896 1601; x_wconf 91' lang='lat' dir='ltr'>benigni</span> <span class='ocrx_word' id='word_1_75' title='bbox 929 1527 1349 1581; x_wconf 87' lang='lat' dir='ltr'>subministrant</span> <span class='ocrx_word' id='word_1_76' title='bbox 1379 1525 1588 1579; x_wconf 88' lang='lat' dir='ltr'>ferculi.</span> 
     </span>
    </p>
   </div>
   <div class='ocr_carea' id='block_1_16' title="bbox 473 1621 1540 1696">
    <p class='ocr_par' dir='ltr' id='par_1_16' title="bbox 473 1621 1540 1696">
     <span class='ocr_line' id='line_1_16' title="bbox 473 1621 1540 1696; baseline 0.001 -23"><span class='ocrx_word' id='word_1_77' title='bbox 473 1621 782 1676; x_wconf 89' lang='lat' dir='ltr'>Turbantur</span> <span class='ocrx_word' id='word_1_78' title='bbox 813 1622 1096 1696; x_wconf 88' lang='lat' dir='ltr'>indignata</span> <span class='ocrx_word' id='word_1_79' title='bbox 1127 1623 1293 1676; x_wconf 88' lang='lat' dir='ltr'>rebus</span> <span class='ocrx_word' id='word_1_80' title='bbox 1319 1637 1540 1692; x_wconf 65' lang='lat' dir='ltr'>aequora</span> 
     </span>
    </p>
   </div>
   <div class='ocr_carea' id='block_1_17' title="bbox 477 1709 1423 1778">
    <p class='ocr_par' dir='ltr' id='par_1_17' title="bbox 477 1709 1423 1778">
     <span class='ocr_line' id='line_1_17' title="bbox 477 1709 1423 1778; baseline 0.002 -17"><span class='ocrx_word' id='word_1_81' title='bbox 477 1711 582 1764; x_wconf 93' lang='lat' dir='ltr'>Viri</span> <span class='ocrx_word' id='word_1_82' title='bbox 615 1712 848 1765; x_wconf 86' lang='lat' dir='ltr'>moleste</span> <span class='ocrx_word' id='word_1_83' title='bbox 881 1710 1136 1778; x_wconf 89' lang='lat' dir='ltr'>injuriam</span> <span class='ocrx_word' id='word_1_84' title='bbox 1171 1709 1423 1774; x_wconf 89' lang='lat' dir='ltr'>ferentia,</span> 
     </span>
    </p>
   </div>
   <div class='ocr_carea' id='block_1_18' title="bbox 477 1799 1460 1870">
    <p class='ocr_par' dir='ltr' id='par_1_18' title="bbox 477 1799 1460 1870">
     <span class='ocr_line' id='line_1_18' title="bbox 477 1799 1460 1870; baseline -0.001 -18"><span class='ocrx_word' id='word_1_85' title='bbox 477 1799 826 1870; x_wconf 90' lang='lat' dir='ltr'>lniquitatem</span> <span class='ocrx_word' id='word_1_86' title='bbox 850 1799 1131 1854; x_wconf 89' lang='lat' dir='ltr'>vindicare</span> <span class='ocrx_word' id='word_1_87' title='bbox 1162 1799 1410 1870; x_wconf 88' lang='lat' dir='ltr'>parantia</span> <span class='ocrx_word' id='word_1_88' title='bbox 1448 1815 1460 1851; x_wconf 93' lang='lat'>:</span> 
     </span>
    </p>
   </div>
   <div class='ocr_carea' id='block_1_19' title="bbox 477 1885 1776 1961">
    <p class='ocr_par' dir='ltr' id='par_1_19' title="bbox 477 1885 1776 1961">
     <span class='ocr_line' id='line_1_19' title="bbox 477 1885 1776 1961; baseline -0.005 -16"><span class='ocrx_word' id='word_1_89' title='bbox 477 1891 642 1945; x_wconf 81' lang='lat' dir='ltr'>Ferus</span> <span class='ocrx_word' id='word_1_90' title='bbox 681 1890 1013 1961; x_wconf 91' lang='lat' dir='ltr'>profundum</span> <span class='ocrx_word' id='word_1_91' title='bbox 1045 1889 1225 1943; x_wconf 86' lang='lat' dir='ltr'>sidera</span> <span class='ocrx_word' id='word_1_92' title='bbox 1258 1893 1455 1958; x_wconf 85' lang='lat' dir='ltr'>petens</span> <span class='ocrx_word' id='word_1_93' title='bbox 1472 1885 1698 1942; x_wconf 88' lang='lat' dir='ltr'>vertice.</span> <span class='ocrx_word' id='word_1_94' title='bbox 1767 1943 1776 1953; x_wconf 51' lang='grc'><strong><em>,</em></strong></span> 
     </span>
    </p>
   </div>
   <div class='ocr_carea' id='block_1_20' title="bbox 477 1973 1558 2052">
    <p class='ocr_par' dir='ltr' id='par_1_20' title="bbox 477 1973 1558 2052">
     <span class='ocr_line' id='line_1_20' title="bbox 477 1973 1558 2052; baseline -0.004 -20"><span class='ocrx_word' id='word_1_95' title='bbox 477 1980 698 2050; x_wconf 83' lang='lat' dir='ltr'>Imaque</span> <span class='ocrx_word' id='word_1_96' title='bbox 727 1993 931 2052; x_wconf 89' lang='lat' dir='ltr'>gurges</span> <span class='ocrx_word' id='word_1_97' title='bbox 955 1976 1216 2048; x_wconf 85' lang='lat' dir='ltr'>panditur</span> <span class='ocrx_word' id='word_1_98' title='bbox 1247 1973 1510 2049; x_wconf 81' lang='lat' dir='ltr'>voragine</span> <span class='ocrx_word' id='word_1_99' title='bbox 1543 1991 1558 2040; x_wconf 90' lang='lat'><strong>;</strong></span> 
     </span>
    </p>
   </div>
   <div class='ocr_carea' id='block_1_21' title="bbox 473 2066 1678 2141">
    <p class='ocr_par' dir='ltr' id='par_1_21' title="bbox 473 2066 1678 2141">
     <span class='ocr_line' id='line_1_21' title="bbox 473 2066 1678 2141; baseline -0.004 -16"><span class='ocrx_word' id='word_1_100' title='bbox 473 2071 625 2125; x_wconf 86' lang='lat' dir='ltr'>Nunc</span> <span class='ocrx_word' id='word_1_101' title='bbox 660 2070 864 2141; x_wconf 88' lang='lat' dir='ltr'>puppis</span> <span class='ocrx_word' id='word_1_102' title='bbox 895 2069 1003 2123; x_wconf 89' lang='lat' dir='ltr'>alta</span> <span class='ocrx_word' id='word_1_103' title='bbox 1041 2067 1245 2123; x_wconf 89' lang='lat' dir='ltr'>scindit</span> <span class='ocrx_word' id='word_1_104' title='bbox 1269 2067 1435 2122; x_wconf 91' lang='lat' dir='ltr'>undis</span> <span class='ocrx_word' id='word_1_105' title='bbox 1466 2066 1678 2133; x_wconf 91' lang='lat' dir='ltr'>nubila,</span> 
     </span>
    </p>
   </div>
   <div class='ocr_carea' id='block_1_22' title="bbox 476 2165 1808 2236">
    <p class='ocr_par' dir='ltr' id='par_1_22' title="bbox 476 2165 1808 2236">
     <span class='ocr_line' id='line_1_22' title="bbox 476 2165 1808 2236; baseline -0.003 -17"><span class='ocrx_word' id='word_1_106' title='bbox 476 2166 629 2220; x_wconf 88' lang='lat' dir='ltr'>Nunc</span> <span class='ocrx_word' id='word_1_107' title='bbox 664 2166 818 2236; x_wconf 86' lang='lat' dir='ltr'>lapsa</span> <span class='ocrx_word' id='word_1_108' title='bbox 848 2165 1027 2235; x_wconf 87' lang='lat' dir='ltr'>pulsat</span> <span class='ocrx_word' id='word_1_109' title='bbox 1058 2165 1168 2218; x_wconf 90' lang='lat' dir='ltr'>ima</span> <span class='ocrx_word' id='word_1_110' title='bbox 1207 2179 1454 2235; x_wconf 65' lang='lat' dir='ltr'>praeceps</span> <span class='ocrx_word' id='word_1_111' title='bbox 1497 2176 1767 2217; x_wconf 79' lang='lat' dir='ltr'>marmora</span> <span class='ocrx_word' id='word_1_112' title='bbox 1796 2178 1808 2214; x_wconf 91' lang='lat'><strong>:</strong></span> 
     </span>
    </p>
   </div>
   <div class='ocr_carea' id='block_1_23' title="bbox 474 2253 1471 2328">
    <p class='ocr_par' dir='ltr' id='par_1_23' title="bbox 474 2253 1471 2328">
     <span class='ocr_line' id='line_1_23' title="bbox 474 2253 1471 2328; baseline 0 -21"><span class='ocrx_word' id='word_1_113' title='bbox 474 2255 748 2328; x_wconf 89' lang='lat' dir='ltr'>Compage</span> <span class='ocrx_word' id='word_1_114' title='bbox 772 2253 924 2308; x_wconf 89' lang='lat' dir='ltr'>navis</span> <span class='ocrx_word' id='word_1_115' title='bbox 946 2253 1209 2308; x_wconf 91' lang='lat' dir='ltr'>dissoluta</span> <span class='ocrx_word' id='word_1_116' title='bbox 1239 2253 1471 2322; x_wconf 89' lang='lat' dir='ltr'>suscipit</span> 
     </span>
    </p>
   </div>
   <div class='ocr_carea' id='block_1_24' title="bbox 477 2344 1693 2412">
    <p class='ocr_par' dir='ltr' id='par_1_24' title="bbox 477 2344 1693 2412">
     <span class='ocr_line' id='line_1_24' title="bbox 477 2344 1693 2412; baseline -0.001 -12"><span class='ocrx_word' id='word_1_117' title='bbox 477 2348 696 2402; x_wconf 86' lang='lat' dir='ltr'>Hostem</span> <span class='ocrx_word' id='word_1_118' title='bbox 717 2362 990 2412; x_wconf 88' lang='lat' dir='ltr'>severum,</span> <span class='ocrx_word' id='word_1_119' title='bbox 1022 2346 1165 2400; x_wconf 90' lang='lat' dir='ltr'>salsa</span> <span class='ocrx_word' id='word_1_120' title='bbox 1193 2345 1427 2400; x_wconf 88' lang='lat' dir='ltr'>sorbens</span> <span class='ocrx_word' id='word_1_121' title='bbox 1457 2344 1655 2400; x_wconf 70' lang='lat' dir='ltr'>caerula</span> <span class='ocrx_word' id='word_1_122' title='bbox 1679 2361 1693 2409; x_wconf 89' lang='lat'><strong>;</strong></span> 
     </span>
    </p>
   </div>
   <div class='ocr_carea' id='block_1_25' title="bbox 478 2434 1736 2506">
    <p class='ocr_par' dir='ltr' id='par_1_25' title="bbox 478 2434 1736 2506">
     <span class='ocr_line' id='line_1_25' title="bbox 478 2434 1736 2506; baseline -0.002 -16"><span class='ocrx_word' id='word_1_123' title='bbox 478 2437 658 2490; x_wconf 77' lang='lat' dir='ltr'>Rimas</span> <span class='ocrx_word' id='word_1_124' title='bbox 691 2452 789 2506; x_wconf 91' lang='lat' dir='ltr'>per</span> <span class='ocrx_word' id='word_1_125' title='bbox 818 2451 1011 2490; x_wconf 91' lang='lat' dir='ltr'>omnes</span> <span class='ocrx_word' id='word_1_126' title='bbox 1039 2451 1187 2490; x_wconf 85' lang='lat' dir='ltr'>mors</span> <span class='ocrx_word' id='word_1_127' title='bbox 1220 2441 1473 2506; x_wconf 88' lang='lat' dir='ltr'>penetrat</span> <span class='ocrx_word' id='word_1_128' title='bbox 1505 2434 1736 2497; x_wconf 86' lang='lat' dir='ltr'>fervida,</span> 
     </span>
    </p>
   </div>
   <div class='ocr_carea' id='block_1_26' title="bbox 474 2524 1599 2596">
    <p class='ocr_par' dir='ltr' id='par_1_26' title="bbox 474 2524 1599 2596">
     <span class='ocr_line' id='line_1_26' title="bbox 474 2524 1599 2596; baseline -0.001 -18"><span class='ocrx_word' id='word_1_129' title='bbox 474 2526 659 2580; x_wconf 67' lang='lat' dir='ltr'>Saevos</span> <span class='ocrx_word' id='word_1_130' title='bbox 687 2531 1042 2596; x_wconf 88' lang='lat' dir='ltr'>sequestrans</span> <span class='ocrx_word' id='word_1_131' title='bbox 1071 2540 1102 2578; x_wconf 91' lang='lat' dir='ltr'>a</span> <span class='ocrx_word' id='word_1_132' title='bbox 1133 2525 1349 2594; x_wconf 89' lang='lat' dir='ltr'>piorum</span> <span class='ocrx_word' id='word_1_133' title='bbox 1379 2524 1552 2595; x_wconf 83' lang='lat' dir='ltr'>gloria</span> <span class='ocrx_word' id='word_1_134' title='bbox 1585 2542 1599 2588; x_wconf 86' lang='lat'><strong>;</strong></span> 
     </span>
    </p>
   </div>
   <div class='ocr_carea' id='block_1_27' title="bbox 474 2616 1488 2689">
    <p class='ocr_par' dir='ltr' id='par_1_27' title="bbox 474 2616 1488 2689">
     <span class='ocr_line' id='line_1_27' title="bbox 474 2616 1488 2689; baseline -0.001 -17"><span class='ocrx_word' id='word_1_135' title='bbox 474 2622 620 2682; x_wconf 83' lang='lat' dir='ltr'>Quos</span> <span class='ocrx_word' id='word_1_136' title='bbox 650 2617 862 2672; x_wconf 91' lang='lat' dir='ltr'>ultione</span> <span class='ocrx_word' id='word_1_137' title='bbox 893 2616 1110 2671; x_wconf 86' lang='lat' dir='ltr'>subruit</span> <span class='ocrx_word' id='word_1_138' title='bbox 1141 2616 1488 2689; x_wconf 84' lang='lat' dir='ltr'>dignissime,</span> 
     </span>
    </p>
   </div>
   <div class='ocr_carea' id='block_1_28' title="bbox 477 2707 1640 2778">
    <p class='ocr_par' dir='ltr' id='par_1_28' title="bbox 477 2707 1640 2778">
     <span class='ocr_line' id='line_1_28' title="bbox 477 2707 1640 2778; baseline -0.003 -14"><span class='ocrx_word' id='word_1_139' title='bbox 477 2710 540 2764; x_wconf 89' lang='lat' dir='ltr'>Ut</span> <span class='ocrx_word' id='word_1_140' title='bbox 569 2709 706 2778; x_wconf 75' lang='lat' dir='ltr'>dura</span> <span class='ocrx_word' id='word_1_141' title='bbox 724 2710 947 2763; x_wconf 89' lang='lat' dir='ltr'>beatum</span> <span class='ocrx_word' id='word_1_142' title='bbox 979 2724 1163 2763; x_wconf 90' lang='lat' dir='ltr'>arcere</span> <span class='ocrx_word' id='word_1_143' title='bbox 1196 2708 1412 2762; x_wconf 90' lang='lat' dir='ltr'>Patrem</span> <span class='ocrx_word' id='word_1_144' title='bbox 1446 2707 1640 2778; x_wconf 68' lang='lat' dir='ltr'>patriae</span> 
     </span>
    </p>
   </div>
   <div class='ocr_carea' id='block_1_29' title="bbox 473 2800 1592 2871">
    <p class='ocr_par' dir='ltr' id='par_1_29' title="bbox 473 2800 1592 2871">
     <span class='ocr_line' id='line_1_29' title="bbox 473 2800 1592 2871; baseline -0.002 -15"><span class='ocrx_word' id='word_1_145' title='bbox 473 2802 750 2868; x_wconf 85' lang='lat' dir='ltr'>Tendunt,</span> <span class='ocrx_word' id='word_1_146' title='bbox 773 2800 878 2855; x_wconf 90' lang='lat' dir='ltr'>soli</span> <span class='ocrx_word' id='word_1_147' title='bbox 910 2809 1203 2856; x_wconf 85' lang='lat' dir='ltr'>arceantur</span> <span class='ocrx_word' id='word_1_148' title='bbox 1223 2801 1372 2856; x_wconf 92' lang='lat' dir='ltr'>omni</span> <span class='ocrx_word' id='word_1_149' title='bbox 1397 2800 1592 2871; x_wconf 89' lang='lat' dir='ltr'>patria.</span> 
     </span>
    </p>
   </div>
   <div class='ocr_carea' id='block_1_30' title="bbox 476 2892 1514 2966">
    <p class='ocr_par' dir='ltr' id='par_1_30' title="bbox 476 2892 1514 2966">
     <span class='ocr_line' id='line_1_30' title="bbox 476 2892 1514 2966; baseline 0 -20"><span class='ocrx_word' id='word_1_150' title='bbox 476 2893 795 2966; x_wconf 88' lang='lat' dir='ltr'>Merguntur</span> <span class='ocrx_word' id='word_1_151' title='bbox 834 2892 912 2946; x_wconf 89' lang='lat' dir='ltr'>illi</span> <span class='ocrx_word' id='word_1_152' title='bbox 943 2893 1189 2948; x_wconf 90' lang='lat' dir='ltr'>devorati</span> <span class='ocrx_word' id='word_1_153' title='bbox 1216 2892 1514 2957; x_wconf 88' lang='lat' dir='ltr'>ﬂuctibus;</span> 
     </span>
    </p>
   </div>
   <div class='ocr_carea' id='block_1_31' title="bbox 473 2981 1559 3053">
    <p class='ocr_par' dir='ltr' id='par_1_31' title="bbox 473 2981 1559 3053">
     <span class='ocr_line' id='line_1_31' title="bbox 473 2981 1559 3053; baseline 0 -17"><span class='ocrx_word' id='word_1_154' title='bbox 473 2984 770 3037; x_wconf 87' lang='lat' dir='ltr'>Servantur</span> <span class='ocrx_word' id='word_1_155' title='bbox 793 2982 936 3036; x_wconf 88' lang='lat' dir='ltr'>arvis</span> <span class='ocrx_word' id='word_1_156' title='bbox 966 2991 1022 3036; x_wconf 87' lang='lat' dir='ltr'>at</span> <span class='ocrx_word' id='word_1_157' title='bbox 1051 2981 1127 3053; x_wconf 90' lang='lat' dir='ltr'>pii</span> <span class='ocrx_word' id='word_1_158' title='bbox 1147 2981 1518 3037; x_wconf 89' lang='lat' dir='ltr'>clementibus</span> <span class='ocrx_word' id='word_1_159' title='bbox 1544 2999 1559 3047; x_wconf 90' lang='lat'><strong>;</strong></span> 
     </span>
    </p>
   </div>
   <div class='ocr_carea' id='block_1_32' title="bbox 473 3074 1510 3147">
    <p class='ocr_par' dir='ltr' id='par_1_32' title="bbox 473 3074 1510 3147">
     <span class='ocr_line' id='line_1_32' title="bbox 473 3074 1510 3147; baseline -0.002 -17"><span class='ocrx_word' id='word_1_160' title='bbox 473 3075 584 3131; x_wconf 87' lang='lat' dir='ltr'>Scit</span> <span class='ocrx_word' id='word_1_161' title='bbox 613 3077 844 3130; x_wconf 89' lang='lat' dir='ltr'>liberare</span> <span class='ocrx_word' id='word_1_162' title='bbox 864 3077 1045 3144; x_wconf 91' lang='lat' dir='ltr'>justus</span> <span class='ocrx_word' id='word_1_163' title='bbox 1073 3090 1260 3147; x_wconf 72' lang='lat' dir='ltr'>zequos</span> <span class='ocrx_word' id='word_1_164' title='bbox 1288 3074 1510 3141; x_wconf 87' lang='lat' dir='ltr'>arbiter,</span> 
     </span>
    </p>
   </div>
   <div class='ocr_carea' id='block_1_33' title="bbox 470 3166 1705 3239">
    <p class='ocr_par' dir='ltr' id='par_1_33' title="bbox 470 3166 1705 3239">
     <span class='ocr_line' id='line_1_33' title="bbox 470 3166 1705 3239; baseline -0.003 -15"><span class='ocrx_word' id='word_1_165' title='bbox 470 3168 736 3239; x_wconf 78' lang='lat' dir='ltr'>Justaque</span> <span class='ocrx_word' id='word_1_166' title='bbox 766 3168 867 3223; x_wconf 90' lang='lat' dir='ltr'>scit</span> <span class='ocrx_word' id='word_1_167' title='bbox 897 3182 1129 3222; x_wconf 89' lang='lat' dir='ltr'>censura</span> <span class='ocrx_word' id='word_1_168' title='bbox 1162 3166 1384 3238; x_wconf 90' lang='lat' dir='ltr'>iniquos</span> <span class='ocrx_word' id='word_1_169' title='bbox 1425 3166 1656 3238; x_wconf 90' lang='lat' dir='ltr'>perdere</span> <span class='ocrx_word' id='word_1_170' title='bbox 1690 3183 1705 3229; x_wconf 85' lang='lat'><strong>;</strong></span> 
     </span>
    </p>
   </div>
   <div class='ocr_carea' id='block_1_34' title="bbox 475 3256 1326 3330">
    <p class='ocr_par' dir='ltr' id='par_1_34' title="bbox 475 3256 1326 3330">
     <span class='ocr_line' id='line_1_34' title="bbox 475 3256 1326 3330; baseline 0 -19"><span class='ocrx_word' id='word_1_171' title='bbox 475 3258 539 3311; x_wconf 87' lang='lat' dir='ltr'>Ut</span> <span class='ocrx_word' id='word_1_172' title='bbox 567 3256 762 3312; x_wconf 89' lang='lat' dir='ltr'>liberat</span> <span class='ocrx_word' id='word_1_173' title='bbox 793 3258 1054 3312; x_wconf 89' lang='lat' dir='ltr'>vernulos</span> <span class='ocrx_word' id='word_1_174' title='bbox 1074 3256 1326 3330; x_wconf 65' lang='lat' dir='ltr'>Egyptio</span> 
     </span>
    </p>
   </div>
   <div class='ocr_carea' id='block_1_35' title="bbox 472 3347 1743 3418">
    <p class='ocr_par' dir='ltr' id='par_1_35' title="bbox 472 3347 1743 3418">
     <span class='ocr_line' id='line_1_35' title="bbox 472 3347 1743 3418; baseline -0.003 -15"><span class='ocrx_word' id='word_1_175' title='bbox 472 3349 755 3412; x_wconf 87' lang='lat' dir='ltr'>Quondam</span> <span class='ocrx_word' id='word_1_176' title='bbox 781 3349 937 3418; x_wconf 81' lang='lat' dir='ltr'>jugo,</span> <span class='ocrx_word' id='word_1_177' title='bbox 970 3365 1069 3418; x_wconf 92' lang='lat' dir='ltr'>per</span> <span class='ocrx_word' id='word_1_178' title='bbox 1097 3348 1208 3402; x_wconf 90' lang='lat' dir='ltr'>alta</span> <span class='ocrx_word' id='word_1_179' title='bbox 1237 3347 1490 3418; x_wconf 65' lang='lat' dir='ltr'>praebens</span> <span class='ocrx_word' id='word_1_180' title='bbox 1519 3361 1743 3418; x_wconf 65' lang='lat' dir='ltr'>aequora</span> 
     </span>
    </p>
   </div>
   <div class='ocr_carea' id='block_1_36' title="bbox 474 3436 1724 3510">
    <p class='ocr_par' dir='ltr' id='par_1_36' title="bbox 474 3436 1724 3510">
     <span class='ocr_line' id='line_1_36' title="bbox 474 3436 1724 3510; baseline -0.006 -19"><span class='ocrx_word' id='word_1_181' title='bbox 474 3436 721 3510; x_wconf 81' lang='lat' dir='ltr'>Profugis</span> <span class='ocrx_word' id='word_1_182' title='bbox 753 3437 1008 3504; x_wconf 80' lang='lat' dir='ltr'>salutem,</span> <span class='ocrx_word' id='word_1_183' title='bbox 1041 3446 1440 3508; x_wconf 88' lang='lat' dir='ltr'>persequentes</span> <span class='ocrx_word' id='word_1_184' title='bbox 1466 3437 1724 3491; x_wconf 88' lang='lat' dir='ltr'>obruens.</span> 
     </span>
    </p>
   </div>
   <div class='ocr_carea' id='block_1_37' title="bbox 474 3524 1594 3595">
    <p class='ocr_par' dir='ltr' id='par_1_37' title="bbox 474 3524 1594 3595">
     <span class='ocr_line' id='line_1_37' title="bbox 474 3524 1594 3595; baseline 0.002 -17"><span class='ocrx_word' id='word_1_185' title='bbox 474 3524 808 3595; x_wconf 76' lang='lat' dir='ltr'>Apollinaris</span> <span class='ocrx_word' id='word_1_186' title='bbox 831 3540 956 3579; x_wconf 92' lang='lat' dir='ltr'>cum</span> <span class='ocrx_word' id='word_1_187' title='bbox 984 3524 1255 3579; x_wconf 87' lang='lat' dir='ltr'>ministris</span> <span class='ocrx_word' id='word_1_188' title='bbox 1286 3525 1594 3580; x_wconf 89' lang='lat' dir='ltr'>commodis</span> 
     </span>
    </p>
   </div>
   <div class='ocr_carea' id='block_1_38' title="bbox 481 3612 1452 3677">
    <p class='ocr_par' dir='ltr' id='par_1_38' title="bbox 481 3612 1452 3677">
     <span class='ocr_line' id='line_1_38' title="bbox 481 3612 1452 3677; baseline 0 -11"><span class='ocrx_word' id='word_1_189' title='bbox 481 3612 796 3668; x_wconf 86' lang='lat' dir='ltr'>Desiderata</span> <span class='ocrx_word' id='word_1_190' title='bbox 827 3613 1010 3666; x_wconf 91' lang='lat' dir='ltr'>salvus</span> <span class='ocrx_word' id='word_1_191' title='bbox 1035 3613 1203 3666; x_wconf 88' lang='lat' dir='ltr'>intrat</span> <span class='ocrx_word' id='word_1_192' title='bbox 1227 3612 1408 3667; x_wconf 90' lang='lat' dir='ltr'>littora</span> <span class='ocrx_word' id='word_1_193' title='bbox 1438 3630 1452 3677; x_wconf 91' lang='lat'><strong>;</strong></span> 
     </span>
    </p>
   </div>
   <div class='ocr_carea' id='block_1_39' title="bbox 479 3707 1498 3772">
    <p class='ocr_par' dir='ltr' id='par_1_39' title="bbox 479 3707 1498 3772">
     <span class='ocr_line' id='line_1_39' title="bbox 479 3707 1498 3772; baseline 0.001 -11"><span class='ocrx_word' id='word_1_194' title='bbox 479 3709 620 3763; x_wconf 86' lang='lat' dir='ltr'>Duos</span> <span class='ocrx_word' id='word_1_195' title='bbox 651 3707 814 3762; x_wconf 78' lang='lat' dir='ltr'>saluti</span> <span class='ocrx_word' id='word_1_196' title='bbox 853 3707 991 3762; x_wconf 90' lang='lat' dir='ltr'>dans</span> <span class='ocrx_word' id='word_1_197' title='bbox 1020 3707 1182 3762; x_wconf 85' lang='lat' dir='ltr'>simul</span> <span class='ocrx_word' id='word_1_198' title='bbox 1209 3707 1498 3772; x_wconf 83' lang='lat' dir='ltr'>satellites,</span> 
     </span>
    </p>
   </div>
   <div class='ocr_carea' id='block_1_40' title="bbox 477 3795 1595 3861">
    <p class='ocr_par' dir='ltr' id='par_1_40' title="bbox 477 3795 1595 3861">
     <span class='ocr_line' id='line_1_40' title="bbox 477 3795 1595 3861; baseline -0.001 -10"><span class='ocrx_word' id='word_1_199' title='bbox 477 3797 622 3861; x_wconf 86' lang='lat' dir='ltr'>Quos</span> <span class='ocrx_word' id='word_1_200' title='bbox 653 3797 804 3851; x_wconf 90' lang='lat' dir='ltr'>vellit</span> <span class='ocrx_word' id='word_1_201' title='bbox 836 3796 1000 3850; x_wconf 90' lang='lat' dir='ltr'>undis</span> <span class='ocrx_word' id='word_1_202' title='bbox 1033 3795 1197 3851; x_wconf 89' lang='lat' dir='ltr'>funus</span> <span class='ocrx_word' id='word_1_203' title='bbox 1228 3795 1595 3850; x_wconf 86' lang='lat' dir='ltr'>inferentibus</span> 
     </span>
    </p>
   </div>
   <div class='ocr_carea' id='block_1_41' title="bbox 472 3885 1660 3961">
    <p class='ocr_par' dir='ltr' id='par_1_41' title="bbox 472 3885 1660 3961">
     <span class='ocr_line' id='line_1_41' title="bbox 472 3885 1660 3961; baseline -0.001 -21"><span class='ocrx_word' id='word_1_204' title='bbox 472 3887 732 3957; x_wconf 90' lang='lat' dir='ltr'>Lavitque</span> <span class='ocrx_word' id='word_1_205' title='bbox 759 3886 997 3957; x_wconf 85' lang='lat' dir='ltr'>lymphis</span> <span class='ocrx_word' id='word_1_206' title='bbox 1024 3902 1193 3961; x_wconf 86' lang='lat' dir='ltr'>regna</span> <span class='ocrx_word' id='word_1_207' title='bbox 1223 3887 1345 3941; x_wconf 68' lang='lat' dir='ltr'>vita:</span> <span class='ocrx_word' id='word_1_208' title='bbox 1383 3885 1660 3940; x_wconf 87' lang='lat' dir='ltr'>dantibus.</span> 
     </span>
    </p>
   </div>
   <div class='ocr_carea' id='block_1_42' title="bbox 467 3977 1634 4052">
    <p class='ocr_par' dir='ltr' id='par_1_42' title="bbox 467 3977 1634 4052">
     <span class='ocr_line' id='line_1_42' title="bbox 467 3977 1634 4052; baseline -0.001 -20"><span class='ocrx_word' id='word_1_209' title='bbox 467 3979 790 4052; x_wconf 81' lang='lat' dir='ltr'>Progressus</span> <span class='ocrx_word' id='word_1_210' title='bbox 825 3977 954 4034; x_wconf 91' lang='lat' dir='ltr'>inde</span> <span class='ocrx_word' id='word_1_211' title='bbox 987 3995 1111 4033; x_wconf 91' lang='lat' dir='ltr'>rura</span> <span class='ocrx_word' id='word_1_212' title='bbox 1150 3979 1344 4034; x_wconf 89' lang='lat' dir='ltr'>lustrat</span> <span class='ocrx_word' id='word_1_213' title='bbox 1369 3979 1592 4032; x_wconf 87' lang='lat' dir='ltr'>Isthmia</span> <span class='ocrx_word' id='word_1_214' title='bbox 1622 3996 1634 4031; x_wconf 96' lang='lat'><strong>:</strong></span> 
     </span>
    </p>
   </div>
   <div class='ocr_carea' id='block_1_43' title="bbox 466 4071 1776 4142">
    <p class='ocr_par' dir='ltr' id='par_1_43' title="bbox 466 4071 1776 4142">
     <span class='ocr_line' id='line_1_43' title="bbox 466 4071 1776 4142; baseline 0 -16"><span class='ocrx_word' id='word_1_215' title='bbox 466 4073 601 4126; x_wconf 85' lang='lat' dir='ltr'>Tum</span> <span class='ocrx_word' id='word_1_216' title='bbox 633 4079 758 4142; x_wconf 90' lang='lat' dir='ltr'>post</span> <span class='ocrx_word' id='word_1_217' title='bbox 784 4071 1104 4126; x_wconf 88' lang='lat' dir='ltr'>Corinthum</span> <span class='ocrx_word' id='word_1_218' title='bbox 1120 4072 1400 4125; x_wconf 89' lang='lat' dir='ltr'>transiens</span> <span class='ocrx_word' id='word_1_219' title='bbox 1431 4073 1485 4125; x_wconf 89' lang='lat' dir='ltr'>in</span> <span class='ocrx_word' id='word_1_220' title='bbox 1511 4072 1776 4139; x_wconf 76' lang='lat' dir='ltr'>Mcesiam,</span> 
     </span>
    </p>
   </div>
   <div class='ocr_carea' id='block_1_44' title="bbox 469 4159 1588 4231">
    <p class='ocr_par' dir='ltr' id='par_1_44' title="bbox 469 4159 1588 4231">
     <span class='ocr_line' id='line_1_44' title="bbox 469 4159 1588 4231; baseline 0.002 -19"><span class='ocrx_word' id='word_1_221' title='bbox 469 4163 655 4215; x_wconf 84' lang='lat' dir='ltr'>Cutem</span> <span class='ocrx_word' id='word_1_222' title='bbox 679 4160 880 4230; x_wconf 88' lang='lat' dir='ltr'>leprosi</span> <span class='ocrx_word' id='word_1_223' title='bbox 921 4168 1077 4230; x_wconf 90' lang='lat' dir='ltr'>turpe</span> <span class='ocrx_word' id='word_1_224' title='bbox 1112 4175 1296 4215; x_wconf 72' lang='lat' dir='ltr'>naevos</span> <span class='ocrx_word' id='word_1_225' title='bbox 1326 4159 1588 4231; x_wconf 87' lang='lat' dir='ltr'>squallidi</span> 
     </span>
    </p>
   </div>
   <div class='ocr_carea' id='block_1_45' title="bbox 469 4250 1578 4316">
    <p class='ocr_par' dir='ltr' id='par_1_45' title="bbox 469 4250 1578 4316">
     <span class='ocr_line' id='line_1_45' title="bbox 469 4250 1578 4316; baseline 0 -12"><span class='ocrx_word' id='word_1_226' title='bbox 469 4253 672 4306; x_wconf 87' lang='lat' dir='ltr'>Decore</span> <span class='ocrx_word' id='word_1_227' title='bbox 702 4267 950 4315; x_wconf 90' lang='lat' dir='ltr'>comens,</span> <span class='ocrx_word' id='word_1_228' title='bbox 986 4250 1276 4304; x_wconf 89' lang='lat' dir='ltr'>sanitatem</span> <span class='ocrx_word' id='word_1_229' title='bbox 1301 4251 1578 4316; x_wconf 90' lang='lat' dir='ltr'>reddidit;</span> 
     </span>
    </p>
   </div>
   <div class='ocr_carea' id='block_1_46' title="bbox 469 4341 1838 4413">
    <p class='ocr_par' dir='ltr' id='par_1_46' title="bbox 469 4341 1838 4413">
     <span class='ocr_line' id='line_1_46' title="bbox 469 4341 1838 4413; baseline 0.001 -17"><span class='ocrx_word' id='word_1_230' title='bbox 469 4342 724 4410; x_wconf 86' lang='lat' dir='ltr'>Majorem</span> <span class='ocrx_word' id='word_1_231' title='bbox 746 4348 801 4395; x_wconf 87' lang='lat' dir='ltr'>et</span> <span class='ocrx_word' id='word_1_232' title='bbox 822 4341 1034 4396; x_wconf 88' lang='lat' dir='ltr'>addens</span> <span class='ocrx_word' id='word_1_233' title='bbox 1056 4341 1182 4394; x_wconf 89' lang='lat' dir='ltr'>huic</span> <span class='ocrx_word' id='word_1_234' title='bbox 1201 4356 1386 4411; x_wconf 85' lang='lat' dir='ltr'>Opem,</span> <span class='ocrx_word' id='word_1_235' title='bbox 1417 4358 1583 4413; x_wconf 89' lang='lat' dir='ltr'>quem</span> <span class='ocrx_word' id='word_1_236' title='bbox 1605 4357 1838 4412; x_wconf 82' lang='lat' dir='ltr'>corpore</span> 
     </span>
    </p>
   </div>
   <div class='ocr_carea' id='block_1_47' title="bbox 468 4429 1519 4494">
    <p class='ocr_par' dir='ltr' id='par_1_47' title="bbox 468 4429 1519 4494">
     <span class='ocr_line' id='line_1_47' title="bbox 468 4429 1519 4494; baseline 0.002 -12"><span class='ocrx_word' id='word_1_237' title='bbox 468 4429 725 4494; x_wconf 85' lang='lat' dir='ltr'>Salvavit,</span> <span class='ocrx_word' id='word_1_238' title='bbox 750 4429 914 4482; x_wconf 89' lang='lat' dir='ltr'>etiam</span> <span class='ocrx_word' id='word_1_239' title='bbox 947 4438 1131 4484; x_wconf 88' lang='lat' dir='ltr'>mente</span> <span class='ocrx_word' id='word_1_240' title='bbox 1159 4430 1330 4485; x_wconf 89' lang='lat' dir='ltr'>salvat</span> <span class='ocrx_word' id='word_1_241' title='bbox 1362 4437 1519 4485; x_wconf 90' lang='lat' dir='ltr'>eruta</span> 
     </span>
    </p>
   </div>
   <div class='ocr_carea' id='block_1_48' title="bbox 469 4517 1519 4584">
    <p class='ocr_par' dir='ltr' id='par_1_48' title="bbox 469 4517 1519 4584">
     <span class='ocr_line' id='line_1_48' title="bbox 469 4517 1519 4584; baseline 0.002 -13"><span class='ocrx_word' id='word_1_242' title='bbox 469 4519 546 4571; x_wconf 81' lang='lat' dir='ltr'>Ab</span> <span class='ocrx_word' id='word_1_243' title='bbox 580 4517 923 4572; x_wconf 89' lang='lat' dir='ltr'>ethnicarum</span> <span class='ocrx_word' id='word_1_244' title='bbox 957 4517 1202 4574; x_wconf 74' lang='lat' dir='ltr'>fceditate</span> <span class='ocrx_word' id='word_1_245' title='bbox 1244 4519 1519 4584; x_wconf 87' lang='lat' dir='ltr'>sordium,</span> 
     </span>
    </p>
   </div>
   <div class='ocr_carea' id='block_1_49' title="bbox 471 4605 1594 4680">
    <p class='ocr_par' dir='ltr' id='par_1_49' title="bbox 471 4605 1594 4680">
     <span class='ocr_line' id='line_1_49' title="bbox 471 4605 1594 4680; baseline 0.004 -21"><span class='ocrx_word' id='word_1_246' title='bbox 471 4605 728 4660; x_wconf 78' lang='lat' dir='ltr'>Animam</span> <span class='ocrx_word' id='word_1_247' title='bbox 759 4605 992 4661; x_wconf 90' lang='lat' dir='ltr'>lavando</span> <span class='ocrx_word' id='word_1_248' title='bbox 1017 4606 1298 4662; x_wconf 88' lang='lat' dir='ltr'>ablutione</span> <span class='ocrx_word' id='word_1_249' title='bbox 1326 4609 1594 4680; x_wconf 89' lang='lat' dir='ltr'>corporis.</span> 
     </span>
    </p>
   </div>
   <div class='ocr_carea' id='block_1_50' title="bbox 469 4694 1726 4770">
    <p class='ocr_par' dir='ltr' id='par_1_50' title="bbox 469 4694 1726 4770">
     <span class='ocr_line' id='line_1_50' title="bbox 469 4694 1726 4770; baseline 0.003 -22"><span class='ocrx_word' id='word_1_250' title='bbox 469 4694 771 4766; x_wconf 83' lang='lat' dir='ltr'>Ripamque</span> <span class='ocrx_word' id='word_1_251' title='bbox 794 4695 862 4749; x_wconf 92' lang='lat' dir='ltr'>ad</span> <span class='ocrx_word' id='word_1_252' title='bbox 894 4695 1016 4750; x_wconf 87' lang='lat' dir='ltr'>[stri</span> <span class='ocrx_word' id='word_1_253' title='bbox 1048 4695 1365 4770; x_wconf 88' lang='lat' dir='ltr'>demigrans</span> <span class='ocrx_word' id='word_1_254' title='bbox 1395 4698 1598 4754; x_wconf 87' lang='lat' dir='ltr'>multos</span> <span class='ocrx_word' id='word_1_255' title='bbox 1619 4697 1726 4752; x_wconf 88' lang='lat' dir='ltr'>sibi</span> 
     </span>
    </p>
   </div>
   <div class='ocr_carea' id='block_1_51' title="bbox 466 4786 1490 4857">
    <p class='ocr_par' dir='ltr' id='par_1_51' title="bbox 466 4786 1490 4857">
     <span class='ocr_line' id='line_1_51' title="bbox 466 4786 1490 4857; baseline 0.005 -17"><span class='ocrx_word' id='word_1_256' title='bbox 466 4786 755 4842; x_wconf 88' lang='lat' dir='ltr'>Connectit</span> <span class='ocrx_word' id='word_1_257' title='bbox 781 4788 923 4842; x_wconf 90' lang='lat' dir='ltr'>alma</span> <span class='ocrx_word' id='word_1_258' title='bbox 955 4788 1242 4844; x_wconf 87' lang='lat' dir='ltr'>roboratos</span> <span class='ocrx_word' id='word_1_259' title='bbox 1266 4789 1323 4843; x_wconf 91' lang='lat' dir='ltr'>in</span> <span class='ocrx_word' id='word_1_260' title='bbox 1342 4789 1449 4845; x_wconf 81' lang='lat' dir='ltr'>fide</span> <span class='ocrx_word' id='word_1_261' title='bbox 1475 4809 1490 4857; x_wconf 92' lang='lat'><strong>;</strong></span> 
     </span>
    </p>
   </div>
   <div class='ocr_carea' id='block_1_52' title="bbox 465 4880 1621 4955">
    <p class='ocr_par' dir='ltr' id='par_1_52' title="bbox 465 4880 1621 4955">
     <span class='ocr_line' id='line_1_52' title="bbox 465 4880 1621 4955; baseline 0.003 -22"><span class='ocrx_word' id='word_1_262' title='bbox 465 4880 672 4934; x_wconf 87' lang='lat' dir='ltr'>Necare</span> <span class='ocrx_word' id='word_1_263' title='bbox 704 4895 868 4951; x_wconf 90' lang='lat' dir='ltr'>quem</span> <span class='ocrx_word' id='word_1_264' title='bbox 903 4880 1034 4935; x_wconf 90' lang='lat' dir='ltr'>dum</span> <span class='ocrx_word' id='word_1_265' title='bbox 1059 4881 1307 4955; x_wconf 88' lang='lat' dir='ltr'>gestiunt</span> <span class='ocrx_word' id='word_1_266' title='bbox 1329 4882 1621 4950; x_wconf 91' lang='lat' dir='ltr'>increduli,</span> 
     </span>
    </p>
   </div>
   <div class='ocr_carea' id='block_1_53' title="bbox 465 4971 1576 5043">
    <p class='ocr_par' dir='ltr' id='par_1_53' title="bbox 465 4971 1576 5043">
     <span class='ocr_line' id='line_1_53' title="bbox 465 4971 1576 5043; baseline 0.004 -19"><span class='ocrx_word' id='word_1_267' title='bbox 465 4971 650 5025; x_wconf 88' lang='lat' dir='ltr'>Partes</span> <span class='ocrx_word' id='word_1_268' title='bbox 688 4973 927 5042; x_wconf 90' lang='lat' dir='ltr'>capessit</span> <span class='ocrx_word' id='word_1_269' title='bbox 949 4973 1300 5043; x_wconf 66' lang='lat' dir='ltr'>praedicando</span> <span class='ocrx_word' id='word_1_270' title='bbox 1333 4975 1532 5029; x_wconf 68' lang='lat' dir='ltr'>hraeiae</span> <span class='ocrx_word' id='word_1_271' title='bbox 1565 4993 1576 5028; x_wconf 92' lang='lat'><strong>:</strong></span> 
     </span>
    </p>
   </div>
   <div class='ocr_carea' id='block_1_54' title="bbox 464 5067 1582 5136">
    <p class='ocr_par' dir='ltr' id='par_1_54' title="bbox 464 5067 1582 5136">
     <span class='ocr_line' id='line_1_54' title="bbox 464 5067 1582 5136; baseline 0.003 -16"><span class='ocrx_word' id='word_1_272' title='bbox 464 5069 760 5122; x_wconf 84' lang='lat' dir='ltr'>Torrentur</span> <span class='ocrx_word' id='word_1_273' title='bbox 785 5067 875 5122; x_wconf 92' lang='lat' dir='ltr'>hic</span> <span class='ocrx_word' id='word_1_274' title='bbox 901 5083 968 5123; x_wconf 92' lang='lat' dir='ltr'>eo</span> <span class='ocrx_word' id='word_1_275' title='bbox 1009 5075 1256 5124; x_wconf 90' lang='lat' dir='ltr'>morante</span> <span class='ocrx_word' id='word_1_276' title='bbox 1281 5069 1582 5136; x_wconf 79' lang='lat' dir='ltr'>daemones,</span> 
     </span>
    </p>
   </div>
   <div class='ocr_carea' id='block_1_55' title="bbox 462 5157 1380 5228">
    <p class='ocr_par' dir='ltr' id='par_1_55' title="bbox 462 5157 1380 5228">
     <span class='ocr_line' id='line_1_55' title="bbox 462 5157 1380 5228; baseline 0.003 -19"><span class='ocrx_word' id='word_1_277' title='bbox 462 5157 680 5228; x_wconf 73' lang='lat' dir='ltr'>Serapis</span> <span class='ocrx_word' id='word_1_278' title='bbox 709 5157 829 5225; x_wconf 90' lang='lat' dir='ltr'>ejus</span> <span class='ocrx_word' id='word_1_279' title='bbox 848 5157 1058 5212; x_wconf 90' lang='lat' dir='ltr'>obticet</span> <span class='ocrx_word' id='word_1_280' title='bbox 1089 5158 1380 5228; x_wconf 70' lang='lat' dir='ltr'>praesentia</span> 
     </span>
    </p>
   </div>
   <div class='ocr_carea' id='block_1_56' title="bbox 465 5247 1626 5324">
    <p class='ocr_par' dir='ltr' id='par_1_56' title="bbox 465 5247 1626 5324">
     <span class='ocr_line' id='line_1_56' title="bbox 465 5247 1626 5324; baseline 0.002 -22"><span class='ocrx_word' id='word_1_281' title='bbox 465 5249 746 5319; x_wconf 83' lang='lat' dir='ltr'>Responsa</span> <span class='ocrx_word' id='word_1_282' title='bbox 785 5247 927 5303; x_wconf 89' lang='lat' dir='ltr'>ferre</span> <span class='ocrx_word' id='word_1_283' title='bbox 955 5265 1057 5304; x_wconf 90' lang='lat' dir='ltr'>nec</span> <span class='ocrx_word' id='word_1_284' title='bbox 1085 5249 1226 5305; x_wconf 83' lang='lat' dir='ltr'>valet</span> <span class='ocrx_word' id='word_1_285' title='bbox 1256 5249 1580 5324; x_wconf 85' lang='lat' dir='ltr'>rogantibus</span> <span class='ocrx_word' id='word_1_286' title='bbox 1612 5268 1626 5316; x_wconf 89' lang='lat'><strong>;</strong></span> 
     </span>
    </p>
   </div>
   <div class='ocr_carea' id='block_1_57' title="bbox 457 5340 1657 5413">
    <p class='ocr_par' dir='ltr' id='par_1_57' title="bbox 457 5340 1657 5413">
     <span class='ocr_line' id='line_1_57' title="bbox 457 5340 1657 5413; baseline 0.003 -20"><span class='ocrx_word' id='word_1_287' title='bbox 457 5340 697 5394; x_wconf 87' lang='lat' dir='ltr'>Tandem</span> <span class='ocrx_word' id='word_1_288' title='bbox 730 5348 954 5396; x_wconf 88' lang='lat' dir='ltr'>vocatus</span> <span class='ocrx_word' id='word_1_289' title='bbox 985 5341 1089 5396; x_wconf 90' lang='lat' dir='ltr'>hoc</span> <span class='ocrx_word' id='word_1_290' title='bbox 1118 5341 1356 5413; x_wconf 89' lang='lat' dir='ltr'>remugit</span> <span class='ocrx_word' id='word_1_291' title='bbox 1381 5341 1608 5411; x_wconf 90' lang='lat' dir='ltr'>spiritus</span> <span class='ocrx_word' id='word_1_292' title='bbox 1645 5360 1657 5396; x_wconf 93' lang='lat'><strong>:</strong></span> 
     </span>
    </p>
   </div>
   <div class='ocr_carea' id='block_1_58' title="bbox 467 5434 1659 5512">
    <p class='ocr_par' dir='ltr' id='par_1_58' title="bbox 467 5434 1659 5512">
     <span class='ocr_line' id='line_1_58' title="bbox 467 5434 1659 5512; baseline 0.003 -24"><span class='ocrx_word' id='word_1_293' title='bbox 467 5457 481 5479; x_wconf 72' lang='grc' dir='ltr'>ει</span> <span class='ocrx_word' id='word_1_294' title='bbox 519 5434 749 5489; x_wconf 84' lang='lat' dir='ltr'>Advenit</span> <span class='ocrx_word' id='word_1_295' title='bbox 783 5435 898 5490; x_wconf 67' lang='lat' dir='ltr'>haec</span> <span class='ocrx_word' id='word_1_296' title='bbox 925 5435 981 5489; x_wconf 89' lang='lat' dir='ltr'>in</span> <span class='ocrx_word' id='word_1_297' title='bbox 1021 5451 1150 5512; x_wconf 85' lang='lat' dir='ltr'>arva</span> <span class='ocrx_word' id='word_1_298' title='bbox 1179 5435 1486 5506; x_wconf 90' lang='lat' dir='ltr'>discipulus</span> <span class='ocrx_word' id='word_1_299' title='bbox 1515 5437 1659 5491; x_wconf 87' lang='lat' dir='ltr'>Petri</span> 
     </span>
    </p>
   </div>
   <div class='ocr_carea' id='block_1_59' title="bbox 463 5525 1547 5605">
    <p class='ocr_par' dir='ltr' id='par_1_59' title="bbox 463 5525 1547 5605">
     <span class='ocr_line' id='line_1_59' title="bbox 463 5525 1547 5605; baseline 0.004 -26"><span class='ocrx_word' id='word_1_300' title='bbox 463 5525 658 5580; x_wconf 82' lang='lat' dir='ltr'>Christi</span> <span class='ocrx_word' id='word_1_301' title='bbox 695 5527 904 5605; x_wconf 76' lang='lat' dir='ltr'>catenis</span> <span class='ocrx_word' id='word_1_302' title='bbox 931 5543 1016 5582; x_wconf 91' lang='lat' dir='ltr'>me</span> <span class='ocrx_word' id='word_1_303' title='bbox 1049 5527 1231 5601; x_wconf 85' lang='lat' dir='ltr'>ligans</span> <span class='ocrx_word' id='word_1_304' title='bbox 1259 5529 1495 5598; x_wconf 89' lang='lat' dir='ltr'>apostoli</span> <span class='ocrx_word' id='word_1_305' title='bbox 1531 5549 1547 5595; x_wconf 88' lang='lat'><strong><em>;</em></strong></span> 
     </span>
    </p>
   </div>
   <div class='ocr_carea' id='block_1_60' title="bbox 463 5613 1654 5687">
    <p class='ocr_par' dir='ltr' id='par_1_60' title="bbox 463 5613 1654 5687">
     <span class='ocr_line' id='line_1_60' title="bbox 463 5613 1654 5687; baseline 0.011 -23"><span class='ocrx_word' id='word_1_306' title='bbox 463 5613 614 5668; x_wconf 89' lang='lat' dir='ltr'>Hunc</span> <span class='ocrx_word' id='word_1_307' title='bbox 645 5614 700 5668; x_wconf 92' lang='lat' dir='ltr'>ni</span> <span class='ocrx_word' id='word_1_308' title='bbox 733 5616 921 5685; x_wconf 91' lang='lat' dir='ltr'>procul</span> <span class='ocrx_word' id='word_1_309' title='bbox 951 5615 1183 5672; x_wconf 86' lang='lat' dir='ltr'>studetis</span> <span class='ocrx_word' id='word_1_310' title='bbox 1205 5616 1335 5672; x_wconf 90' lang='lat' dir='ltr'>hinc</span> <span class='ocrx_word' id='word_1_311' title='bbox 1351 5616 1654 5687; x_wconf 87' lang='lat' dir='ltr'>depellere.</span> 
     </span>
    </p>
   </div>
   <div class='ocr_carea' id='block_1_61' title="bbox 2119 1655 2166 1722">
    <p class='ocr_par' dir='ltr' id='par_1_61' title="bbox 2119 1655 2166 1722">
     <span class='ocr_line' id='line_1_61' title="bbox 2119 1655 2166 1722; baseline 0 -1"><span class='ocrx_word' id='word_1_312' title='bbox 2119 1655 2166 1722; x_wconf 86' lang='grc' dir='ltr'>Β</span> 
     </span>
    </p>
   </div>
   <div class='ocr_carea' id='block_1_62' title="bbox 2139 1697 3330 1774">
    <p class='ocr_par' dir='ltr' id='par_1_62' title="bbox 2139 1697 3330 1774">
     <span class='ocr_line' id='line_1_62' title="bbox 2139 1697 3330 1774; baseline 0.003 -24"><span class='ocrx_word' id='word_1_313' title='bbox 2139 1697 2166 1721; x_wconf 82' lang='grc'><em>·’</em></span> <span class='ocrx_word' id='word_1_314' title='bbox 2195 1697 2308 1752; x_wconf 86' lang='lat' dir='ltr'>Huc</span> <span class='ocrx_word' id='word_1_315' title='bbox 2347 1699 2544 1753; x_wconf 92' lang='lat' dir='ltr'>ductus</span> <span class='ocrx_word' id='word_1_316' title='bbox 2573 1709 2819 1754; x_wconf 87' lang='lat' dir='ltr'>actutum</span> <span class='ocrx_word' id='word_1_317' title='bbox 2847 1716 3041 1771; x_wconf 89' lang='lat' dir='ltr'>preces</span> <span class='ocrx_word' id='word_1_318' title='bbox 3058 1706 3115 1754; x_wconf 89' lang='lat' dir='ltr'>ut</span> <span class='ocrx_word' id='word_1_319' title='bbox 3148 1700 3330 1774; x_wconf 84' lang='lat' dir='ltr'>erigit,</span> 
     </span>
    </p>
   </div>
   <div class='ocr_carea' id='block_1_63' title="bbox 2115 332 3439 403">
    <p class='ocr_par' dir='ltr' id='par_1_63' title="bbox 2115 332 3439 403">
     <span class='ocr_line' id='line_1_63' title="bbox 2115 332 3439 403; baseline 0.005 -18"><span class='ocrx_word' id='word_1_320' title='bbox 2115 337 2161 403; x_wconf 82' lang='grc' dir='ltr'>Α</span> <span class='ocrx_word' id='word_1_321' title='bbox 2191 332 2476 401; x_wconf 84' lang='lat' dir='ltr'>Responsa</span> <span class='ocrx_word' id='word_1_322' title='bbox 2505 333 2662 388; x_wconf 89' lang='lat' dir='ltr'>vobis</span> <span class='ocrx_word' id='word_1_323' title='bbox 2701 351 2810 390; x_wconf 91' lang='lat' dir='ltr'>non</span> <span class='ocrx_word' id='word_1_324' title='bbox 2840 336 3087 390; x_wconf 89' lang='lat' dir='ltr'>valemus</span> <span class='ocrx_word' id='word_1_325' title='bbox 3116 336 3366 390; x_wconf 88' lang='lat' dir='ltr'>reddere.</span> <span class='ocrx_word' id='word_1_326' title='bbox 3413 359 3439 383; x_wconf 76' lang='grc' dir='ltr'><strong>ιι</strong></span> 
     </span>
    </p>
   </div>
   <div class='ocr_carea' id='block_1_64' title="bbox 2190 421 3396 498">
    <p class='ocr_par' dir='ltr' id='par_1_64' title="bbox 2190 421 3396 498">
     <span class='ocr_line' id='line_1_64' title="bbox 2190 421 3396 498; baseline 0.006 -24"><span class='ocrx_word' id='word_1_327' title='bbox 2190 422 2264 474; x_wconf 87' lang='lat' dir='ltr'>Ad</span> <span class='ocrx_word' id='word_1_328' title='bbox 2297 421 2465 498; x_wconf 88' lang='lat' dir='ltr'>ﬂagra</span> <span class='ocrx_word' id='word_1_329' title='bbox 2498 431 2717 479; x_wconf 90' lang='lat' dir='ltr'>sanctus</span> <span class='ocrx_word' id='word_1_330' title='bbox 2749 424 3074 496; x_wconf 89' lang='lat' dir='ltr'>perferenda</span> <span class='ocrx_word' id='word_1_331' title='bbox 3095 427 3396 498; x_wconf 58' lang='lat' dir='ltr'>quaeritur;</span> 
     </span>
    </p>
   </div>
   <div class='ocr_carea' id='block_1_65' title="bbox 2193 511 3302 582">
    <p class='ocr_par' dir='ltr' id='par_1_65' title="bbox 2193 511 3302 582">
     <span class='ocr_line' id='line_1_65' title="bbox 2193 511 3302 582; baseline 0.005 -19"><span class='ocrx_word' id='word_1_332' title='bbox 2193 511 2458 581; x_wconf 80' lang='lat' dir='ltr'>Repertus</span> <span class='ocrx_word' id='word_1_333' title='bbox 2488 513 2661 582; x_wconf 90' lang='lat' dir='ltr'>aspris</span> <span class='ocrx_word' id='word_1_334' title='bbox 2687 514 3013 568; x_wconf 87' lang='lat' dir='ltr'>verberatur</span> <span class='ocrx_word' id='word_1_335' title='bbox 3045 514 3302 570; x_wconf 87' lang='lat' dir='ltr'>fustibus.</span> 
     </span>
    </p>
   </div>
   <div class='ocr_carea' id='block_1_66' title="bbox 2194 604 3376 664">
    <p class='ocr_par' dir='ltr' id='par_1_66' title="bbox 2194 604 3376 664">
     <span class='ocr_line' id='line_1_66' title="bbox 2194 604 3376 664; baseline 0.005 -6"><span class='ocrx_word' id='word_1_336' title='bbox 2194 604 2256 658; x_wconf 91' lang='lat' dir='ltr'>Ut</span> <span class='ocrx_word' id='word_1_337' title='bbox 2285 612 2471 660; x_wconf 91' lang='lat' dir='ltr'>censet</span> <span class='ocrx_word' id='word_1_338' title='bbox 2500 613 2679 661; x_wconf 90' lang='lat' dir='ltr'>autem</span> <span class='ocrx_word' id='word_1_339' title='bbox 2711 608 2957 662; x_wconf 81' lang='lat' dir='ltr'>Christus</span> <span class='ocrx_word' id='word_1_340' title='bbox 2987 609 3108 663; x_wconf 88' lang='lat' dir='ltr'>urbi</span> <span class='ocrx_word' id='word_1_341' title='bbox 3140 609 3376 664; x_wconf 89' lang='lat' dir='ltr'>reddere</span> 
     </span>
    </p>
   </div>
   <div class='ocr_carea' id='block_1_67' title="bbox 2193 694 3388 767">
    <p class='ocr_par' dir='ltr' id='par_1_67' title="bbox 2193 694 3388 767">
     <span class='ocr_line' id='line_1_67' title="bbox 2193 694 3388 767; baseline 0.006 -21"><span class='ocrx_word' id='word_1_342' title='bbox 2193 694 2347 748; x_wconf 88' lang='lat' dir='ltr'>Hunc</span> <span class='ocrx_word' id='word_1_343' title='bbox 2385 694 2676 750; x_wconf 63' lang='lat' dir='ltr'>destinatae</span> <span class='ocrx_word' id='word_1_344' title='bbox 2705 696 2774 750; x_wconf 92' lang='lat' dir='ltr'>ab</span> <span class='ocrx_word' id='word_1_345' title='bbox 2806 696 3036 753; x_wconf 88' lang='lat' dir='ltr'>arbitrio</span> <span class='ocrx_word' id='word_1_346' title='bbox 3071 698 3388 767; x_wconf 67' lang='lat' dir='ltr'>provinciae,</span> 
     </span>
    </p>
   </div>
   <div class='ocr_carea' id='block_1_68' title="bbox 2191 782 3279 856">
    <p class='ocr_par' dir='ltr' id='par_1_68' title="bbox 2191 782 3279 856">
     <span class='ocr_line' id='line_1_68' title="bbox 2191 782 3279 856; baseline 0.005 -21"><span class='ocrx_word' id='word_1_347' title='bbox 2191 782 2322 837; x_wconf 84' lang='lat' dir='ltr'>Navi</span> <span class='ocrx_word' id='word_1_348' title='bbox 2353 799 2520 854; x_wconf 90' lang='lat' dir='ltr'>super</span> <span class='ocrx_word' id='word_1_349' title='bbox 2554 786 2763 855; x_wconf 89' lang='lat' dir='ltr'>petenti</span> <span class='ocrx_word' id='word_1_350' title='bbox 2798 785 3005 840; x_wconf 88' lang='lat' dir='ltr'>Italiam</span> <span class='ocrx_word' id='word_1_351' title='bbox 3035 788 3279 856; x_wconf 89' lang='lat' dir='ltr'>ponitur,</span> 
     </span>
    </p>
   </div>
   <div class='ocr_carea' id='block_1_69' title="bbox 2190 874 3326 950">
    <p class='ocr_par' dir='ltr' id='par_1_69' title="bbox 2190 874 3326 950">
     <span class='ocr_line' id='line_1_69' title="bbox 2190 874 3326 950; baseline 0 -22"><span class='ocrx_word' id='word_1_352' title='bbox 2190 874 2363 929; x_wconf 89' lang='lat' dir='ltr'>Sociis</span> <span class='ocrx_word' id='word_1_353' title='bbox 2388 877 2627 950; x_wconf 85' lang='lat' dir='ltr'>gregatis</span> <span class='ocrx_word' id='word_1_354' title='bbox 2656 877 2881 949; x_wconf 87' lang='lat' dir='ltr'>insuper</span> <span class='ocrx_word' id='word_1_355' title='bbox 2908 878 3013 932; x_wconf 91' lang='lat' dir='ltr'>sibi</span> <span class='ocrx_word' id='word_1_356' title='bbox 3046 877 3326 933; x_wconf 89' lang='lat' dir='ltr'>omnibus.</span> 
     </span>
    </p>
   </div>
   <div class='ocr_carea' id='block_1_70' title="bbox 2191 962 3313 1040">
    <p class='ocr_par' dir='ltr' id='par_1_70' title="bbox 2191 962 3313 1040">
     <span class='ocr_line' id='line_1_70' title="bbox 2191 962 3313 1040; baseline 0.004 -25"><span class='ocrx_word' id='word_1_357' title='bbox 2191 962 2381 1017; x_wconf 92' lang='lat' dir='ltr'>Divina</span> <span class='ocrx_word' id='word_1_358' title='bbox 2411 966 2616 1034; x_wconf 91' lang='lat' dir='ltr'>passim</span> <span class='ocrx_word' id='word_1_359' title='bbox 2647 965 2727 1021; x_wconf 92' lang='lat' dir='ltr'>sic</span> <span class='ocrx_word' id='word_1_360' title='bbox 2759 981 3071 1040; x_wconf 89' lang='lat' dir='ltr'>prOpagans</span> <span class='ocrx_word' id='word_1_361' title='bbox 3097 967 3313 1020; x_wconf 92' lang='lat' dir='ltr'>semina</span> 
     </span>
    </p>
   </div>
   <div class='ocr_carea' id='block_1_71' title="bbox 2189 1053 3268 1110">
    <p class='ocr_par' dir='ltr' id='par_1_71' title="bbox 2189 1053 3268 1110">
     <span class='ocr_line' id='line_1_71' title="bbox 2189 1053 3268 1110; baseline 0.003 -5"><span class='ocrx_word' id='word_1_362' title='bbox 2189 1053 2344 1108; x_wconf 83' lang='lat' dir='ltr'>Anno</span> <span class='ocrx_word' id='word_1_363' title='bbox 2377 1053 2563 1108; x_wconf 89' lang='lat' dir='ltr'>revisit</span> <span class='ocrx_word' id='word_1_364' title='bbox 2593 1061 2706 1109; x_wconf 91' lang='lat' dir='ltr'>tum</span> <span class='ocrx_word' id='word_1_365' title='bbox 2737 1055 3048 1110; x_wconf 83' lang='lat' dir='ltr'>Ravennam</span> <span class='ocrx_word' id='word_1_366' title='bbox 3084 1055 3268 1110; x_wconf 91' lang='lat' dir='ltr'>tertio.</span> 
     </span>
    </p>
   </div>
   <div class='ocr_carea' id='block_1_72' title="bbox 2194 1146 3211 1220">
    <p class='ocr_par' dir='ltr' id='par_1_72' title="bbox 2194 1146 3211 1220">
     <span class='ocr_line' id='line_1_72' title="bbox 2194 1146 3211 1220; baseline 0.004 -20"><span class='ocrx_word' id='word_1_367' title='bbox 2194 1146 2385 1201; x_wconf 90' lang='lat' dir='ltr'>Paucis</span> <span class='ocrx_word' id='word_1_368' title='bbox 2411 1147 2610 1202; x_wconf 88' lang='lat' dir='ltr'>diebus</span> <span class='ocrx_word' id='word_1_369' title='bbox 2644 1149 2732 1202; x_wconf 89' lang='lat' dir='ltr'>hic</span> <span class='ocrx_word' id='word_1_370' title='bbox 2756 1150 2993 1204; x_wconf 89' lang='lat' dir='ltr'>tumultu</span> <span class='ocrx_word' id='word_1_371' title='bbox 3018 1158 3211 1220; x_wconf 87' lang='lat' dir='ltr'>postea</span> 
     </span>
    </p>
   </div>
   <div class='ocr_carea' id='block_1_73' title="bbox 2193 1241 3186 1314">
    <p class='ocr_par' dir='ltr' id='par_1_73' title="bbox 2193 1241 3186 1314">
     <span class='ocr_line' id='line_1_73' title="bbox 2193 1241 3186 1314; baseline 0.002 -18"><span class='ocrx_word' id='word_1_372' title='bbox 2193 1241 2340 1308; x_wconf 91' lang='lat' dir='ltr'>Orto,</span> <span class='ocrx_word' id='word_1_373' title='bbox 2384 1242 2630 1314; x_wconf 84' lang='lat' dir='ltr'>profanis</span> <span class='ocrx_word' id='word_1_374' title='bbox 2659 1243 2866 1314; x_wconf 90' lang='lat' dir='ltr'>impetu</span> <span class='ocrx_word' id='word_1_375' title='bbox 2895 1243 3186 1299; x_wconf 90' lang='lat' dir='ltr'>ruentibus</span> 
     </span>
    </p>
   </div>
   <div class='ocr_carea' id='block_1_74' title="bbox 2193 1335 3289 1406">
    <p class='ocr_par' dir='ltr' id='par_1_74' title="bbox 2193 1335 3289 1406">
     <span class='ocr_line' id='line_1_74' title="bbox 2193 1335 3289 1406; baseline 0.002 -18"><span class='ocrx_word' id='word_1_376' title='bbox 2193 1335 2396 1390; x_wconf 87' lang='lat' dir='ltr'>Vinclis</span> <span class='ocrx_word' id='word_1_377' title='bbox 2416 1336 2640 1391; x_wconf 89' lang='lat' dir='ltr'>adactus</span> <span class='ocrx_word' id='word_1_378' title='bbox 2670 1336 2726 1390; x_wconf 94' lang='lat' dir='ltr'>in</span> <span class='ocrx_word' id='word_1_379' title='bbox 2754 1335 2932 1391; x_wconf 90' lang='lat' dir='ltr'>forum</span> <span class='ocrx_word' id='word_1_380' title='bbox 2965 1337 3289 1406; x_wconf 89' lang='lat' dir='ltr'>perducitur</span> 
     </span>
    </p>
   </div>
   <div class='ocr_carea' id='block_1_75' title="bbox 2194 1424 3344 1496">
    <p class='ocr_par' dir='ltr' id='par_1_75' title="bbox 2194 1424 3344 1496">
     <span class='ocr_line' id='line_1_75' title="bbox 2194 1424 3344 1496; baseline 0.003 -19"><span class='ocrx_word' id='word_1_381' title='bbox 2194 1424 2287 1479; x_wconf 88' lang='lat' dir='ltr'>Hic</span> <span class='ocrx_word' id='word_1_382' title='bbox 2325 1441 2502 1480; x_wconf 70' lang='lat' dir='ltr'>caesus</span> <span class='ocrx_word' id='word_1_383' title='bbox 2528 1431 2581 1480; x_wconf 89' lang='lat' dir='ltr'>et</span> <span class='ocrx_word' id='word_1_384' title='bbox 2607 1435 2837 1480; x_wconf 89' lang='lat' dir='ltr'>cruenta</span> <span class='ocrx_word' id='word_1_385' title='bbox 2866 1443 3062 1496; x_wconf 88' lang='lat' dir='ltr'>passus</span> <span class='ocrx_word' id='word_1_386' title='bbox 3093 1426 3344 1492; x_wconf 89' lang='lat' dir='ltr'>vulnera,</span> 
     </span>
    </p>
   </div>
   <div class='ocr_carea' id='block_1_76' title="bbox 2191 1515 3136 1588">
    <p class='ocr_par' dir='ltr' id='par_1_76' title="bbox 2191 1515 3136 1588">
     <span class='ocr_line' id='line_1_76' title="bbox 2191 1515 3136 1588; baseline 0 -18"><span class='ocrx_word' id='word_1_387' title='bbox 2191 1515 2330 1570; x_wconf 91' lang='lat' dir='ltr'>Sinit</span> <span class='ocrx_word' id='word_1_388' title='bbox 2355 1516 2583 1588; x_wconf 89' lang='lat' dir='ltr'>superbi</span> <span class='ocrx_word' id='word_1_389' title='bbox 2614 1515 2864 1572; x_wconf 87' lang='lat' dir='ltr'>ﬂamines</span> <span class='ocrx_word' id='word_1_390' title='bbox 2887 1516 3136 1587; x_wconf 85' lang='lat' dir='ltr'>Capitolii</span> 
     </span>
    </p>
   </div>
   <div class='ocr_carea' id='block_1_77' title="bbox 2195 1609 3352 1684">
    <p class='ocr_par' dir='ltr' id='par_1_77' title="bbox 2195 1609 3352 1684">
     <span class='ocr_line' id='line_1_77' title="bbox 2195 1609 3352 1684; baseline 0.001 -21"><span class='ocrx_word' id='word_1_391' title='bbox 2195 1609 2379 1663; x_wconf 90' lang='lat' dir='ltr'>Sacris</span> <span class='ocrx_word' id='word_1_392' title='bbox 2409 1625 2530 1664; x_wconf 92' lang='lat' dir='ltr'>cum</span> <span class='ocrx_word' id='word_1_393' title='bbox 2565 1626 2674 1680; x_wconf 88' lang='lat' dir='ltr'>quo</span> <span class='ocrx_word' id='word_1_394' title='bbox 2706 1617 3007 1684; x_wconf 84' lang='lat' dir='ltr'>suggerant</span> <span class='ocrx_word' id='word_1_395' title='bbox 3036 1610 3305 1681; x_wconf 88' lang='lat' dir='ltr'>Apollinis</span> <span class='ocrx_word' id='word_1_396' title='bbox 3339 1629 3352 1670; x_wconf 86' lang='lat'><strong>:</strong></span> 
     </span>
    </p>
   </div>
   <div class='ocr_carea' id='block_1_78' title="bbox 2195 1785 3244 1857">
    <p class='ocr_par' dir='ltr' id='par_1_78' title="bbox 2195 1785 3244 1857">
     <span class='ocr_line' id='line_1_78' title="bbox 2195 1785 3244 1857; baseline 0.003 -18"><span class='ocrx_word' id='word_1_397' title='bbox 2195 1785 2498 1841; x_wconf 91' lang='lat' dir='ltr'>Simulacra</span> <span class='ocrx_word' id='word_1_398' title='bbox 2529 1787 2719 1842; x_wconf 73' lang='lat' dir='ltr'>Phoebi</span> <span class='ocrx_word' id='word_1_399' title='bbox 2744 1788 3014 1844; x_wconf 90' lang='lat' dir='ltr'>dissoluta</span> <span class='ocrx_word' id='word_1_400' title='bbox 3054 1789 3244 1857; x_wconf 90' lang='lat' dir='ltr'>diruit,</span> 
     </span>
    </p>
   </div>
   <div class='ocr_carea' id='block_1_79' title="bbox 2193 1879 3455 1954">
    <p class='ocr_par' dir='ltr' id='par_1_79' title="bbox 2193 1879 3455 1954">
     <span class='ocr_line' id='line_1_79' title="bbox 2193 1879 3455 1954; baseline 0.003 -22"><span class='ocrx_word' id='word_1_401' title='bbox 2193 1879 2512 1950; x_wconf 87' lang='lat' dir='ltr'>Vanumque</span> <span class='ocrx_word' id='word_1_402' title='bbox 2532 1896 2736 1934; x_wconf 91' lang='lat' dir='ltr'>numen</span> <span class='ocrx_word' id='word_1_403' title='bbox 2759 1881 3116 1937; x_wconf 89' lang='lat' dir='ltr'>comminutis</span> <span class='ocrx_word' id='word_1_404' title='bbox 3154 1881 3408 1954; x_wconf 87' lang='lat' dir='ltr'>exprimit</span> <span class='ocrx_word' id='word_1_405' title='bbox 3441 1901 3455 1946; x_wconf 87' lang='lat'><strong>;</strong></span> 
     </span>
    </p>
   </div>
   <div class='ocr_carea' id='block_1_80' title="bbox 2197 1972 3286 2045">
    <p class='ocr_par' dir='ltr' id='par_1_80' title="bbox 2197 1972 3286 2045">
     <span class='ocr_line' id='line_1_80' title="bbox 2197 1972 3286 2045; baseline 0.004 -19"><span class='ocrx_word' id='word_1_406' title='bbox 2197 1973 2257 2026; x_wconf 88' lang='lat' dir='ltr'>Et</span> <span class='ocrx_word' id='word_1_407' title='bbox 2287 1988 2356 2026; x_wconf 92' lang='lat' dir='ltr'>ne</span> <span class='ocrx_word' id='word_1_408' title='bbox 2388 1972 2595 2027; x_wconf 88' lang='lat' dir='ltr'>feratur</span> <span class='ocrx_word' id='word_1_409' title='bbox 2621 1973 2676 2027; x_wconf 91' lang='lat' dir='ltr'>id</span> <span class='ocrx_word' id='word_1_410' title='bbox 2708 1990 2924 2045; x_wconf 90' lang='lat' dir='ltr'>parum,</span> <span class='ocrx_word' id='word_1_411' title='bbox 2957 1975 3066 2029; x_wconf 88' lang='lat' dir='ltr'>fani</span> <span class='ocrx_word' id='word_1_412' title='bbox 3099 1975 3286 2031; x_wconf 88' lang='lat' dir='ltr'>omnia</span> 
     </span>
    </p>
   </div>
   <div class='ocr_carea' id='block_1_81' title="bbox 2197 2066 3222 2141">
    <p class='ocr_par' dir='ltr' id='par_1_81' title="bbox 2197 2066 3222 2141">
     <span class='ocr_line' id='line_1_81' title="bbox 2197 2066 3222 2141; baseline 0.004 -20"><span class='ocrx_word' id='word_1_413' title='bbox 2197 2066 2387 2123; x_wconf 89' lang='lat' dir='ltr'>Fundo</span> <span class='ocrx_word' id='word_1_414' title='bbox 2415 2067 2678 2124; x_wconf 85' lang='lat' dir='ltr'>fatiscunt</span> <span class='ocrx_word' id='word_1_415' title='bbox 2697 2069 2966 2141; x_wconf 89' lang='lat' dir='ltr'>dissipata</span> <span class='ocrx_word' id='word_1_416' title='bbox 2995 2072 3222 2126; x_wconf 83' lang='lat' dir='ltr'>moenia.</span> 
     </span>
    </p>
   </div>
   <div class='ocr_carea' id='block_1_82' title="bbox 2200 2149 3252 2233">
    <p class='ocr_par' dir='ltr' id='par_1_82' title="bbox 2200 2149 3252 2233">
     <span class='ocr_line' id='line_1_82' title="bbox 2200 2149 3252 2233; baseline 0.005 -20"><span class='ocrx_word' id='word_1_417' title='bbox 2200 2159 2389 2215; x_wconf 59' lang='lat' dir='ltr'>lsthac</span> <span class='ocrx_word' id='word_1_418' title='bbox 2426 2166 2644 2216; x_wconf 91' lang='lat' dir='ltr'>tuentes</span> <span class='ocrx_word' id='word_1_419' title='bbox 2673 2149 2998 2233; x_wconf 73' lang='lat' dir='ltr'>obstrepunt</span> <span class='ocrx_word' id='word_1_420' title='bbox 3026 2163 3252 2218; x_wconf 89' lang='lat' dir='ltr'>fanatici</span> 
     </span>
    </p>
   </div>
   <div class='ocr_carea' id='block_1_83' title="bbox 2198 2248 3430 2327">
    <p class='ocr_par' dir='ltr' id='par_1_83' title="bbox 2198 2248 3430 2327">
     <span class='ocr_line' id='line_1_83' title="bbox 2198 2248 3430 2327; baseline 0.004 -25"><span class='ocrx_word' id='word_1_421' title='bbox 2198 2248 2396 2304; x_wconf 90' lang='lat' dir='ltr'>Senem</span> <span class='ocrx_word' id='word_1_422' title='bbox 2431 2249 2734 2305; x_wconf 89' lang='lat' dir='ltr'>frementes</span> <span class='ocrx_word' id='word_1_423' title='bbox 2763 2252 2959 2327; x_wconf 88' lang='lat' dir='ltr'>stragis</span> <span class='ocrx_word' id='word_1_424' title='bbox 2998 2253 3160 2321; x_wconf 87' lang='lat' dir='ltr'>hujus</span> <span class='ocrx_word' id='word_1_425' title='bbox 3181 2253 3430 2324; x_wconf 83' lang='lat' dir='ltr'>impium,</span> 
     </span>
    </p>
   </div>
   <div class='ocr_carea' id='block_1_84' title="bbox 2198 2339 3436 2416">
    <p class='ocr_par' dir='ltr' id='par_1_84' title="bbox 2198 2339 3436 2416">
     <span class='ocr_line' id='line_1_84' title="bbox 2198 2339 3436 2416; baseline 0.005 -22"><span class='ocrx_word' id='word_1_426' title='bbox 2198 2339 2368 2403; x_wconf 87' lang='lat' dir='ltr'>Quem</span> <span class='ocrx_word' id='word_1_427' title='bbox 2396 2347 2569 2396; x_wconf 89' lang='lat' dir='ltr'>morte</span> <span class='ocrx_word' id='word_1_428' title='bbox 2596 2357 2741 2396; x_wconf 68' lang='lat' dir='ltr'>saeva</span> <span class='ocrx_word' id='word_1_429' title='bbox 2773 2343 3114 2414; x_wconf 89' lang='lat' dir='ltr'>puniendum</span> <span class='ocrx_word' id='word_1_430' title='bbox 3139 2347 3436 2416; x_wconf 90' lang='lat' dir='ltr'>postulant,</span> 
     </span>
    </p>
   </div>
   <div class='ocr_carea' id='block_1_85' title="bbox 2197 2433 3433 2506">
    <p class='ocr_par' dir='ltr' id='par_1_85' title="bbox 2197 2433 3433 2506">
     <span class='ocr_line' id='line_1_85' title="bbox 2197 2433 3433 2506; baseline 0.005 -20"><span class='ocrx_word' id='word_1_431' title='bbox 2197 2433 2551 2504; x_wconf 90' lang='lat' dir='ltr'>Traduntque</span> <span class='ocrx_word' id='word_1_432' title='bbox 2583 2433 2757 2490; x_wconf 90' lang='lat' dir='ltr'>Tauro</span> <span class='ocrx_word' id='word_1_433' title='bbox 2790 2435 3014 2505; x_wconf 89' lang='lat' dir='ltr'>(nomen</span> <span class='ocrx_word' id='word_1_434' title='bbox 3042 2437 3187 2491; x_wconf 89' lang='lat' dir='ltr'>istud</span> <span class='ocrx_word' id='word_1_435' title='bbox 3212 2437 3433 2506; x_wconf 84' lang='lat' dir='ltr'>judici).</span> 
     </span>
    </p>
   </div>
   <div class='ocr_carea' id='block_1_86' title="bbox 2202 2527 3282 2599">
    <p class='ocr_par' dir='ltr' id='par_1_86' title="bbox 2202 2527 3282 2599">
     <span class='ocr_line' id='line_1_86' title="bbox 2202 2527 3282 2599; baseline 0.006 -19"><span class='ocrx_word' id='word_1_436' title='bbox 2202 2527 2338 2582; x_wconf 87' lang='lat' dir='ltr'>Huic</span> <span class='ocrx_word' id='word_1_437' title='bbox 2358 2543 2534 2583; x_wconf 67' lang='lat' dir='ltr'>caecus</span> <span class='ocrx_word' id='word_1_438' title='bbox 2560 2528 2694 2583; x_wconf 92' lang='lat' dir='ltr'>olim</span> <span class='ocrx_word' id='word_1_439' title='bbox 2726 2531 2917 2585; x_wconf 87' lang='lat' dir='ltr'>matris</span> <span class='ocrx_word' id='word_1_440' title='bbox 2955 2531 3078 2586; x_wconf 89' lang='lat' dir='ltr'>alvo</span> <span class='ocrx_word' id='word_1_441' title='bbox 3110 2530 3282 2599; x_wconf 80' lang='lat' dir='ltr'>ﬁlius,</span> 
     </span>
    </p>
   </div>
   <div class='ocr_carea' id='block_1_87' title="bbox 2200 2614 3287 2689">
    <p class='ocr_par' dir='ltr' id='par_1_87' title="bbox 2200 2614 3287 2689">
     <span class='ocr_line' id='line_1_87' title="bbox 2200 2614 3287 2689; baseline 0.006 -20"><span class='ocrx_word' id='word_1_442' title='bbox 2200 2614 2295 2670; x_wconf 90' lang='lat' dir='ltr'>Cui</span> <span class='ocrx_word' id='word_1_443' title='bbox 2325 2615 2517 2671; x_wconf 91' lang='lat' dir='ltr'>Christi</span> <span class='ocrx_word' id='word_1_444' title='bbox 2548 2617 2884 2689; x_wconf 82' lang='lat' dir='ltr'>Apollinaris</span> <span class='ocrx_word' id='word_1_445' title='bbox 2921 2621 3030 2676; x_wconf 86' lang='lat' dir='ltr'>alto</span> <span class='ocrx_word' id='word_1_446' title='bbox 3063 2622 3287 2677; x_wconf 89' lang='lat' dir='ltr'>nomine</span> 
     </span>
    </p>
   </div>
   <div class='ocr_carea' id='block_1_88' title="bbox 2199 2706 3271 2782">
    <p class='ocr_par' dir='ltr' id='par_1_88' title="bbox 2199 2706 3271 2782">
     <span class='ocr_line' id='line_1_88' title="bbox 2199 2706 3271 2782; baseline 0.006 -21"><span class='ocrx_word' id='word_1_447' title='bbox 2199 2706 2405 2762; x_wconf 88' lang='lat' dir='ltr'>Lumen</span> <span class='ocrx_word' id='word_1_448' title='bbox 2438 2708 2682 2764; x_wconf 91' lang='lat' dir='ltr'>refundit</span> <span class='ocrx_word' id='word_1_449' title='bbox 2712 2710 2985 2779; x_wconf 88' lang='lat' dir='ltr'>invocato,</span> <span class='ocrx_word' id='word_1_450' title='bbox 3018 2712 3271 2782; x_wconf 90' lang='lat' dir='ltr'>plurimis</span> 
     </span>
    </p>
   </div>
   <div class='ocr_carea' id='block_1_89' title="bbox 2197 2798 3454 2868">
    <p class='ocr_par' dir='ltr' id='par_1_89' title="bbox 2197 2798 3454 2868">
     <span class='ocr_line' id='line_1_89' title="bbox 2197 2798 3454 2868; baseline 0.005 -16"><span class='ocrx_word' id='word_1_451' title='bbox 2197 2798 2432 2868; x_wconf 90' lang='lat' dir='ltr'>Stupore</span> <span class='ocrx_word' id='word_1_452' title='bbox 2463 2800 2665 2855; x_wconf 87' lang='lat' dir='ltr'>mentis</span> <span class='ocrx_word' id='word_1_453' title='bbox 2692 2816 2806 2854; x_wconf 91' lang='lat' dir='ltr'>rem</span> <span class='ocrx_word' id='word_1_454' title='bbox 2838 2817 3033 2857; x_wconf 89' lang='lat' dir='ltr'>novam</span> <span class='ocrx_word' id='word_1_455' title='bbox 3061 2803 3408 2858; x_wconf 86' lang='lat' dir='ltr'>volventibus</span> <span class='ocrx_word' id='word_1_456' title='bbox 3439 2824 3454 2865; x_wconf 87' lang='lat'><strong>;</strong></span> 
     </span>
    </p>
   </div>
   <div class='ocr_carea' id='block_1_90' title="bbox 2195 2889 3235 2961">
    <p class='ocr_par' dir='ltr' id='par_1_90' title="bbox 2195 2889 3235 2961">
     <span class='ocr_line' id='line_1_90' title="bbox 2195 2889 3235 2961; baseline 0.007 -19"><span class='ocrx_word' id='word_1_457' title='bbox 2195 2889 2268 2943; x_wconf 86' lang='lat' dir='ltr'>Ac</span> <span class='ocrx_word' id='word_1_458' title='bbox 2294 2889 2506 2945; x_wconf 88' lang='lat' dir='ltr'>veritati</span> <span class='ocrx_word' id='word_1_459' title='bbox 2538 2891 2705 2946; x_wconf 91' lang='lat' dir='ltr'>corda</span> <span class='ocrx_word' id='word_1_460' title='bbox 2732 2892 3187 2949; x_wconf 89' lang='lat' dir='ltr'>submittentibus</span> <span class='ocrx_word' id='word_1_461' title='bbox 3220 2910 3235 2961; x_wconf 88' lang='lat'><strong>;</strong></span> 
     </span>
    </p>
   </div>
   <div class='ocr_carea' id='block_1_91' title="bbox 2123 2981 3294 3092">
    <p class='ocr_par' dir='ltr' id='par_1_91' title="bbox 2123 2981 3294 3092">
     <span class='ocr_line' id='line_1_91' title="bbox 2123 2981 3294 3092; baseline 0.007 -58"><span class='ocrx_word' id='word_1_462' title='bbox 2123 3024 2173 3092; x_wconf 67' lang='grc' dir='ltr'><strong>Ο</strong></span> <span class='ocrx_word' id='word_1_463' title='bbox 2195 2981 2499 3054; x_wconf 88' lang='lat' dir='ltr'>Mansitque</span> <span class='ocrx_word' id='word_1_464' title='bbox 2526 2984 2682 3039; x_wconf 91' lang='lat' dir='ltr'>Tauri</span> <span class='ocrx_word' id='word_1_465' title='bbox 2717 2985 2966 3056; x_wconf 73' lang='lat' dir='ltr'>praesidis</span> <span class='ocrx_word' id='word_1_466' title='bbox 2987 2987 3070 3040; x_wconf 91' lang='lat' dir='ltr'>vir</span> <span class='ocrx_word' id='word_1_467' title='bbox 3087 2988 3294 3058; x_wconf 67' lang='lat' dir='ltr'>praedio</span> 
     </span>
    </p>
   </div>
   <div class='ocr_carea' id='block_1_92' title="bbox 2204 3075 3320 3151">
    <p class='ocr_par' dir='ltr' id='par_1_92' title="bbox 2204 3075 3320 3151">
     <span class='ocr_line' id='line_1_92' title="bbox 2204 3075 3320 3151; baseline 0.005 -23"><span class='ocrx_word' id='word_1_468' title='bbox 2204 3075 2402 3130; x_wconf 88' lang='lat' dir='ltr'>Beatus</span> <span class='ocrx_word' id='word_1_469' title='bbox 2425 3076 2582 3131; x_wconf 88' lang='lat' dir='ltr'>annis</span> <span class='ocrx_word' id='word_1_470' title='bbox 2613 3093 2766 3132; x_wconf 88' lang='lat' dir='ltr'>sacra</span> <span class='ocrx_word' id='word_1_471' title='bbox 2797 3079 3019 3133; x_wconf 90' lang='lat' dir='ltr'>tradens</span> <span class='ocrx_word' id='word_1_472' title='bbox 3049 3087 3320 3151; x_wconf 89' lang='lat' dir='ltr'>quattuor.</span> 
     </span>
    </p>
   </div>
   <div class='ocr_carea' id='block_1_93' title="bbox 2203 3170 3137 3231">
    <p class='ocr_par' dir='ltr' id='par_1_93' title="bbox 2203 3170 3137 3231">
     <span class='ocr_line' id='line_1_93' title="bbox 2203 3170 3137 3231; baseline 0.006 -7"><span class='ocrx_word' id='word_1_473' title='bbox 2203 3170 2362 3226; x_wconf 86' lang='lat' dir='ltr'>Sexto</span> <span class='ocrx_word' id='word_1_474' title='bbox 2408 3179 2649 3228; x_wconf 91' lang='lat' dir='ltr'>remotus</span> <span class='ocrx_word' id='word_1_475' title='bbox 2688 3174 2835 3229; x_wconf 89' lang='lat' dir='ltr'>Urbe</span> <span class='ocrx_word' id='word_1_476' title='bbox 2860 3175 3137 3231; x_wconf 90' lang='lat' dir='ltr'>milliario.</span> 
     </span>
    </p>
   </div>
   <div class='ocr_carea' id='block_1_94' title="bbox 2204 3262 3298 3338">
    <p class='ocr_par' dir='ltr' id='par_1_94' title="bbox 2204 3262 3298 3338">
     <span class='ocr_line' id='line_1_94' title="bbox 2204 3262 3298 3338; baseline 0.004 -22"><span class='ocrx_word' id='word_1_477' title='bbox 2204 3262 2338 3318; x_wconf 84' lang='lat' dir='ltr'>Hinc</span> <span class='ocrx_word' id='word_1_478' title='bbox 2368 3262 2662 3320; x_wconf 90' lang='lat' dir='ltr'>Christiani</span> <span class='ocrx_word' id='word_1_479' title='bbox 2693 3273 3068 3322; x_wconf 90' lang='lat' dir='ltr'>commeantes</span> <span class='ocrx_word' id='word_1_480' title='bbox 3101 3268 3298 3338; x_wconf 89' lang='lat' dir='ltr'>pocula</span> 
     </span>
    </p>
   </div>
   <div class='ocr_carea' id='block_1_95' title="bbox 2200 3355 3239 3432">
    <p class='ocr_par' dir='ltr' id='par_1_95' title="bbox 2200 3355 3239 3432">
     <span class='ocr_line' id='line_1_95' title="bbox 2200 3355 3239 3432; baseline 0.005 -24"><span class='ocrx_word' id='word_1_481' title='bbox 2200 3355 2332 3409; x_wconf 66' lang='lat' dir='ltr'>Vitae</span> <span class='ocrx_word' id='word_1_482' title='bbox 2361 3371 2557 3410; x_wconf 89' lang='lat' dir='ltr'>serena</span> <span class='ocrx_word' id='word_1_483' title='bbox 2587 3357 2918 3412; x_wconf 90' lang='lat' dir='ltr'>hauriebant</span> <span class='ocrx_word' id='word_1_484' title='bbox 2939 3359 3196 3432; x_wconf 84' lang='lat' dir='ltr'>dogmata</span> <span class='ocrx_word' id='word_1_485' title='bbox 3225 3379 3239 3424; x_wconf 90' lang='lat'><strong><em>;</em></strong></span> 
     </span>
    </p>
   </div>
   <div class='ocr_carea' id='block_1_96' title="bbox 2192 3447 3234 3521">
    <p class='ocr_par' dir='ltr' id='par_1_96' title="bbox 2192 3447 3234 3521">
     <span class='ocr_line' id='line_1_96' title="bbox 2192 3447 3234 3521; baseline 0.004 -20"><span class='ocrx_word' id='word_1_486' title='bbox 2192 3447 2484 3519; x_wconf 88' lang='lat' dir='ltr'>Virtusque</span> <span class='ocrx_word' id='word_1_487' title='bbox 2516 3450 2682 3504; x_wconf 90' lang='lat' dir='ltr'>tantis</span> <span class='ocrx_word' id='word_1_488' title='bbox 2715 3450 2840 3506; x_wconf 90' lang='lat' dir='ltr'>trita</span> <span class='ocrx_word' id='word_1_489' title='bbox 2863 3451 3234 3521; x_wconf 89' lang='lat' dir='ltr'>passionibus,</span> 
     </span>
    </p>
   </div>
   <div class='ocr_carea' id='block_1_97' title="bbox 2191 3537 3386 3606">
    <p class='ocr_par' dir='ltr' id='par_1_97' title="bbox 2191 3537 3386 3606">
     <span class='ocr_line' id='line_1_97' title="bbox 2191 3537 3386 3606; baseline 0.003 -17"><span class='ocrx_word' id='word_1_490' title='bbox 2191 3537 2506 3591; x_wconf 87' lang='lat' dir='ltr'>Aromatum</span> <span class='ocrx_word' id='word_1_491' title='bbox 2535 3537 2604 3591; x_wconf 91' lang='lat' dir='ltr'>de</span> <span class='ocrx_word' id='word_1_492' title='bbox 2635 3554 2789 3593; x_wconf 91' lang='lat' dir='ltr'>more</span> <span class='ocrx_word' id='word_1_493' title='bbox 2817 3538 2902 3594; x_wconf 90' lang='lat' dir='ltr'>vel</span> <span class='ocrx_word' id='word_1_494' title='bbox 2935 3539 3386 3606; x_wconf 83' lang='lat' dir='ltr'>medicaminum,</span> 
     </span>
    </p>
   </div>
   <div class='ocr_carea' id='block_1_98' title="bbox 2193 3629 3216 3700">
    <p class='ocr_par' dir='ltr' id='par_1_98' title="bbox 2193 3629 3216 3700">
     <span class='ocr_line' id='line_1_98' title="bbox 2193 3629 3216 3700; baseline 0.005 -18"><span class='ocrx_word' id='word_1_495' title='bbox 2193 3629 2442 3686; x_wconf 84' lang='lat' dir='ltr'>Excrevit</span> <span class='ocrx_word' id='word_1_496' title='bbox 2467 3631 2630 3700; x_wconf 88' lang='lat' dir='ltr'>hujus</span> <span class='ocrx_word' id='word_1_497' title='bbox 2648 3631 2793 3687; x_wconf 89' lang='lat' dir='ltr'>facta</span> <span class='ocrx_word' id='word_1_498' title='bbox 2813 3633 2892 3687; x_wconf 90' lang='lat' dir='ltr'>sic</span> <span class='ocrx_word' id='word_1_499' title='bbox 2920 3633 3216 3698; x_wconf 89' lang='lat' dir='ltr'>ditissima,</span> 
     </span>
    </p>
   </div>
   <div class='ocr_carea' id='block_1_99' title="bbox 2199 3707 3249 3797">
    <p class='ocr_par' dir='ltr' id='par_1_99' title="bbox 2199 3707 3249 3797">
     <span class='ocr_line' id='line_1_99' title="bbox 2199 3707 3249 3797; baseline 0.006 -22"><span class='ocrx_word' id='word_1_500' title='bbox 2199 3707 2519 3778; x_wconf 83' lang='lat' dir='ltr'>Infirmitate</span> <span class='ocrx_word' id='word_1_501' title='bbox 2549 3739 2659 3795; x_wconf 86' lang='lat' dir='ltr'>quo</span> <span class='ocrx_word' id='word_1_502' title='bbox 2685 3724 2973 3780; x_wconf 89' lang='lat' dir='ltr'>subactum</span> <span class='ocrx_word' id='word_1_503' title='bbox 3004 3725 3249 3797; x_wconf 87' lang='lat' dir='ltr'>qualibet</span> 
     </span>
    </p>
   </div>
   <div class='ocr_carea' id='block_1_100' title="bbox 2197 3811 3276 3870">
    <p class='ocr_par' dir='ltr' id='par_1_100' title="bbox 2197 3811 3276 3870">
     <span class='ocr_line' id='line_1_100' title="bbox 2197 3811 3276 3870; baseline 0.005 -5"><span class='ocrx_word' id='word_1_504' title='bbox 2197 3811 2424 3866; x_wconf 92' lang='lat' dir='ltr'>Ductum</span> <span class='ocrx_word' id='word_1_505' title='bbox 2453 3813 2559 3867; x_wconf 91' lang='lat' dir='ltr'>sibi</span> <span class='ocrx_word' id='word_1_506' title='bbox 2593 3830 2720 3869; x_wconf 88' lang='lat' dir='ltr'>mox</span> <span class='ocrx_word' id='word_1_507' title='bbox 2747 3814 2967 3869; x_wconf 87' lang='lat' dir='ltr'>sanitati</span> <span class='ocrx_word' id='word_1_508' title='bbox 2996 3815 3276 3870; x_wconf 91' lang='lat' dir='ltr'>redderet.</span> 
     </span>
    </p>
   </div>
   <div class='ocr_carea' id='block_1_101' title="bbox 2196 3898 3272 3959">
    <p class='ocr_par' dir='ltr' id='par_1_101' title="bbox 2196 3898 3272 3959">
     <span class='ocr_line' id='line_1_101' title="bbox 2196 3898 3272 3959; baseline 0.006 -6"><span class='ocrx_word' id='word_1_509' title='bbox 2196 3898 2450 3955; x_wconf 89' lang='lat' dir='ltr'>Cucurrit</span> <span class='ocrx_word' id='word_1_510' title='bbox 2481 3908 2663 3956; x_wconf 85' lang='lat' dir='ltr'>autem</span> <span class='ocrx_word' id='word_1_511' title='bbox 2697 3901 3047 3958; x_wconf 90' lang='lat' dir='ltr'>fraudulenta</span> <span class='ocrx_word' id='word_1_512' title='bbox 3078 3903 3272 3959; x_wconf 84' lang='lat' dir='ltr'>relatio</span> 
     </span>
    </p>
   </div>
   <div class='ocr_carea' id='block_1_102' title="bbox 2195 3989 3357 4064">
    <p class='ocr_par' dir='ltr' id='par_1_102' title="bbox 2195 3989 3357 4064">
     <span class='ocr_line' id='line_1_102' title="bbox 2195 3989 3357 4064; baseline 0.004 -20"><span class='ocrx_word' id='word_1_513' title='bbox 2195 3989 2343 4045; x_wconf 80' lang='lat' dir='ltr'>Orsis</span> <span class='ocrx_word' id='word_1_514' title='bbox 2374 3991 2722 4047; x_wconf 90' lang='lat' dir='ltr'>inimicorum</span> <span class='ocrx_word' id='word_1_515' title='bbox 2754 3994 2822 4048; x_wconf 89' lang='lat' dir='ltr'>ad</span> <span class='ocrx_word' id='word_1_516' title='bbox 2854 3995 3034 4064; x_wconf 90' lang='lat' dir='ltr'>ipsum</span> <span class='ocrx_word' id='word_1_517' title='bbox 3069 3993 3357 4063; x_wconf 69' lang='lat' dir='ltr'>Caesarem,</span> 
     </span>
    </p>
   </div>
   <div class='ocr_carea' id='block_1_103' title="bbox 2197 4077 3417 4153">
    <p class='ocr_par' dir='ltr' id='par_1_103' title="bbox 2197 4077 3417 4153">
     <span class='ocr_line' id='line_1_103' title="bbox 2197 4077 3417 4153; baseline 0.005 -22"><span class='ocrx_word' id='word_1_518' title='bbox 2197 4077 2392 4135; x_wconf 89' lang='lat' dir='ltr'>Contra</span> <span class='ocrx_word' id='word_1_519' title='bbox 2423 4080 2643 4135; x_wconf 89' lang='lat' dir='ltr'>beatum</span> <span class='ocrx_word' id='word_1_520' title='bbox 2672 4079 2808 4136; x_wconf 85' lang='lat' dir='ltr'>falsa</span> <span class='ocrx_word' id='word_1_521' title='bbox 2839 4092 3066 4151; x_wconf 88' lang='lat' dir='ltr'>portans</span> <span class='ocrx_word' id='word_1_522' title='bbox 3099 4085 3417 4153; x_wconf 64' lang='lat' dir='ltr'>praesulem,</span> 
     </span>
    </p>
   </div>
   <div class='ocr_carea' id='block_1_104' title="bbox 2195 4169 3077 4228">
    <p class='ocr_par' dir='ltr' id='par_1_104' title="bbox 2195 4169 3077 4228">
     <span class='ocr_line' id='line_1_104' title="bbox 2195 4169 3077 4228; baseline 0.005 -4"><span class='ocrx_word' id='word_1_523' title='bbox 2195 4169 2370 4225; x_wconf 88' lang='lat' dir='ltr'>Edicit</span> <span class='ocrx_word' id='word_1_524' title='bbox 2396 4170 2488 4225; x_wconf 92' lang='lat' dir='ltr'>ille</span> <span class='ocrx_word' id='word_1_525' title='bbox 2518 4172 2603 4226; x_wconf 89' lang='lat' dir='ltr'>vel</span> <span class='ocrx_word' id='word_1_526' title='bbox 2633 4172 2753 4226; x_wconf 86' lang='lat' dir='ltr'>deis</span> <span class='ocrx_word' id='word_1_527' title='bbox 2779 4173 3077 4228; x_wconf 88' lang='lat' dir='ltr'>temerario</span> 
     </span>
    </p>
   </div>
   <div class='ocr_carea' id='block_1_105' title="bbox 2190 4263 3364 4338">
    <p class='ocr_par' dir='ltr' id='par_1_105' title="bbox 2190 4263 3364 4338">
     <span class='ocr_line' id='line_1_105' title="bbox 2190 4263 3364 4338; baseline 0.009 -21"><span class='ocrx_word' id='word_1_528' title='bbox 2190 4263 2319 4327; x_wconf 87' lang='lat' dir='ltr'>Quis</span> <span class='ocrx_word' id='word_1_529' title='bbox 2357 4280 2450 4320; x_wconf 90' lang='lat' dir='ltr'>ore</span> <span class='ocrx_word' id='word_1_530' title='bbox 2465 4271 2644 4336; x_wconf 83' lang='lat' dir='ltr'>portat</span> <span class='ocrx_word' id='word_1_531' title='bbox 2673 4267 3057 4338; x_wconf 88' lang='lat' dir='ltr'>exprobrando</span> <span class='ocrx_word' id='word_1_532' title='bbox 3086 4269 3364 4337; x_wconf 87' lang='lat' dir='ltr'>injuriam.</span> 
     </span>
    </p>
   </div>
   <div class='ocr_carea' id='block_1_106' title="bbox 2105 4353 3277 4454">
    <p class='ocr_par' dir='ltr' id='par_1_106' title="bbox 2105 4353 3277 4454">
     <span class='ocr_line' id='line_1_106' title="bbox 2105 4353 3277 4454; baseline 0.003 -49"><span class='ocrx_word' id='word_1_533' title='bbox 2105 4385 2160 4454; x_wconf 84' lang='lat' dir='ltr'><strong>D</strong></span> <span class='ocrx_word' id='word_1_534' title='bbox 2188 4353 2371 4407; x_wconf 82' lang='lat' dir='ltr'>Faciat</span> <span class='ocrx_word' id='word_1_535' title='bbox 2402 4355 2556 4421; x_wconf 90' lang='lat' dir='ltr'>satis,</span> <span class='ocrx_word' id='word_1_536' title='bbox 2599 4356 2685 4410; x_wconf 92' lang='lat' dir='ltr'>vel</span> <span class='ocrx_word' id='word_1_537' title='bbox 2707 4356 2841 4411; x_wconf 89' lang='lat' dir='ltr'>urbe</span> <span class='ocrx_word' id='word_1_538' title='bbox 2875 4358 3113 4427; x_wconf 88' lang='lat' dir='ltr'>pellatur</span> <span class='ocrx_word' id='word_1_539' title='bbox 3130 4359 3277 4413; x_wconf 89' lang='lat' dir='ltr'>data.</span> 
     </span>
    </p>
   </div>
   <div class='ocr_carea' id='block_1_107' title="bbox 2193 4446 3342 4523">
    <p class='ocr_par' dir='ltr' id='par_1_107' title="bbox 2193 4446 3342 4523">
     <span class='ocr_line' id='line_1_107' title="bbox 2193 4446 3342 4523; baseline 0.007 -24"><span class='ocrx_word' id='word_1_540' title='bbox 2193 4446 2470 4502; x_wconf 84' lang='lat' dir='ltr'>Perfertur</span> <span class='ocrx_word' id='word_1_541' title='bbox 2497 4449 2612 4504; x_wconf 67' lang='lat' dir='ltr'>haec</span> <span class='ocrx_word' id='word_1_542' title='bbox 2633 4451 2988 4506; x_wconf 89' lang='lat' dir='ltr'>Demostheni</span> <span class='ocrx_word' id='word_1_543' title='bbox 3018 4453 3342 4523; x_wconf 74' lang='lat' dir='ltr'>praeceptio,</span> 
     </span>
    </p>
   </div>
   <div class='ocr_carea' id='block_1_108' title="bbox 2193 4533 3263 4611">
    <p class='ocr_par' dir='ltr' id='par_1_108' title="bbox 2193 4533 3263 4611">
     <span class='ocr_line' id='line_1_108' title="bbox 2193 4533 3263 4611; baseline 0.007 -24"><span class='ocrx_word' id='word_1_544' title='bbox 2193 4533 2408 4590; x_wconf 87' lang='lat' dir='ltr'>Honore</span> <span class='ocrx_word' id='word_1_545' title='bbox 2440 4536 2621 4591; x_wconf 89' lang='lat' dir='ltr'>dictus</span> <span class='ocrx_word' id='word_1_546' title='bbox 2639 4547 2725 4592; x_wconf 87' lang='lat' dir='ltr'>est</span> <span class='ocrx_word' id='word_1_547' title='bbox 2753 4538 2910 4594; x_wconf 90' lang='lat' dir='ltr'>Pater</span> <span class='ocrx_word' id='word_1_548' title='bbox 2940 4540 3034 4611; x_wconf 90' lang='lat' dir='ltr'>qui</span> <span class='ocrx_word' id='word_1_549' title='bbox 3061 4541 3263 4594; x_wconf 88' lang='lat' dir='ltr'>civium</span> 
     </span>
    </p>
   </div>
   <div class='ocr_carea' id='block_1_109' title="bbox 2189 4621 3169 4696">
    <p class='ocr_par' dir='ltr' id='par_1_109' title="bbox 2189 4621 3169 4696">
     <span class='ocr_line' id='line_1_109' title="bbox 2189 4621 3169 4696; baseline 0.007 -20"><span class='ocrx_word' id='word_1_550' title='bbox 2189 4621 2518 4680; x_wconf 87' lang='lat' dir='ltr'>Crudelitate</span> <span class='ocrx_word' id='word_1_551' title='bbox 2554 4634 2874 4696; x_wconf 89' lang='lat' dir='ltr'>persecutor</span> <span class='ocrx_word' id='word_1_552' title='bbox 2901 4628 3117 4683; x_wconf 89' lang='lat' dir='ltr'>mitium</span> <span class='ocrx_word' id='word_1_553' title='bbox 3157 4647 3169 4682; x_wconf 77' lang='grc' dir='ltr'>ε</span> 
     </span>
    </p>
   </div>
   <div class='ocr_carea' id='block_1_110' title="bbox 2187 4711 3259 4789">
    <p class='ocr_par' dir='ltr' id='par_1_110' title="bbox 2187 4711 3259 4789">
     <span class='ocr_line' id='line_1_110' title="bbox 2187 4711 3259 4789; baseline 0.008 -26"><span class='ocrx_word' id='word_1_554' title='bbox 2187 4711 2554 4781; x_wconf 91' lang='lat' dir='ltr'>Apollinarem</span> <span class='ocrx_word' id='word_1_555' title='bbox 2585 4715 2671 4770; x_wconf 88' lang='lat' dir='ltr'>hic</span> <span class='ocrx_word' id='word_1_556' title='bbox 2697 4717 2949 4772; x_wconf 85' lang='lat' dir='ltr'>exhiberi</span> <span class='ocrx_word' id='word_1_557' title='bbox 2993 4718 3259 4789; x_wconf 61' lang='lat' dir='ltr'>principit,</span> 
     </span>
    </p>
   </div>
   <div class='ocr_carea' id='block_1_111' title="bbox 2186 4803 3452 4875">
    <p class='ocr_par' dir='ltr' id='par_1_111' title="bbox 2186 4803 3452 4875">
     <span class='ocr_line' id='line_1_111' title="bbox 2186 4803 3452 4875; baseline 0.008 -19"><span class='ocrx_word' id='word_1_558' title='bbox 2186 4803 2491 4875; x_wconf 87' lang='lat' dir='ltr'>Validoque</span> <span class='ocrx_word' id='word_1_559' title='bbox 2514 4805 2681 4862; x_wconf 86' lang='lat' dir='ltr'>ﬁxum</span> <span class='ocrx_word' id='word_1_560' title='bbox 2711 4825 2897 4864; x_wconf 89' lang='lat' dir='ltr'>amore</span> <span class='ocrx_word' id='word_1_561' title='bbox 2939 4808 3152 4865; x_wconf 89' lang='lat' dir='ltr'>Christo</span> <span class='ocrx_word' id='word_1_562' title='bbox 3185 4811 3452 4874; x_wconf 89' lang='lat' dir='ltr'>sentiens,</span> 
     </span>
    </p>
   </div>
   <div class='ocr_carea' id='block_1_112' title="bbox 2189 4896 3411 4971">
    <p class='ocr_par' dir='ltr' id='par_1_112' title="bbox 2189 4896 3411 4971">
     <span class='ocr_line' id='line_1_112' title="bbox 2189 4896 3411 4971; baseline 0.007 -22"><span class='ocrx_word' id='word_1_563' title='bbox 2189 4896 2322 4950; x_wconf 92' lang='lat' dir='ltr'>Dum</span> <span class='ocrx_word' id='word_1_564' title='bbox 2346 4897 2550 4970; x_wconf 84' lang='lat' dir='ltr'>cogitat</span> <span class='ocrx_word' id='word_1_565' title='bbox 2579 4915 2688 4971; x_wconf 89' lang='lat' dir='ltr'>quo</span> <span class='ocrx_word' id='word_1_566' title='bbox 2719 4901 2911 4971; x_wconf 90' lang='lat' dir='ltr'>perdat</span> <span class='ocrx_word' id='word_1_567' title='bbox 2940 4911 3121 4957; x_wconf 89' lang='lat' dir='ltr'>actum</span> <span class='ocrx_word' id='word_1_568' title='bbox 3153 4903 3411 4967; x_wconf 88' lang='lat' dir='ltr'>tormine,</span> 
     </span>
    </p>
   </div>
   <div class='ocr_carea' id='block_1_113' title="bbox 2184 4987 3158 5064">
    <p class='ocr_par' dir='ltr' id='par_1_113' title="bbox 2184 4987 3158 5064">
     <span class='ocr_line' id='line_1_113' title="bbox 2184 4987 3158 5064; baseline 0.009 -23"><span class='ocrx_word' id='word_1_569' title='bbox 2184 4987 2295 5042; x_wconf 91' lang='lat' dir='ltr'>Viri</span> <span class='ocrx_word' id='word_1_570' title='bbox 2322 4988 2503 5044; x_wconf 78' lang='lat' dir='ltr'>fidelis</span> <span class='ocrx_word' id='word_1_571' title='bbox 2534 4993 2814 5064; x_wconf 89' lang='lat' dir='ltr'>mancipat</span> <span class='ocrx_word' id='word_1_572' title='bbox 2842 4994 3115 5050; x_wconf 63' lang='lat' dir='ltr'>custodia)</span> <span class='ocrx_word' id='word_1_573' title='bbox 3143 5013 3158 5061; x_wconf 88' lang='lat'><strong>;</strong></span> 
     </span>
    </p>
   </div>
   <div class='ocr_carea' id='block_1_114' title="bbox 2180 5078 3373 5156">
    <p class='ocr_par' dir='ltr' id='par_1_114' title="bbox 2180 5078 3373 5156">
     <span class='ocr_line' id='line_1_114' title="bbox 2180 5078 3373 5156; baseline 0.01 -25"><span class='ocrx_word' id='word_1_574' title='bbox 2180 5078 2290 5133; x_wconf 87' lang='lat' dir='ltr'>Nec</span> <span class='ocrx_word' id='word_1_575' title='bbox 2313 5079 2679 5138; x_wconf 88' lang='lat' dir='ltr'>Christianum</span> <span class='ocrx_word' id='word_1_576' title='bbox 2711 5085 3026 5156; x_wconf 87' lang='lat' dir='ltr'>suspicatus</span> <span class='ocrx_word' id='word_1_577' title='bbox 3059 5088 3206 5142; x_wconf 90' lang='lat' dir='ltr'>hunc</span> <span class='ocrx_word' id='word_1_578' title='bbox 3233 5087 3373 5150; x_wconf 88' lang='lat' dir='ltr'>fore,</span> 
     </span>
    </p>
   </div>
   <div class='ocr_carea' id='block_1_115' title="bbox 2180 5171 3328 5247">
    <p class='ocr_par' dir='ltr' id='par_1_115' title="bbox 2180 5171 3328 5247">
     <span class='ocr_line' id='line_1_115' title="bbox 2180 5171 3328 5247; baseline 0.009 -22"><span class='ocrx_word' id='word_1_579' title='bbox 2180 5171 2352 5235; x_wconf 88' lang='lat' dir='ltr'>Quem</span> <span class='ocrx_word' id='word_1_580' title='bbox 2383 5174 2561 5229; x_wconf 89' lang='lat' dir='ltr'>noctis</span> <span class='ocrx_word' id='word_1_581' title='bbox 2590 5175 2935 5247; x_wconf 64' lang='lat' dir='ltr'>intempestae</span> <span class='ocrx_word' id='word_1_582' title='bbox 2951 5178 2996 5232; x_wconf 92' lang='lat' dir='ltr'>is</span> <span class='ocrx_word' id='word_1_583' title='bbox 3025 5180 3080 5232; x_wconf 87' lang='lat' dir='ltr'>in</span> <span class='ocrx_word' id='word_1_584' title='bbox 3106 5179 3328 5235; x_wconf 91' lang='lat' dir='ltr'>silentio</span> 
     </span>
    </p>
   </div>
   <div class='ocr_carea' id='block_1_116' title="bbox 2183 5263 3326 5344">
    <p class='ocr_par' dir='ltr' id='par_1_116' title="bbox 2183 5263 3326 5344">
     <span class='ocr_line' id='line_1_116' title="bbox 2183 5263 3326 5344; baseline 0.008 -29"><span class='ocrx_word' id='word_1_585' title='bbox 2183 5263 2260 5316; x_wconf 90' lang='lat' dir='ltr'>Ad</span> <span class='ocrx_word' id='word_1_586' title='bbox 2290 5263 2634 5320; x_wconf 89' lang='lat' dir='ltr'>edocendum</span> <span class='ocrx_word' id='word_1_587' title='bbox 2658 5274 2814 5340; x_wconf 85' lang='lat' dir='ltr'>gesta</span> <span class='ocrx_word' id='word_1_588' title='bbox 2835 5266 3033 5323; x_wconf 90' lang='lat' dir='ltr'>Christi</span> <span class='ocrx_word' id='word_1_589' title='bbox 3065 5269 3326 5344; x_wconf 86' lang='lat' dir='ltr'>insignia,</span> 
     </span>
    </p>
   </div>
   <div class='ocr_carea' id='block_1_117' title="bbox 2184 5352 3222 5432">
    <p class='ocr_par' dir='ltr' id='par_1_117' title="bbox 2184 5352 3222 5432">
     <span class='ocr_line' id='line_1_117' title="bbox 2184 5352 3222 5432; baseline 0.008 -26"><span class='ocrx_word' id='word_1_590' title='bbox 2184 5352 2477 5418; x_wconf 87' lang='lat' dir='ltr'>Permittit,</span> <span class='ocrx_word' id='word_1_591' title='bbox 2513 5357 2622 5413; x_wconf 88' lang='lat' dir='ltr'>imo</span> <span class='ocrx_word' id='word_1_592' title='bbox 2651 5359 2822 5432; x_wconf 85' lang='lat' dir='ltr'>cogit,</span> <span class='ocrx_word' id='word_1_593' title='bbox 2855 5358 2933 5414; x_wconf 91' lang='lat' dir='ltr'>ire</span> <span class='ocrx_word' id='word_1_594' title='bbox 2967 5359 3222 5416; x_wconf 87' lang='lat' dir='ltr'>liberum.</span> 
     </span>
    </p>
   </div>
   <div class='ocr_carea' id='block_1_118' title="bbox 2183 5446 3304 5508">
    <p class='ocr_par' dir='ltr' id='par_1_118' title="bbox 2183 5446 3304 5508">
     <span class='ocr_line' id='line_1_118' title="bbox 2183 5446 3304 5508; baseline 0.01 -10"><span class='ocrx_word' id='word_1_595' title='bbox 2183 5447 2245 5499; x_wconf 90' lang='lat' dir='ltr'>At</span> <span class='ocrx_word' id='word_1_596' title='bbox 2268 5446 2398 5500; x_wconf 90' lang='lat' dir='ltr'>dum</span> <span class='ocrx_word' id='word_1_597' title='bbox 2428 5456 2726 5505; x_wconf 87' lang='lat' dir='ltr'>retractans</span> <span class='ocrx_word' id='word_1_598' title='bbox 2754 5451 2899 5506; x_wconf 88' lang='lat' dir='ltr'>bella</span> <span class='ocrx_word' id='word_1_599' title='bbox 2927 5452 3086 5507; x_wconf 91' lang='lat' dir='ltr'>miles</span> <span class='ocrx_word' id='word_1_600' title='bbox 3108 5460 3304 5508; x_wconf 65' lang='lat' dir='ltr'>caetera</span> 
     </span>
    </p>
   </div>
   <div class='ocr_carea' id='block_1_119' title="bbox 2189 5534 3372 5614">
    <p class='ocr_par' dir='ltr' id='par_1_119' title="bbox 2189 5534 3372 5614">
     <span class='ocr_line' id='line_1_119' title="bbox 2189 5534 3372 5614; baseline 0.01 -27"><span class='ocrx_word' id='word_1_601' title='bbox 2189 5534 2462 5606; x_wconf 80' lang='lat' dir='ltr'>Requirat,</span> <span class='ocrx_word' id='word_1_602' title='bbox 2482 5553 2552 5592; x_wconf 89' lang='lat' dir='ltr'>an</span> <span class='ocrx_word' id='word_1_603' title='bbox 2585 5548 2808 5611; x_wconf 61' lang='lat' dir='ltr'>tropaea,</span> <span class='ocrx_word' id='word_1_604' title='bbox 2826 5541 2939 5613; x_wconf 91' lang='lat' dir='ltr'>jam</span> <span class='ocrx_word' id='word_1_605' title='bbox 2969 5559 3117 5597; x_wconf 88' lang='lat' dir='ltr'>nunc</span> <span class='ocrx_word' id='word_1_606' title='bbox 3137 5544 3372 5614; x_wconf 88' lang='lat' dir='ltr'>expleat,</span> 
     </span>
    </p>
   </div>
   <div class='ocr_carea' id='block_1_120' title="bbox 2184 5624 3444 5710">
    <p class='ocr_par' dir='ltr' id='par_1_120' title="bbox 2184 5624 3444 5710">
     <span class='ocr_line' id='line_1_120' title="bbox 2184 5624 3444 5710; baseline 0.011 -32"><span class='ocrx_word' id='word_1_607' title='bbox 2184 5624 2474 5682; x_wconf 88' lang='lat' dir='ltr'>Cunctatur</span> <span class='ocrx_word' id='word_1_608' title='bbox 2501 5630 2674 5706; x_wconf 83' lang='lat' dir='ltr'>horas</span> <span class='ocrx_word' id='word_1_609' title='bbox 2705 5631 3044 5702; x_wconf 90' lang='lat' dir='ltr'>implicando</span> <span class='ocrx_word' id='word_1_610' title='bbox 3103 5642 3444 5710; x_wconf 80' lang='lat' dir='ltr'>transagens.</span> 
     </span>
    </p>
   </div>
   <div class='ocr_carea' id='block_1_121' title="bbox 3703 219 3785 274">
    <p class='ocr_par' dir='ltr' id='par_1_121' title="bbox 3703 219 3785 274">
     <span class='ocr_line' id='line_1_121' title="bbox 3703 219 3785 274; baseline 0 -1"><span class='ocrx_word' id='word_1_611' title='bbox 3703 219 3785 274; x_wconf 74' lang='grc'>612</span> 
     </span>
    </p>
   </div>
  </div>
