3958 6158
235 236 323 293 613
803 214 884 270 DE
924 211 1200 267 CHRISTI
1239 207 1603 266 TRIUMPHIS
1643 204 1834 261 APUD
1880 198 2150 254 ITALIAM
2190 201 2366 258 LIBRI
2406 203 2534 260 XIV.
2579 235 2636 244 —
2683 203 2810 259 LIB.
2852 203 2922 263 II.
3445 207 3556 261 614

239 357 430 430 Fugisse
467 349 619 403 deses
650 356 715 395 ne
747 347 971 411 putetur
1004 337 1220 408 praelia,

1857 333 1912 401 Α
1944 325 2182 430 Yentura
2211 328 2355 383 bella
2379 329 2466 383 vel
2495 330 2804 401 triumphos
2829 347 3197 402 praemonens,

236 414 411 502 Tenent
437 440 722 492 morantem
754 436 1172 498 consequentes
1204 425 1438 489 ethnici,
1940 414 2270 486 Apollinaris
2303 417 2414 472 ﬁne
2447 418 2592 478 claro
2633 419 2900 494 fungitur.

240 539 570 596 Prensumque
605 519 820 575 caedunt
860 525 1213 572 macerantes
1245 515 1499 570 verbere.
1940 510 2192 581 Capessit
2217 511 2420 566 almum
2453 520 2600 567 terra
2629 528 2848 584 corpus,
2880 531 3041 570 saxea

239 627 349 679 Dum
376 622 547 672 rentur
575 609 714 663 inter
741 607 917 679 flagra
943 606 1085 660 dura
1121 612 1423 669 mortuum,
1941 602 2189 658 Clausum
2217 602 2320 658 sub
2356 618 2505 669 arca,
2538 611 2690 658 extra
2720 604 2990 661 Ravennae
3022 607 3252 674 moenia,

240 714 492 782 Linquuut,
516 703 741 758 latenter
769 716 936 770 quem
969 697 1209 752 ministri
1238 695 1534 769 colligunt,
1939 693 2108 758 Quam
2135 699 2272 748 rexrt
2294 691 2490 748 urbem
2521 693 2724 749 missus
2755 695 2859 750 huc
2887 713 2918 751 a
2950 698 3205 769 principe

235 805 514 871 Tolluntque
544 793 784 866 quodam
816 792 1197 846 subvehentes
1228 789 1470 860 praedio;
1939 789 2323 858 Apostolorum
2354 787 2423 842 ab
2451 787 2585 842 urbe
2618 788 2785 843 Roma
2818 790 3084 858 pontifex.

235 903 524 970 Septemque
553 889 643 960 qui
675 900 982 958 supersres
1011 885 1217 941 advivit
1237 884 1378 950 dies,
1945 878 2036 933 Bis
2065 887 2302 951 quatuor
2341 879 2535 933 decem
2571 895 2669 949 per
2691 894 2864 933 annos
2899 881 3205 950 prmsidens

229 966 407 1065 Jugiter
431 982 610 1039 fideles
638 994 713 1033 ne
749 978 869 1032 fide
900 978 1256 1033 discederent
1943 969 2281 1038 Vespasiano
2310 983 2442 1041 rege
2471 983 2684 1038 passus,
2714 966 2904 1021 ultima

228 1059 433 1144 Moriens,
459 1072 680 1148 profatis
718 1069 960 1124 instruit
991 1067 1310 1124 cmlestibus
1341 1083 1354 1132 ;

1943 1061 2045 1116 Pro
2076 1059 2324 1116 veritatis
2355 1060 2516 1114 laude
2547 1059 2763 1114 scandit
2785 1059 3011 1114 mthera.

229 1172 299 1227 Sic
315 1168 558 1244 gloriosus
589 1161 769 1216 laude
805 1160 1008 1215 Christi
1040 1158 1325 1230 praeditus,

1250 1273 1595 1332 INCIPIUNT
1641 1273 1965 1330 CAPITULA
1997 1273 2173 1328 LIBRI
2205 1273 2512 1328 SECUNDI.

240 1387 340 1440 Cn.
369 1385 404 1438 ι.
432 1411 494 1422 -
520 1382 802 1435 Desancto
831 1376 1117 1431 Clemente.

376 1453 434 1506 ll.
463 1458 525 1491 +
551 1453 617 1504 De
643 1453 842 1505 sancto
879 1450 1084 1502 Joanne
1100 1445 1342 1514 apostolo

377 1525 458 1577 lli.
487 1553 551 1562 —
581 1525 654 1577 De
688 1521 1036 1587 confessione
1057 1513 1496 1586 propinquorum
1529 1514 1737 1570 Christi
1764 1528 1946 1568 coram
1979 1513 2306 1567 Domitiano.

379 1594 452 1648 iV.
483 1623 548 1633 —
575 1597 647 1647 De
672 1592 891 1645 ultione
920 1588 1165 1643 secunda:
1186 1588 1600 1656 persecutionis.

382 1665 429 1719 V.
465 1695 524 1703 —
551 1668 621 1718 De
647 1663 839 1716 reditu
866 1662 1046 1715 sancti
1072 1659 1302 1712 Joannis
1328 1660 1696 1724 evangelista.

382 1736 457 1789 VI.
488 1765 554 1774 ~—
579 1738 651 1790 De
678 1734 882 1787 exsilio
912 1735 1224 1786 sanctorum
1265 1731 1429 1785 Nerei
1462 1734 1511 1782 et
1541 1729 1793 1782 Achillei.

382 1806 478 1860 VII.
503 1837 567 1845 —
585 1806 803 1862 Relatio
827 1803 1009 1858 sancti
1033 1801 1279 1856 Marcelli
1300 1799 1365 1854 de
1392 1800 1683 1855 miraculis
1713 1800 1896 1854 sancti
1917 1798 2066 1851 Petri

383 1877 504 1930 VIII.
536 1907 604 1917 —-
633 1880 715 1930 De
745 1879 942 1931 sancta
968 1871 1287 1927 Petronilla.

387 1947 442 2002 IX
490 1978 556 1988 —
585 1951 659 2002 De
689 1950 890 2001 sancta
915 1945 1172 1999 Felicula.

388 2019 441 2072 Χ.
473 2051 534 2059 -
566 2021 639 2074 De
680 2022 876 2072 sancto
904 2014 1208 2072 Nicomede.

377 2090 453 2144 XI.
490 2121 552 2129 —
577 2092 652 2145 De
680 2090 958 2157 martyrio
976 2089 1296 2157 sanctorum
1320 2085 1557 2147 Nereiet
1577 2083 1834 2157 Achillei.

377 2161 478 2216 XII.
507 2191 574 2200 —
601 2165 684 2216 De
719 2155 923 2213 sanctis
952 2159 1162 2221 Eutice,
1201 2156 1481 2210 Victurnio
1517 2159 1566 2210 et
1598 2155 1868 2210 Seuerino.

373 2231 498 2286 XIII.
526 2235 696 2287 —De
735 2233 930 2284 sancta
947 2227 1244 2292 Domitilla,
1282 2227 1538 2281 Marcello
1568 2240 1798 2295 quoque,
1828 2225 1888 2278 'et
1925 2223 2455 2292 Apuleio,°;Sulpitio
2486 2227 2537 2274 et
2567 2222 2888 2277 Serviliano.

370 2303 486 2357 XIV.
517 2334 579 2343 —
613 2307 700 2358 De
730 2301 1002 2367 doctrina,
1034 2297 1320 2354 miraculis
1348 2303 1397 2351 et
1422 2301 1686 2367 passione
1722 2297 1900 2350 sancti
1932 2295 2236 2349 Clementis.

1100 2438 1551 2528 INCIPIT
1620 2436 1974 2524 LIBER
2041 2433 2680 2523 SECUNDUS.

1635 2587 1842 2644 CAPUT
1889 2584 2173 2641 PRIMUM.

1557 2693 1636 2752 De
1677 2699 1883 2752 sancto
1916 2689 2236 2749 Clemente.

236 2829 428 2886 Ianitor
451 2831 754 2894 aethereus,
780 2827 907 2882 divo
931 2823 1320 2882 moderamine
1352 2823 1550 2886 fretus,
1884 2822 1932 2890 Β
1960 2819 2079 2874 Νοη
2105 2819 2160 2873 in
2186 2817 2471 2886 subjectos
2500 2815 2674 2871 belvaa
2705 2815 2921 2870 feritate
2951 2813 3183 2868 moveri.
3226 2834 3250 2864 ι)

240 2918 396 2974 Firma
420 2920 606 2975 locans
624 2917 774 2974 aulae
801 2921 996 2970 cautus
1026 2912 1358 2968 fundamina
1383 2911 1547 2968 celsae
1583 2910 1750 2982 (I70),
1960 2911 2092 2966 Tam
2123 2909 2387 2982 praecelsa
2409 2923 2619 2979 pavens
2645 2908 2765 2976 ejus
2788 2907 3020 2980 vestigia
3053 2904 3308 2960 Clemens

244 3010 296 3065 Ut
316 3011 413 3066 sibi
445 3010 721 3082 persentit
747 3009 1095 3064 contermina
1120 3010 1380 3076 tempora
1409 3011 1573 3058 metae
1961 3000 2204 3072 Appetit,
2230 3014 2504 3055 excusans
2525 2998 2661 3052 tanti
2693 3013 2753 3052 se
2780 2997 3028 3067 pondere
3057 2995 3305 3050 honoris.

242 3102 568 3175 Sidereazque
595 3103 816 3158 instare
842 3100 968 3166 viae,
1001 3097 1324 3168 ccelumquc
1363 3102 1574 3168 patere,
1963 3090 2058 3145 Cui
2089 3090 2300 3146 senior:
2348 3109 2370 3140 α
2415 3089 2492 3143 Ne
2523 3103 2614 3142 me
2644 3103 2812 3157 super
2839 3085 2927 3139 his
2949 3084 3216 3150 oraveris,
3245 3083 3443 3154 inquit,

247 3191 293 3244 In
321 3171 496 3247 medio
535 3193 680 3247 situs
710 3188 991 3255 Ecclesiae,
1023 3186 1268 3256 stipante
1298 3191 1537 3248 caterva,
1963 3180 2092 3244 Quae
2125 3181 2348 3235 decreta
2378 3179 2453 3234 ita
2483 3184 2633 3243 sunt,
2667 3176 2964 3247 potiusque
2994 3174 3256 3228 videbere
3287 3171 3486 3246 dignus

243 3283 640 3356 Clementisque
666 3298 838 3337 manu
873 3293 1077 3352 prensa
1104 3277 1185 3331 sic
1213 3277 1436 3333 inchoat
1458 3291 1621 3331 orsa:
1963 3269 2081 3333 Quo
2107 3268 2278 3324 vitare
2307 3267 2501 3337 cupis;
2530 3280 2633 3320 nec
2660 3264 2808 3318 enim
2831 3264 2934 3318 ista
2961 3263 3224 3317 cathedra
3253 3260 3484 3331 requirit

250 3397 272 3419 ιι
311 3351 560 3431 Conservi
589 3374 908 3442 fratresque
949 3368 1080 3434 mei,
1111 3382 1236 3421 mea
1265 3367 1466 3422 sumite
1489 3364 1682 3421 verba:
1966 3357 2138 3424 Ultro,
2157 3357 2296 3427 petit
2315 3355 2473 3426 sequi
2501 3353 2822 3419 abdentem,
2847 3352 2980 3423 quin
2999 3351 3252 3407 moribus
3278 3365 3516 3421 mquum.

245 3463 586 3521 Praemonitus
617 3463 888 3538 quoniam
923 3458 1163 3531 promise
1197 3459 1312 3527 jam
1349 3465 1571 3529 tempus
1598 3457 1792 3511 adesse
1965 3450 2120 3517 Quod
2150 3448 2196 3502 si
2226 3455 2424 3518 praesto
2444 3446 2579 3499 mihi
2611 3444 2808 3499 melior
2831 3451 2882 3498 te
2914 3443 3172 3513 praeforet
3193 3443 3352 3507 alter,

243 3556 488 3613 Mercedis
509 3533 706 3623 vide—0,
740 3555 956 3610 Christo
992 3557 1333 3606 monstrante
1362 3551 1648 3624 magistro,
1965 3542 2020 3596 Si
2053 3541 2177 3613 quis
2209 3547 2261 3594 et
2288 3539 2508 3609 adjutor
2535 3545 2641 3591 lam
2674 3535 2903 3590 sedulus
2931 3542 3101 3604 atque
3128 3533 3412 3595 minister;

243 3649 550 3706 Pontiﬁcem
592 3649 761 3706 vobis
795 3647 1134 3702 Clementem
1163 3643 1314 3699 hunc
1343 3643 1541 3699 ordine
1564 3657 1861 3704 summum,
1964 3636 2020 3690 Si
2042 3636 2170 3706 quis
2202 3643 2308 3688 tam
2341 3632 2476 3688 celsi
2510 3631 2777 3686 subiisset
2807 3629 3086 3702 dogmatis
3113 3643 3317 3692 arcem,

244 3737 361 3793 Iluic
388 3755 575 3794 coram
609 3737 826 3810 positus
856 3731 1130 3790 doctrinae
1157 3731 1314 3786 trado
1345 3730 1686 3795 cathedram,
1967 3729 2228 3786 Ecclesia
2257 3727 2540 3798 specimen
2569 3726 2712 3780 serie
2744 3725 3042 3794 disponere
3075 3737 3312 3778 noscens

241 3829 329 3892 Qui
358 3831 490 3885 mihi
514 3827 797 3901 principio
824 3841 1015 3881 comes
1052 3821 1316 3878 omnibus
1353 3820 1560 3878 exstitit
1588 3819 1747 3886 actis,
1965 3818 2095 3872 Tam
2126 3825 2290 3874 recta.
2324 3825 2377 3869 te
2411 3830 2519 3868 non
2553 3828 2774 3888 agerem
2805 3814 2912 3866 hoc
2939 3811 3246 3881 sumpsisse
3271 3816 3494 3873 coacte;

242 3918 437 3990 Quique
464 3919 605 3974 boni
640 3915 841 3972 docilis
865 3929 994 3968 mea
1026 3911 1284 3981 dogmata
1316 3909 1464 3980 cepit
1493 3908 1562 3964 ad
1585 3922 1862 3983 unguem;
1967 3911 2218 3976 Qum-ere
2247 3923 2484 3980 namque
2513 3907 2681 3961 alium
2704 3921 2848 3960 cura:
2885 3911 3174 3972 reputatur
3203 3901 3376 3965 inani,

244 4009 417 4065 Omnis
445 4010 784 4083 participem
814 4005 952 4061 mihi
982 4019 1150 4075 quem
1191 4003 1422 4059 tentatio
1453 4001 1650 4067 sensit,
1970 4001 2103 4056 Cum
2139 4009 2190 4055 te
2217 3999 2491 4070 primitias
2524 3997 2700 4066 hujus
2715 4002 2771 4050 et
2799 3994 2981 4069 gentis
3004 4002 3058 4048 et
3083 3992 3237 4047 urbis

247 4101 403 4164 Quem
459 4103 732 4158 stabilem
791 4097 1003 4164 inveni,
1070 4093 1374 4167 ﬁdumque,
1435 4097 1720 4164 Deumque
1771 4106 1869 4147 co-
1896 4144 1940 4167 η
1971 4091 2272 4148 Obtulerim
2303 4090 2573 4156 Domino;
2607 4087 2742 4160 quin
2767 4086 3041 4157 perspice,
3064 4084 3217 4139 frena
3247 4083 3430 4137 subire

1814 4144 1828 4147 ἠ
1894 4144 1943 4211 C
1971 4144 2542 4256 Iu-gisEcclesiaa,
2562 4144 2717 4235 velut
2742 4144 2854 4231 alta
2883 4144 3126 4247 pericula
3159 4174 3379 4245 puppis,

248 4280 351 4336 Prae
387 4282 626 4354 reliquis
655 4281 852 4336 fratres
869 4276 1055 4334 studio
1086 4276 1308 4346 pietatis
1336 4280 1636 4340 amantem,
1972 4271 2162 4327 Certus
2203 4269 2426 4338 majoris
2452 4267 2554 4322 tibi
2595 4274 2741 4321 stare
2772 4264 3018 4336 pericula
3048 4263 3204 4329 lethi,

246 4370 454 4427 Discere
483 4349 820 4434 terventem,
846 4361 1194 4437 castumque,
1218 4365 1504 4436 piumque,
1533 4362 1867 4430 modestum,
1971 4362 2072 4426 Qui
2101 4360 2309 4432 populo
2342 4357 2560 4414 Domini
2594 4356 2776 4426 posito
2805 4353 2962 4424 quasi
2994 4351 3258 4406 fluctibus
3277 4349 3401 4404 altis

241 4465 447 4521 Iustitia
487 4474 706 4522 rectum
763 4463 1038 4535 patienter
1068 4460 1211 4516 ferre
1243 4461 1509 4515 scientem
1972 4453 2101 4508 Cum
2134 4451 2315 4523 possis
2345 4449 2633 4520 prodesse,
2664 4446 2832 4520 fugis,
2866 4454 2956 4500 tua
2987 4442 3278 4499 commoda
3307 4447 3519 4496 tantum

241 4557 455 4614 Garrula
480 4559 785 4614 stultorum
805 4556 970 4610 fatua:
995 4552 1364 4608 blateramina
1392 4551 1615 4625 linguai,
1973 4540 2253 4596 Sollicitus
2285 4552 2559 4610 quaerens,
2589 4550 2832 4589 renuens
2871 4548 3166 4587 commune
3190 4527 3484 4600 juvamen;

241 4649 860 4722 Cordaquediscentum
885 4647 1056 4721 digno
1073 4659 1409 4716 componere
1423 4621 1584 4712 jure:
1971 4632 2027 4687 Si
2058 4636 2240 4686 certus
2267 4627 2447 4699 plebis
2477 4625 2578 4681 tibi
2605 4640 2805 4697 magna
2831 4638 3057 4678 manere
3083 4621 3312 4692 pericla,

244 4743 372 4801 Huic
395 4712 694 4802 committo
715 4712 1066 4815 potestatem,
1091 4712 1258 4812 quam
1288 4739 1558 4810 prompsit
1577 4737 1646 4793 ab
1678 4737 1800 4809 ipso
1973 4725 2084 4815 Nec
2103 4721 2327 4778 dubites
2348 4727 2554 4815 πιθῐηθξ
2566 4734 2666 4815 ξ)ῖο
2691 4727 2743 4772 ιθ
2766 4723 2976 4814 οξπιθΐθ
3003 4712 3312 4815 Ρνθςεξηίίω

245 4836 497 4893 Collatam
526 4837 767 4892 Domino
785 4835 1036 4891 solvendi
1060 4833 1179 4890 sive
1210 4831 1444 4907 ligandi.
1975 4814 2136 4869 θοίυε
2163 4827 2226 4866 ac
2249 4817 2458 4882 quanto
2486 4808 2622 4863 mihi
2647 4805 2943 4862 connivere
2977 4802 3217 4907 Dara‘bis.

244 4927 519 4984 Iudicium
544 4926 749 4981 stabile
780 4925 957 4995 ipsius
975 4939 1143 4994 super
1162 4893 1312 4978 astra
1349 4919 1588 4986 residat;
1975 4909 2147 4963 Tanta
2185 4920 2275 4959 me
2305 4903 2467 4959 citius
2498 4916 2629 4956 cura
2659 4914 2722 4954 ac
2750 4912 2958 4995 angore
2983 4893 3211 4995 levabis.

1977 4998 2111 5054 Novi
2141 5004 2196 5051 te
2234 4995 2439 5050 taedere
2461 4992 2687 5064 quidem
2717 4987 2959 5060 perferre
2992 4985 3233 5056 superba

246 5021 542 5080 lnnodabit
582 5024 731 5078 enim
773 5023 922 5095 quod
962 5029 1214 5093 oporteat
1243 5038 1366 5078 esse
1406 5021 1660 5095 ligatum,

1977 5089 2248 5162 Obloquia
2274 5087 2510 5142 indoctae
2539 5082 2744 5154 plebis,
2775 5079 2930 5135 rudis
2960 5093 3056 5134 ora
3085 5074 3316 5148 popelli,

245 5112 303 5169 Et
331 5116 498 5171 simul
534 5116 793 5172 absolvet
820 5115 968 5186 quod
993 5121 1262 5188 congruet
1285 5129 1404 5168 esse
1430 5112 1693 5177 solutum,

243 5201 499 5260 Ecclesia:
521 5205 701 5261 veluti
741 5167 956 5275 liqtiido
977 5202 1065 5256 cui
1098 5167 1457 5274 :eguIanota.
1681 5167 1691 5177 1

1973 5188 2099 5252 Quae
2129 5191 2183 5239 te
2209 5183 2350 5239 ferre
2373 5187 2558 5236 tamen
2587 5183 2904 5233 constanter
2929 5179 2984 5228 et
3011 5171 3218 5241 Optime
3245 5167 3393 5233 novi,

243 5292 435 5349 Audite
466 5309 610 5368 ergo
645 5265 826 5364 ipsum
861 5290 1070 5345 Christo
1097 5265 1329 5360 peccare
1359 5290 1655 5354 timentes;
1975 5278 2297 5334 Cernentem
2327 5273 2428 5330 tibi
2454 5287 2576 5344 quae
2606 5268 2870 5341 patientia
2897 5277 3127 5321 munera
3157 5265 3361 5326 servet,

242 5387 460 5443 Doctori
490 5403 630 5442 vero
670 5387 832 5442 fuerit
861 5385 1179 5458 quicunque
1209 5385 1497 5449 molestus,
1975 5373 2039 5427 At
2065 5370 2192 5425 volo
2214 5376 2267 5423 te
2292 5368 2440 5437 justa
2467 5379 2688 5418 mecum
2715 5359 2927 5415 ratione
2967 5355 3168 5409 librare
3246 5444 3256 5455 ο
3283 5444 3297 5458 ⁸
3456 5439 3458 5442 ν

243 5477 374 5534 Inde
395 5486 556 5536 caret
573 5479 685 5534 vita
708 5444 925 5534 Patrem
958 5444 1270 5549 quia-pacis
1305 5444 1550 5532 acerbat.
1975 5465 2201 5532 Quando
2229 5462 2417 5518 labore
2450 5467 2542 5516 tuo
2569 5472 2727 5531 mage
2751 5453 2997 5549 Christus
3025 5463 3191 5522 egere
3209 5444 3452 5549 videtur.

243 5571 304 5625 Αι
328 5577 738 5642 praeceptorem
771 5529 992 5624 medici]
1154 5529 1362 5642 degere
1384 5569 1626 5637 praestat,
1977 5529 2134 5612 Itiunc
2157 5553 2278 5623 ejus
2305 5565 2569 5622 sponsam
2601 5529 2748 5601 bello
2781 5543 2910 5597 dum
2934 5544 3201 5612 provocat
3220 5529 3425 5595 hostis,

317 5699 466 5770 {170)
495 5698 704 5752 Versus
729 5703 1030 5766 sequentes
1062 5710 1239 5766 usque
1270 5693 1338 5749 ad
1368 5693 1506 5748 Novi
1527 5695 1577 5744 te
1602 5686 1814 5754 taedere,
1835 5691 1969 5754 etc.,
2001 5681 2206 5739 omittit
2225 5678 2399 5736 codex
2427 5676 2485 5731 S.
2513 5669 2824 5729 Genovefaa.
