3962 6140
393 199 502 258 615

395 332 497 385 Aut
524 329 618 384 ubi
644 328 923 384 victricem
944 327 1100 384 soliis
1123 327 1407 383 admiserit
1431 327 1581 396 altis,

399 424 624 490 Quando
656 423 1013 493 triumphanti
1041 423 1202 477 cedet
1221 421 1377 476 labor
1401 421 1582 477 omnis
1602 426 1656 476 et
1681 420 1872 484 hostis,

400 515 530 580 Quis
559 514 763 570 modici
793 515 984 568 saltem
1017 530 1216 568 sensus
1244 513 1410 569 modo
1442 512 1655 567 nesciat
1684 527 1806 566 esse

398 609 654 679 Tempus,
687 621 797 678 quo
837 606 1101 661 Dominus
1126 606 1428 661 certamina
1458 605 1646 660 saneta
1673 601 1949 677 requirit?
2003 627 2015 663 ι

400 702 579 756 Mente
602 701 768 775 igitur
789 708 902 755 tota
929 699 1210 774 surgentia
1241 700 1472 771 concipe
1494 700 1660 767 bella,

401 789 571 860 Atque
600 804 769 859 opera
797 805 1009 842 summa
1049 789 1342 858 praesentia
1372 788 1515 843 seria
1542 793 1736 856 tracta,

400 881 670 936 Auxilium
703 888 959 955 satagens
999 879 1335 937 certantibus
1365 881 1569 936 addere
1600 888 1937 952 promptum,

401 970 628 1024 Praemia
646 986 846 1045 magna
876 977 1202 1041 recepturus
1231 980 1357 1041 post
1379 971 1522 1025 bella
1555 970 1924 1042 triumphans:

401 1057 648 1113 Ofﬁcium
681 1074 812 1132 ergo
843 1057 1024 1113 libens
1055 1074 1204 1113 nunc
1238 1060 1458 1130 suscipe
1483 1057 1836 1130 pontificatus

402 1147 512 1200 Pro
543 1163 651 1212 me,
687 1146 965 1217 przecipue
996 1147 1212 1211 doctus,
1243 1147 1412 1202 decus
1433 1148 1643 1203 ordinis
1671 1149 1859 1217 hujus,

407 1238 471 1292 lit
497 1238 650 1293 nullo
675 1245 882 1293 terrore
913 1238 1060 1293 salus
1097 1239 1312 1309 plebeia
1338 1239 1575 1303 vacillet,

404 1335 505 1388 Per
529 1339 582 1389 te
618 1332 846 1388 firmatis
875 1349 1014 1404 qnos
1045 1332 1418 1389 lucrifecimus
1448 1334 1604 1408 agnis
1671 1358 1698 1384 υ

415 1422 769 1493 Prosequitur
797 1421 995 1476 seriem
1024 1439 1131 1494 qua
1162 1422 1504 1494 dispensatio
1535 1428 1746 1479 cunctae

405 1510 612 1567 Clareat
646 1511 902 1566 Ecclesiae
928 1511 1150 1581 praesul,
1191 1529 1355 1583 quam
1389 1518 1547 1568 cauta
1576 1519 1868 1585 sequatur;

407 1603 590 1658 Rebus
628 1609 688 1658 ut
717 1603 957 1658 externis
987 1603 1209 1675 penitus
1240 1621 1298 1659 se
1332 1603 1636 1672 subtrahat,
1666 1605 1818 1660 omni

405 1693 475 1749 Se
497 1693 707 1749 dedens
734 1695 916 1750 studio
944 1695 1148 1750 mentis
1163 1696 1448 1767 verboque
1478 1697 1699 1751 salutis:

408 1785 714 1856 Presbyteri
745 1785 877 1856 quid
908 1792 1098 1860 agant,
1123 1786 1354 1860 vigilent
1380 1793 1438 1841 ut
1471 1803 1659 1842 amore
1691 1795 1941 1858 paterno,

408 1882 483 1935 Ac
513 1880 773 1935 studeant
807 1881 1010 1935 salvam
1050 1880 1207 1935 coelis
1249 1879 1511 1934 inducere
1542 1879 1794 1950 plebem;

408 1971 548 2035 Quid
579 1972 758 2026 clerus
788 1977 971 2026 servet
1001 1971 1266 2043 reliquus,
1293 1971 1580 2042 sanctique
1611 1971 1872 2040 ministri,
1936 2008 1941 2012 ~

415 2059 596 2115 Castus
629 2059 778 2130 quod
813 2060 1006 2127 laicus,
1031 2060 1293 2131 vel'quod
1325 2060 1658 2134 generaliter
1675 2076 1887 2116 omnes.

483 2149 574 2203 His
603 2149 678 2203 ita
709 2148 1020 2219 dispositis,
1050 2155 1203 2203 tanto
1221 2149 1600 2204 moderamine
1630 2149 1856 2224 dignum

419 2237 742 2293 Pontificem
773 2237 1051 2308 impositis
1077 2236 1333 2291 manibus
1361 2239 1658 2309 statuitque
1686 2238 1964 2310 dicatque,

412 2326 678 2382 Omnibus
709 2334 876 2397 atque
902 2326 1080 2396 palam
1111 2326 1385 2380 cathedrae
1419 2327 1675 2382 rubidum
1699 2343 1794 2384 ora
1828 2328 2038 2399 pudore

414 2418 558 2472 lndit
579 2417 916 2487 apostolicae,
945 2418 1206 2489 cogitque
1230 2418 1426 2473 sedere
1457 2425 1755 2488 sacratum,

413 2506 667 2562 Testibus
697 2507 826 2560 hinc
850 2507 1071 2577 pepulis
1100 2522 1258 2577 papas
1287 2508 1644 2579 mandatque,
1677 2515 1970 2583 rogatque,

415 2596 538 2650 Haec
566 2594 771 2651 Jacobo
802 2595 1064 2650 Solimam
1107 2595 1332 2650 mittens
1361 2596 1640 2667 descripta
1669 2597 1899 2665 revelet,

412 2691 605 2747 Debita
623 2707 683 2746 se
715 2697 1003 2762 postquam
1029 2689 1153 2745 vita;
1170 2691 1383 2759 jactura
1415 2691 1676 2758 resolvet,

413 2783 702 2838 lnsinuans
732 2782 974 2837 breviter
1009 2783 1174 2836 vitam
1203 2793 1263 2837 ut
1289 2784 1600 2854 perceperit
1628 2783 1750 2852 ejus

413 2873 536 2940 Ore,
564 2887 751 2927 comes
772 2871 878 2926 sibi
903 2871 999 2942 qui
1028 2869 1213 2939 fuerit,
1245 2887 1369 2944 qua:
1390 2872 1648 2944 dogmata
1673 2871 1743 2925 ab
1771 2871 1892 2942 ipso

415 2964 684 3030 Hauserit,
715 2969 769 3018 et
796 2962 889 3034 qui
915 2978 975 3016 se
1006 2960 1136 3016 ﬁnis
1155 2962 1513 3034 deprenderit
1533 2963 1674 3030 illic;

415 3056 707 3125 Affirmans
737 3055 851 3110 fore
882 3053 935 3109 ei
964 3054 1235 3110 solamina
1263 3056 1500 3111 maxima
1519 3056 1722 3112 mentis

414 3151 636 3207 Noverit
664 3159 725 3206 ut
745 3150 990 3218 doctum,
1020 3149 1194 3204 sancti
1223 3165 1325 3204 nec
1348 3149 1494 3218 juris
1525 3163 1785 3222 egenum,

413 3243 662 3299 Doctoris
687 3241 922 3298 subiisse
959 3243 1138 3298 locum
1171 3240 1430 3312 Petrique
1458 3241 1795 3296 cathedram.

415 3335 508 3389 Cui
543 3349 743 3406 parens
773 3333 1124 3407 implensque
1155 3333 1289 3388 boni
1330 3342 1604 3404 praecepta
1624 3332 1894 3408 magistri,

414 3426 638 3500 Delegat
669 3425 886 3481 Domini
905 3424 1056 3480 fratri
1087 3439 1209 3495 quae
1230 3425 1384 3494 iussa
1410 3423 1658 3497 benigna

414 3515 687 3590 Magniﬁci
710 3514 948 3570 altisono
982 3514 1125 3569 Petri
1159 3519 1481 3584 susceperat
1509 3529 1641 3578 ore;

412 3605 854 3676 Consectansque
896 3603 1068 3658 Patris
1098 3618 1345 3658 normam
1378 3601 1528 3656 docti
1570 3608 1741 3673 atque
1773 3600 2031 3665 modesti,

415 3693 517 3759 Qui
541 3692 649 3747 sibi
671 3699 986 3748 consortem
1013 3691 1201 3746 scribit
1229 3690 1494 3762 caalisque
1512 3694 1782 3756 notatum,

414 3785 682 3841 Omnibus
711 3785 894 3840 omnis
925 3783 1008 3852 fit,
1039 3783 1222 3839 salvos
1253 3791 1312 3838 ut
1343 3783 1584 3854 praebeat
1611 3795 1832 3848 omnes,

414 3877 655 3934 Gentiles
683 3877 963 3949 siquidem
995 3876 1204 3948 liquida
1235 3875 1446 3931 ratione
1476 3873 1734 3939 docebat,

413 3967 479 4023 Ut
508 3967 698 4039 populi
729 3967 892 4022 fallax
931 3967 1184 4022 divorum
1224 3963 1510 4036 irrepserit
1540 3978 1714 4031 error,

413 4059 565 4115 Unde
595 4074 772 4133 genus
789 4059 1073 4114 hominum
1095 4071 1339 4128 quonam
1372 4053 1640 4110 defecerit
1658 4060 1800 4122 astu,

411 4149 655 4219 Vipereae
687 4147 894 4202 fraudis
925 4160 1246 4218 persuasum
1281 4145 1586 4200 haerescere
1614 4143 1794 4210 vanis,

411 4241 684 4295 Attestans
713 4240 865 4310 ipsos
892 4239 1056 4294 venia
1083 4244 1304 4308 vntaque
1332 4236 1621 4302 levandos,

413 4329 566 4384 ldola
585 4329 906 4400 linquentes
937 4327 1148 4382 Christo
1175 4326 1222 4380 si
1253 4325 1420 4381 corda
1442 4323 1706 4394 pararint.

411 4417 620 4474 Judaeis
641 4416 1071 4488 patriarcharum
1095 4430 1194 4486 pro
1216 4413 1380 4470 laude
1404 4413 1676 4485 placebat,

413 4510 680 4566 Attollens
701 4509 876 4582 legem
899 4523 1107 4564 sacram
1130 4513 1426 4579 patresque
1453 4507 1666 4572 beatos,

412 4605 569 4676 Ipsos
600 4610 913 4660 sanctorum
931 4618 1130 4678 genus,
1153 4618 1278 4658 arce
1307 4601 1507 4657 sedilia
1537 4601 1661 4657 caeli

411 4697 593 4752 Prima
620 4697 826 4753 docens
851 4702 1194 4767 accepturos,
1222 4694 1388 4750 modo
1418 4709 1572 4749 sacra
1602 4693 1818 4765 piorum

412 4789 563 4845 Dicta
591 4789 980 4860 prophetarum
1011 4787 1067 4842 in
1106 4786 1317 4843 Christo
1348 4785 1625 4856 completa
1654 4790 1930 4840 tenerent.

413 4883 656 4938 Dilectus
680 4895 838 4955 mage
866 4878 1221 4947 Christicolis,
1253 4885 1308 4934 et
1332 4877 1586 4933 amabilis
1623 4883 1748 4932 actu

411 4973 677 5030 Omnibus
704 4971 1004 5040 exstiterat,
1046 4970 1468 5042 conscriptaque
1510 4969 1735 5025 nomina
1774 4973 2031 5044 egentum

412 5063 692 5128 Servabat,
715 5062 839 5117 vita:
865 5062 1118 5118 tribuens
1147 5077 1246 5133 pro
1274 5076 1439 5132 posse
1473 5061 1746 5127 levamen,

362 5211 381 5231 ,
413 5156 709 5222 Quaesitum
730 5169 835 5209 nec
873 5153 1026 5210 abire
1057 5154 1249 5210 sinens
1277 5169 1377 5225 per
1405 5153 1626 5224 publica
1653 5152 1854 5207 victum

414 5247 663 5320 Compita
689 5245 922 5302 Judaico
951 5254 1047 5302 aut
1075 5245 1274 5322 gentili
1301 5260 1532 5300 munere
1563 5243 1731 5316 pasti.

1157 195 1524 252 FLODOARDI
1556 192 1862 250 CANONICI
1902 189 2232 248 REMENSIS
2273 189 2608 248 OPUSCULA
2645 185 2953 246 METRICA.

2039 331 2091 398 Α
2118 325 2211 380 His
2241 325 2465 381 sordere
2495 323 2711 378 inhibet
2731 321 2922 377 divino
2952 319 3103 376 fonte
3134 319 3332 390 piatos,

3611 189 3710 245 616

2118 415 2319 471 Omnes
2348 414 2572 469 assidue
2603 425 2898 484 properare
2919 409 2986 465 ad
3015 415 3207 464 sancta
3234 405 3518 473 monebat,

2120 507 2388 562 Absentes
2414 505 2655 576 scriptis,
2687 513 2988 576 przesentes
3007 502 3209 557 famine
3235 501 3495 556 formans.

2121 600 2373 656 Doctrina
2402 613 2533 673 ergo
2563 598 2744 654 nitens
2772 595 2887 660 tali,
2912 594 3227 666 p0puloque
3257 595 3482 665 Deoque

2121 693 2316 747 Gratus
2344 697 2491 757 erat;
2523 690 2618 745 sed
2650 706 2762 744 non
2797 687 3031 742 humiles
3062 687 3270 741 haerere
3301 685 3557 756 superbis

2123 784 2482 858 Sacrilegisve
2509 783 2727 854 placere
2749 781 2824 852 pii
2851 779 3145 835 dulcedine
3178 784 3424 850 possunt.

2123 874 2238 928 Stat
2267 873 2468 928 mentis
2499 879 2682 927 tamen
2713 870 3024 940 intrepidus
3051 869 3224 939 vigor,
3258 876 3422 940 atque
3452 867 3595 923 beati

2123 966 2382 1020 Terrorcs
2410 964 2644 1020 trucium
2675 962 2793 1017 miti
2815 962 3017 1032 pietate
3046 959 3312 1016 refutans.

2128 1056 2472 1128 Hincﬁmundi
2505 1055 2723 1110 culmen
2749 1053 2962 1108 Domini
2994 1051 3276 1123 postponit
3300 1049 3495 1105 honori

2129 1148 2402 1215 Clemens,
2438 1148 2532 1219 qui
2555 1146 2706 1201 celso
2737 1143 3069 1201 Domitillam
3101 1142 3372 1218 sanguine
3403 1141 3602 1196 claram

2126 1240 2368 1298 Sacravit
2405 1239 2644 1306 Christo,
2679 1253 2886 1310 sponso
2914 1237 3037 1292 tulit
3061 1235 3376 1291 Aureliano.

2129 1335 2364 1410 Virginis
2401 1331 2640 1388 eunuchi
2671 1331 2947 1402 siquidem
2979 1329 3186 1384 Nereus
3213 1334 3270 1383 et
3308 1325 3606 1392 Achilleus,

2130 1423 2399 1496 Discipuli
2431 1423 2574 1478 Petri
2603 1421 2912 1493 Christique
2943 1435 3048 1492 per
3073 1419 3260 1476 omnia
3286 1418 3449 1483 servi,

2133 1513 2470 1569 Clementem
2491 1529 2659 1584 super
2686 1511 2775 1566 his
2806 1511 3031 1577 adeunt,
3059 1511 3147 1566 cui
3173 1510 3303 1565 talia
3331 1508 3545 1571 fantur;

2061 1630 2111 1696 Β
2140 1627 2160 1655 ι
2209 1605 2389 1661 Gloria
2419 1611 2533 1660 tota
2572 1612 2676 1659 tua:
2707 1603 2942 1658 Domino
2972 1602 3122 1674 quod
3154 1601 3383 1673 praadita
3412 1599 3612 1654 mentis

2138 1697 2427 1762 Discimus,
2469 1711 2572 1752 nec
2593 1705 2648 1752 te
2676 1695 2746 1750 de
2769 1695 3060 1750 nobilitate
3091 1701 3398 1766 parentum,

2138 1792 2278 1856 Quin
2305 1792 2374 1846 de
2405 1789 2643 1847 cmlestis
2668 1789 2911 1863 gaudere
2940 1787 3245 1862 pr0pagine
3277 1784 3470 1841 Patris.

2137 1881 2366 1936 Patruus
2386 1881 2507 1951 ipse
2527 1887 2654 1934 tuus
2675 1878 2946 1944 Clemens,
2981 1876 3107 1932 licet
3138 1876 3335 1932 ordine
3364 1873 3578 1940 consul,

2137 1971 2312 2042 Atque
2341 1969 2417 2025 tui
2450 1970 2613 2024 fuerit
2641 1984 2938 2042 germanus
2963 1967 3177 2042 origine
3206 1967 3396 2038 patris.

2140 2063 2312 2132 Hujus
2339 2077 2440 2118 nos
2469 2068 2709 2117 mercata
2737 2075 2894 2116 soror
2918 2058 3293 2115 subeuntibus
3313 2057 3476 2113 annis

2137 2151 2327 2208 Etatis
2355 2167 2552 2223 parvos
2578 2157 2784 2206 tenerae
2825 2149 3078 2205 Plautilla
3103 2147 3326 2204 coemit.

2138 2245 2478 2317 Quandoque
2512 2243 2827 2317 percipiens
2854 2244 3020 2298 vitam
3050 2242 3353 2297 tribuentia
3381 2240 3549 2296 verba

2143 2336 2384 2392 Credidit
2411 2352 2507 2392 ore
2540 2336 2706 2403 Petri,
2737 2349 3007 2406 sacroque
3039 2340 3121 2388 est
3151 2332 3317 2387 tincta
3343 2331 3588 2394 lavacro;

2142 2425 2249 2482 Nos
2279 2426 2443 2482 simul
2471 2433 2636 2496 atque
2667 2425 2788 2494 ejus
2819 2422 3048 2478 soboles
3079 2420 3353 2476 Domitilla
3381 2434 3678 2474 sacramur:

2145 2516 2254 2570 Hoc
2281 2531 2428 2571 anno
2459 2524 2513 2570 et
2541 2514 2802 2569 dominus
2843 2512 3033 2568 Petrus
3061 2510 3210 2566 subit
3235 2511 3440 2566 aethera
3462 2517 3676 2581 martyr,

2143 2606 2204 2660 Et
2233 2604 2486 2660 Plautilla
2509 2603 2603 2675 pio
2643 2609 2803 2675 parto
2833 2611 3056 2658 terrena
3086 2601 3310 2673 reliquit

2137 2697 2201 2748 At
2231 2693 2528 2760 Domitilla,
2560 2692 2661 2748 viri
2697 2692 2828 2747 clari
2861 2707 3065 2763 sponsa
3103 2688 3407 2755 Aureliani,

2137 2787 2237 2842 Ore
2259 2793 2429 2842 satam
2453 2785 2650 2857 Cephea
2679 2790 2866 2840 nostro
2893 2783 3066 2838 audiit
3095 2798 3192 2838 ore
3219 2782 3475 2846 salutem,

2135 2877 2299 2951 Virgo
2329 2877 2424 2932 Dei
2452 2875 2602 2948 quod
2623 2888 2810 2930 amore
2842 2889 3073 2928 manens
3111 2877 3389 2927 mereatur
3415 2868 3584 2940 apisci

2137 2967 2420 3022 leestem
2450 2981 2717 3037 sponsum
2745 2964 3123 3020 dominantem
3155 2963 3212 3017 in
3236 2961 3436 3016 saecula
3465 2959 3740 3042 Christum,

2137 3059 2269 3115 Cum
2289 3076 2398 3132 quo
2425 3058 2642 3136 deliciis
2671 3060 2912 3130 divoque
2938 3057 3148 3112 fruatur
3171 3056 3404 3122 honore,

2140 3152 2231 3206 His
2257 3152 2492 3223 aliisque
2523 3150 2763 3204 animata
2794 3147 2892 3203 Dei
2921 3146 2992 3201 de
3016 3160 3246 3201 munere
3277 3144 3461 3211 dictis,

2139 3242 2244 3297 Per
2270 3249 2346 3309 te,
2371 3241 2550 3315 virgo,
2583 3240 2734 3311 cupit
2752 3237 3029 3295 velamina
3059 3250 3280 3291 sumere
3302 3235 3438 3291 voti.
3484 3256 3510 3279 ιο

2065 3399 2068 3402 ,
2141 3333 2340 3388 Reddit
2369 3332 2438 3386 ad
2458 3333 2580 3386 haec
2608 3331 2895 3386 Clemens:
2939 3348 2970 3379 α
3008 3328 3086 3381 En
3112 3324 3300 3380 debita
3324 3330 3568 3393 tempora
3588 3334 3734 3375 cerno

2143 3443 2170 3470 (ι
2211 3421 2446 3493 Martyrii
2477 3421 2716 3492 palmam
2748 3417 3012 3490 quoniam
3042 3414 3258 3471 vocatio
3283 3412 3507 3474 tendat;

2142 3540 2167 3563 «
2215 3517 2329 3571 Hac
2366 3529 2602 3587 pensare
2631 3513 2740 3580 via,
2782 3510 3078 3574 Domitilla,
3111 3511 3290 3564 nitere
3319 3521 3540 3562 corona.

2145 3632 2170 3663 α
2207 3611 2314 3666 Sed
2345 3610 2474 3682 quia
2505 3609 2762 3664 mandato
2791 3613 3147 3663 contemnere
3177 3601 3575 3659 mortiﬁcantes

2141 3732 2165 3755 κ
2210 3703 2562 3776 Praecipimur
2590 3701 2832 3769 Domini,
2862 3707 3178 3755 temnamus
3207 3702 3385 3753 morte
3414 3695 3639 3756 feroces,

2141 3820 2164 3846 α
2210 3795 2395 3852 Mortis
2419 3793 2549 3848 etin
2581 3791 2749 3846 simili
2777 3797 2978 3846 nostra:
3005 3788 3216 3843 ditione
3249 3787 3521 3856 iacentes,

2147 3909 2163 3934 ι
2211 3885 2498 3954 Perpetua:
2527 3882 2651 3937 vitae
2691 3879 2826 3952 Regi
2860 3878 3066 3934 servire
3098 3876 3291 3948 parati.
3335 3896 3362 3926 ι)

2140 3975 2251 4030 Hoc
2274 3973 2440 4047 igitur
2459 3970 2711 4027 Clemens
2738 3968 2924 4024 animo
2955 3967 3216 4023 robustus
3241 3971 3296 4020 et
3322 3969 3445 4018 actu

2136 4062 2392 4118 Primatis
2413 4073 2673 4134 sponsam
2695 4057 2830 4132 Regi
2859 4056 3172 4128 despondet
3201 4051 3533 4113 habendam,

2136 4155 2431 4213 Consecrat
2459 4159 2621 4226 atque
2653 4151 2742 4223 pio
2785 4157 2982 4206 tactam
3010 4155 3175 4220 caput
3201 4152 3356 4203 ornat
3385 4143 3602 4198 amictu.

2136 4245 2402 4316 Sponsus,
2436 4257 2626 4298 amore
2650 4241 2852 4314 gravis,
2880 4240 3183 4294 thalamum
3217 4234 3571 4308 sibivirginis
3593 4236 3727 4288 orat:

2135 4337 2378 4408 Despicit
2404 4335 2496 4391 illa
2528 4351 2744 4408 preces,
2770 4334 2956 4391 animo
2977 4331 3313 4406 rigidissima
3341 4329 3520 4395 durat,

2134 4431 2331 4487 Tendit
2366 4431 2461 4486 hic
2489 4430 2707 4486 insidiis
2736 4434 2938 4485 castam
2969 4442 3168 4482 vexare
3200 4423 3469 4497 puellam;

2135 4525 2402 4582 Nobilitas
2429 4525 2540 4580 vim
2568 4523 2712 4579 ferre
2736 4529 2904 4589 vetat,
2934 4528 3048 4576 tum
3076 4516 3342 4591 principis
3362 4529 3527 4570 aures

2137 4617 2472 4690 lnterpellat,
2507 4617 2563 4671 in
2596 4616 2703 4671 hoc
2729 4630 2800 4671 ne
2819 4613 3072 4687 principe
3101 4611 3340 4668 vincitur
3357 4607 3469 4663 illa.

2134 4711 2374 4787 Virginis
2403 4707 2655 4765 exsilium
2689 4705 2938 4762 decernit
2966 4705 3328 4761 Domitianus.

2136 4805 2366 4877 Spretus
2390 4801 2458 4857 ab
2480 4801 2605 4868 hac,
2633 4815 2788 4856 sacra
2819 4797 3103 4871 praecipue
3137 4795 3286 4869 quod
3316 4797 3526 4850 temnat
3555 4789 3738 4844 abhor-

3529 4884 3676 4953 [rens

2135 4985 2334 5040 Sancto
2353 4999 2386 5038 a
2412 4981 2702 5054 proposito
2723 4979 2965 5036 revocari
2989 4977 3232 5034 creditur
3259 4973 3450 5038 exsul;

2137 5073 2337 5128 Exsilio
2358 5071 2518 5142 cujus
2547 5071 2673 5126 data
2701 5069 2895 5125 Pontia
2933 5067 3265 5123 nobilitatur

2137 5165 2386 5224 Eunuchi
2417 5165 2665 5242 insignes
2692 5163 2972 5221 dominam
2991 5162 3322 5219 comitantur
3349 5162 3590 5212 euntem.

1935 5343 2142 5401 CAPUT
2184 5343 2250 5399 ll.

1591 5448 1670 5508 De
1696 5455 1903 5508 sancto
1928 5446 2166 5508 Joanne
2196 5445 2591 5520 evangelista.

412 5564 601 5620 Plures
629 5561 765 5635 quin
793 5560 960 5616 etiam
991 5559 1208 5614 diversa
1231 5572 1330 5628 per
1356 5553 1543 5610 abdita
1568 5555 1728 5610 trusit

413 5654 678 5730 Egregios
704 5652 995 5724 clarosque
1020 5650 1190 5717 viros,
1221 5646 1520 5723 gladioque
1551 5647 1789 5720 peremit

2135 5551 2407 5626 Turgidus
2445 5550 2535 5605 hic
2563 5548 2823 5620 princeps
2849 5544 3129 5600 discussos
3156 5540 3347 5611 judice
3378 5539 3541 5595 nullo.

2043 5697 2048 5701 .
2138 5645 2371 5714 Insuper
2400 5641 2722 5716 aggreditur
2751 5636 3009 5695 scelerati
3047 5637 3290 5706 incmpta
3317 5630 3544 5689 Neronis
