3962 6140
200 321 295 378 617
813 324 896 378 DE
937 289 1198 380 CHRISTI
1241 327 1608 383 TRIUMPHIS
1648 327 1821 383 APUD
1861 326 2130 384 ITALIAM
2172 325 2345 381 LIBRI
2387 326 2521 381 XIV.
2565 356 2632 366 —
2673 325 2804 380 LIB.
2848 326 2914 379 ll.
3429 327 3533 381 618

203 447 424 502 lnfanda
462 448 691 504 sceleris
731 465 1018 506 successor
1041 453 1466 516 theomachiam,
1837 457 1884 523 Α
1913 451 2343 523 Expositumque
2371 451 2486 504 salo
2518 450 2775 504 Pathmos
2791 449 2940 520 capit
2965 449 3147 503 insula
3184 447 3359 503 sablo.

202 537 344 592 Bella
386 538 495 609 poli
529 539 759 594 Domino
791 539 1064 607 indicens,
1082 549 1411 615 sanctosque
1436 546 1736 614 trucidans,
1913 543 2009 598 llic
2027 542 2317 616 profugum
2339 541 2548 595 mundo
2580 540 2772 594 mundi
2814 556 2916 594 nec
2954 538 3161 594 deserit
3187 547 3398 605 auctor,

206 629 628 702 Disquirensque
660 631 765 702 pia
795 642 1056 702 patronos
1087 634 1286 704 plebis,
1319 644 1379 690 ut
1407 638 1562 692 audit
1911 635 2106 690 Visitat
2129 641 2426 700 extorrem,
2459 631 2696 703 ccelique
2724 647 2922 685 arcana
2954 631 3190 686 recludit
3217 648 3230 696 ;

206 718 326 772 Post
357 718 599 790 reliquos
637 721 886 791 regimen
919 721 1049 777 ﬁdei
1090 725 1592 792 mansisseJoanni,
1915 726 2168 782 Oromate
2201 723 2398 779 illustri
2434 723 2651 794 pulsum
2683 721 2894 776 solatur
2911 722 3172 788 amicum,

208 807 354 862 Hunc
381 807 533 862 velut
554 808 806 864 Ecclesiae
838 811 1096 867 columen
1128 815 1262 883 petit
1301 815 1585 886 improbus
1620 833 1812 884 unum,
1919 814 2176 869 Ecclesiae
2205 813 2432 887 signans
2462 818 2607 866 tecto
2646 810 2750 864 sub
2792 809 3070 881 enigmatc
3103 825 3340 882 pugnas,

207 896 474 968 Principis
497 906 558 953 ut
596 900 766 955 multa
792 903 1002 957 socium
1036 905 1383 976 disperderet
1415 924 1635 982 agmen.
1917 906 2094 976 Atque
2126 905 2532 974 triumphorum
2555 910 2772 956 Secreto
2801 902 3082 955 schemate
3107 901 3332 971 palmas.

209 988 572 1064 Duciturergo
601 987 816 1059 Epheso
837 991 1085 1060 Romam,
1115 1003 1170 1050 et
1197 1005 1483 1067 spectante
1503 1001 1709 1054 Senatu
1921 999 2068 1065 Post,
2099 999 2168 1052 ad
2195 999 2562 1068 apostolicum
2597 995 3051 1050 tideiconstantis
3078 996 3368 1062 honorem,

205 1078 450 1132 ίοάυίίυτ
479 1079 648 1149 ΡῙθηο
675 1079 940 1136 ferventis
962 1083 1112 1138 (101Ῠο
1145 1085 1270 1140 οιὶνί
1305 1104 1319 1151 ς
1925 1090 2017 1146 llic
2048 1091 2143 1144 ubi
2185 1091 2477 1146 candentis
2502 1089 2632 1144 vicit
2655 1089 3016 1161 pingnedinis
3055 1089 3232 1161 ignes,

205 1169 415 1242 Integer
444 1176 498 1223 at
529 1170 702 1235 testis,
737 1172 940 1241 prodit,
971 1172 1086 1240 jam
1120 1174 1259 1228 liber
1289 1176 1356 1229 ab
1378 1175 1526 1250 igne.
1919 1179 2205 1234 Basilicam
2237 1187 2487 1234 struxere
2517 1179 2592 1248 pii
2623 1187 2836 1248 portam
2862 1186 2990 1231 ante
3009 1176 3278 1241 Latinam,

201 1257 364 1320 Quam
397 1258 563 1313 nituit
602 1259 800 1314 caelebs
830 1261 1120 1332 omnisque
1154 1263 1403 1319 libidinis
1433 1282 1646 1338 expers.
1919 1274 2086 1338 Quam
2121 1273 2329 1329 clarum
2354 1272 2634 1327 redimivit
2664 1288 2804 1343 opus
2833 1271 3122 1345 generatio
3155 1270 3340 1324 Sancti
3360 1287 3390 1334 -;

206 1350 331 1423 Igne
354 1350 716 1423 triumphato,
744 1355 908 1409 terris
933 1355 1262 1426 prOpellitur
1286 1359 1460 1424 exsul,
1921 1366 2057 1422 Hinc
2087 1383 2310 1439 quoque
2344 1366 2478 1422 festa
2510 1366 2629 1421 dies
2658 1366 2828 1440 digno
2861 1365 3202 1421 instauratur
3241 1365 3474 1427 honore,

1699 1484 1909 1541 CAPUT
1957 1487 2049 1542 III.
2470 1538 2482 1547 .

904 1581 983 1639 De
1016 1582 1427 1660 confessionne
1459 1588 1943 1664 propinquorum
1975 1589 2203 1649 Christi
2232 1607 2436 1649 coram
2466 1588 2828 1650 Domitiam.

215 1693 463 1748 Erectum
496 1693 640 1747 ultra
662 1693 941 1749 hominem
999 1698 1274 1753 meditans
1313 1699 1426 1754 fera
1456 1701 1642 1757 bellua
1665 1720 1823 1757 man-
1924 1705 2087 1760 Audit
2117 1721 2173 1759 re
2203 1712 2399 1760 tenues
2429 1722 2442 1758 :
2477 1704 2675 1759 Christi
2709 1704 3023 1776 quam‘ditia
3038 1721 3208 1777 regna
3231 1704 3259 1756 ?

1640 1791 1751 1862 [dat
1851 1807 1896 1873 υ
1926 1796 2068 1865 Ipse,
2102 1795 2225 1866 quis
2250 1793 2500 1865 inquirit,
2523 1793 2608 1847 vel
2639 1794 2885 1865 quando,
2919 1792 3005 1848 vel
3037 1793 3185 1847 unde
3207 1792 3424 1848 futurus
3453 1792 3479 1844 Ῥ

214 1870 272 1925 Ut
298 1869 711 1941 Dominumque
751 1871 1037 1944 Deumque
1067 1875 1174 1930 coli
1197 1893 1256 1931 se
1289 1878 1652 1947 Domitianus,
1853 1869 1887 1873 ⁷⁷
1924 1883 1986 1936 lii
2020 1882 2262 1936 referunt
2293 1883 2458 1950 hujus
2485 1881 2697 1936 Christo
2727 1897 2835 1937 non
2867 1881 3128 1936 culmina”
3151 1882 3306 1956 regni

208 1963 420 2018 Invidia
459 1962 592 2018 furit
620 1962 676 2018 in
710 1963 1006 2032 Christum,
1029 1965 1350 2036 sanctisque
1379 1967 1666 2037 prophetis
1923 1976 2148 2032 Terreni
2182 1977 2449 2047 rapienda
2478 1993 2600 2045 suo,
2632 1977 2881 2032 caelestia
2901 1992 3119 2032 summo

207 2054 474 2110 Credulus
493 2063 570 2118 ut,
594 2056 904 2128 metuitque
936 2058 1238 2112 etiamnum
1258 2058 1429 2128 stirpe
1450 2060 1747 2114 creandum
1928 2070 2154 2140 Sceptra
2184 2085 2410 2123 manere
2434 2069 2544 2123 Deo
2575 2089 2590 2136 ;
2621 2069 2904 2144 angelicos
2927 2084 3120 2140 parere
3151 2067 3456 2136 ministros,

208 2147 474 2211 DaVilica,
497 2147 592 2218 qui
618 2155 835 2218 sceptra
866 2159 1056 2221 regat;
1089 2151 1323 2223 vestigat
1345 2151 1544 2207 acerbe
1931 2156 2024 2212 Cui
2048 2165 2262 2212 constet
2293 2173 2637 2229 regnumque
2669 2173 2881 2227 parare,
2928 2157 2984 2210 in
3019 2155 3210 2210 limine
3241 2156 3412 2220 saecli,

210 2241 433 2296 Davidis
461 2258 657 2315 genus,
688 2248 744 2296 et
775 2251 1046 2298 tormenta
1073 2259 1172 2314 per
1201 2243 1372 2315 impia
1395 2247 1566 2316 quaeri
1931 2251 2066 2304 Dum
2096 2250 2281 2305 veniet
2303 2249 2474 2317 judex
2505 2249 2695 2304 divino
2726 2247 2894 2303 fultus
2925 2249 3159 2313 honore,

209 2333 571 2405 lnterimique
593 2333 792 2402 jubet;
827 2335 886 2388 fit
915 2335 1144 2406 quaestio
1176 2337 1346 2391 cruda
1377 2338 1612 2408 tyranni.
1932 2342 2150 2396 iudicet
2180 2349 2240 2395 ut
2273 2341 2450 2407 vivos,
2473 2341 2666 2396 mortis
2690 2355 2913 2412 quoque
2936 2339 3056 2412 lege
3085 2339 3364 2404 subactos,

211 2426 588 2481 Restituerant
611 2426 835 2497 quidam
866 2426 1020 2482 Judae
1050 2435 1181 2482 tunc
1197 2427 1335 2483 forte
1359 2436 1614 2499 nepotes,
1934 2431 2036 2485 Pro
2067 2430 2279 2484 meritis
2309 2436 2363 2484 et
2389 2430 2592 2501 cuique
2614 2429 2730 2484 suis
2761 2436 2819 2484 ut
2847 2429 3016 2503 digna
3045 2428 3333 2498 rependat.

211 2517 267 2572 lii
295 2533 526 2589 quoque
556 2517 745 2582 delati,
773 2517 981 2573 Christo
1011 2519 1167 2590 quasi
1200 2535 1364 2574 carne
1384 2521 1704 2593 propinqui,
1936 2522 2161 2593 Despuit
2183 2521 2404 2576 inﬂatus
2425 2536 2697 2592 personas
2725 2521 2970 2596 tegmine
3001 2521 3139 2575 viles
3173 2539 3188 2586 ;

209 2609 509 2665 Ducuntur
536 2609 651 2682 regi
688 2627 702 2674 ;
735 2610 934 2684 rogitat
965 2610 1075 2664 sint
1105 2612 1377 2686 sanguine
1405 2613 1540 2668 creti
1941 2615 2050 2669 Nec
2075 2614 2310 2688 dignans
2341 2615 2558 2684 punire,
2591 2629 2721 2668 suos
2747 2613 2980 2668 dimittit
3010 2612 3165 2667 abire
3191 2630 3204 2665 :

211 2698 508 2754 Davitica?
547 2699 850 2762 Promunt;
887 2707 1042 2774 rOgat
1104 2702 1192 2756 his
1220 2719 1383 2774 quam
1433 2719 1634 2778 magna
1664 2701 1838 2760 facul-
1941 2703 2088 2758 Missi
2122 2703 2501 2778 magnanimes
2528 2704 2808 2774 praeconia
2837 2703 2985 2757 celsa
3004 2702 3263 2767 fatentur,

1583 2794 1684 2864 [tas
1709 2797 1737 2848 ?
1944 2793 2312 2864 Ecclesiaeque
2339 2793 2510 2848 duces
2535 2793 2686 2863 pacis
2717 2799 2841 2863 post
2866 2801 3113 2863 tempore
3145 2791 3352 2846 vivunt.

1710 2924 1920 2980 CAPUT
1962 2925 2045 2980 IV.

1314 3025 1390 3084 De
1424 3023 1656 3086 ultione
1696 3026 1969 3086 secundm
1993 3026 2446 3102 persecutionis.

221 3129 574 3186 Domitianus
612 3128 704 3200 qui
737 3129 924 3199 plures
952 3136 1229 3183 exemerat
1254 3129 1400 3184 arvis
1868 3134 1918 3202 ρ
1947 3129 2159 3184 Elatum
2191 3128 2444 3200 proprias
2474 3127 2963 3199 perscrutabantur
2995 3129 3051 3183 in
3082 3128 3250 3196 aedes,

213 3220 580 3275 Christicolas
604 3219 862 3290 pr0priis,
891 3219 944 3272 in
979 3218 1222 3273 fautores
1251 3218 1366 3273 fera
1396 3220 1560 3275 vertit
1945 3221 2220 3276 Pellentes
2243 3220 2444 3276 misera
2465 3219 2722 3274 vindictae
2752 3220 2874 3294 lege
2902 3227 3192 3291 protervos
3229 3238 3241 3274 :

207 3310 418 3364 iudicii
449 3310 862 3364 decretatrucis
901 3327 916 3373 ;
954 3309 1235 3378 pelluntur
1262 3307 1330 3360 ab
1355 3308 1493 3378 ipsis
1947 3309 2210 3364 Omnibus
2235 3306 2486 3363 infensus
2513 3307 2628 3362 fera
2648 3308 2888 3378 pessima
2914 3308 3277 3369 Domitianus,

209 3401 507 3464 Militibus,
539 3400 667 3472 quis
695 3408 1029 3455 consuerant
1059 3399 1180 3454 οωιί
1215 3398 1435 3473 agmina
1463 3398 1630 3468 pell7:
1947 3402 1987 3454 A
2019 3400 2261 3472 propriis
2292 3399 2512 3454 famulis
2540 3399 2777 3469 ﬁdisque
2809 3409 3131 3470 peremptus
3159 3398 3397 3453 alumnis

211 3486 1844 3560 Irreptantpenetrantquedomos,dominosquelacessunt,
1948 3494 2141 3550 omnia
2165 3495 2408 3550 crudelis
2438 3496 2739 3551 crudeliter
2762 3495 3140 3561 exanimatur;

207 3586 639 3657 Exturbantque
659 3586 776 3640 suis
803 3586 1014 3640 similes
1045 3585 1424 3656 penetralibus
1459 3585 1590 3640 olim
1957 3583 2252 3656 Sandapila
2273 3594 2494 3640 evectus
2516 3601 2737 3656 quoque
2767 3584 3188 3656 vespillonibus,
3211 3590 3372 3637 antro

207 3679 435 3753 Egypti
470 3679 619 3734 ranis
646 3679 912 3750 populum
952 3695 1075 3750 quae
1097 3686 1279 3752 strage
1309 3679 1555 3734 secunda
1955 3677 2212 3750 Turpiter
2242 3680 2776 3755 ingestus,populari
2808 3678 3077 3752 mergitur
3096 3693 3254 3733 urna.

1751 3813 1960 3868 CAPUT
1999 3815 2059 3869 V.

1356 3922 1433 3980 De
1464 3921 1667 3981 reditu
1693 3922 1891 3981 sancti
1917 3920 2174 3982 Joannis
2199 3923 2471 3999 apostoli.

212 4036 348 4089 Post
368 4049 542 4104 quem
565 4031 739 4087 Nerva
758 4047 928 4087 senex
957 4031 1252 4100 Trajanum
1283 4030 1460 4086 lectus
1500 4031 1746 4102 adoptat,
1960 4030 2122 4086 Liber
2149 4031 2217 4086 ab
2237 4031 2430 4086 exsilio
2463 4032 2609 4102 (I71)
2633 4044 2866 4103 magnus
2886 4027 3093 4099 pietate
3118 4025 3361 4080 Joannes

209 4123 678 4194 Participemque
710 4121 838 4177 facit
865 4121 1036 4176 fastus
1067 4139 1082 4187 ;
1117 4126 1402 4175 cassantur
1439 4127 1495 4175 et
1522 4125 1674 4174 actus
1957 4120 2284 4193 Regreditur
2314 4120 2577 4176 doctrinae
2604 4117 2876 4189 Ephesum
2910 4115 3212 4188 repetendo
3234 4113 3572 4169 cathedram.

208 4214 684 4279 Praedecessoris,
717 4211 933 4286 profugi
968 4218 1312 4278 revoCantur,
1339 4227 1516 4284 eaque

1735 4281 1944 4338 CAPUT
1983 4283 2070 4339 Vl.

1276 4387 1352 4445 De
1380 4387 1569 4447 emilio
1599 4405 1660 4446 sa
1674 4395 1947 4446 notorum
1976 4389 2156 4448 Nerei
2185 4395 2236 4446 et
2267 4387 2542 4446 Achillei.

207 4503 466 4558 Athletae
494 4499 716 4568 Christi,
749 4499 1041 4556 Domitillae
1067 4499 1135 4554 ad
1155 4499 1298 4554 bella
1329 4499 1596 4573 magistri,
1881 4502 1938 4570 Ι)
1959 4498 2219 4554 Praefecto
2233 4498 2481 4572 genitum
2515 4497 2542 4548 ‘P
2565 4529 2595 4536 ο-
2617 4496 2747 4562 Quis
2790 4497 2939 4550 hunc
2970 4493 3060 4548 hic
3091 4491 3302 4547 nesciat
3335 4490 3347 4544 ε
3385 4511 3409 4542 ››
3447 4490 3526 4544 Illi
3566 4509 3576 4544 :

207 4595 430 4650 Pontia
451 4593 547 4646 dat
576 4591 780 4663 quibus
810 4592 1134 4662 hospitium.
1175 4591 1306 4646 dum
1343 4606 1573 4645 noscere
1601 4596 1794 4645 curant
1965 4612 1995 4642 (ι
2027 4590 2335 4645 Attribuitis
2365 4589 2490 4643 eine
2521 4587 2686 4644 ﬁdem
2718 4588 2861 4642 Petri
2882 4585 3188 4640 Simonisvc

209 4684 426 4750 Qualis
464 4683 690 4748 humus.
713 4681 871 4750 cuius
891 4680 1020 4735 ﬁdei
1055 4681 1315 4752 qualesve
1345 4680 1550 4744 ϐοιοηὶ,
1967 4686 2146 4741 Laude
2177 4701 2345 4756 super
2377 4683 2404 4735 ?
2425 4715 2486 4722 —
2509 4683 2747 4737 Nimium
2778 4680 2988 4754 rigidus
3009 4678 3348 4750 quicredere
3377 4686 3582 4732 temnnt

210 4782 383 4835 Bella
411 4778 552 4832 viris
582 4779 864 4833 tractanda
895 4778 1001 4849 piis
1030 4784 1175 4831 terra
1206 4775 1427 4847 hospita
1460 4779 1659 4846 portat.
1969 4775 2242 4836 Personae,
2270 4772 2535 4838 referunt,
2564 4778 2746 4836 tantae,
2780 4777 2887 4824 tam
2920 4766 3192 4840 sanguine
3221 4766 3402 4829 clarae,

206 4871 453 4940 Nempe
473 4869 682 4924 scholae
707 4869 948 4924 Simonis
970 4867 1194 4938 quidam
1230 4866 1589 4921 inveniuntur
1633 4863 1867 4919 alumni.
1972 4867 2032 4921 Et
2047 4865 2222 4922 sancti
2245 4882 2257 4918 :
2282 4893 2300 4910 σι
2335 4863 2562 4917 Tantum
2592 4862 2644 4916 id
2674 4860 2910 4933 propriae
2953 4865 3207 4941 praestate
3237 4858 3418 4923 saluti,

206 4967 468 5021 Artibus
494 4964 788 5037 indigenas
816 4963 930 5019 fere
951 4963 1290 5018 subvertisse
1323 4960 1586 5032 profanis,
1973 4957 2012 5009 A
2042 4953 2203 5008 nobis
2229 4951 2417 5023 apices
2446 4951 2624 5006 donec
2649 4943 2942 5020 rapiatque
2974 4947 3243 5018 feratque,

209 5062 388 5117 Falsa
427 5075 534 5132 per
561 5061 795 5114 atracias
824 5061 940 5125 (sic)
959 5063 1332 5112 monstrantes
1359 5055 1516 5128 signa
1537 5052 1764 5126 ﬁguras.
1976 5046 2068 5100 llis
2098 5061 2265 5115 super
2295 5044 2521 5132 istorum
2553 5041 2805 5132 doctrina
2836 5039 3066 5132 avertite
3105 5045 3337 5132 mentes.

208 5125 634 5223 Falleniesque
663 5151 776 5206 Deo
795 5150 1042 5226 genitum
1066 5149 1316 5224 genitore
1348 5125 1691 5219 magistrum.
1975 5137 2150 5226 Atque
2174 5133 2325 5226 prius
2355 5131 2537 5226 nostri
2556 5131 2817 5185 recitetur
2849 5125 3281 5226 epistolanvob‘is,

207 5246 463 5317 proque
488 5216 586 5298 υέί
608 5216 1098 5298 οηειιοέίηιοηεηῖ
1116 5255 1343 5295 suasere
1375 5216 1691 5302 οοῘθῃάωη,
1953 5224 2228 5316 Quolibet
2258 5222 2389 5277 hinc
2417 5222 2511 5276 illa
2539 5228 2775 5317 vestram
2795 5216 3314 5317 gestante-feratur.

202 5335 325 5390 Hos
349 5309 510 5388 dum
542 5331 839 5402 praevalida
867 5331 1040 5386 sancti
1069 5330 1270 5386 virtute
1305 5327 1566 5393 refutant,
1953 5313 2155 5389 Ipsius
2183 5332 2246 5371 ac
2270 5323 2479 5370 vestras
2516 5311 2765 5368 consulta
2795 5311 3052 5384 legantur
3073 5309 3126 5361 in
3161 5321 3340 5360 aures.
3380 5329 3402 5349 ι»

204 5425 493 5484 Castibus
519 5397 757 5490 eﬂ'ultos,
791 5423 1058 5494 pepulum
1088 5421 1357 5476 scitantur
1391 5420 1446 5473 in
1490 5417 1630 5473 ista:
1976 5410 2243 5466 Omnibus
2273 5407 2328 5462 id
2359 5406 2658 5477 placitum;
2690 5404 2943 5459 scribunt
2973 5417 3093 5456 mox
3128 5399 3255 5453 talia
3293 5397 3488 5451 sancti.

213 5547 240 5574 α
272 5520 630 5578 Marcellum
660 5519 838 5574 Marco
869 5518 1124 5590 nunquid
1149 5514 1487 5591 cognoscitis
1511 5512 1665 5568 Urbis
1982 5535 2002 5554 α
2039 5508 2146 5562 Nos
2167 5503 2309 5559 servi
2335 5502 2532 5558 Christi
2571 5502 2700 5557 Jesu
2728 5500 2934 5555 Nereus
2963 5505 3017 5551 et
3039 5494 3314 5549 Achilleus

291 5662 477 5730 (ΓΗ)
509 5658 639 5713 Cod.
678 5657 852 5728 prima
875 5674 1039 5713 manu
1068 5657 1395 5726 gentilium;
1431 5669 1568 5709 corr.
1607 5652 1675 5705 ab
1714 5649 1929 5704 exsilio.

586 5787 866 5850 PATROL.
916 5783 1242 5848 CXXXV.
3193 5759 3271 5820 20
