3974 6146
184 352 286 407 621
822 352 905 406 DE
943 350 1199 407 CHRISTI
1239 350 1600 406 TRIUMPHIS
1642 351 1812 406 APUD
1855 350 2117 406 ITALIAM
2161 349 2336 404 LIBRI
2379 348 2514 404 XIV.
2555 379 2625 389 —
2667 349 2790 403 LIB.
2834 350 2899 404 Il.
3419 349 3525 402 622

186 481 437 536 Posthtec
464 496 495 534 a
523 479 753 535 Domino
775 480 1022 535 munitur
1047 478 1329 551 apostolus
1369 479 1486 534 istis
1839 486 1884 551 Α
1920 499 1940 528 ι
1984 479 2228 533 Victores
2250 475 2316 531 ad
2350 492 2439 530 me
2471 475 2674 546 pariter
2702 475 2980 530 scandetis
3010 475 3064 528 in
3094 485 3266 530 astra:
3312 495 3335 524 ι)

191 574 298 628 Per
320 573 499 627 visum
520 573 704 626 dictis.
753 593 776 622 α
822 573 963 628 Nero
989 572 1110 626 labe
1144 571 1448 642 Simonque
1467 571 1662 642 repleti
1916 570 2025 623 Nec
2046 585 2216 628 mora,
2237 567 2402 630 dicta,
2424 572 2639 636 patent;
2673 566 2895 620 Paulum
2923 566 3014 620 lux
3045 567 3281 621 crastina
3298 566 3526 636 prmbet.

190 689 218 710 κ
259 664 333 717 Te
372 671 562 718 contra
594 662 816 717 fraudes
846 663 1074 737 agitant,
1107 662 1205 716 tibi
1235 662 1330 715 sed
1362 663 1524 716 timor
1543 662 1707 721 absit.
1919 656 1982 710 Ut
2010 655 2115 709 sibi
2142 654 2450 725 conspecti,
2480 661 2603 724 post
2627 671 2749 708 cum
2774 655 2982 710 latrone
3001 655 3303 726 palaestram

189 777 218 803 ιι
263 754 469 824 Nempe
494 769 597 826 ego
620 770 740 807 sum
769 761 947 808 tecum
972 753 1165 807 valida:
1189 753 1495 806 munimine
1519 767 1742 823 parmae,
1918 748 2087 812 Quam
2129 746 2375 812 tulerint,
2406 746 2632 800 Phaebes
2658 754 2868 816 septem
2901 747 3242 803 discursibus
3265 751 3420 815 actis,

191 866 218 894 α
262 847 436 916 Atque
466 845 576 898 mei
599 843 743 898 servi
776 843 874 896 tibi
917 846 987 898 do
1017 842 1211 897 solatia
1243 843 1430 906 Pauli;
1671 843 1820 913 [retis
1919 839 2110 894 Omnia
2139 844 2443 908 praesentes
2483 853 2606 891 cum
2637 852 2734 891 vos
2772 837 2973 891 vidisse
3005 845 3268 908 patescat.

191 958 216 978 ο-
278 931 407 986 Cras
448 933 672 986 Romam
733 931 1063 1005 ingreditur,
1105 946 1321 996 cernes,
1362 930 1684 1002 bellumque
1723 947 1821 1004 ge-
1921 931 2093 986 Futile
2125 929 2378 1001 perspexi
2420 945 2518 984 vos
2557 929 2673 983 haec
2699 936 2806 983 tam
2848 937 2970 984 nota
2991 931 3214 994 docere,

189 1047 216 1071 ‹ι
266 1023 513 1078 Perversi
553 1031 742 1078 contra
773 1023 1010 1076 Simonis
1038 1021 1277 1076 ludibria
1300 1023 1474 1094 nigra.
1666 1021 1818 1092 [mis,
1921 1021 2049 1075 Cum
2089 1019 2253 1074 Linus
2283 1020 2408 1073 ane
2441 1017 2698 1073 Ecclesia:
2730 1033 2984 1072 sermone
3017 1019 3247 1092 Pelasgo

189 1139 216 1166 ι
269 1120 440 1182 Quem
476 1116 679 1192 Stygiis
713 1107 1005 1188 postquam
1046 1114 1250 1168 dabitis
1280 1114 1385 1168 sub
1431 1121 1629 1169 tartara
1663 1114 1818 1168 flam-
1920 1113 2121 1168 Horum
2149 1111 2481 1182 conspicuos
2505 1109 2773 1164 bellorum
2799 1109 3062 1165 evolverit
3092 1118 3244 1165 actus

1680 1247 1886 1302 CAPUT
1929 1248 2064 1303 VIII.

1491 1349 1570 1408 De
1608 1357 1819 1408 sancta
1864 1349 2220 1408 Petronilia.

191 1477 223 1506 α
266 1458 343 1510 De
371 1455 580 1512 domini
612 1456 754 1510 Petri
784 1457 1078 1513 Petronilla
1119 1458 1271 1528 prole
1302 1457 1480 1513 beata.
1918 1456 2081 1530 Virgo
2111 1456 2228 1522 Dei,
2251 1457 2428 1527 patrio
2458 1456 2595 1512 lucis
2626 1461 2906 1527 praecauta
2936 1453 3151 1509 favore:

189 1551 325 1621 Ejus
362 1567 472 1623 quo
503 1552 664 1606 fuerit
689 1553 995 1608 certamine
1019 1562 1164 1608 meta
1204 1553 1377 1608 labori
1929 1569 1950 1595 α
1993 1548 2212 1601 Armato
2240 1546 2418 1602 focilis
2439 1561 2619 1602 cuneo
2661 1546 2804 1617 petis
2834 1552 2986 1600 antra
3017 1545 3211 1616 puellae
3231 1545 3260 1598 *Ρ

189 1643 390 1698 Paucis
418 1643 707 1714 expediam
729 1644 937 1712 jussus,
968 1661 1092 1716 quae
1123 1645 1324 1700 clinica
1363 1644 1507 1700 facta
1533 1651 1634 1700 est.
1921 1659 1942 1679 ο·
1991 1634 2045 1687 Si
2075 1651 2162 1688 me
2206 1633 2468 1706 legitimis
2499 1635 2596 1689 tibi
2629 1635 2711 1690 Vis
2740 1635 3076 1707 cenjungerc
3108 1634 3287 1699 “ﬁdis,

192 1734 258 1788 Ut
291 1734 489 1798 nostis,
521 1749 619 1803 pro
649 1733 789 1788 velle
817 1734 1009 1800 Patris,
1044 1735 1299 1806 interque
1327 1733 1496 1789 fuisse
1929 1750 1951 1776 «
1999 1729 2292 1798 Matronas,
2323 1729 2470 1784 clara
2497 1745 2720 1801 quoque
2749 1729 3061 1802 virginitate
3101 1730 3331 1799 puellas.

192 1825 308 1881 Vos
349 1825 576 1879 memini
609 1825 814 1896 plures,
842 1827 988 1898 apud
1029 1827 1177 1882 hunc
1202 1843 1326 1883 cum
1356 1827 1749 1898 discipulorum
1847 1852 1896 1919 Β
1927 1841 1952 1872 α
1997 1822 2124 1878 Post
2147 1831 2258 1878 tres
2284 1823 2440 1878 mitte
2458 1823 2602 1890 dies,
2628 1839 2751 1878 cum
2775 1823 2935 1894 queis
2953 1831 3043 1877 tua
3065 1824 3268 1877 muenia
3285 1823 3474 1877 visam.
3511 1845 3533 1872 ››

194 1913 440 1968 Prandia
454 1921 716 1969 consuete
744 1914 968 1987 gemina
988 1931 1316 1985 caperemus
1345 1915 1414 1969 ab
1445 1930 1593 1980 esca,
1847 1913 1890 1919 ’”
1923 1913 2158 1969 Obtento
2189 1915 2344 1990 virgo
2376 1916 2480 1970 hoc
2515 1915 2716 1986 spatio,
2756 1915 2970 1970 virtutis
3009 1916 3220 1971 honore

191 2001 335 2056 Dum
372 2002 753 2072 prandendum
786 2003 930 2056 inter
966 2003 1243 2058 seniorem
1279 2004 1350 2057 ita
1383 2003 1530 2057 Titus
1558 2002 1817 2056 adorsus:
1923 2002 2057 2057 Sese
2088 2005 2404 2074 prtemunit,
2445 2005 2720 2076 castisque
2751 2005 3056 2060 modilibus
3093 2013 3269 2069 ornat,

196 2115 212 2138 -
265 2090 402 2145 Cum
435 2107 533 2161 per
572 2098 623 2145 te
651 2092 831 2146 cuncti
874 2092 1080 2147 morbis
1115 2099 1438 2165 vegetentur
1466 2091 1673 2146 anheli.
1923 2095 2218 2152 Continuas
2246 2113 2411 2152 orans
2435 2099 2648 2168 jejunia
2679 2099 2829 2154 ducit
2860 2099 2914 2152 in
2943 2100 3128 2154 horas.

188 2203 216 2233 α
262 2181 371 2236 Cur
400 2181 697 2254 paralytica
732 2183 1032 2258 negligitur
1058 2183 1352 2239 Petronilla
1384 2181 1616 2252 jacere?
1919 2186 2174 2259 Iungitur
2212 2187 2340 2243 huic
2370 2189 2584 2243 Domini
2614 2189 2850 2244 Felicula
2881 2190 3026 2244 clara
3058 2190 3255 2244 timore
3295 2215 3304 2228 -

182 2302 255 2310 —
289 2298 305 2318 ⁶
359 2271 604 2342 Εκρθάίῐν
640 2271 838 2343 inquit.
871 2272 922 2326 εἰ
947 2271 1157 2338 Petrus;
1191 2271 1287 2326 sed
1315 2287 1382 2325 ΠΟ
1424 2271 1712 2326 Videam“?
1920 2279 2090 2351 Hujus
2109 2287 2260 2353 grata
2285 2297 2474 2337 comes
2503 2298 2604 2336 ceu
2637 2282 2975 2337 collactanea
3003 2282 3180 2356 virgo.

185 2381 216 2408 α
260 2359 537 2414 Excusare
557 2359 957 2430 impossibilem
988 2374 1244 2414 sermone
1272 2359 1566 2422 medelam,
1917 2367 2098 2422 Tertia
2126 2369 2218 2424 lux
2258 2371 2423 2426 rutilo
2463 2371 2757 2445 spargebat
2789 2371 3004 2430 lumina
3029 2379 3222 2435 terras,

187 2471 210 2493 ι
257 2449 460 2522 Surge,
487 2464 620 2519 rape
640 2447 1448 2515 officiumceleris,Petronilla,
1470 2448 1756 2503 ministrae.
1789 2471 1814 2496 »ι
1920 2455 1981 2510 Et
2018 2456 2330 2513 Nicomedis
2351 2459 2505 2514 adest
2533 2459 2847 2515 Petronilite
2889 2461 3198 2532 presbyter,
3230 2468 3395 2531 atque

185 2540 378 2614 Surgit
409 2548 465 2594 at
491 2541 606 2596 haec
625 2541 780 2613 virgo
809 2540 1104 2596 incolumis
1129 2541 1495 2616 gaudensque
1513 2541 1816 2604 ministrat;
1921 2547 2086 2603 Sacra
2119 2550 2209 2620 pio
2238 2550 2479 2606 celebrat
2502 2553 2608 2606 ritu
2637 2552 2894 2624 mysteria
2927 2552 3145 2608 Christi.

185 2633 477 2706 Obsequio
505 2633 762 2705 explicito
787 2633 1072 2705 prOprium
1105 2634 1173 2688 de
1205 2649 1359 2689 more
1386 2633 1676 2708 grabatum
1922 2639 2086 2712 Virgo
2118 2640 2213 2695 ubi
2242 2640 2484 2696 ctelestis
2521 2642 2711 2698 divino
2744 2659 2970 2698 munere
3003 2651 3178 2714 pasta,

186 2724 515 2795 Przecipitur
551 2731 812 2794 repetens
838 2722 1003 2778 solito
1044 2723 1309 2795 languore
1341 2730 1645 2796 gravescat.
1927 2731 2183 2786 Aversata
2209 2739 2409 2799 torum,
2441 2734 2740 2809 astrigeros
2767 2736 3092 2790 conscendit
3131 2737 3185 2790 in
3215 2753 3367 2792 axes.

185 2817 324 2881 Quae
365 2823 656 2886 postquam
677 2831 801 2870 esse
834 2815 926 2869 Dei
967 2815 1136 2885 cmpit
1178 2814 1424 2886 perfecto
1449 2815 1646 2870 timore
1927 2820 2288 2894 Contigitast,
2321 2823 2533 2879 Domini
2565 2825 2694 2881 divo
2725 2827 3100 2882 moderamine
3128 2835 3362 2898 gestum,

185 2905 413 2976 Optime
446 2919 578 2958 sana
607 2903 777 2976 viget,
813 2903 1037 2958 morbos
1079 2903 1211 2975 quin
1254 2903 1507 2975 pluribus
1545 2912 1712 2960 arcet.
1931 2909 1993 2964 Ut
2033 2911 2236 2966 chorus
2259 2913 2522 2985 innuptus
2550 2922 3032 2986 matronarumque
3063 2922 3278 2972 caterva

189 2996 319 3052 Παῖς
359 2996 626 3068 quoniam
658 2994 795 3050 facie
836 2995 1067 3050 nimium
1100 2996 1354 3066 speciosa
1387 2995 1616 3060 nitebat,
1928 2997 1968 3050 A
1996 2998 2189 3056 Flacco
2216 3002 2285 3057 ad
2316 3005 2504 3069 taedas,
2537 3020 2568 3058 a
2590 3004 2799 3060 Christo
2826 3005 2894 3058 ad
2921 3006 3115 3059 funera
3145 3005 3328 3068 ducta,

190 3091 423 3147 Flaccus
462 3107 580 3145 eam
615 3106 802 3146 comes
840 3106 1066 3145 uxorem
1107 3091 1158 3145 vi
1201 3092 1405 3146 ducere
1439 3099 1643 3156 tentat;
1926 3090 2166 3164 Virginis
2195 3093 2389 3149 illustri
2419 3095 2711 3166 exsequias
2737 3094 3042 3151 celebraret
3081 3096 3308 3152 honore.

188 3182 366 3246 Quem
399 3197 527 3236 cum
558 3179 828 3236 militibus
867 3179 1182 3236 venientem
1226 3181 1298 3238 ita
1325 3181 1464 3236 ludit
1504 3189 1557 3237 et
1589 3180 1759 3236 armis

1700 3319 1907 3372 CAPUT
1948 3320 2032 3374 ΙΧ.

1541 3426 1616 3485 De
1657 3435 1868 3485 sancta
1913 3427 2198 3486 Felicula.

192 3563 214 3583 -
261 3539 332 3591 At
361 3549 575 3601 comes,
617 3540 870 3588 avertens
898 3531 1168 3600 animum,
1194 3532 1390 3588 solatia
1421 3531 1613 3587 saltem
1853 3540 1902 3604 (j
1929 3533 2304 3603 Hebdomada,
2329 3537 2559 3609 impuris
2589 3537 2817 3594 minime
2844 3540 3107 3596 suadetur
3136 3557 3329 3598 eorum

188 3628 440 3702 Virginis
467 3641 732 3697 usurpare
773 3626 925 3696 petit,
972 3645 995 3673 «
1041 3623 1302 3690 Felicula,
1335 3625 1556 3691 dicens,
1929 3623 2181 3680 Serviliis
2219 3625 2393 3681 libare
2422 3627 2640 3694 cibum;
2675 3629 3036 3700 suspenditur
3057 3647 3189 3706 ergo

195 3744 216 3771 ε
269 3720 468 3776 Rebus
505 3719 572 3773 de
603 3718 842 3792 geminis
870 3717 970 3772 tibi
1003 3716 1185 3790 delige
1212 3717 1516 3788 quamlibet
1555 3733 1755 3782 unam;
1927 3712 2252 3780 Tormentis,
2285 3715 2627 3787 clamatque:
2673 3738 2699 3764 «
2740 3717 2921 3772 Meum
2945 3720 3109 3774 modo
3139 3735 3369 3774 cernere
3399 3720 3543 3790 ccepi

189 3840 214 3861 ιι
263 3817 512 3868 Autmea
551 3811 628 3866 sis
648 3811 868 3879 conjux,
898 3818 990 3865 aut
1020 3810 1106 3864 dis
1140 3809 1403 3864 libamina
1435 3810 1607 3865 tunde
1630 3831 1684 3864 ι).
1933 3832 1957 3855 α
2001 3809 2257 3865 Sobrium
2291 3819 2591 3867 amatorem
2637 3812 2930 3880 Christum,
2978 3829 3133 3872 meus
3173 3821 3256 3870 est
3291 3829 3447 3868 amor
3491 3815 3545 3868 in

190 3905 327 3960 llla:
378 3925 399 3953 ι
451 3903 561 3958 Nec
589 3915 725 3956 uxor
750 3907 973 3968 erotua,
1000 3916 1119 3954 sum
1153 3899 1281 3970 quia
1308 3915 1462 3953 sacra
1493 3898 1748 3965 Tonanti,
2844 3965 2856 3977 ο
3319 3901 3448 3974 [quo

192 4020 218 4041 ο.
263 3993 384 4048 Nec
412 3991 598 4046 libabo
625 3989 767 4055 deis,
789 3989 919 4060 quia
947 4004 1065 4042 sum
1098 3987 1394 4043 vernacula
1428 3987 1647 4041 Christi.
1695 4008 1717 4036 ι
1935 4012 1960 4038 α
2004 3991 2190 4058 Fixus;
2220 3999 2273 4046 at
2303 3992 2536 4048 hostiles
2567 3993 2826 4048 frendent
2857 3992 3236 4065 blaterantque
3269 3993 3544 4048 ministri:

192 4083 460 4140 Carniﬁci
493 4083 716 4139 Flaccus
752 4081 1115 4153 torquendam
1157 4081 1323 4134 tradit
1348 4081 1542 4147 atroci,
1937 4100 1960 4128 ‹‹
2004 4079 2380 4136 Christicolam
2414 4091 2467 4138 te
2509 4089 2561 4138 te
2600 4099 2722 4138 esse
2747 4099 2906 4158 nega.
2943 4097 3252 4156 pergcsque
3277 4081 3474 4137 soluta.
3523 4103 3543 4130 ι

193 4175 429 4232 Mandat
471 4182 524 4228 et
552 4173 760 4229 includi
790 4172 1067 4228 tenebrosi
1095 4171 1149 4225 in
1180 4171 1414 4226 claustra
1454 4170 1678 4235 cubilis,
1934 4169 2168 4226 Clamat:
2215 4194 2243 4224 (ι
2283 4176 2615 4240 Amatorem,
2652 4174 2798 4238 felix,
2843 4190 3125 4246 nunquam
3158 4190 3277 4245 ipsa
3334 4173 3550 4248 negabo

197 4269 504 4342 Linquitur
522 4269 612 4323 hic
643 4274 856 4339 septem
886 4267 1092 4338 absque
1115 4265 1240 4321 cibo
1264 4272 1510 4337 perstare
1538 4263 1756 4320 diebus.
1940 4284 1963 4314 α
2005 4262 2168 4334 Capta
2191 4283 2396 4334 meum,
2421 4283 2508 4321 me
2537 4268 2607 4322 sit
2637 4275 2864 4338 propter
2879 4265 3146 4321 cumfelle
3172 4266 3407 4333 cibatus,

197 4356 260 4409 In
278 4370 455 4427 quam
473 4355 764 4411 custodum
786 4353 1268 4426 perflanthujusce
1299 4353 1502 4408 maritae
1533 4371 1545 4406 :
1936 4376 1960 4399 ιι
2005 4358 2176 4426 Atque
2207 4364 2502 4412 coronatus
2531 4355 2728 4426 spinis,
2755 4363 2976 4427 potatus
3007 4363 3184 4423 aceto,

202 4467 225 4496 ι
273 4443 430 4500 Heu!
463 4461 560 4500 cur
586 4453 761 4502 morte
802 4445 944 4500 mala
983 4460 1247 4517 properas
1277 4443 1546 4499 decedere
1573 4440 1726 4497 vita?
1936 4471 1960 4494 ι
2003 4446 2322 4520 At‘tixusque
2346 4449 2514 4504 cruci.
2563 4473 2588 4495 ι»
2629 4448 2757 4504 Post
2788 4449 2906 4504 haec
2925 4449 3275 4504 sanctissima
3295 4448 3482 4514 verba,

199 4565 228 4591 ι
272 4541 635 4596 Sumevirum
652 4538 1831 4611 celebremjuvenemqueetrebusopimum,
1939 4539 2204 4594 Sordibus
2234 4541 2476 4608 injicitur
2492 4556 2704 4612 spurca:
2741 4549 3018 4612 vastaeque
3049 4541 3271 4608 cloacae,

200 4660 228 4680 αι
276 4633 629 4700 Formosum,
671 4633 1039 4704 comitemque
1080 4639 1364 4702 potentem
1406 4637 1461 4684 et
1511 4629 1658 4703 regis
1697 4628 1840 4683 ami-
1940 4630 2158 4702 Hacque
2189 4631 2337 4702 capit
2366 4640 2513 4687 meta
2542 4631 2666 4687 cceli
2696 4631 2935 4687 Felicula
2966 4647 3154 4705 regna.

1526 4718 1690 4789 [cum
1740 4741 1764 4762 η
1942 4725 2000 4778 In
2017 4725 2259 4795 speculis
2290 4725 2502 4795 positus
2537 4725 2853 4780 Nicomedis
2884 4734 2943 4779 ut
2972 4723 3171 4795 aspicit
3202 4723 3414 4788 istlizec,

203 4835 306 4890 Illa
342 4833 691 4888 nihilcontra
717 4833 822 4886 nisi
853 4839 1064 4886 tantum
1090 4831 1205 4885 ltzec
1238 4829 1404 4885 edere
1435 4835 1622 4884 curat:

1857 4879 1909 4890 _
1943 4815 2110 4870 Nocte
2130 4817 2289 4885 venit
2308 4815 2493 4881 tacita,
2526 4814 2864 4886 rapiensque
2893 4831 3006 4869 suae
3028 4831 3153 4870 ossa
3180 4813 3415 4877 casellw,

206 4945 232 4974 ε
277 4923 449 4996 Virgo
467 4921 693 4990 quidem
721 4921 920 4976 Christi
950 4937 1093 4987 sum,
1127 4919 1336 4974 nullum
1361 4925 1561 4990 praeter
1583 4916 1775 4972 eumde

1662 4879 1918 4972 mdemD
1945 4906 2227 4962 Curriculo
2261 4881 2433 4975 ducit,
2468 4879 2887 4977 conditque-via
2919 4906 3231 4972 Ardeatina,

202 5040 226 5053 ν
277 5011 525 5067 Omnino
553 5009 787 5080 accipio.
838 5036 854 5057 -
900 5009 1073 5064 Vestae
1105 5015 1227 5080 post
1257 5008 1419 5062 ducta
1460 5005 1696 5063 iovenda
1948 4999 2090 5055 Urbe
2118 5001 2309 5071 procul
2340 5009 2550 5070 septem
2586 4998 2700 5054 fere
2723 4999 2992 5054 millibus.
3016 4999 3143 5068 Ejus
3173 4998 3382 5052 ibidem

199 5102 552 5177 Virginibus,
580 5102 830 5175 gaudens
854 5099 963 5156 alia
983 5101 1183 5156 durare
1212 5100 1334 5156 sine
1364 5115 1490 5155 esca
1940 5093 2292 5150 Fructiticant
2325 5092 2393 5146 ad
2418 5100 2545 5147 vota
2576 5107 2768 5162 preces
2799 5101 2925 5162 post
2955 5098 3205 5161 tempore
3232 5095 3452 5144 cuncto.

1736 5217 1944 5274 CAPUT
1997 5217 2058 5271 X.

1559 5322 1636 5380 De
1676 5328 1882 5380 sancto
1924 5316 2263 5380 Nicomede.

288 5465 313 5486 α
359 5439 686 5494 Audiithaec
715 5437 938 5493 Flaccus
967 5444 1158 5493 sancto
1201 5454 1232 5492 a
1263 5437 1558 5493 Nicomede
1600 5442 1844 5508 patrata:
1952 5458 1978 5481 ‹‹
2021 5433 2122 5500 Qui
2156 5434 2389 5505 imperat
2417 5431 2471 5487 in
2503 5431 2680 5496 ccelis,
2709 5429 2854 5486 saxis
2886 5443 2994 5484 non
3015 5441 3146 5498 ergo
3177 5424 3371 5492 litabo,

209 5533 491 5603 Iluncque
517 5532 587 5586 ad
628 5547 783 5586 sacra
817 5531 939 5602 capi
973 5531 1388 5600 taciens,jubct
1425 5530 1674 5586 immolet
1717 5528 1846 5583 aris.
1953 5553 1977 5574 ο-
2021 5530 2149 5592 Qua
2196 5525 2416 5596 templis
2449 5523 2603 5596 quasi
2654 5520 2972 5578 carceribus
3013 5516 3345 5571 clauduntur
3375 5524 3430 5570 et
3468 5530 3570 5568 an-

205 5625 451 5680 Sanctus
498 5624 570 5679 ad
604 5624 752 5679 haec:
797 5645 824 5676 α
866 5623 978 5697 Ego
1004 5621 1272 5696 lsacriiico
1317 5623 1550 5678 Domino
1589 5621 1852 5692 omnipo-
3288 5611 3427 5681 (tris.
3469 5629 3493 5658 »

1622 5713 1779 5784 [tenti
1955 5713 2078 5768 Haec
2106 5718 2162 5766 et
2188 5712 2346 5782 plura
2377 5710 2583 5774 ferens,
2611 5708 2840 5780 plumbo
2856 5705 3171 5761 diutissime
3201 5719 3396 5770 caesus,
