3958 6158
459 344 564 399 6'23
1223 341 1593 398 FLODOARDI
1639 344 1941 400 CANONICI
1985 342 2314 399 REMENSIS
2352 340 2688 396 OPUSCULA
2729 339 3040 395 METRICA.
3687 342 3782 394 62$

456 471 638 526 Evolat
665 470 734 524 ad
752 469 1070 535 Dominum;
1101 471 1284 526 Tiberi
1319 472 1410 542 pia
1441 474 1690 528 membra
1720 474 1989 530 feruntur.
2093 481 2141 544 Α
2169 471 2337 542 lnque
2370 470 2456 524 via
2473 470 2810 525 Nomentana
2840 470 2982 524 locat
3011 484 3134 525 ossa
3161 469 3353 532 beata;

452 564 691 617 Clericus
719 562 897 633 ipsius
918 562 1074 618 factis
1106 570 1159 616 et
1183 564 1408 618 nomine
1429 565 1613 632 justus
2170 567 2378 636 Hicque
2419 567 2591 620 Deum
2615 574 2834 620 orantes
2865 573 3103 636 poscunt
3123 583 3242 636 quae
3270 567 3436 640 digna
3467 572 3758 620 merentur

453 651 620 705 Undis
647 651 893 720 eripiens
921 666 1124 720 corpus
1151 652 1404 721 producit
1433 653 1500 706 ad
1541 654 1759 708 hortum
2061 728 2067 733 I
2169 659 2418 730 Martyris
2438 659 2671 715 obtentu
2704 660 2847 731 passi
2879 675 2981 730 pro
3008 660 3226 715 nomine
3259 660 3476 714 Christi.

450 745 508 798 lu
539 745 721 800 biroto
750 744 1061 816 proprium,
1095 753 1150 799 et
1171 746 1382 802 tumulo
1413 761 1587 818 prape
1614 747 1821 803 moenia
1851 748 2061 816 condit,
2168 749 2299 806 Cum
2331 751 2490 807 Patre
2513 751 2609 824 qui
2630 767 2850 823 semper
2863 758 3055 807 sancto
3085 758 3138 806 et
3165 751 3476 823 Spiramine
3506 756 3733 825 regnat.
3761 770 3779 798 ιδ

1968 882 2178 939 CAPUT
2217 885 2282 939 XI

1431 984 1508 1043 De
1536 985 1834 1060 martyrio
1869 993 2219 1045 sanctorum
2249 987 2428 1045 Nerei
2454 995 2507 1045 et
2536 987 2814 1047 Achillei.

454 1095 542 1150 llis
572 1097 646 1152 ita
675 1097 946 1162 decursis.
987 1099 1104 1154 hzec
1136 1099 1515 1154 rescribuntur
1544 1099 1612 1154 ad
1646 1099 1780 1154 ista:
2169 1099 2472 1172 Suppliciis
2496 1101 2724 1166 dantur;
2757 1117 2898 1173 quos
2931 1099 3104 1156 Rufus
3320 1101 3445 1174 igne
3463 1099 3618 1168 (172)

451 1189 683 1260 Entyces
703 1190 1014 1245 Victorinus
1048 1192 1220 1246 Marco
1239 1191 1306 1246 ad
1339 1191 1523 1246 omnia
1543 1191 1706 1245 servi.
2169 1198 2457 1268 Appensos
2488 1198 2742 1253 crucians
2771 1197 2997 1252 molitur
3025 1213 3222 1271 cogere
3253 1197 3455 1260 sacris;

452 1278 558 1344 Qui
584 1279 796 1334 Domini
819 1280 949 1334 Jesu
979 1280 1233 1335 Marcello
1268 1289 1570 1353 grammata
1590 1272 1757 1333 missa
2169 1288 2417 1361 Dumque
2444 1289 2682 1345 fatentur
2700 1289 3005 1361 apostolico
3036 1288 3364 1360 baptismate
3395 1289 3543 1343 lotos

453 1370 652 1424 δίοῐιιδ
679 1378 948 1425 venerunt
981 1371 1216 1436 εθηαιίες
1260 1371 1485 1444 triginta
1524 1370 1644 1425 dies
1671 1371 1780 1437 jam
2169 1377 2327 1432 Nulla
2350 1395 2592 1450 unquam
2626 1394 2687 1433 se
2725 1377 3080 1448 sculptilibus
3111 1378 3323 1432 ratione
3347 1378 3529 1440 litare,

449 1458 798 1514 Transierant
829 1467 1119 1532 postquam
1155 1461 1224 1514 ad
1255 1463 1504 1515 meritam
1537 1475 1738 1514 venere
1779 1473 2061 1514 coronam.
2167 1466 2348 1520 Puniti
2372 1467 2574 1522 mulcta
2603 1467 2801 1538 capitis
2840 1482 3010 1537 super
3040 1472 3184 1520 astra
3216 1466 3503 1520 recedunt.

452 1553 630 1627 lflavia
661 1554 921 1624 praeclara
949 1562 1004 1609 et
1035 1555 1248 1610 Christo
1280 1554 1623 1610 vinctissima
1649 1554 1826 1626 virgo,
2174 1556 2465 1626 Auspicius
2497 1572 2728 1627 quorum
2761 1556 2943 1627 rapuit
2975 1571 3129 1610 sacra
3162 1570 3391 1624 corpora
3423 1561 3622 1620 noctu,

453 1644 618 1697 Docta
650 1660 748 1713 per
767 1644 1054 1699 eunuchos
1074 1645 1246 1698 Nerea
1285 1651 1340 1699 et
1369 1643 1624 1698 Achillea
1653 1643 1833 1697 claros
2174 1645 2490 1716 Discipulus
2511 1646 2661 1713 felix,
2693 1663 2804 1718 quo
2837 1646 3017 1700 Flavia
3045 1645 3214 1700 crevit
3253 1646 3498 1699 alumno.

452 1735 616 1807 Virgo
649 1752 891 1801 manere,
927 1736 1035 1790 Deo
1061 1752 1323 1806 supremo
1349 1736 1576 1790 credere
1605 1735 1821 1790 Christo
2175 1737 2550 1809 Naviculaque
2582 1738 2791 1793 vehens
2821 1737 3111 1793 Domitillae
3137 1737 3192 1791 in
3224 1737 3425 1807 praedia
3443 1736 3630 1798 duxit,

452 1823 677 1891 Ubjecto
705 1825 837 1879 Jesu
871 1824 1031 1880 titulo
1064 1825 1170 1878 sibi
1203 1824 1469 1892 nominis,
1500 1825 1678 1879 isthuc
2175 1828 2248 1881 Ac
2278 1835 2483 1883 sanctae
2508 1829 2662 1897 juxta
2679 1828 2992 1884 Petronillze
3023 1827 3182 1882 busta
3212 1827 3433 1892 locavit,

451 1918 713 1971 Truditur
741 1916 811 1970 ab
844 1931 1071 1987 sponso,
1104 1932 1269 1987 quem
1292 1923 1612 1986 tempserat,
1645 1915 1966 1979 Aureliano;
2106 1953 2155 2020 B
2176 1917 2321 1971 Mille
2355 1925 2410 1972 et
2431 1918 2750 1990 quingentis
2775 1917 3036 1972 distantia
3066 1915 3318 1987 passibus
3347 1915 3516 1981 Urbe,

455 2007 667 2079 Quique
690 2024 932 2078 sequens
961 2011 1343 2063 cunuchorum
1376 2015 1587 2061 tentare
1619 2007 1837 2077 piorum
2109 2007 2154 2020 υ
2181 2007 2310 2072 Quae
2341 2023 2462 2073 nos,
2496 2009 2750 2079 Auspicio
2783 2014 3060 2073 narrante,
3094 2007 3412 2076 accepimus
3442 2014 3589 2060 acta.

458 2102 787 2174 Aggreditur
813 2110 1077 2168 mentem,
1109 2119 1208 2172 per
1232 2118 1330 2158 eos
1359 2102 1462 2156 sibi
1497 2102 1728 2177 virginis
1753 2109 1954 2173 Optans
2183 2102 2395 2156 Floreat
2424 2117 2556 2176 ergo
2579 2108 2686 2156 tute
2717 2101 2881 2157 nobis
2908 2101 3134 2156 dilectio
3165 2116 3333 2164 curre,

458 2192 761 2247 Conciliare
780 2193 1064 2247 animum:
1097 2201 1428 2263 spernentes
1459 2210 1688 2248 munera
1719 2194 1891 2248 sancti
2183 2193 2512 2265 Mittereque
2551 2194 2827 2250 acceleres
2854 2194 2947 2265 qui
2983 2192 3146 2248 nobis
3161 2200 3342 2247 vestra
3376 2191 3617 2257 revelet,

459 2286 513 2336 lu
545 2283 757 2338 Christo
789 2283 1005 2338 tirmare
1037 2283 1200 2339 ﬁdem
1233 2285 1496 2339 studuere
1529 2284 1764 2355 puellae;
2188 2281 2380 2337 Nostra
2407 2282 2530 2346 tibi,
2564 2283 2803 2337 fraterna
2832 2283 2979 2336 salus
3009 2281 3246 2336 illustret
3275 2289 3568 2351 utrosque,

459 2371 609 2426 Unde
635 2372 904 2426 attrectati
939 2388 1039 2442 per
1067 2387 1331 2442 sponsum
1374 2371 1608 2427 verbere
1639 2373 1760 2427 diro
2191 2369 2390 2425 Laztior
2427 2370 2654 2426 affectus
2681 2371 2964 2442 tripotenti
2988 2371 3109 2426 luce
3137 2375 3405 2424 coruscet.

462 2462 700 2534 Depositi
729 2463 1102 2529 Terracinam,
1137 2462 1388 2534 Rufoque
1421 2463 1656 2519 necandi

1965 2534 2174 2590 CAPUT
2217 2534 2327 2588 ΧΠ.

1420 2635 1499 2694 De
1523 2638 1750 2696 sanctis
1781 2635 2065 2712 Eutyche,
2114 2636 2410 2695 Victorino
2440 2644 2493 2695 et
2521 2636 2828 2698 Seuerino.

466 2748 717 2805 lndiculo
747 2749 850 2804 hoc
880 2754 1125 2817 sumpto,
1157 2747 1394 2802 Marcum
1420 2747 1709 2803 Marcellus
1739 2749 1805 2802 ad
1839 2748 1989 2819 ipsos
2192 2748 2414 2803 invidus
2434 2765 2566 2823 ergo
2592 2750 2724 2806 boni
2744 2757 2984 2806 mentem
3015 2751 3186 2822 replet
3207 2751 3526 2816 Aureliani;

462 2841 792 2896 Germanum
810 2841 976 2895 mittit
1005 2839 1123 2912 qui,
1156 2839 1571 2895 confessoribus
1596 2856 1743 2895 anno
2191 2839 2455 2915 Erigitira
2485 2842 2721 2906 animos,
2751 2850 2987 2898 tortores
3015 2842 3230 2897 mittere
3259 2842 3479 2907 suadet,

463 2933 592 2988 Cum
621 2933 828 2988 sanctis
859 2932 1071 3000 habito,
1100 2931 1343 2998 rediens,
1371 2933 1472 2987 hos
1493 2933 1738 3004 prodidit
1768 2939 1942 2988 actus.
2192 2931 2466 3005 Legantur
2493 2933 2624 2987 lanii
2659 2933 2836 2989 varias
2867 2934 3119 3006 infligere
3144 2950 3362 3006 ptenas;

463 3028 598 3081 Dum
623 3036 745 3096 post
775 3026 1096 3098 martyrium
1137 3026 1297 3081 Nerei
1329 3025 1625 3098 fratrisque
1657 3035 1941 3097 peractum
2193 3023 2433 3079 Caeditur
2464 3025 2737 3096 Eutycbes
2765 3033 2878 3081 tota
2910 3032 3195 3096 spectante
3223 3025 3428 3095 platea.

465 3115 790 3170 Aurelianus
815 3115 928 3188 agit
959 3113 1250 3169 Domitillae
1284 3129 1512 3168 assensa
1551 3114 1768 3181 subire;
2122 3143 2170 3209 η
2192 3110 2328 3166 Dum
2359 3115 2498 3184 petit
2527 3115 2823 3169 aetheream
2852 3129 3010 3168 mens
3037 3112 3223 3167 sedem
3241 3111 3415 3185 flagra
3441 3111 3817 3200 triumphans,

466 3207 650 3261 Audiit
681 3208 823 3261 hanc
854 3206 1048 3261 eadem
1082 3205 1245 3259 dictis
1276 3206 1554 3260 consortia
1585 3206 1813 3272 sanctis,
2195 3204 2428 3261 Devotus
2453 3207 2623 3279 digno
2656 3206 2959 3262 temnentia
2999 3206 3245 3260 membra
3273 3205 3532 3258 lanistam

466 3297 728 3370 Jungere.
763 3303 1003 3350 sacrarat
1026 3310 1150 3366 quae
1186 3295 1618 3366 praeceptoribus
1647 3297 1801 3360 olim,
2192 3292 2440 3363 Eripiens
2467 3295 2709 3366 populus
2734 3302 2994 3365 properat
3021 3293 3303 3349 cumulare
3334 3293 3567 3355 decore,

473 3385 780 3456 Donarique
812 3385 948 3456 petit
977 3384 1083 3438 sibi
1110 3400 1249 3456 quos
1275 3401 1304 3439 a
1337 3385 1586 3456 principe
1607 3387 1800 3453 Nerva,
2191 3385 2586 3458 Sacratumque
2609 3403 2777 3457 super
2799 3385 3011 3441 Christo
3031 3392 3182 3456 parat
3212 3386 3380 3439 edere
3412 3381 3716 3455 templum.

471 3478 650 3532 Sacris
670 3478 716 3532 si
747 3476 1000 3551 fugerent
1030 3477 1339 3532 simulacris
1369 3478 1702 3533 sacrificare.
2192 3477 2420 3533 Mittitur
2447 3495 2772 3550 oppressum
2803 3495 2951 3534 δωνο
2975 3486 3196 3553 turgere
3224 3478 3503 3531 Maronem

469 3569 596 3635 llos,
629 3571 758 3624 dum
783 3570 1082 3640 persistunt
1112 3570 1295 3625 animo
1319 3571 1521 3626 durare
1552 3572 1718 3636 virili,
2189 3568 2422 3644 Turgius
2465 3570 2705 3637 inﬂatus,
2736 3587 2868 3626 saxo
2897 3571 2991 3642 qui
3023 3579 3267 3624 sternere
3303 3569 3488 3622 nitens

466 3663 858 3736 Carnificisque
891 3665 1066 3720 minas
1094 3672 1222 3720 voto
1253 3665 1466 3720 calcare
1493 3666 1664 3730 fideli,
2191 3661 2361 3726 Quem
2395 3673 2601 3719 terrore
2630 3664 2850 3735 nequit;
2889 3661 3199 3736 praegrandi
3225 3661 3475 3731 pondere
3504 3676 3710 3732 rupem

465 3752 567 3807 Per
592 3769 694 3807 sua
715 3753 997 3823 depositos
1026 3754 1136 3808 alto
1168 3752 1318 3808 ferus
1348 3770 1475 3808 arva
1501 3761 1845 3825 sequestrat;
2189 3751 2469 3807 Trochleis
2498 3753 2700 3807 librare
2713 3752 2971 3807 homines
3001 3768 3163 3823 quam
3198 3750 3554 3822 septuaginta

467 3845 760 3919 Eutychem
788 3862 882 3902 sex
913 3855 1075 3919 atque
1102 3847 1292 3902 decem
1328 3848 1416 3901 via
1438 3847 1684 3902 millibus
1708 3848 1850 3903 Urbe
2188 3843 2282 3897 Vix
2307 3843 2562 3915 quibant,
2589 3844 2749 3914 jubet
2774 3843 3015 3909 advolvi,
3043 3850 3410 3912 sanctumque
3438 3842 3709 3904 onerari;

466 3937 804 3994 Nomentana
835 3939 1046 4009 procul,
1078 3939 1526 4011 Victorinumque
1558 3940 1732 3994 saliua
2191 3931 2406 4004 Quique
2433 3933 2584 3989 leves
2617 3935 2803 4004 paleas
2823 3951 2928 3989 ceu
2958 3949 3054 4004 per
3085 3933 3194 3987 duo
3227 3931 3404 3986 millia
3436 3932 3607 3987 laetus

466 4031 758 4101 Sexaginta
790 4030 936 4101 capit
967 4030 1255 4095 dirimens,
1287 4032 1407 4086 hzec
1439 4031 1558 4100 ipsa
1584 4030 1859 4086 Maronem
2193 4021 2398 4089 003ml,
2428 4039 2608 4094 eoque
2641 4022 2763 4079 Ιο(ῑο
2796 4023 2993 4079 δοὶίῐιιε
3023 4037 3130 4094 quo
3163 4020 3397 4076 fundere
3425 4029 3557 4076 VOia

470 4118 742 4174 Mtenibus
770 4118 828 4171 in
865 4125 1086 4172 centum
1115 4117 1450 4191 trigintaque
1477 4119 1726 4174 millibus
1746 4120 1942 4177 aufert.
2192 4112 2603 4188 sarcophagum
2644 4113 2804 4177 1008i.
2845 4113 3032 4168 ilmsus
3058 4127 3281 4184 quoque
3314 4113 3572 4182 pondere
3609 4118 3838 4184 persul-

473 4210 574 4264 Per
605 4219 778 4265 totum
812 4225 944 4284 ergo
971 4209 1117 4262 diem
1151 4209 1341 4263 rastris
1374 4209 1630 4263 insistere
1662 4211 1884 4265 mandat
2197 4205 2439 4277 Totaque
2465 4206 2710 4276 repletur
2737 4204 2877 4260 miro
2909 4204 3188 4276 provincia
3218 4204 3398 4269 facto;

469 4303 698 4357 Sanctos
725 4315 922 4355 censor
960 4307 1136 4366 atrox,
1185 4307 1240 4354 et
1268 4301 1492 4355 catabra
1523 4301 1639 4370 (sic)
1674 4317 1904 4373 vespere
1952 4321 2098 4374 prie-
2199 4301 2522 4354 Accelerant
2551 4300 2772 4373 purgari
2814 4301 3035 4366 animae,
3067 4308 3436 4370 sanctumque
3477 4297 3778 4354 lavacrum

1889 4396 2020 4468 [bet.
2198 4392 2470 4449 Aii'ectans
2501 4393 2758 4465 pepulus,
2783 4394 3052 4450 larvarum
3083 4392 3415 4448 exterminat
3441 4409 3594 4448 aras.

475 4484 581 4538 Sed
615 4485 794 4538 bonus
824 4482 914 4539 hic
951 4483 1217 4539 Dominus
1248 4485 1502 4556 pr0prios
1545 4501 1656 4541 non
1689 4486 1888 4558 linquit
1917 4487 2172 4579 alum-D
2199 4487 2326 4541 Acta
2359 4485 2433 4557 pii
2455 4486 2624 4555 judex
2647 4486 2938 4540 annuntiat
2957 4483 3268 4549 Aureliano,

1882 4577 2022 4648 [nos,
2116 4574 2157 4579 _
2203 4575 2641 4648 Concessamque
2674 4574 2790 4630 fero
2819 4575 3061 4646 praedam
3089 4580 3329 4628 mactare
3365 4577 3748 4648 pr0pinquat.

479 4669 718 4723 nuribus
750 4668 915 4740 inque
946 4668 1255 4743 peregrinis
1285 4669 1410 4724 data
1439 4671 1614 4744 gratia
1639 4671 1823 4740 justis.
2204 4666 2501 4722 Credentes
2527 4667 2768 4738 lapidem
2800 4667 3011 4738 populi,
3047 4666 3134 4736 pia
3164 4665 3438 4736 pondera,
3465 4667 3615 4736 justi

478 4760 746 4832 Entyches
777 4760 987 4831 prolem
1017 4777 1141 4814 nam
1172 4762 1528 4816 conductoris
1553 4763 1741 4835 agelli.
2202 4762 2315 4816 Hoc
2337 4760 2456 4832 ipso
2479 4760 2669 4834 gerula
2694 4776 2818 4816 ossa
2845 4762 3026 4816 locant
3057 4759 3449 4831 tumulantque
3477 4769 3716 4824 cavato,

477 4852 738 4906 Dzemone
768 4852 1021 4922 depulso,
1047 4853 1300 4924 patrique
1318 4853 1536 4924 sibique
1569 4855 1808 4925 reponit.
2201 4850 2454 4921 Desuper
2479 4849 2681 4905 excelsi
2715 4850 3021 4905 candentes
3049 4850 3296 4904 muneris
3325 4849 3511 4904 aulam

476 4944 540 4996 At
566 4941 876 4996 Victorinus
900 4941 1111 4996 domini
1141 4942 1259 4996 vice
1291 4958 1414 4995 rura
1447 4953 1752 5015 regentem,
2200 4940 2261 4995 ln
2295 4958 2402 5013 qua
2434 4941 2578 4996 dona
2610 4941 2702 4996 Dei
2729 4941 2942 4998 meritis
2983 4947 3315 5013 praestantur
3344 4943 3588 4996 alumni.

476 5035 718 5105 'l‘resque
748 5049 922 5088 annos
945 5035 1088 5088 lecto
1121 5034 1417 5105 paralytica
1441 5033 1688 5090 membra
1715 5035 1990 5092 foventem
2275 5032 2365 5087 Est
2392 5033 2543 5087 locus
2563 5033 2748 5088 lances
2771 5033 2991 5087 mittens
3020 5032 3325 5102 spiramine
3353 5040 3527 5087 tetros

477 5124 790 5178 Incolumen
821 5122 975 5176 dedit
1006 5123 1234 5186 orando,
1270 5123 1563 5195 rapuitque
1592 5125 1843 5197 grabato.
2202 5122 2534 5194 Sulphureo,
2569 5122 2756 5177 latices
2781 5130 2998 5176 veteres
3025 5120 3212 5175 dixere
3245 5120 3494 5176 cotillas:

479 5214 791 5270 Curatorem
823 5214 979 5269 urbis
999 5214 1192 5269 morbo
1215 5213 1362 5269 Maro
1393 5216 1555 5271 solvit
1577 5217 1864 5287 hydrOpis,
2206 5215 2301 5269 Hic
2331 5215 2690 5280 Victorinum,
2725 5213 2988 5285 resupino
3012 5211 3214 5267 vertice
3247 5229 3508 5282 pensum,

477 5310 649 5365 Annis
691 5325 800 5381 quo
830 5317 1046 5380 septem
1077 5309 1308 5364 undarat
1340 5309 1656 5382 lymphante
1682 5311 1918 5382 liquore.
2207 5303 2470 5361 Horrifico
2503 5305 2699 5376 perimi
2732 5306 2956 5360 mandat
2977 5304 3199 5375 paedore
3232 5313 3522 5374 tyrannus.

481 5397 729 5468 Denique
759 5396 1060 5452 formantes
1083 5399 1320 5469 p0pulos
1350 5397 1606 5454 affamine
1638 5409 1810 5466 casto,
2203 5397 2328 5452 Haec
2357 5395 2534 5450 tribus
2554 5404 2613 5451 ut
2639 5412 2829 5466 passus
2854 5403 3056 5467 martyr
3087 5393 3386 5449 furibunda
3419 5393 3648 5449 diebus

480 5487 788 5541 lnstruxere
811 5486 919 5541 tide
952 5487 1155 5541 multos
1175 5487 1456 5561 regnantis
1488 5488 1634 5555 Iesu,
2199 5486 2428 5540 Nectare
2454 5485 2644 5541 divino
2675 5485 2911 5557 coelique
2937 5483 3151 5539 fovetur
3182 5497 3423 5536 amoeno.

478 5574 899 5645 Presbyterique
922 5574 1032 5629 dati
1057 5574 1276 5646 plebem
1307 5578 1717 5650 augmentando
1740 5577 2020 5634 creabant.
2199 5580 2547 5647 Aurelianus,
2601 5580 2780 5635 adhuc
2811 5578 3071 5634 defuncto
3100 5579 3156 5632 in
3188 5586 3430 5646 martyre
3459 5578 3729 5647 crudus,

548 5705 689 5774 (172)
720 5702 853 5758 Cod.
891 5703 912 5757 1
950 5707 1127 5772 Rufus
1344 5708 1490 5775 igne,
1514 5706 1706 5766 relicto
1735 5707 1914 5777 spatio
1946 5709 2112 5767 unius
2140 5708 2296 5767 vocis
2317 5723 2513 5767 vacuo.
2542 5706 2675 5764 Cod.
2706 5708 2762 5777 2,
2792 5710 2971 5775 Rufus
3000 5724 3057 5762 τη
3129 5709 3271 5762 mius
3306 5707 3449 5772 igne.
