3958 6158
185 229 275 286 625

183 356 374 424 Corpus
404 352 573 405 humo
602 347 894 420 prohibet,
928 355 1124 402 terram
1152 355 1299 405 vetat.
1337 350 1536 406 abdere
1584 357 1742 407 term
1776 367 1792 404 ε

186 449 260 501 Ast
277 445 368 499 ubi
399 441 646 496 membra
667 440 866 508 jacent
894 439 1195 507 incondita,
1227 441 1346 496 sole
1371 451 1610 510 meante,

183 532 908 595 AcceduntAmiternenses,
943 530 1273 603 rapiuntque
1301 533 1446 587 beati

186 625 416 682 Praesulis
455 639 578 679 ossa
617 621 729 688 sui,
783 619 1060 686 referunt,
1121 624 1479 694 conduntque
1505 623 1796 679 decenter.

183 719 490 776 Exstiterant
519 714 780 787 equidem
815 713 958 768 bino
995 712 1265 770 solamine
1296 715 1506 782 fratres,

187 818 277 870 Iste
306 809 924 868 SeverinoVictorinus
957 809 1132 883 magis
1163 817 1374 877 auctus,

185 907 348 961 Munia
377 911 498 975 post
525 903 737 958 obitum
765 901 977 956 dantes
1003 902 1212 956 alterna
1247 908 1557 974 parentum,

184 998 593 1066 Prabentesque
622 993 726 1049 sibi
751 993 1006 1066 geminae
1033 991 1291 1068 suffragia
1328 1010 1510 1058 curm;

183 1090 384 1143 Alterno
412 1086 797 1141 submittentes
827 1099 894 1140 se
927 1084 1283 1154 discipulatu,

185 1182 496 1251 Alternoque
526 1178 849 1253 magisterio
882 1177 992 1231 sibi
1009 1177 1135 1246 jura
1167 1178 1449 1235 ferentes:

187 1273 375 1327 Emula
405 1270 608 1326 servitii
637 1269 918 1324 dedentes
947 1284 1180 1324 munera
1211 1269 1366 1344 digni
1401 1286 1418 1335 ;

187 1361 306 1415 Vera
332 1357 707 1429 probabilibus
731 1356 962 1411 dilectio
987 1367 1240 1412 creverat
1268 1359 1428 1423 actis,

183 1447 593 1517 Obtulerantque
624 1447 734 1500 Deo
772 1451 953 1499 semet
980 1444 1098 1499 viva
1145 1446 1330 1502 hostia
1373 1445 1500 1500 facti
1537 1466 1552 1512 ;

184 1540 580 1611 Perfectumque
609 1547 803 1608 petens
833 1537 1005 1592 virtus
1035 1554 1315 1611 germana
1343 1537 1537 1592 subire

185 1632 365 1686 Tendit
392 1631 446 1684 in
468 1631 522 1685 id
543 1647 638 1684 sua
667 1628 815 1701 quod
847 1628 1040 1683 dantes
1061 1628 1182 1683 sint
1208 1631 1377 1684 rebus
1401 1629 1585 1700 egeni.

188 1725 431 1778 Ubertate
457 1717 566 1792 poli
599 1720 760 1786 dites,
795 1717 996 1790 quibus
1025 1720 1225 1774 omnia
1256 1720 1512 1775 Christus
1539 1739 1553 1786 ;

187 1813 416 1866 Libertas
435 1811 647 1877 eadem,
665 1809 814 1880 impe
828 1808 986 1875 rium,
1019 1816 1219 1883 gratus
1245 1808 1568 1876 famulatus,

184 1902 260 1956 Nil
281 1903 489 1970 deerat,
520 1918 642 1956 cum
659 1901 734 1955 nil
763 1899 954 1955 mundi
979 1900 1267 1970 pompalis
1299 1900 1595 1956 haberent.

185 2001 241 2055 At
259 1999 564 2054 Victorinus
591 2013 690 2069 spe
720 1998 983 2053 scandere
1015 1997 1230 2058 celsius
1261 1997 1486 2064 ardens,

184 2094 249 2147 Ac
276 2099 538 2162 reputans
551 2089 927 2162 imperfectum
955 2105 1159 2160 parere
1192 2089 1462 2155 vicissim,

183 2183 282 2237 Nec
310 2181 449 2237 satis
472 2197 589 2236 esse
620 2189 818 2236 tenens
843 2181 948 2236 utri
979 2179 1269 2234 deserviat
1294 2179 1454 2245 alter,

177 2279 222 2331 Si
254 2277 390 2350 quid
420 2277 472 2331 in
502 2277 766 2331 alterutro
795 2276 957 2331 liceat
987 2281 1326 2346 praestanter
1354 2275 1596 2346 utrique,

179 2366 512 2440 Aggredicns
541 2380 806 2431 eremum,
829 2365 987 2419 celsae
1014 2363 1158 2434 petit
1197 2361 1370 2416 ardua
1409 2364 1583 2434 rupis,

172 2455 492 2526 Spelaeoque
521 2454 679 2510 sedet
696 2455 800 2508 sub
831 2469 938 2526 quo
980 2449 1334 2523 praeterﬂuus
1368 2451 1546 2505 amnis

175 2546 475 2617 Abruptum
502 2543 655 2600 biﬁdi
684 2545 868 2600 lateris
892 2545 1142 2618 signarat
1182 2541 1422 2613 utrique,

174 2637 262 2692 Vix
294 2637 394 2692 uni
419 2637 716 2707 hospitium
748 2643 913 2708 queat
953 2643 1011 2690 ut
1033 2633 1282 2690 dormire
1320 2633 1569 2689 sedendo
1603 2652 1616 2688 :

171 2727 222 2780 Si
249 2725 466 2781 socium
492 2725 694 2794 capiat,
723 2723 958 2798 vigilans
989 2722 1173 2778 orabit
1202 2728 1257 2775 et
1291 2729 1481 2776 astans
1511 2739 1524 2787 ;

175 2814 357 2870 Edidit
384 2813 640 2870 ostiolum
673 2813 825 2868 lento
854 2812 998 2866 dans
1025 2810 1233 2866 vimine
1263 2810 1589 2877 claustrum,

169 2909 432 2965 Assiduus
455 2909 617 2975 lectu,
643 2908 1011 2979 precibusque
1050 2905 1282 2960 vacabat
1308 2905 1567 2960 anhelus.

172 3001 283 3056 Non
313 2989 438 3056 tulit
468 3001 585 3055 haec
612 3015 848 3054 cernens
875 2997 1102 3069 pietatis
1134 2995 1336 3050 lividus
1368 2996 1544 3050 hostis
1573 3014 1586 3064 ;

171 3091 567 3164 Afﬁngensque
598 3090 810 3156 dolum,
843 3086 1251 3144 teneraeinduit
1278 3101 1376 3141 ora
1412 3087 1633 3157 puellae,

171 3188 303 3241 Ante
339 3186 596 3257 foresque
628 3184 726 3238 viti
756 3183 1111 3257 ingeminans
1137 3180 1403 3236 ululantia
1441 3180 1610 3235 verba
1640 3199 1654 3234 :

173 3303 195 3330 ι
231 3280 348 3335 Heu
379 3294 468 3333 me
495 3277 509 3332 l
553 3276 695 3344 inﬁt,
727 3276 1008 3341 miseram,
1037 3273 1212 3338 silvis,
1245 3288 1453 3340 errore,
1482 3273 1732 3328 tenebris

168 3375 501 3446 Solivagam,
544 3373 904 3446 ignaramque
943 3368 1050 3424 loci
1075 3367 1342 3438 callisque
1380 3367 1589 3442 negati,

168 3463 434 3534 Quisquis
463 3460 694 3515 esistius
724 3458 1064 3514 venerabilis
1093 3455 1275 3510 incola
1315 3456 1509 3523 saltus,

168 3555 443 3609 Virtutum
476 3552 674 3607 famam
701 3549 859 3622 polus
880 3549 1150 3621 undique,
1183 3554 1238 3602 et
1269 3547 1518 3619 undique
1550 3549 1725 3616 silvai,

170 3646 557 3717 Eximiumque
596 3645 898 3716 loquuntur
922 3657 1084 3713 Opus,
1109 3641 1492 3697 frendentibus
1513 3642 1657 3713 apris

173 3735 339 3804 Eripe
368 3749 482 3800 me,
510 3732 873 3802 trucibusque
904 3730 1047 3801 lupis
1074 3737 1129 3784 et
1151 3729 1432 3783 hiantibus
1453 3731 1595 3785 ursis
1625 3749 1639 3796 ;

165 3825 327 3890 Quod
349 3824 580 3889 victura,
603 3832 754 3876 tuum
783 3820 988 3875 moriar
1016 3820 1061 3874 si
1092 3819 1355 3891 denique,
1389 3819 1441 3874 id
1467 3820 1645 3890 ipsum
1675 3838 1689 3886 ;

169 3921 381 3990 Satque
413 3917 524 3990 tegi
556 3915 691 3969 mihi
722 3913 960 3968 sufﬁciet
976 3915 1060 3968 vel
1091 3913 1282 3968 limine
1313 3913 1440 3968 tecti
1477 3931 1490 3968 :

171 4009 288 4063 Von
322 4008 586 4062 diuturna
618 4011 743 4075 peto
761 4004 1063 4065 consortia,
1097 4002 1274 4058 noctis
1305 4002 1492 4057 haberi

171 4099 394 4168 llospes
424 4105 480 4150 et
507 4095 692 4149 unius.
729 4118 754 4140 »
784 4092 981 4146 Pandit
1018 4092 1336 4158 miseratus,
1367 4099 1421 4145 et
1464 4091 1676 4146 hostem

169 4185 536 4256 Compatiens
555 4183 741 4237 dirum
765 4181 930 4252 capit,
955 4180 1303 4250 admittitque
1335 4179 1604 4233 latronem
1622 4218 1634 4232 .

169 4279 354 4332 Unius
371 4276 610 4348 spatium
641 4274 726 4329 vix
757 4275 1145 4329 intercesserat
1173 4273 1340 4333 horae,

173 4368 316 4419 llum
346 4365 521 4420 crebri
543 4363 916 4418 membrorum
941 4362 1082 4415 inter
1102 4360 1387 4414 molimina
1417 4370 1634 4434 gestus,

167 4459 350 4512 lllicis
379 4456 596 4527 effigies
623 4454 851 4509 monstri
881 4453 1021 4525 pede
1042 4453 1273 4527 contigit
1299 4452 1524 4518 almum,

169 4551 416 4621 Moxque
439 4547 746 4618 Cupidinea
772 4544 1043 4620 transfigit
1067 4545 1235 4600 corda
1276 4543 1473 4618 sagitta
1505 4561 1519 4607 ;

168 4637 394 4691 Blanda
418 4637 605 4690 dolum
637 4634 940 4698 cumulant,
972 4633 1128 4706 ignes
1149 4631 1406 4687 affamine
1435 4631 1680 4699 sufflant,

171 4729 307 4782 Urix
337 4733 528 4800 peetus
558 4741 734 4790 amor,
763 4724 976 4779 facinus
1007 4724 1128 4779 loca
1143 4724 1261 4778 sola
1300 4723 1571 4788 suadent;

811 223 896 275 DE
936 221 1186 276 CHRISTI
1225 223 1586 278 TRIUMPHIS
1626 223 1805 280 APUD
1853 219 2125 276 ITALIAM
2169 223 2347 282 LIBRI
2390 229 2524 283 XIV.
2566 260 2636 270 --
2676 230 2802 287 LIB.
2845 232 2912 286 II.

3435 238 3541 292 626

1832 359 1879 421 Α
1912 350 1973 404 At
1997 350 2144 405 velut
2176 354 2406 426 antiquo
2435 357 2762 425 praecellens
2792 359 2989 416 robore
3015 379 3274 434 quercus,

1907 448 2081 518 Atque
2110 448 2292 503 solum
2325 449 2500 504 firmis
2532 460 2829 520 penetrans
2855 457 3130 513 radicibus
3159 459 3350 526 altum,

1908 537 2202 614 .llontivagi
2233 557 2506 596 succensa
2538 542 2660 615 loco
2693 546 2967 614 pecudum
3003 549 3178 616 ducis,
3212 561 3341 622 apta

1909 628 2133 702 Ignibus
2163 638 2249 684 est
2279 630 2506 686 inventa
2532 633 2759 703 quidem
2794 636 2839 689 si
2867 636 3006 693 forte
3037 656 3293 708 caverna,

1910 722 2130 775 lnterno
2163 719 2407 776 ﬂammis
2429 732 2763 795 consumpto
2806 727 3004 783 robore
3030 729 3190 793 victa,

1909 809 2152 877 Labitur,
2183 817 2351 882 atque
2381 811 2478 866 diu
2503 813 2664 867 tectis
2693 815 2892 870 caalum
2922 819 3160 888 applicat
3189 821 3356 880 arvis.

1908 898 2028 953 Alta
2052 898 2314 954 columna
2341 899 2471 966 ruit,
2506 915 2684 956 caecus
2705 905 2890 958 scelus
2917 904 3088 960 efficit
3115 908 3280 963 ardor
3305 926 3320 962 :

1913 993 2187 1047 Exclamat
2218 992 2502 1048 victoriam
2528 994 2643 1064 jam
2675 1011 2811 1051 voce
2842 997 3100 1054 inimicus
3131 1011 3318 1069 aperta
3347 1019 3361 1057 :

1912 1104 1939 1135 α
1987 1083 2169 1140 Heus!
2199 1085 2335 1156 quid
2364 1085 2502 1159 agis,
2536 1085 2669 1157 quid
2697 1089 2835 1161 agis,
2854 1090 2936 1144 vir
2953 1090 3349 1160 perfectissime
3368 1093 3537 1148 I’Fra-

3368 1183 3471 1256 [ter

1913 1270 2012 1326 Cui
2042 1270 2225 1344 gravis
2257 1270 2564 1338 exstiterat,
2596 1271 2893 1346 peregrino
2919 1272 3175 1347 jungeris
3199 1273 3228 1326 7
3259 1275 3415 1342 Ecce,

1916 1362 2172 1417 Germani
2205 1363 2370 1417 odisti
2402 1363 2498 1434 qui
2529 1364 2892 1419 contubernia
2923 1364 3135 1422 ferre...

1914 1459 1992 1512 En
2027 1457 2161 1530 quid
2185 1458 2303 1529 agis
2325 1459 2419 1529 qui
2448 1458 2649 1534 dogma
2687 1475 2886 1515 novum
2916 1460 3070 1514 silvis
3100 1462 3458 1534 scopulisque

1915 1545 2287 1611 Constituens,
2322 1563 2488 1617 rupes
2514 1549 2893 1604 moderamina
2923 1555 3072 1604 casta
3111 1551 3349 1606 docebas
3378 1552 3472 1608 τ...
3510 1578 3535 1600 ιι

1913 1635 2042 1690 Haec
2071 1635 2358 1690 insultanti
2384 1636 2645 1704 jactando
2676 1637 2932 1693 diabolus
2957 1653 3073 1705 ore,

1837 1719 1888 1787 Β
1913 1723 2139 1794 Decepti
2171 1740 2237 1778 ex
2266 1724 2444 1780 oculis
2461 1725 2598 1780 abiit
2636 1742 2737 1780 ceu
2770 1726 2954 1781 fumus
2987 1728 3039 1782 in
3070 1743 3249 1783 auras.

1905 1815 1972 1871 At
2003 1816 2098 1887 qui
2125 1825 2428 1882 corruerat,
2462 1818 2630 1871 tacuit
2658 1818 2814 1889 quasi
2847 1819 3100 1893 Gorgone
3122 1819 3238 1874 visa

1905 1905 2145 1958 Artubus
2178 1905 2491 1979 exsanguis,
2533 1905 2638 1960 sibi
2669 1907 2764 1977 qui
2799 1907 3136 1978 quandoque
3167 1925 3440 1976 reversus,

1906 1994 2198 2067 Egreditur
2227 1993 2400 2059 silvis,
2427 2004 2686 2064 repetens
2706 1996 2900 2051 solatia
2933 1995 3114 2051 fratris
3143 2013 3156 2063 ;

1911 2082 2183 2154 Huicque,
2217 2082 2429 2152 pudore
2459 2083 2556 2136 diu
2583 2100 2879 2154 suppressa
2909 2101 3063 2151 voce,
3093 2087 3324 2142 silenter

1915 2174 2213 2239 Assistens,
2237 2189 2457 2227 causam
2492 2174 2717 2244 stupido
2738 2175 2960 2230 tandem
3001 2177 3198 2232 ordine
3232 2179 3461 2248 pandit;

1913 2269 2037 2338 Ipse
2059 2267 2163 2321 sibi
2199 2282 2418 2336 pmnam
2447 2273 2720 2334 statuens,
2763 2284 3000 2340 namque
3023 2270 3218 2325 arbore
3241 2273 3430 2339 scissa,

1912 2358 2122 2432 Ingerit
2163 2358 2499 2429 insertatque
2525 2375 2738 2426 manus,
2769 2361 3070 2432 cuneisque
3095 2362 3320 2418 cicatrix

1904 2451 2226 2524 Stringitur,
2260 2450 2506 2505 arboreta
2535 2458 2741 2505 coeunt
2791 2451 2963 2527 plagae
3007 2454 3272 2526 undique.
3307 2456 3532 2512 Summo

1906 2542 2161 2598 Pontifici
2193 2542 2358 2597 frater
2381 2541 2564 2596 fratris
2596 2550 2804 2613 patrata
2835 2543 3076 2610 revelat;

1906 2634 2008 2700 Qui
2040 2634 2270 2689 veniens
2298 2633 2474 2704 primo
2507 2641 2739 2688 conatur
2755 2635 2967 2690 solvere
2997 2652 3197 2690 nexum
3233 2655 3246 2691 :

1909 2727 2088 2799 thue
2119 2727 2476 2782 reluctantem
2508 2727 2710 2793 cernit,
2744 2727 3048 2794 benedicit,
3089 2736 3145 2784 et
3173 2744 3339 2785 orans

1912 2821 2271 2893 Compatitur,
2303 2821 2548 2887 refovet;
2582 2821 2784 2887 munit,
2813 2823 3020 2877 solatur
3056 2824 3303 2896 abitque.

1909 2915 2076 2971 Atvir
2105 2913 2438 2985 pervalidus,
2479 2919 2632 2968 tanto
2661 2912 2958 2968 vincimine
2981 2912 3141 2980 ﬁxus,

1911 3003 2077 3058 Fanis
2107 3003 2370 3057 duntaxat
2386 3001 2664 3056 modicum
2696 3001 3045 3074 lymphaaque
3064 3004 3333 3074 liquorem

1911 3090 2268 3146 Hebdomade
2302 3089 2477 3160 prima
2508 3089 2783 3159 capiebat,
2817 3090 2984 3145 fratre
3006 3099 3250 3159 coactus,

1906 3183 2006 3247 Qui
2049 3183 2195 3237 victu
2225 3181 2392 3236 simili
2429 3181 2644 3249 jejunia
2673 3181 3098 3256 Iongalevabat,

1905 3269 2019 3330 Pro'
2040 3274 2221 3330 fratris
2244 3275 2401 3344 lapsu
2431 3273 2588 3344 parili
2621 3289 2785 3328 cruce
2824 3280 3001 3328 semet
3019 3275 3314 3349 adurgens.

1905 3364 2198 3418 Volventes
2237 3363 2447 3416 hiemes
2475 3362 2640 3428 hujus
2661 3371 2772 3416 tres
2795 3363 3041 3432 pondere
3072 3364 3259 3418 multae

1903 3453 2039 3508 Hinc
2069 3451 2329 3507 Victorini
2358 3450 2488 3504 dum
2516 3450 2630 3521 jam
2664 3451 2926 3520 patientia
2959 3459 3191 3507 cunctos

1903 3543 2166 3610 lullectit,
2193 3543 2416 3597 rediens
2448 3542 2646 3613 praesul
2666 3541 2748 3595 vix
2784 3557 2985 3617 cogere
3010 3542 3182 3598 vincit

1906 3633 2173 3687 Carnibus
2211 3631 2521 3702 absumptis
2550 3632 2697 3687 sinat
2726 3640 2788 3687 ut
2817 3640 3089 3687 tormenta
3118 3633 3316 3688 resolvi

1907 3725 2037 3789 Quis
2066 3723 2338 3792 sejudicii
2372 3723 2602 3778 dederat
2627 3739 2842 3779 memor
2872 3725 2989 3795 ipse
3019 3725 3312 3781 tremendi.

1909 3815 1958 3868 Is
1985 3829 2147 3886 quam
2182 3818 2546 3882 postsnnctus
2572 3811 2756 3878 nituit,
2781 3828 2944 3884 quam
2972 3813 3106 3868 mira
3130 3820 3387 3883 potenter

1909 3905 2114 3980 Egerit,
2148 3905 2402 3958 humanae
2423 3917 2534 3958 non
2574 3909 2658 3957 est
2689 3903 2930 3974 expletio
2962 3904 3164 3975 linguae
3199 3920 3212 3969 ;

1907 3996 2119 4067 Quique
2147 3994 2500 4048 Amiterninae
2528 4000 2726 4048 cuncto
2758 3994 3006 4049 delectus
3037 3993 3106 4046 ab
3123 3993 3275 4048 urbis

1910 4085 2150 4160 Erigitur
2180 4083 2375 4154 praesul
2411 4083 2639 4153 pOpulo,
2673 4099 2783 4154 quo
2806 4091 3043 4155 martyre
3071 4083 3290 4139 florent.

1906 4179 2089 4233 Frater
2100 4186 2153 4232 et
2169 4176 2288 4246 ipse
2328 4175 2644 4241 Severinus,
2671 4176 2975 4232 commilito
2992 4176 3174 4231 fratris

1906 4271 2261 4339 Sectatorque
2289 4283 2477 4342 sagax,
2510 4275 2636 4338 post
2656 4267 2892 4338 plurima
2912 4268 3048 4322 mira
3077 4267 3327 4323 datarum

1910 4361 2204 4424 Virtutum,
2227 4365 2416 4413 sancta
2442 4357 2687 4427 locuples
2718 4357 2920 4428 pietate
2947 4358 3156 4429 quievit

1836 3047 1886 3115 C

1824 4412 2227 4515 D‘Confessor,
2258 4412 2593 4517 functusque
2623 4412 2745 4502 loco
2777 4412 3212 4518 legatur'eodem

1911 4543 2026 4608 Quo
2057 4541 2222 4595 vitam
2252 4537 2390 4592 mire
2421 4537 2632 4610 degens
2661 4537 2964 4591 abstemius
2988 4537 3101 4611 egit

1911 4637 2054 4690 Luce
2087 4633 2240 4704 prius
2268 4631 2466 4703 prwsul
2500 4646 2663 4700 quam
2683 4629 3095 4704 praaeligeretur
3119 4631 3354 4686 honesta
3383 4652 3399 4698 ;

1911 4729 2080 4791 Quem
2121 4723 2225 4777 ritu
2260 4719 2452 4775 recolit
2479 4718 2754 4789 Campana
2785 4719 3042 4789 Neapolis
3073 4721 3239 4777 almo.

1660 4833 1867 4890 CAPUT
1916 4833 2058 4889 XIII.

645 4943 720 5000 De
752 4950 963 5002 sancta
996 4941 1325 5012 Domitilta,
1359 4942 1637 5002 Marcello
1668 4961 1902 5020 quoque
1932 4951 1984 5002 et
2022 4941 2295 5018 Apuleio,
2330 4935 2596 5013 Sulpitio
2628 4945 2679 4993 et
2709 4934 3078 4994 Serviliano.

177 5055 551 5118 Aurelianus,
585 5052 681 5108 ubi
711 5052 980 5107 solamine
1011 5052 1241 5125 virginis
1271 5067 1465 5108 omnes

185 5144 447 5200 Dimovit
473 5150 714 5207 sanctos,
739 5141 1066 5196 Domitillam
1099 5141 1260 5196 solvit
1289 5143 1356 5196 ab
1385 5143 1478 5197 alti

190 5238 420 5295 Exsilio
449 5237 628 5302 Ponti,
653 5235 1112 5306 Terracinamque
1153 5235 1358 5308 relegat
1383 5253 1396 5301 ;

190 5331 634 5404 Sulpiciumque
667 5336 820 5403 rogat
844 5329 989 5384 claro
1019 5344 1140 5383 cum
1171 5327 1472 5384 Serviliano

190 5420 574 5478 Conciliatum
595 5418 743 5471 illam
775 5433 993 5488 sponsae
1023 5416 1307 5470 mittantur
1330 5433 1541 5480 eorum.

192 5517 334 5580 Quo
373 5513 599 5566 suadere
639 5517 848 5582 queant
867 5508 1106 5563 animum
1147 5508 1211 5562 ad
1238 5510 1516 5564 connubia
1545 5509 1717 5576 ﬂecti,

193 5600 460 5674 Virginis
483 5607 542 5656 ut
568 5599 802 5655 comites
831 5605 884 5652 et
911 5599 1107 5652 eodem
1139 5595 1279 5653 lacte
1309 5597 1542 5654 refectas.

1923 5052 2202 5110 Pontiacis
2224 5058 2428 5106 sancta:
2455 5047 2710 5104 redeunti
2741 5047 3049 5103 occurritur
3085 5049 3248 5103 arvis.

1927 5142 2260 5212 Conspicuas
2288 5138 2522 5194 celebris
2550 5137 2754 5213 gaudet
2779 5135 2982 5191 vidisse
3012 5135 3250 5200 sodales,

1929 5234 2250 5304 Conspicuaz
2277 5231 2548 5286 celebrem
2583 5229 2828 5303 gaudent
2848 5227 3068 5281 venisse
3097 5227 3363 5281 sodalem.

1929 5322 2133 5377 Gaudia
2162 5320 2572 5386 concelebrant,
2616 5335 2718 5373 nec
2747 5318 2940 5373 eodem
2959 5319 3080 5386 jure
3111 5316 3366 5373 fruuntur
3391 5339 3408 5391 ς

1932 5419 2052 5474 Ηωο
2082 5418 2277 5472 anima:
2309 5415 2542 5487 dapibus
2557 5413 2852 5478 refovetur,
2878 5412 3124 5483 corporis
3142 5411 3246 5467 illae
3272 5432 3288 5481 ;

1934 5508 2022 5562 Hae
2054 5506 2318 5562 recubant
2342 5503 2544 5576 epulis.
2580 5503 2793 5573 jejuuia
2826 5501 3008 5556 Flavia
3028 5500 3198 5569 ducit,

1932 5596 2028 5651 Cui
2066 5595 2228 5651 socia:
2263 5613 2276 5649 :
2323 5593 2506 5659 «Quia
2549 5592 2883 5664 prandemus
2909 5589 3242 5664 sponsisque
3266 5592 3546 5667 jugamur,
