3974 6146
439 258 543 311 627

439 388 556 442 Νοη
577 386 798 458 quimus
821 387 1029 442 servire
1059 388 1168 442 Deo
1195 401 1305 458 quo
1334 386 1465 441 talia
1503 394 1702 442 tractas
1729 386 1756 440 ‘I
1781 410 1806 437 υ

445 480 540 532 Illa
569 495 582 532 :
618 499 638 527 α
673 478 812 532 Viris
839 478 1002 533 claris
1031 479 1324 549 desponsa:
1353 477 1457 533 rite
1487 463 1679 533 nitetis
1710 497 1726 545 ;

441 571 694 626 Obscurae
723 569 770 624 si
791 587 887 626 vos
915 571 1116 643 aliqua:
1143 553 1406 626 divellbre
1451 572 1647 626 malint

444 667 513 716 Ac
539 659 748 715 vincire
769 659 873 714 sibi
899 675 1411 731 personae,assensa
1424 661 1636 735 negatis
1655 659 1683 714 ?
1701 681 1724 712 ι)

438 771 538 802 -α
567 755 782 806 Avertat
809 752 951 807 Deus
980 768 1010 806 a
1038 752 1239 807 nostris
1270 753 1374 808 hoc
1411 753 1716 820 mentibus,
1754 777 1768 800 ι
1819 754 1938 808 illas.

439 842 619 897 Flavia
646 843 725 897 sic
759 861 780 890 «
813 841 882 894 Et,
903 849 1089 898 mente
1117 858 1238 896 mea
1261 858 1382 913 quae
1409 845 1624 918 gaudeo
1644 860 1849 915 sponso

440 933 587 1006 Rege
629 931 722 986 Dei
752 930 966 996 Genito,
995 931 1136 986 ccelo
1167 930 1261 1002 qui
1279 931 1430 986 venit
1450 932 1517 985 ab
1547 931 1680 998 alto,

441 1025 611 1094 Atque
640 1021 942 1093 sp0pondit
969 1021 1020 1075 ei
1053 1031 1337 1077 servantes
1364 1029 1585 1094 pectora
1608 1031 1758 1078 casta

441 1117 682 1185 Sponsas
708 1130 828 1169 esse
860 1113 990 1180 sibi,
1017 1113 1126 1168 vita
1155 1113 1364 1168 donare
1395 1114 1629 1185 perenni
1662 1131 1676 1180 ;

441 1204 661 1259 Scilicet
689 1209 748 1257 ut
776 1209 900 1273 post
928 1203 1076 1257 hunc
1105 1218 1299 1256 cursus
1330 1203 1618 1273 praesentis
1647 1219 1882 1278 agonem

443 1297 672 1352 Inducat
708 1294 961 1350 thalamis
998 1303 1204 1348 aeterna
1237 1293 1359 1348 luce
1394 1295 1664 1359 venustis,

442 1388 702 1463 Angelico
731 1379 951 1456 semper
976 1385 1223 1439 tribuens
1251 1385 1495 1458 gaudere
1531 1386 1752 1450 decore,

441 1481 513 1533 Ac
544 1476 883 1548 paradisiaco
912 1475 1107 1530 ﬂorum
1140 1491 1369 1530 vernare
1403 1477 1600 1545 nitore,

439 1573 584 1627 Finis
612 1579 672 1626 ut
698 1572 910 1642 absque
950 1577 1100 1625 metu
1129 1570 1370 1626 illustres
1409 1572 1705 1643 epulentur
1744 1573 1798 1628 in
1828 1590 2002 1628 aevum
2037 1592 2053 1627 :

438 1661 608 1716 Filius
639 1661 741 1715 ista
771 1660 865 1715 Dei
891 1659 1173 1731 spondens
1202 1660 1333 1715 dum
1363 1661 1590 1716 credere
1620 1661 1759 1716 vidit

439 1751 534 1804 Vix
563 1750 755 1814 ullum,
789 1747 1004 1802 firmare
1038 1747 1200 1804 fidem
1233 1763 1344 1804 non
1369 1749 1579 1804 distulit
1607 1750 1759 1819 actis,

439 1841 583 1894 Dans
613 1837 772 1892 caecis
796 1837 1004 1904 lumen,
1027 1837 1276 1908 leprosos
1302 1837 1510 1892 famine
1537 1839 1829 1904 mundans,

435 1934 750 2002 Functaque
777 1936 1086 1984 restaurans
1115 1929 1329 1984 amissae.
1359 1945 1588 2000 corpora
1621 1931 1760 1997 vitae,

437 2021 601 2086 Queis
628 2019 916 2074 Dominum
945 2017 1103 2072 factis
1130 2018 1318 2073 docuit
1345 2034 1404 2072 se
1432 2025 1487 2073 et
1512 2035 1638 2073 vera
1669 2019 1849 2075 fateri.
1879 2042 1899 2070 ι

434 2111 719 2167 Theodora
748 2125 761 2162 :
800 2133 825 2155 «
861 2107 1123 2174 Herodes,
1143 2106 1340 2173 ait,est
1369 2107 1553 2162 Roma:
1583 2108 1719 2162 mihi
1751 2108 1940 2180 frater,

436 2205 658 2258 Munere
690 2200 965 2272 prmterito
995 2205 1188 2269 captus
1213 2198 1307 2269 qui
1337 2199 1562 2254 luminis
1592 2216 1739 2257 anno
1774 2218 1787 2256 :

441 2296 585 2350 Illud
614 2299 913 2349 restaurato
945 2292 1022 2346 tui
1053 2290 1156 2345 sub
1189 2291 1413 2346 nomine
1449 2291 1669 2357 Christi,

443 2387 517 2442 Ex
558 2388 678 2457 ipso
708 2385 872 2440 nobis
901 2383 947 2438 si
977 2383 1236 2458 dogmata
1257 2400 1387 2439 vera
1419 2383 1610 2439 tulisti.
1649 2408 1674 2430 ι»

445 2480 799 2550 Euphrosyna
826 2477 929 2532 sub
959 2477 1108 2531 haec:
1135 2501 1149 2524 ι
1191 2476 1428 2531 Fratrem
1459 2476 1692 2548 liquisse
1713 2477 1900 2534 fateris

443 2569 513 2624 Te
540 2569 724 2623 Romae
755 2582 981 2631 caecum,
1005 2565 1103 2620 sed
1135 2563 1247 2619 ﬁlia
1275 2573 1426 2619 muta
1456 2565 1687 2621 nutricis

447 2662 580 2715 Ecce
610 2675 746 2713 mete
761 2674 1038 2724 mecum,»
1059 2673 1221 2728 quam
1257 2655 1506 2727 praecipit
1535 2657 1681 2711 illico
1704 2657 1842 2713 sisti.

447 2751 508 2803 At
540 2747 816 2802 Domitilla
845 2762 1058 2817 preces,
1087 2745 1310 2817 longum
1341 2744 1502 2811 ﬂens,
1542 2752 1727 2813 strata,
1758 2747 2056 2818 profundit,

449 2838 890 2908 Exsurgensque,
924 2850 1118 2888 manus
1148 2833 1400 2904 pandens
1428 2834 1495 2888 ad
1520 2835 1703 2890 sidera
1736 2835 1876 2892 fatur
1909 2854 1922 2891 :

447 2949 478 2981 α
509 2928 722 2983 Christe
753 2928 920 2991 Deus,
941 2925 1034 2996 qui
1071 2924 1353 2996 pollicitus
1386 2933 1439 2980 te
1472 2942 1694 2996 semper
1723 2927 1920 2982 adesse

448 3021 742 3075 Finetenus
770 3016 954 3083 nobis,
977 3032 1099 3088 quae
1132 3023 1302 3071 testor
1329 3032 1458 3071 vera
1480 3017 1732 3086 probato.
1765 3042 1790 3064 ι»

449 3113 578 3167 Cum
619 3111 790 3178 dicto,
818 3117 981 3164 mutae
1006 3104 1227 3182 signum
1253 3109 1430 3164 crucis
1467 3109 1684 3164 addidit
1709 3109 1812 3176 ori,

449 3230 473 3252 «
505 3205 562 3258 In
589 3217 802 3258 summo
821 3201 1037 3256 Domini
1069 3200 1320 3272 loquere,
1353 3201 1531 3267 aiens,
1553 3202 1778 3256 nomine
1799 3200 2054 3269 Christip

447 3293 587 3347 Muta
617 3290 797 3346 statim
821 3304 1009 3344 vocem
1032 3288 1276 3343 clamans
1303 3289 1553 3360 prorupit
1583 3289 1641 3343 in
1673 3290 1831 3345 istam
1868 3309 1881 3344 :

449 3405 472 3432 (ι
507 3383 599 3437 Est
619 3398 804 3447 verus,
839 3378 1280 3445 Domitilla,Deus
1311 3387 1436 3434 tuus
1465 3399 1481 3445 ;
1511 3380 1698 3435 omnia
1727 3397 1854 3436 vera

447 3473 784 3530 Suntverbis
805 3473 1014 3543 prolata
1044 3471 1172 3526 tuis.
1213 3491 1237 3522 ι)
1273 3472 1424 3526 Tunc
1447 3487 1506 3526 se
1527 3472 1701 3543 ipsius
1727 3474 1910 3530 ambae

448 3571 742 3624 .\sternunt
773 3567 1030 3638 pedibus,
1059 3566 1314 3632 credunt,
1343 3566 1626 3638 sacrisque
1653 3567 1924 3623 dicantur.

445 3660 746 3715 Theodoraz
771 3674 916 3715 caeco
947 3657 1246 3729 perductus
1277 3658 1496 3713 tramite
1518 3657 1704 3721 frater,

446 3753 708 3818 Donatur,
742 3750 1002 3822 precibus
1019 3749 1554 3816 Domitillaa,lumine
1580 3758 1814 3824 utroque

447 3844 702 3915 Corporis
726 3843 1097 3915 atqueanimze
1117 3842 1364 3898 renitens
1379 3843 1676 3914 splendore
1711 3860 1975 3916 superne.

443 3933 594 3988 Tunc
621 3933 715 4004 qui
746 3933 982 4006 gentiles
1011 3931 1242 3987 aderant
1262 3947 1329 3987 ex
1361 3931 1522 3999 Urbe,
1552 3941 1848 4000 novantur,

445 4023 744 4078 Credentes
769 4020 1001 4087 Christo,
1034 4021 1245 4092 liquida
1275 4021 1626 4091 baptismatis
1659 4021 1845 4087 unda;

447 4117 566 4171 Haec
591 4115 896 4186 eademque
926 4114 1123 4169 domus
1161 4113 1407 4169 Ecclesia
1434 4122 1624 4169 sancta
1645 4115 1880 4171 renidet.

445 4211 674 4263 Sanctos
701 4207 1015 4262 Marcellum
1047 4215 1337 4277 postquam
1371 4205 1520 4261 ferus
1539 4207 1866 4262 Aurelianus

446 4301 574 4369 Ejus
605 4299 1009 4369 Apuleiumque
1037 4297 1228 4352 schola
1255 4297 1358 4352 sub
1388 4305 1624 4368 utraque
1643 4299 1888 4354 sodalem
1920 4317 1935 4367 ;

448 4390 554 4444 Hos
582 4388 745 4443 etiam
781 4395 999 4458 praeter,
1033 4385 1263 4441 Domino
1292 4401 1390 4456 pro
1421 4387 1605 4442 caelite
1634 4388 1820 4458 plures

447 4476 614 4531 Clarae
638 4477 760 4544 jure
793 4474 945 4530 necis
975 4491 1146 4548 regna
1175 4475 1240 4529 ad
1270 4475 1519 4530 ctelestia
1544 4476 1714 4546 misit,

447 4568 659 4643 Organa
687 4568 806 4623 laeta
834 4567 1000 4637 capit.
1035 4567 1231 4623 Metico
1259 4567 1561 4624 assultante
1593 4569 1778 4636 beato,

449 4660 521 4712 Ac
545 4657 695 4712 venit
717 4656 1003 4712 utnitcant
1033 4656 1198 4712 unius
1227 4657 1346 4712 luce
1374 4657 1485 4713 diei

1201 255 1566 311 FLODOARDI
1609 255 1915 311 CANONICI
1957 253 2290 310 REMENSIS
2331 254 2670 311 OPUSCULA
2707 255 3017 343 METRICA.
3659 265 3744 321 628

2081 390 2137 457 Α
2158 385 2476 460 Virginibus
2504 386 2656 440 ttedae
2678 384 2855 460 tribus
2885 403 2901 449 ;
2930 391 2984 440 at
3014 385 3106 456 pia
3135 387 3473 444 Servilianos

2153 458 2566 548 Sulpiciusque,
2599 476 2695 532 Dei
2725 458 2988 531 miracula
3020 476 3159 532 facta
3186 479 3458 546 videntes,

2153 567 2586 637 Credentesque,
2614 564 2718 636 pize
2746 564 2874 620 fidei
2907 581 3006 620 sua
3031 573 3252 636 pectora
3277 567 3523 622 subdunt
3547 587 3560 623 :

2151 656 2476 711 Aurelianus
2498 654 2579 709 eis
2607 669 2840 725 Sponsas
2869 653 3000 708 dum
3030 653 3233 711 ducere
3261 657 3474 722 suadet,

2155 749 2216 803 Hi
2240 747 2470 803 Domino
2498 745 2625 801 ferri
2655 761 2823 816 super
2850 745 2937 800 his
2968 746 3254 802 hortantur
3271 747 3558 815 honorem,

2156 837 2320 902 Queis
2351 834 2644 890 manifesta
2671 834 2766 889 Dei
2806 834 2977 889 virtus
3005 834 3311 891 radiaverat
3333 837 3484 892 actis.

2155 927 2252 980 Ille
2282 941 2386 980 nec
2414 924 2710 979 admittens
2745 922 3014 990 animum,
3047 939 3153 978 nec
3183 923 3389 979 famina
3416 942 3632 992 curans,

2155 1018 2321 1089 Septa
2345 1017 2504 1085 jubet
2533 1015 2754 1086 capiant
2779 1015 3108 1070 Domitillam
3141 1031 3340 1071 arcana
3369 1017 3590 1083 cubilis,

2161 1114 2383 1184 Speque
2423 1120 2546 1167 actu
2576 1110 2782 1180 majora
2802 1110 2959 1181 petit,
2995 1111 3077 1166 sic
3096 1112 3297 1184 gaudia
3326 1112 3535 1168 ducens

2161 1202 2312 1258 Victa
2343 1200 2627 1273 pudicitiae
2653 1200 2822 1256 veluti
2847 1200 2960 1269 jam
3000 1216 3169 1275 regna
3199 1202 3455 1268 domarit,

2159 1295 2494 1366 Captivoque
2525 1293 2712 1348 datum
2737 1293 2878 1348 foret
2904 1292 3166 1348 insultare
3193 1295 3418 1365 pudori;

2157 1389 2408 1459 Dumque
2439 1386 2582 1441 inter
2603 1386 2856 1441 thalamis
2876 1386 3278 1457 applaudentes
3302 1388 3428 1442 salit
3456 1405 3658 1452 amens,

2162 1475 2416 1546 Corporis
2446 1483 2501 1530 et
2526 1482 2712 1546 gestus
2743 1474 2933 1530 habitu
2967 1477 3244 1532 convolvit
3275 1476 3462 1548 inique
3497 1494 3511 1540 ;

2159 1565 2407 1630 Nescius,
2437 1563 2648 1626 infelix,
2683 1563 2801 1619 haec
2832 1563 3156 1619 inconcessa
3184 1566 3448 1635 petendo.

2075 1697 2127 1764 Β
2153 1658 2320 1714 Insita
2345 1672 2624 1712 concessa:
2655 1654 2792 1710 solvi
2833 1655 2942 1709 sibi
2969 1655 3178 1711 fmdera
3203 1655 3347 1722 vitae,

2150 1746 2478 1820 Sanguineis
2508 1745 2690 1799 anima
2719 1754 2805 1799 est
2835 1745 2965 1799 dum
2991 1744 3102 1814 jam
3131 1748 3433 1816 repetenda
3455 1747 3691 1810 latebris,

2149 1837 2398 1908 Exspirat
2423 1834 2627 1901 subito,
2651 1834 2929 1906 vitamque
2960 1843 3015 1890 et
3043 1836 3255 1892 ludicra
3294 1836 3472 1891 mittit.

2148 1927 2238 1981 His
2267 1926 2495 1981 comites
2523 1924 2656 1978 visis
2687 1923 2896 1980 Christo
2928 1941 2989 1980 se
3018 1927 3221 1981 dedere
3244 1933 3493 1991 certant;

2148 2017 2414 2072 Luxurius
2442 2017 2578 2072 tanti
2604 2015 2772 2072 frater
2793 2024 2914 2087 post
2939 2017 3079 2072 facta
3109 2019 3345 2088 tyranni,

2144 2109 2432 2177 Trajanum
2465 2115 2744 2179 repetens,
2765 2107 3110 2162 dominatum
3130 2108 3308 2178 poscit
3339 2109 3394 2162 in
3425 2107 3595 2170 istos,-

2155 2199 2300 2262 Quos
2327 2196 2491 2251 simul
2527 2195 2786 2251 obtentos
2807 2196 3022 2250 diversa
3045 2196 3196 2250 caede
3227 2197 3478 2252 trucidat.

2157 2292 2463 2363 Sulpicium
2497 2291 2766 2346 illustrem
2790 2291 2938 2346 claro
2968 2307 3094 2346 cum
3126 2291 3434 2347 Serviliano

2160 2387 2422 2442 Praefecto
2455 2388 2679 2442 tradens
2706 2388 2941 2454 Aniano,
2974 2396 3198 2443 accusat
3227 2387 3450 2460 iniquus

2159 2475 2478 2530 Christianae
2505 2475 2737 2531 famulos
2763 2475 2914 2542 fidei,
2937 2475 3228 2548 defertque
3259 2477 3553 2532 necandos.

2157 2563 2477 2638 Virginibus
2502 2565 2748 2634 posthac,
2777 2565 2922 2620 trino
2952 2565 3285 2621 charismate
3311 2566 3484 2632 nexis,

2159 2653 2422 2724 Dpposito
2449 2654 2618 2712 rideri
2635 2656 2703 2714 ab
2733 2655 2815 2710 eis
2855 2656 3086 2730 gentilia
3108 2673 3265 2712 sacra

2164 2741 2270 2797 Res
2295 2743 2546 2798 adimens
2575 2744 2771 2800 avidus
2799 2744 3032 2800 terrenis
3062 2745 3258 2800 usibus
3289 2753 3462 2816 aptas,

2164 2837 2394 2908 Ignibus
2415 2837 2654 2907 injectis,
2688 2845 2940 2908 penetrat
2969 2846 3181 2894 secreta
3210 2839 3393 2894 beatis

2163 2928 2316 2992 Quod
2338 2928 2504 2984 dabat
2523 2929 2793 3003 agnabus,
2827 2927 3061 2985 ﬂammis
3091 2930 3335 2987 incendit
3358 2931 3600 2987 adactis:

2118 3069 2138 3092 Ἰ
2165 3016 2448 3073 Prostrataa
2479 3019 2536 3074 in
2565 3018 2735 3074 facies
2765 3019 2890 3083 illae,
2922 3020 3326 3092 Dominumque
3357 3032 3624 3095 rogantes,

2166 3113 2310 3166 Inter
2338 3118 2463 3166 vota
2493 3127 2799 3184 precesque
2820 3113 3031 3167 animas
3055 3129 3224 3184 super
3252 3117 3457 3170 aethera
3487 3116 3681 3170 tollunt.

2165 3208 2348 3263 Altera
2378 3208 2576 3279 s0pitis
2599 3209 2879 3279 pandebat
2901 3209 3048 3265 clara
3068 3210 3270 3267 favillis

2167 3297 2490 3352 Sanctarum
2516 3297 2740 3352 rutilum
2764 3315 2996 3373 surgens
3025 3315 3223 3356 aurora
3253 3300 3582 3372 triumphum
3610 3319 3622 3365 ;

2167 3391 2544 3463 Czesariusque
2574 3392 2770 3447 adiens
2793 3393 2960 3448 levita
2983 3395 3228 3466 tepentia
3272 3402 3435 3463 tecta,

2168 3481 2386 3535 Invenit
2412 3481 2643 3537 intactas
2671 3485 2822 3538 tanto
2845 3481 3061 3538 fervore
3087 3483 3280 3539 beatas
3311 3502 3323 3538 :

2165 3567 2250 3621 Nil
2282 3568 2340 3622 in
2369 3584 2463 3623 eas
2490 3567 2710 3624 ﬂamma
2737 3577 2989 3626 vestesve
3017 3571 3257 3627 audente
3290 3573 3491 3646 rogali.

2163 3659 2293 3715 Tum
2351 3676 2506 3716 sacra
2548 3662 2793 3718 membra
2854 3678 2994 3720 novo
3045 3665 3322 3720 tumulans
3379 3673 3673 3721 reverenter
3695 3673 3738 3717 et

2292 3745 2301 3755 ’
3497 3755 3685 3825 [aptans

2163 3840 2536 3914 Sacorphago,
2567 3841 2773 3912 pariter
2802 3835 3009 3899 claudit
3030 3851 3283 3918 terraque
3322 3848 3587 3903 recondit.

2163 3931 2465 4002 Sulpicium
2494 3933 2784 4004 praefectus
2817 3935 2932 4010 agit
2953 3953 3078 3992 cum
3105 3937 3411 3996 Serviliano

2164 4023 2254 4077 Dis
2281 4023 2455 4080 libent
2488 4026 2734 4094 ;celebri
2767 4043 2946 4098 nuper
2973 4029 3068 4101 qui
3101 4029 3332 4086 ﬂumine
3364 4032 3592 4088 mundos

2164 4112 2234 4166 Se
2264 4113 2580 4183 perhibent,
2615 4115 2778 4170 foedis
2809 4117 3006 4172 iterum
3041 4135 3142 4174 nec
3170 4120 3428 4176 sordibus
3452 4121 3604 4187 addi;

2163 4200 2412 4272 Dumque
2428 4203 2515 4258 via
2546 4214 2828 4275 nequeunt
2853 4206 2999 4279 adigi
3023 4207 3156 4263 atris
3186 4208 3386 4265 ritibus
3413 4210 3541 4277 ulla,

2161 4293 2391 4348 Sumere
2431 4295 2707 4350 submissa
2729 4297 2973 4371 gladium
3005 4300 3218 4355 cervice
3242 4301 3526 4369 jubentur.

2083 4425 2142 4493 D
2165 4385 2305 4458 Agro
2337 4386 2582 4442 membra
2609 4403 2709 4443 suo
2738 4388 2980 4459 ipsorum
3013 4405 3252 4461 posuere
3282 4391 3495 4458 ﬁdeles,

2165 4473 2310 4531 Moto
2343 4476 2494 4532 mille
2525 4477 2611 4532 via
2640 4478 2725 4533 bis
2755 4479 3011 4549 passibus
3051 4479 3192 4536 Urbe
3213 4481 3422 4549 Latina,

2164 4565 2519 4639 Martyriique
2551 4567 2672 4624 loco
2686 4584 2786 4640 per
2805 4576 3052 4641 tempora
3072 4580 3272 4626 cuncta
3293 4573 3498 4629 deinde

2168 4661 2369 4718 Horum
2404 4660 2661 4738 Iargiﬂue
2687 4664 2862 4721 virtus
2889 4665 3158 4722 exuberat
3187 4667 3330 4738 ipso.

1919 4814 2130 4871 CAPUT
2166 4816 2296 4872 XIV.

1228 4922 1306 4981 De
1333 4922 1634 4996 doctrina,
1676 4925 1998 4987 miraculis
2027 4936 2083 4987 et
2113 4929 2396 5005 passione
2422 4933 2622 4992 sancti
2651 4928 2970 4994 Clementis

446 5060 658 5115 Interea
679 5059 933 5114 Clemens
963 5059 1151 5115 aeterni
1172 5059 1389 5114 semina
1416 5059 1567 5114 verbi

446 5152 736 5207 lnsistente
767 5167 962 5207 serens
993 5152 1122 5206 ﬁdei
1153 5151 1365 5206 fervore
1393 5167 1670 5222 supernae,

397 5268 404 5275 -
440 5237 647 5293 Evolvit
686 5239 892 5309 plures,
932 5239 1246 5294 veneranda
1276 5239 1578 5308 volumina,
1611 5241 1772 5310 libro,

438 5327 735 5383 Instituens
765 5327 944 5382 varias
973 5327 1164 5383 divino
1197 5329 1404 5384 lumine
1432 5337 1649 5405 gentes,

432 5415 508 5468 Ad
542 5416 664 5470 vita:
695 5416 889 5472 callem
929 5417 1158 5490 gentilia
1177 5418 1343 5473 corda
1374 5419 1574 5476 ciendo
1607 5437 1622 5486 ;

433 5508 605 5579 Inque
633 5507 740 5561 fide
761 5516 1047 5564 constante
1076 5510 1195 5580 pios
1216 5519 1460 5582 perstare
1488 5514 1766 5570 monendo
1795 5533 1808 5581 ;

432 5599 586 5655 Unde
608 5606 664 5654 et
684 5600 1019 5658 catholicum
1048 5602 1256 5659 monita
1279 5621 1546 5678 accepere
1578 5622 1843 5664 vocamen

2166 5065 2477 5141 Relligione
2504 5082 2604 5138 per
2625 5068 2771 5124 hunc
2797 5068 3056 5125 informat
3090 5070 3257 5126 Roma
3288 5070 3616 5135 Corinthum,

2161 5153 2415 5210 Decernit
2440 5155 2647 5210 scribas
2680 5156 3001 5231 regionibus
3027 5159 3221 5214 ordine
3241 5167 3398 5234 gesta

2161 5246 2262 5310 Qui
2286 5246 2615 5302 bellatorum
2645 5255 2896 5320 satagant
2921 5266 3246 5321 expromere
3275 5250 3468 5306 Christi
3502 5270 3516 5316 ;

2158 5339 2382 5395 Ordinat
2412 5348 2465 5396 et
2487 5342 2712 5408 clerum,
2738 5343 2940 5399 diversi
2956 5345 3198 5400 culmine
3226 5346 3400 5402 fastus
3431 5366 3448 5409 ;

2155 5428 2449 5485 Pontifices
2477 5437 2531 5486 et
2559 5432 2805 5504 quinque
2837 5442 3015 5488 sacrat
3045 5435 3138 5506 qui
3175 5436 3419 5505 partibus
3443 5434 3583 5490 orbis

2153 5520 2441 5576 Mittuntur
2465 5523 2718 5578 conferre
2739 5524 2881 5579 datis
2908 5525 3288 5580 moderamina
3317 5527 3468 5600 legis.

2153 5612 2425 5682 IIicjubet
2455 5613 3014 5688 insignis,Diouysius
3044 5613 3212 5671 eﬂ‘era
3240 5615 3419 5672 Gallos
