3974 6146
405 156 502 211 631
1168 151 1534 207 FLODOARDI
1575 150 1879 206 CANONICI
1920 150 2248 208 REMENSIS
2287 153 2620 212 OPUSCULA
2659 158 2970 214 METRICA.
3630 169 3728 226 632

403 285 482 338 Ad
506 281 626 337 loca
652 285 942 349 pervectus
971 278 1073 332 sibi
1107 277 1359 350 delegata
1397 278 1613 344 beatus,

406 373 644 430 Offendit
675 371 957 446 profugos,
989 369 1141 439 paria
1167 370 1323 424 almae
1352 369 1522 424 millia
1549 369 1748 439 plebis,

405 463 691 516 Mulctatos
711 459 846 512 inibi
880 457 1024 512 saxis
1053 459 1120 512 ad
1141 459 1294 526 jussa
1314 458 1600 523 secandis;

407 551 503 614 Qui
539 548 793 619 lacrymis
820 563 1036 612 omnes,
1078 548 1198 602 viso
1234 547 1533 615 Clemente,
1561 547 1776 618 repleti,

408 641 728 696 Pontificem
759 646 968 694 tantum
1001 644 1108 693 tam
1137 639 1272 693 dura
1294 639 1514 694 subisse
1544 639 1860 714 gemebant,

408 737 553 802 Quos
584 751 822 791 maerore
854 735 1063 801 levans,
1097 737 1304 790 socium
1337 752 1397 790 se
1429 737 1657 790 numine
1688 736 1913 790 missum

407 828 812 900 Omnipotentis
839 827 919 881 eis
949 827 1267 898 pmblando
1297 826 1501 883 famine
1523 836 1734 885 tractat.

410 924 587 980 Gloria
614 928 932 977 consortem
963 936 1126 992 quem
1153 920 1333 990 passio
1359 920 1561 993 jungit,
1589 927 1647 974 ut
1676 927 1842 991 aptet.

408 1021 497 1075 Sic
525 1017 742 1073 medico
773 1023 1009 1087 coeptum
1051 1015 1298 1070 mulcens
1336 1031 1592 1070 sermone
1619 1015 1886 1082 dolorem,

413 1107 653 1161 Millibus
689 1104 856 1160 edicit
886 1104 1034 1158 senis
1065 1102 1330 1158 deferrier
1350 1104 1554 1160 undam

411 1204 729 1258 Sanctorum
765 1199 1027 1271 perlatam
1057 1199 1299 1253 humeris
1337 1199 1624 1253 arentibus
1645 1200 1828 1264 arvis;

410 1297 561 1349 Tunc
586 1292 864 1348 Clemens:
917 1312 932 1338 ι
981 1290 1271 1346 Dominum
1292 1291 1474 1346 cuncti
1502 1307 1794 1362 poscamus
1827 1293 2025 1357 Iesum,

415 1387 679 1440 Marmore
709 1384 779 1437 de
808 1383 955 1438 sicco
985 1381 1077 1452 qui
1110 1381 1337 1436 flumina
1365 1382 1573 1451 prollua
1606 1382 1760 1436 duxit

415 1476 472 1529 In
513 1475 729 1528 deserta
760 1472 910 1534 Sina,
945 1487 1093 1526 nunc
1115 1470 1526 1526 confessoribus
1553 1471 1715 1525 isthic

415 1562 648 1617 Laetifico
678 1567 893 1631 promat
921 1559 1185 1614 salientes
1223 1559 1450 1613 flumine
1482 1575 1681 1624 venas;
1729 1580 1749 1609 ι

2047 289 2088 344 Α
2121 278 2380 337 Sidereus
2411 283 2616 338 dudum
2637 282 2813 340 factus
2840 285 2936 356 qui
2958 286 3095 342 civis
3116 287 3172 342 in
3192 289 3378 345 undis.

2122 366 2428 424 Etheream
2456 373 2594 442 petit
2631 389 2661 426 a
2682 389 2898 430 summo
2927 391 3083 430 mens
3120 378 3337 453 gurgite
3358 380 3547 436 sedem
3576 401 3594 447 ;

2121 459 2290 514 Undis
2321 461 2440 517 laeta
2470 464 2680 530 volans,
2713 481 2820 520 non
2843 466 3134 536 prmfocata
3165 485 3265 540 per
3290 472 3486 538 undas,

2124 548 2402 619 Exsequiae
2429 552 2627 607 desunt
2657 554 2897 610 humano
2924 554 3136 611 funeris
3157 564 3303 625 actu,

2124 636 2458 710 Obsequium
2490 642 2587 694 sed
2608 643 2766 697 adest
2786 643 2974 700 divino
3003 663 3232 702 munere
3254 649 3452 716 latum;

2125 727 2374 785 Officium
2406 740 2664 802 prmstent
2694 735 2948 791 homines
2974 737 3069 808 qui
3096 736 3304 794 funeris
3324 739 3558 808 absunt;

2127 819 2394 875 leicolae
2425 830 2620 877 curent
2648 823 2742 894 qui
2775 825 2966 879 munia
2997 824 3206 882 funeris
3234 827 3451 883 adsunt.

2125 914 2202 967 Ad
2236 932 2447 985 paenam
2475 933 2633 982 nexa,
2668 918 2997 990 obsequium
3030 920 3135 976 fert
3160 924 3401 977 anchora
3430 923 3649 991 ductus,

2129 1008 2301 1079 Inque
2333 1008 2510 1064 aulam
2543 1011 2735 1064 structi
2769 1012 2996 1068 deducit
3026 1013 3292 1081 membra,
3322 1016 3582 1086 sepulcri,

2127 1100 2383 1175 Angelica
2423 1102 2658 1172 positam
2691 1103 2920 1172 fabrica,
2953 1105 3193 1178 divoque
3219 1116 3429 1177 paratu,

2127 1191 2367 1247 Sidereis
2395 1196 2570 1249 sancti
2603 1196 2857 1250 manibus
2882 1213 2992 1268 quo
3022 1197 3271 1252 membra
3298 1198 3556 1254 locantur.

2134 1279 2382 1335 Littoreis
2412 1284 2605 1354 p0puli
2635 1284 2831 1340 flentes
2851 1286 3210 1356 speculantur
3247 1287 3425 1342 arenis

2133 1369 2382 1434 Qualibet
2411 1372 2698 1427 advectum
2722 1372 2886 1428 detur
2907 1374 2952 1428 si
2983 1390 3210 1430 cernere
3238 1376 3403 1432 funus
3429 1395 3442 1443 ;

2136 1463 2424 1533 Discipulis
2457 1465 2812 1520 nanciscendi
2843 1465 3045 1522 fiducia
3075 1469 3250 1523 sancti
3345 1517 3348 1519 Α

2136 1552 2390 1622 Corporis
2413 1553 2464 1606 in
2495 1553 2754 1623 precibus
2783 1552 2939 1618 firma
2976 1557 3158 1612 radice
3183 1564 3420 1612 tenetur.

415 1651 682 1721 Dumque,
703 1648 844 1701 datis
866 1646 1147 1728 precibus,
1174 1646 1805 1718 circumspicitundique
1829 1646 2027 1716 prmsul
2063 1634 2109 1700 Β
2140 1641 2268 1698 Cum
2305 1643 2512 1698 Phaabo
2536 1644 2797 1715 populum
2823 1646 3070 1702 hortatur
3091 1647 3375 1703 Cornelius
3403 1664 3506 1702 una

412 1743 550 1796 Ecce
581 1739 674 1794 Dei
700 1745 940 1793 montem
968 1755 1140 1808 super
1166 1755 1368 1811 agnum
1403 1739 1659 1793 assistere
1685 1739 1888 1806 cernit,

415 1834 515 1900 Qui
547 1834 685 1904 pede
708 1838 961 1904 porrecto
991 1832 1238 1886 innuitur
1275 1831 1394 1886 loca
1426 1832 1670 1902 pandere
1700 1833 1923 1898 dextro;

2133 1733 2431 1787 Unanimes
2462 1735 2738 1789 Christum
2761 1744 3006 1801 exorent,
3039 1736 3297 1808 dignetur
3325 1736 3504 1790 utillis

2134 1825 2367 1881 Exuvias
2395 1842 2642 1881 reserare
2680 1828 2869 1899 polum
2902 1835 3068 1899 rapta:
3098 1844 3321 1899 aaquore
3352 1828 3581 1893 mentis;

417 1929 570 1983 IIaud
603 1927 865 1982 dubitans
894 1925 1168 1980 Christum
1193 1934 1414 1981 sanctus
1436 1926 1568 1997 quin
1585 1934 1860 1994 cerneret,
1889 1943 2032 1982 unus
2134 1919 2381 1989 Dumque
2411 1929 2606 1974 V8031"
2629 1919 2860 1992 iugibus
2890 1920 3170 1992 ρυὶεᾶηῐθε
3189 1921 3371 1975 Sidera
3389 1920 3547 1985 νοῐίε,

419 2021 723 2094 Pergit,et:
761 2039 788 2070 ι(
823 2019 936 2073 Huc
957 2018 1174 2074 Domini
1197 2018 1300 2074 sub
1316 2019 1540 2074 nomine
1560 2019 1756 2075 vertite
1785 2025 1975 2085 rastra,
2008 2041 2028 2070 ι

419 2111 580 2175 Dicit;
623 2118 677 2164 at
707 2109 760 2164 hi
789 2110 934 2164 circa
973 2108 1262 2176 effodiunt,
1295 2125 1475 2181 neque
1506 2116 1734 2185 tangere
1761 2118 1966 2166 norunt

415 2198 664 2255 Pontiﬁci
694 2208 971 2254 ostensam
994 2215 1196 2269 supero
1227 2199 1608 2255 moderamine
1635 2200 1876 2274 glebam.

414 2293 556 2362 Papa
587 2290 716 2356 levi,
745 2289 951 2345 ferrum
992 2291 1236 2362 rapiens,
1283 2291 1400 2346 loca
1432 2293 1668 2363 percutit
1697 2292 1834 2358 ictu,

412 2381 717 2453 Educitque
744 2395 946 2436 novum
977 2380 1186 2435 ctelesti
1219 2396 1452 2436 munere
1481 2380 1711 2449 fontem,

410 2471 624 2525 Robore
655 2470 748 2542 qui
788 2476 1010 2540 sumpto
1041 2469 1267 2525 ﬂuvium
1308 2470 1479 2526 vomit
1519 2471 1724 2542 impete
1757 2470 1960 2526 laetum.

413 2563 692 2619 Exsultant
714 2562 928 2634 populi,
964 2561 1217 2618 Clemens
1241 2564 1348 2618 hoc
1375 2565 1623 2620 carmine
1654 2564 1891 2638 gaudet:

419 2678 440 2706 α
486 2657 726 2728 Impetus
755 2655 1024 2710 exhilarat
1062 2655 1302 2711 divinam
1333 2655 1577 2712 ﬂuminis
1601 2658 1817 2712 urbem.
1864 2681 1888 2704 υ

412 2746 581 2801 Fonte
613 2761 755 2801 novo
787 2744 956 2799 celeri
986 2751 1159 2799 terras
1188 2751 1443 2800 verrente
1473 2753 1677 2808 meatu.

412 2835 678 2890 Fluminis
714 2835 977 2891 exsiliens
1008 2834 1155 2889 haud
1195 2836 1424 2910 segnius
1452 2837 1674 2912 agmine
1705 2835 1849 2892 fama

409 2929 580 3002 Agros
607 2929 914 2999 pervolitat,
950 2929 1182 3000 patriam
1212 2930 1506 2985 virtutibus
1538 2930 1767 3001 implet;

406 3017 727 3072 Accelerant
750 3019 938 3089 populi
963 3019 1234 3092 magualia
1256 3019 1438 3075 visere
1468 3019 1682 3086 Christi,

411 3108 612 3162 Haustu
641 3115 898 3179 potantur
924 3107 1212 3175 bifluente,
1256 3123 1510 3180 novoque
1545 3117 1821 3164 novantur

410 3202 679 3269 Flumine,
699 3203 1133 3278 quingentaeque
1162 3203 1254 3257 die
1282 3219 1452 3274 super
1481 3203 1718 3274 amplius
1749 3221 1857 3260 una

411 3290 640 3346 Salvatae
671 3292 1135 3346 remeantanimze
1165 3301 1576 3365 properentque
1606 3294 1888 3363 dicandaa;

408 3386 765 3461 Septuaginta
795 3387 968 3459 magis
997 3394 1108 3443 toto
1143 3387 1480 3443 fabricantur
1507 3389 1560 3443 in
1591 3405 1736 3445 anno

414 3474 691 3538 Ecclesiae,
739 3483 860 3546 post
885 3474 1013 3530 fana
1041 3477 1160 3531 deis
1181 3491 1372 3530 eversa
1397 3477 1612 3532 solutis.
1654 3522 1659 3525 .

407 3562 538 3617 Tres
565 3563 653 3618 hic
675 3563 850 3618 imbre
883 3563 976 3635 pio
1008 3564 1338 3635 p0pulorum
1372 3565 1537 3619 corda
1565 3565 1796 3638 rigando

409 3651 643 3705 Duxerat
664 3658 907 3718 aestates,
942 3651 1081 3707 lucis
1105 3652 1233 3706 dum
1269 3651 1474 3708 lividus
1505 3653 1698 3722 hostis,

407 3744 532 3798 Atra
557 3761 771 3800 venena
793 3761 1059 3818 coquens,
1092 3752 1308 3801 mentes
1335 3746 1562 3820 instigat
1587 3747 1802 3818 inanes,

412 3835 658 3890 Luminis
686 3837 910 3892 aetherei
948 3845 1194 3910 quaestus
1224 3837 1435 3913 agitare
1465 3839 1748 3908 profanos,

408 3924 745 4000 Augustique
774 3942 942 3996 super
968 3925 1250 3981 Clemente
1281 3941 1586 3998 exposcere
1611 3928 1780 4000 leges,

407 4019 727 4074 Innumeras
755 4034 1015 4088 superum
1050 4019 1239 4088 plebes
1267 4023 1417 4092 quod
1447 4022 1698 4095 abegerit
1719 4022 1842 4077 aris.

406 4111 631 4166 Mittitur
663 4111 770 4165 huc
791 4127 821 4165 a
839 4112 1070 4182 Trajano
1095 4118 1214 4165 trux
1241 4111 1562 4167 Aufidianus

407 4203 756 4260 Christicolas
786 4204 1005 4274 punire,
1039 4203 1205 4258 deum
1228 4204 1314 4260 vel
1332 4204 1573 4260 subdere
1595 4207 1766 4262 sacris

409 4296 508 4363 Qui
546 4295 708 4367 lupus
745 4302 806 4349 ut
836 4295 1084 4361 rabidus,
1117 4296 1414 4367 caulasque
1461 4297 1765 4370 irrumpere
1798 4317 2024 4372 pronus,

413 4391 513 4446 Aut
542 4390 765 4444 turbare
791 4405 989 4465 greges
1013 4389 1120 4444 late
1150 4406 1247 4461 per
1279 4408 1477 4461 pascua
1497 4392 1671 4461 fusos,

413 4482 717 4552 Praecipitat
755 4481 966 4548 saevire,
1000 4497 1172 4538 novos
1205 4483 1410 4538 laniare
1443 4484 1722 4551 bidentes,

412 4572 524 4626 Nec
553 4586 726 4635 mora,
761 4569 1036 4625 ferventes
1061 4571 1353 4644 jugulique
1386 4573 1453 4627 ad
1488 4573 1678 4630 fenora
1710 4575 1890 4650 largos

414 4664 621 4734 Accipit
653 4664 752 4718 hos
781 4664 1042 4735 nudaque
1061 4680 1251 4718 ensem
1285 4665 1497 4720 cervice
1528 4673 1816 4736 petentes;

415 4755 744 4809 Cunctorum
775 4754 985 4809 invidet
1011 4755 1102 4809 ille
1124 4755 1268 4819 neci,
1300 4763 1463 4826 negat
1493 4763 1660 4828 atque
1691 4757 1890 4824 ferire;

417 4847 864 4918 Clementemque
889 4847 1054 4900 modo
1082 4846 1269 4902 divina
1301 4848 1356 4901 in
1388 4848 1578 4917 prmlia
1606 4850 1825 4919 poscit;

422 4942 574 4995 Hunc
601 4939 751 4994 vafro
782 4939 943 4994 variis
974 4946 1191 4994 tentans
1216 4941 1507 4996 conamine
1543 4942 1684 5010 telis,

420 5031 744 5108 Egregiique
777 5031 1016 5102 probans
1045 5039 1104 5086 ut
1133 5031 1490 5087 ineluctabile
1519 5033 1706 5088 robur.

417 5125 594 5181 Sentit
623 5123 887 5199 agonistae
918 5139 1080 5196 quem
1106 5123 1326 5178 vincere
1356 5131 1534 5179 terrea
1561 5126 1769 5192 cernit;

417 5216 704 5290 Aiquoreis
735 5216 879 5291 adigi
913 5232 1035 5270 cum
1070 5217 1313 5286 pondere
1345 5216 1595 5287 praecipit
1625 5219 1818 5284 undis;

420 5309 621 5383 llisque
647 5309 806 5364 salire
835 5316 1056 5380 putans,
1090 5309 1338 5378 superari
1367 5309 1565 5363 cmrula
1597 5326 1780 5380 posse,

418 5404 714 5478 Mergeutis
742 5404 966 5459 mandat
995 5410 1248 5458 nectatur
1288 5411 1344 5458 ut
1370 5405 1608 5459 anchora
1637 5406 1921 5475 membris,

418 5492 610 5548 Fertur
638 5499 693 5547 at
712 5491 802 5551 ille
831 5492 942 5564 poli
975 5508 1144 5565 regna
1173 5492 1470 5553 intraturus
1499 5492 1567 5548 ab
1591 5494 1774 5561 undis,

488 5620 734 5689 (173-74)
775 5621 901 5678 Cod.
935 5624 1118 5680 enecti.

2137 2011 2370 2080 Spiritus
2401 2027 2430 2065 e
2462 2012 2625 2079 etelo,
2667 2012 2836 2067 Rubri
2871 2013 2963 2085 qui
2993 2029 3266 2068 marmora
3293 2013 3438 2083 ponti

2138 2099 2274 2154 Olim
2308 2116 2462 2154 arere
2485 2101 2656 2166 dedit,
2691 2107 2836 2156 retro
2866 2117 3018 2156 mare
3049 2101 3251 2156 cedere
3281 2101 3446 2175 cogit,

2138 2190 2210 2244 Ac
2239 2189 2464 2262 longum
2493 2189 2678 2244 laxare
2703 2189 2908 2257 sinum,
2937 2205 3036 2261 per
3063 2189 3238 2252 millia
3267 2191 3512 2260 pandens

2139 2288 2448 2359 Ingressum
2473 2286 2694 2356 populis
2720 2286 2926 2341 siccum
2953 2286 3076 2353 tria,
3103 2302 3334 2342 cernere
3363 2285 3608 2357 praebens

2137 2381 2397 2456 Angelica
2421 2395 2563 2435 caeso
2592 2379 2798 2434 fabrica
2837 2380 2961 2434 data
2989 2395 3261 2435 marmore
3291 2379 3511 2450 templa,

2141 2473 2347 2528 Coclitis
2370 2486 2537 2543 mque
2564 2472 2689 2526 aula
2714 2471 2852 2526 fabri
2887 2471 3265 2526 moderamine
3309 2472 3488 2534 ducta,

2137 2565 2449 2620 [Ethereum
2472 2571 2806 2620 monstratur
2835 2579 2978 2634 opus
3006 2563 3318 2634 mirumque
3342 2561 3665 2632 sepulcrum,

2137 2658 2384 2728 Martyris
2412 2675 2536 2712 arca
2567 2667 2762 2731 tegens
2783 2655 3100 2711 venerabile
3131 2671 3296 2710 saxea
3317 2654 3537 2729 pignus,

2136 2751 2488 2822 Martyriique
2509 2765 2672 2804 secus
2696 2747 2933 2804 celebris
2956 2753 3143 2802 manet
3164 2747 3408 2801 anchora
3435 2745 3603 2809 testis,

2134 2839 2428 2910 Discipulis
2451 2838 2627 2894 avidis
2643 2845 2894 2892 sanctum
2921 2834 3226 2891 transferre
3241 2834 3474 2890 cadaver

2135 2932 2332 2988 Oroma
2361 2931 2589 2986 secretis
2620 2930 2820 2985 divina
2841 2928 3103 3000 panditur
3129 2927 3288 2990 aulae,

2058 3001 2106 3068 (ἶ
2137 3022 2212 3076 Ne
2243 3036 2475 3076 vacuare
2503 3019 2674 3076 velint
2699 3019 2868 3074 sacris
2906 3019 3033 3073 data
3063 3019 3266 3073 mania
3291 3016 3569 3080 membris,

2135 3111 2405 3188 Festaque
2438 3115 2567 3170 dum
2601 3115 2854 3180 redeunt,
2889 3113 3123 3168 redeunt
3156 3113 3321 3167 maris
3351 3113 3461 3167 ima
3491 3116 3723 3174 terentes,

2135 3207 2364 3278 Altaque
2399 3205 2679 3278 signantes
2708 3203 2857 3257 sicco
2881 3202 3187 3274 penetralia
3207 3217 3420 3274 gressu,

2137 3307 2284 3361 Dicta
2317 3311 2523 3376 patent,
2550 3301 2794 3357 subdunt
2826 3301 3127 3372 positorum
3159 3300 3413 3355 examina
3441 3299 3630 3354 circum

2136 3396 2206 3450 Se
2240 3393 2566 3466 populorum
2607 3392 2702 3446 uni
2730 3405 2946 3445 summo
2975 3405 3218 3460 veroque
3239 3388 3493 3453 Tonanti,

2135 3485 2351 3541 Praebet
2373 3485 2478 3540 iter
2507 3483 2757 3538 solemne
2787 3480 2954 3534 maris
2991 3478 3306 3540 Clementis,
3341 3485 3396 3532 et
3427 3477 3519 3533 illo

2139 3577 2342 3633 lnsueti
2368 3574 2645 3646 pandente
2675 3573 2790 3628 salo
2823 3571 2926 3626 tria
2956 3569 3129 3624 millia
3148 3569 3326 3636 callis,

2137 3665 2413 3722 zErumnis
2441 3663 2580 3718 vecti
2603 3661 2769 3716 variis
2803 3665 3061 3715 curantur
3088 3659 3296 3713 anheli.

2138 3754 2375 3829 Contigit
2398 3755 2508 3809 huc
2534 3752 2810 3825 quondam
2845 3765 3011 3821 parva
3039 3765 3163 3804 cum
3191 3749 3344 3819 prole
3374 3747 3607 3820 profecta

2137 3847 2303 3902 Mater
2340 3853 2398 3899 ut
2441 3841 2760 3918 ingrediens
2789 3839 3035 3906 tandem,
3076 3837 3421 3894 solemnibus
3449 3836 3598 3902 actis,

2137 3935 2272 3987 Sese
2305 3933 2611 4004 impertiret
2631 3932 2865 4003 dapibus
2890 3930 3250 4001 sobolemque
3279 3929 3489 4000 sapori.

2138 4024 2351 4081 Interea
2388 4025 2573 4080 sonitu
2594 4023 2896 4095 repetentis
2926 4021 3108 4076 littora
3135 4021 3288 4092 ponti

2131 4121 2426 4178 Concussis
2448 4119 2652 4174 mulier
2671 4118 2837 4173 sociis
2867 4116 3084 4171 turbata
3109 4115 3338 4180 recedit,

2135 4213 2566 4284 Praecipitesque
2596 4225 2855 4282 sequens,
2885 4209 3128 4264 animum
3163 4215 3245 4262 est
3271 4206 3440 4263 oblita
3473 4203 3712 4278 parentis;

2132 4311 2426 4363 Immemor
2447 4303 2632 4359 amissi
2661 4303 2763 4357 sub
2794 4309 2944 4356 vasta
2972 4299 3173 4355 cubilia
3204 4300 3337 4364 nati,

2058 4376 2111 4444 D
2134 4400 2402 4470 Anticipat
2427 4396 2617 4467 rapido
2640 4393 2938 4448 metuenda
2963 4392 3245 4447 volumina
3265 4407 3460 4454 cursu;

2133 4496 2260 4561 Quae
2281 4502 2542 4556 mentem,
2575 4495 2688 4544 tuta
2715 4488 2937 4542 demum
2968 4487 3228 4552 statione,
3261 4501 3565 4550 resumens,

2133 4585 2384 4662 Pignoris
2413 4581 2645 4654 expositi
2669 4579 2882 4654 gremio
2910 4577 3288 4633 reminiscitur
3311 4577 3428 4644 alti,

2132 4678 2305 4747 Atque
2339 4675 2512 4728 edens
2542 4671 2800 4745 gemitus,
2836 4675 3050 4739 portum
3079 4669 3347 4742 plangore
3373 4667 3626 4738 replebat,

2137 4760 2475 4837 Luctumque
2515 4761 2885 4836 ingeminans,
2926 4775 3170 4813 summas
3209 4766 3491 4830 percursat
3526 4771 3708 4814 arenas.

2138 4856 2315 4912 Everti
2338 4855 2383 4909 si
2414 4853 2537 4927 quis
2570 4852 2806 4920 (173-74)
2825 4851 3000 4925 geniti
3024 4850 3228 4904 vidisse
3256 4851 3491 4905 cadaver

2135 4949 2445 5018 Depromat,
2479 4943 2764 5014 nulloque,
2797 4958 2990 4998 omnes
3018 4941 3211 4996 scitata
3239 4941 3462 5003 viritim,

2136 5039 2344 5094 Indicio
2375 5043 2618 5107 sumpto,
2651 5042 2988 5104 maestasque
3022 5033 3247 5089 reducta
3276 5032 3378 5087 sub
3400 5032 3561 5098 aedes,

2139 5129 2426 5185 Continuis
2456 5127 2680 5198 longum
2714 5123 2968 5194 producit
2994 5121 3215 5176 fletibus
3235 5137 3459 5176 annum.

2138 5221 2379 5277 Phoebeo
2406 5219 2461 5272 in
2491 5224 2667 5272 semet
2692 5215 2856 5270 solito
2889 5213 3156 5268 redeunte
3185 5219 3391 5279 meatu,

2135 5315 2454 5384 Exspectata
2475 5309 2569 5363 diu
2602 5312 2848 5361 remeant
2877 5305 3009 5360 dum
3026 5303 3165 5360 festa
3195 5304 3428 5371 colonis,

2133 5409 2227 5464 Illa
2258 5406 2421 5470 redit,
2463 5403 2780 5475 primosque
2809 5401 2953 5455 inter
2991 5416 3117 5456 mox
3149 5400 3326 5471 prima
3351 5399 3586 5463 recurrit,

2133 5501 2186 5554 Si
2212 5496 2456 5572 reperire
2477 5503 2643 5568 queat
2671 5493 2864 5548 saltem
2907 5491 3055 5548 eluta
3084 5491 3335 5567 pignoris
3355 5508 3502 5550 ossa:
