3974 6146
431 210 538 264 635

429 341 642 396 Limine
669 339 992 401 Alexander,
1027 337 1326 393 vincimina
1356 339 1514 409 plura
1543 338 1911 409 triumphans.

431 435 652 488 Hermes
668 431 875 496 ﬁrmat;
907 431 1040 495 abit,
1064 431 1265 502 prodit,
1299 429 1968 503 triplicansqueQuirinus

431 524 676 580 Pontiﬁci
707 540 898 589 nexus,
923 531 1084 579 aucto
1105 523 1355 589 custode,
1387 530 1590 579 tuetur.

427 615 552 669 Orat
582 630 722 686 papa
750 612 891 668 fides
923 621 1080 684 pacto
1120 613 1358 668 claretur
1379 621 1438 668 ut
1459 613 1581 668 isto.

425 704 646 758 Ethera
676 711 800 758 vota
825 709 1041 773 petunt,
1073 701 1196 757 C(Bli
1228 701 1536 756 demittitur
1563 700 1724 756 astris
1755 717 1771 766 ;

424 793 576 859 Nam,
609 791 785 847 stellis
806 807 1051 846 convexa
1075 790 1185 862 poli
1208 789 1591 864 pingentibus,
1613 805 1756 844 .ecce

424 889 624 942 Parvus
655 887 810 942 adest
839 903 997 957 puer,
1031 894 1087 942 et
1109 886 1340 941 rutilans
1362 886 1636 940 illuminat
1661 892 1832 941 atram

423 982 599 1037 Taedae
629 983 750 1037 luce
773 982 1020 1047 domum,
1052 990 1219 1054 atque
1250 983 1410 1053 sequi
1440 998 1501 1038 se
1532 981 1781 1054 praecipit
1809 980 2035 1037 almum.

425 1071 543 1139 llle,
575 1073 762 1126 dolum
794 1079 1065 1137 metuens,
1100 1087 1331 1142 puerum
1354 1071 1698 1143 faculamque
1747 1070 1987 1126 videndo
2023 1087 2035 1123 :

429 1186 453 1207 «
483 1162 600 1216 Non
631 1161 794 1215 simul
827 1160 940 1227 ibo,
972 1177 1118 1233 genu
1145 1177 1361 1216 mecum
1393 1160 1499 1214 nisi
1548 1161 1785 1227 ﬂexeris,
1838 1159 2035 1231 inquit,

429 1252 922 1307 Commemorando
974 1267 1192 1323 precem
1255 1250 1466 1307 Christo
1532 1251 1774 1306 dictante
1852 1248 2038 1321 profu-

1742 1343 1902 1410 [sam.
1939 1361 1968 1392 ι)

427 1433 625 1504 Implet
654 1433 808 1502 jussa
830 1448 986 1504 puer,
1018 1432 1378 1505 dextramque
1409 1433 1670 1488 antistitis
1709 1433 1830 1503 ipse

427 1525 762 1596 Corripiens,
797 1540 896 1595 per
920 1525 1162 1580 claustra
1194 1525 1334 1596 rapit
1356 1526 1505 1580 velut
1531 1525 1668 1581 ostia
1699 1525 1972 1596 pandens,

430 1614 803 1685 Praefectoque
827 1615 986 1687 jugat
1016 1614 1187 1669 clausi
1207 1614 1350 1668 intra
1379 1623 1536 1685 septa
1573 1613 1796 1670 cubilis.

432 1707 748 1777 Insequitur
796 1714 1117 1777 reseratque
1148 1706 1460 1776 irrumpens
1493 1707 1732 1762 claustra
1766 1707 2049 1775 Quirinus,

430 1800 834 1872 lnveniensque
857 1801 1016 1854 simul
1053 1801 1285 1856 Domino
1302 1817 1402 1855 sua
1428 1809 1551 1856 vota
1576 1801 1837 1869 ferentes,

426 1894 572 1956 Quos
603 1901 783 1948 trusos
809 1893 978 1946 antris
1005 1893 1238 1949 statione
1269 1901 1575 1949 removerat
1604 1901 1763 1950 aucta
1797 1913 1811 1960 ;

435 1982 663 2052 Astupet
692 1982 906 2036 ardenti
937 1981 1149 2042 faculaa,
1180 1982 1456 2053 rebusque
1477 1983 1805 2049 tremendis,

436 2074 831 2146 Pr0positoque
859 2081 1051 2129 tenore
1082 2072 1247 2130 fidem
1278 2089 1498 2129 servare
1537 2075 1763 2146 petitus,

435 2166 656 2220 Artibus
686 2166 801 2219 haec
820 2165 1164 2220 Zoroastraeis
1177 2165 1488 2220 cunctando
1516 2165 1772 2236 rependit

435 2257 729 2312 Praefectus
764 2265 958 2312 contra
995 2273 1006 2310 :
1043 2277 1066 2306 «
1094 2256 1356 2328 Nunquid
1390 2271 1490 2311 nos
1506 2256 1742 2329 legimus
1764 2257 1866 2312 ista
1897 2256 1926 2310 ?

436 2345 592 2414 Optio
610 2352 769 2419 gesta
793 2353 885 2400 tua
913 2354 1014 2408 est,
1042 2344 1156 2413 jam
1187 2345 1415 2400 credere
1437 2346 1574 2400 cede
1604 2354 1826 2417 paratus
1852 2365 1870 2412 ;

436 2433 612 2488 Nostri
646 2450 771 2488 nam
801 2433 1016 2489 Domini
1049 2435 1384 2504 permaxima
1417 2435 1565 2489 dona
1594 2442 1876 2501 tenentur,

436 2522 535 2586 Qui
563 2522 718 2576 dedit
747 2522 997 2576 auditum
1022 2522 1205 2576 surdis
1225 2531 1278 2578 et
1307 2523 1516 2577 lumina
1536 2523 1716 2589 caecis,

436 2615 701 2683 Leprosos
728 2615 1019 2678 mundans,
1050 2613 1346 2684 paralytica
1373 2615 1618 2669 membra
1646 2615 1974 2679 reformans,

437 2709 721 2763 Daemones
751 2708 1055 2778 expellens,
1089 2709 1377 2764 animabus
1406 2724 1637 2780 corpora
1662 2709 1938 2775 reddens;

437 2799 535 2865 Qui
569 2799 693 2854 tulit
721 2808 777 2854 et
815 2799 1062 2855 functum
1095 2801 1229 2854 mihi
1261 2801 1384 2855 vitae
1415 2801 1484 2855 ad
1515 2801 1704 2855 munia
1733 2811 1980 2876 gnatum,

437 2889 608 2952 Quem
640 2887 864 2963 langore
894 2889 1096 2944 scholis
1121 2889 1551 2961 disciplinisque
1592 2898 1878 2946 vacantem

441 2977 761 3048 Correptum
786 2979 1051 3047 praecelsa
1081 2979 1249 3033 deum
1280 2978 1548 3049 Capitolia
1588 2979 1719 3054 duxi
1753 2997 1769 3044 ;

440 3069 688 3140 Dumque
720 3069 886 3142 fatigo
915 3071 1067 3144 gravi
1102 3071 1298 3126 surdos
1327 3071 1592 3127 libamine
1620 3072 1776 3129 divos

442 3155 852 3229 Pontificesque
881 3173 1096 3229 precor,
1119 3158 1388 3230 vanisque
1412 3160 1639 3216 refercio
1669 3161 1852 3228 donis,

440 3248 636 3315 Orbor,
668 3249 996 3320 etincaaptis
1026 3250 1264 3305 animam
1295 3251 1492 3306 unicus
1522 3253 1672 3307 efﬂat
1701 3253 1770 3307 ab
1801 3253 1982 3308 annis.

442 3337 734 3401 Questibus
761 3325 1014 3405 ejusdem
1034 3356 1123 3394 me
1151 3347 1284 3395 tunc
1305 3341 1388 3394 his
1417 3356 1578 3395 urere
1609 3341 1792 3396 nutrix
1816 3363 1828 3396 :

448 3451 468 3477 α
497 3427 763 3483 Credulus
789 3428 937 3484 hunc
964 3428 1139 3483 sancti
1160 3429 1301 3484 Petri
1327 3429 1373 3483 si
1399 3429 1468 3483 ad
1500 3429 1692 3484 limina
1729 3429 1923 3497 ferres,

392 3539 394 3544 υ
445 3516 808 3587 Prosperitate
841 3525 945 3572 tuae
973 3516 1248 3590 gauderes
1280 3516 1454 3589 prolis
1475 3517 1699 3588 adepta.

446 3639 508 3646 ~—
542 3609 673 3662 Cum
703 3609 912 3680 privata
941 3611 1084 3682 (ego)
1109 3609 1179 3664 sit
1217 3609 1358 3674 visu,
1401 3625 1584 3682 neque
1614 3609 1829 3665 reddita
1856 3608 1985 3674 luci,

446 3702 783 3758 Incolumem
812 3719 1000 3758 narras
1041 3703 1160 3759 fore
1213 3703 1494 3776 quomodo
1536 3703 1607 3760 ob
1657 3703 1712 3758 id
1762 3704 1897 3758 mihi
1922 3719 2057 3779 gna-

1782 3797 1936 3869 [tum.
1963 3818 1988 3850 ι

448 3885 542 3938 llla
570 3901 582 3938 :
618 3904 642 3934 α
668 3882 830 3938 Vides
857 3900 928 3938 en
956 3900 1045 3940 me
1071 3901 1296 3952 caecam,
1327 3885 1424 3941 sed
1442 3885 1673 3941 credere
1702 3885 1918 3942 Christo

445 3979 500 4032 Si
534 3977 774 4044 mallem,
803 3983 995 4032 exacto
1027 3978 1239 4034 fruerer
1262 3979 1375 4048 jam
1401 3979 1613 4034 lumine
1636 3979 1812 4035 lustro
1839 3997 1853 4045 ;

452 4098 510 4106 —
532 4067 560 4121 ί
591 4067 848 4133 credens,
877 4075 932 4122 et
956 4069 1260 4123 Alexander
1274 4069 1372 4124 tibi
1402 4071 1635 4125 reddere
1657 4070 1845 4125 lumen

445 4161 500 4215 Si
533 4161 731 4233 quibit,
763 4161 982 4216 credam
1003 4161 1252 4217 sobolem
1292 4163 1429 4216 mihi
1465 4179 1626 4234 posse
1655 4164 1865 4235 reponi.
1903 4188 1927 4211 η

450 4254 586 4309 Hora
611 4254 795 4310 calore
815 4255 963 4309 diem
992 4254 1310 4310 ﬂammabat
1340 4256 1498 4310 tertia
1532 4274 1546 4321 ;
1580 4256 1757 4331 pergit

445 4343 628 4414 Seque
656 4341 823 4396 refert
850 4349 1022 4408 sexta,
1051 4343 1413 4417 gaudensque
1444 4344 1750 4417 vidensque
1782 4360 2052 4416 regressa,
2070 4376 2130 4446 Β

446 4437 854 4507 lmponensque
882 4437 1128 4492 humeris
1157 4437 1449 4510 frigentem
1481 4439 1648 4494 currit
1678 4439 1984 4507 alumnum,

449 4525 842 4594 Praecelerans,
867 4526 951 4580 vix
979 4535 1038 4581 ut
1063 4525 1216 4597 pueri
1240 4527 1593 4599 juvenesque
1621 4535 1942 4599 sequantur.

448 4617 879 4690 Pontificemque
907 4617 1100 4674 videns
1122 4618 1191 4672 ad
1219 4635 1305 4672 me
1335 4634 1440 4674 nox
1464 4619 1621 4690 pulsa
1651 4629 1912 4678 recurrat.

454 4731 478 4759 α
523 4710 619 4765 llle
649 4710 809 4766 Erebi
843 4711 1088 4766 Christus
1116 4726 1346 4782 puerum
1373 4711 1454 4765 sic
1482 4711 1628 4785 leget
1657 4714 1910 4780 resolvet,

452 4803 596 4874 lnlit,
628 4812 689 4862 ut
718 4823 749 4860 a
777 4805 911 4860 lethi
943 4805 1188 4861 tenebris
1215 4821 1354 4877 puer
1379 4805 1479 4860 iste
1512 4817 1762 4882 resurgat

450 4902 516 4957 Ut
540 4897 1001 4955 semelindultum
1034 4905 1254 4953 maneat
1283 4897 1383 4952 tibi
1404 4898 1589 4954 lumen
1623 4910 1891 4970 apertum.
1932 4922 1949 4950 ι

448 4995 540 5052 Sic
556 4994 694 5051 fusis
717 4993 955 5049 animam
969 4992 1228 5064 precibus
1249 5009 1492 5049 remeare
1523 4993 1782 5050 medullis

447 5083 709 5151 Obtinuit,
731 5097 980 5155 sanoque
1017 5083 1086 5136 ad
1117 5098 1204 5138 me
1227 5099 1350 5138 cum
1383 5083 1616 5158 pignore
1648 5083 1803 5139 venit
1836 5102 1851 5151 ;

449 5173 595 5242 Ejus,
615 5187 726 5245 quo
756 5171 894 5238 viso,
914 5169 1149 5242 pedibus
1174 5177 1514 5242 prosternor,
1553 5181 1610 5227 et
1637 5187 1736 5228 oro

449 5266 647 5322 Christi
685 5282 810 5322 mox
836 5265 955 5322 fieri
970 5281 1163 5322 servus
1193 5284 1210 5331 ,-
1245 5265 1373 5320 hinc
1409 5265 1591 5321 hmreo
1633 5265 1869 5334 Christo,

444 5355 700 5411 Tutorem
730 5355 920 5427 genito
949 5354 1138 5421 statui,
1168 5353 1501 5424 patrimonia
1529 5353 1670 5409 cessi

450 5447 657 5514 Matris,
685 5457 741 5503 et
769 5463 834 5504 ex
876 5447 1100 5520 proprio
1117 5447 1386 5502 nonnulla
1406 5447 1646 5503 libenter
1674 5447 1870 5503 adauxi
1899 5467 1915 5515 ;

449 5541 652 5598 Caetera
667 5548 781 5598 tum
805 5541 1042 5608 famulis,
1073 5555 1290 5596 mecum
1303 5554 1442 5612 quos
1473 5539 1621 5596 unda
1651 5539 1892 5608 novavit,

2051 339 2111 408 A

2081 3009 2130 3077 C

1190 205 1559 262 FLODOABDl
1601 204 1904 261 CANONICI
1945 201 2279 259 REMENSIS
2321 203 2654 260 OPUSCULA
2692 203 3000 258 METRICA.

3645 208 3750 264 636

2137 334 2417 402 Distribui,
2449 345 2679 391 cunctos
2717 351 2938 408 quoque
2969 335 3221 391 libertate
3252 335 3430 390 levavi
3461 354 3476 401 ;

2137 425 2191 479 Si
2215 442 2323 497 qua
2344 425 2737 496 superfuerunt
2766 441 2832 480 ea
2862 437 2986 496 pom.
3013 425 3238 498 largitus
3264 426 3479 500 egenis.

2139 518 2202 571 At
2231 532 2378 571 nunc
2393 524 2641 571 exertum
2662 532 2765 571 nec
2792 516 3112 573 confiscatio
3141 524 3328 583 terret,

2141 611 2250 666 Nec
2277 619 2529 682 superest
2552 611 2792 667 hominis
2822 612 3069 668 morituri
3112 610 3320 668 offensa
3352 610 3575 683 pavori;

2142 705 2471 777 Partieipem
2504 724 2593 763 me
2615 706 2721 762 illis
2750 707 2988 762 credens
3019 707 3111 778 qui
3141 706 3334 760 munia
3356 705 3482 760 fassi

2146 797 2359 865 Christi,
2382 801 2625 872 martyrii
2659 815 2914 854 meruere
2943 814 3235 869 capessere
3278 797 3515 869 palmam

2142 889 2364 944 Famine
2397 905 2700 961 suspensus
2721 887 3022 958 respondet
3043 888 3111 942 ad
3143 887 3249 942 ista
3274 887 3533 942 tribunus
3557 907 3573 942 :

2147 1004 2171 1034 α
2194 984 2296 1038 Per
2323 1000 2420 1040 vos
2437 1000 2524 1039 me
2557 984 2804 1038 Christus
2832 984 2935 1038 hac
2955 982 3281 1038 conditione
3313 983 3557 1037 lucretur
3590 1000 3604 1036 :

2139 1074 2351 1129 Nubilis
2379 1084 2464 1130 est
2495 1075 2626 1129 mihi
2660 1083 2806 1140 nata,
2836 1075 2952 1130 viro
2981 1091 3143 1146 quam
3177 1073 3393 1128 tradere
3421 1089 3618 1144 penso,

2143 1169 2384 1246 Egregiaa
2414 1170 2637 1224 decorat
2667 1169 2810 1222 hanc
2841 1166 3182 1240 indulgentia
3226 1165 3437 1232 formae,

2141 1259 2364 1314 lnfamis
2391 1259 2594 1314 collum
2626 1263 2850 1328 torques
2865 1257 2962 1311 sed
2991 1264 3201 1310 struma
3230 1254 3418 1330 fatigat
3444 1272 3457 1308 :

2145 1352 2293 1406 Hanc
2313 1349 2568 1405 redimite
2610 1349 2808 1416 salute,
2839 1357 2894 1402 et
2931 1346 2981 1401 ei
3014 1363 3136 1401 mea
3174 1354 3371 1402 cuncta
3408 1347 3746 1418 relinquens,

2145 1427 2390 1513 1ngenua
2417 1439 2686 1493 Christum
2713 1438 3000 1492 vobiscum
3025 1444 3212 1491 mente
3243 1435 3474 1491 fatebor.
3501 1458 3524 1483 ιι

2148 1532 2348 1586 Prmsul
2376 1549 2389 1585 :
2425 1556 2448 1577 κ
2478 1531 2628 1587 Vade
2655 1530 2803 1586 celer
2827 1538 2881 1584 et
2902 1529 3141 1584 claustra
3167 1527 3237 1582 ad
3266 1527 3504 1582 carceris
3539 1527 3684 1582 illam

2151 1625 2281 1690 Duc,
2315 1624 2628 1695 tollensque
2649 1636 2773 1677 meo
2795 1621 2981 1677 Boiam
3003 1635 3335 1690 componere
3375 1620 3516 1675 collo

2154 1711 2362 1767 Matura
2387 1711 2608 1785 genitae,
2641 1710 2958 1781 salvamque
2998 1707 3263 1764 resumito
3292 1723 3475 1763 mane.
3511 1730 3530 1756 ι

2158 1804 2254 1858 Ille
2285 1820 2298 1856 ε
2333 1823 2363 1854 α
2391 1803 2594 1858 Domus
2626 1801 2828 1856 habeat
2856 1817 2978 1856 cum
3009 1808 3064 1856 te
3105 1815 3250 1866 mea,
3284 1800 3378 1871 qui
3425 1799 3558 1853 mihi
3582 1815 3762 1854 carcer

2148 1894 2340 1950 Temet
2373 1891 2674 1950 restituet?
2705 1909 2958 1964 propera,
2978 1891 3177 1964 inquit,
3211 1908 3354 1963 papa
3383 1891 3568 1946 reduci

2149 1984 2289 2039 llluc
2311 1999 2400 2038 me
2432 1982 2710 2054 siquidem
2738 1982 2903 2038 faciet
2934 1982 3028 2054 qui
3058 1981 3256 2037 detulit
3287 1981 3482 2037 isthuc.

2150 2073 2320 2138 Quem
2352 2081 2675 2146 pergentem
2690 2071 2840 2127 eteis
2877 2070 3145 2142 patefacta
3174 2070 3378 2126 cubilia
3398 2069 3619 2125 dantem

2151 2167 2415 2238 lntrepidi
2443 2182 2702 2238 proceres
2727 2166 2889 2222 solito
2918 2166 3251 2222 concludere
3281 2172 3485 2240 cogunt
3511 2184 3526 2229 ;

2151 2257 2399 2328 Dumque
2427 2255 2688 2311 valedicit
2717 2255 2974 2326 precibus
3002 2255 3108 2310 sibi
3142 2253 3355 2310 taedifer
3385 2261 3524 2310 astat

2155 2349 2288 2402 Ecce
2309 2364 2464 2418 puer,
2499 2347 2799 2419 panditque
2826 2347 3056 2414 aditum,
3096 2355 3424 2419 revocatque
3454 2346 3556 2401 sub
3582 2363 3691 2402 uno

2154 2436 2472 2492 Pontiﬁcem
2504 2444 2728 2508 puncto,
2758 2452 2882 2492 mox
2906 2437 3086 2491 vincla
3111 2436 3349 2506 reponit,
3378 2435 3630 2507 abitque.

2149 2533 2278 2588 Post
2302 2533 2446 2588 hora:
2473 2533 2765 2599 libramen,
2797 2532 2952 2587 adest
2976 2548 3099 2587 cum
3134 2530 3285 2602 prole
3315 2531 3596 2596 Quirinus,

2152 2625 2497 2695 Custodeque
2526 2625 2722 2680 videns
2751 2624 3139 2696 quosliquerat
3165 2623 3556 2696 advigilantes,

2155 2715 2394 2772 Claustra
2415 2717 2568 2788 petit,
2599 2715 2813 2771 munita
2834 2715 3050 2786 probat,
3082 2714 3297 2790 signata
3323 2721 3556 2769 retentat
3580 2731 3596 2779 ;

2155 2809 2340 2864 Cernit
2368 2809 2732 2864 Alexandrum
2762 2824 3018 2863 reserans
3034 2807 3264 2879 vestigia
3295 2823 3538 2878 pronus;

2157 2899 2440 2974 Astringit,
2473 2897 2803 2969 veniamque
2823 2896 2978 2968 petit,
3002 2896 3091 2952 cui
3127 2895 3258 2959 talia
3284 2895 3482 2967 praesul
3517 2913 3530 2950 :

2159 3015 2185 3040 ιο
2221 2992 2337 3047 Νοῑι
2365 2991 2628 3046 Dominus
2657 2997 2845 3045 noster
2872 2989 3231 3060 pessumdare
3274 2987 3579 3060 quemlibet
3603 2995 3763 3059 Optat,

2163 3084 2412 3139 Conveni
2446 3083 2576 3155 quia
2603 3090 2895 3154 peccantes
2927 3101 2942 3146 ;
2977 3081 3181 3136 etenim
3204 3080 3260 3135 in
3286 3096 3450 3136 cruce
3479 3079 3620 3135 ﬁxus

2160 3174 2229 3228 Se
2259 3171 2675 3247 crucifigentum
2707 3170 3108 3242 petiitpeccata
3137 3168 3363 3223 remitti.

2159 3268 2309 3323 Tunc
2337 3267 2689 3338 praesentanti
2719 3265 2986 3340 genitam,
3018 3271 3154 3335 quot
3183 3279 3402 3319 carcere
3435 3262 3606 3318 clausi

2164 3363 2298 3419 Hinc
2321 3363 2481 3432 jubet
2504 3361 2764 3432 inquirat,
2806 3359 3000 3414 Christi
3035 3373 3131 3430 pro
3158 3357 3382 3413 nomine
3413 3357 3606 3429 siqui.

2165 3452 2250 3506 Bis
2268 3452 2394 3506 deni
2427 3449 2761 3516 referuntur,
2793 3464 2999 3520 eosque
3031 3447 3291 3503 Eventius
3321 3446 3466 3501 inter

2157 3538 2584 3610 Theodulusque
2607 3536 2796 3593 amicit
2815 3553 2957 3608 quos
2982 3535 3158 3611 gloria
3179 3534 3593 3606 presbyteratus
3624 3553 3641 3598 ;

2162 3629 2268 3683 Hos
2297 3628 2400 3682 sibi
2433 3628 2633 3682 deduci
2663 3626 2832 3699 digno
2863 3625 3124 3696 praecepit
3152 3625 3383 3690 honore,

2161 3721 2484 3792 Intereaque
2514 3735 2671 3774 suam
2703 3717 2882 3774 soboli
2911 3724 3252 3772 transumere
3286 3713 3470 3770 Boiam
3507 3733 3520 3769 :

2161 3808 2354 3866 Omnia
2383 3809 2647 3863 continuo
2679 3805 2989 3862 dissolvens
3014 3804 3196 3859 vincla
3225 3803 3501 3870 tribunus,

2161 3902 2586 3972 Allambensque
2618 3898 2807 3970 pedes,
2827 3904 3076 3970 torquem
3105 3895 3306 3969 genitae
3333 3901 3487 3969 rogat
3512 3895 3664 3950 addi.

2160 3988 2410 4054 Additur,
2430 3995 2674 4063 urgetur,
2699 3995 2979 4058 properet,
3007 3986 3090 4040 vir
3108 3985 3264 4054 jussa
3294 3983 3528 4040 facessat
3554 4002 3569 4050 ;

2161 4085 2275 4148 Quo
2305 4081 2604 4147 celerante,
2638 4094 2775 4150 puer
2803 4078 2959 4134 taedae
2989 4077 3208 4151 fulgore
3239 4092 3500 4132 coruscus

2162 4172 2316 4228 [licet
2342 4170 2612 4245 effulgens
2629 4169 2832 4223 salvam
2857 4167 3019 4238 jubet
3045 4182 3172 4221 esse
3202 4165 3463 4236 puellam,

2158 4266 2378 4320 Addens
2409 4282 2422 4318 :
2455 4286 2474 4314 ι
2509 4265 2656 4336 Dege
2693 4269 2785 4316 tua
2813 4276 3032 4332 semper
3060 4277 3184 4316 cum
3215 4259 3553 4332 virginitate,

2161 4355 2513 4434 Efﬁciamque
2542 4362 2694 4408 tuum
2717 4353 2774 4406 in
2802 4351 2958 4408 caelis
2977 4361 3026 4406 te
3058 4351 3239 4406 visere
3255 4349 3528 4420 Sponsum

2160 4446 2328 4510 Quem
2354 4451 2461 4498 stat
2486 4458 2672 4497 amore
2689 4448 2782 4496 tuo
2811 4440 3092 4512 preprium
3125 4439 3337 4495 fudisse
3364 4453 3642 4494 cruorem.
3687 4461 3705 4484 ι

2159 4534 2377 4588 Ᾱεὶιὴθιτδ
2393 4531 2640 4588 cielicola
2666 4531 2923 4600 posthaec
2955 4536 3202 4600 repente,
3234 4528 3493 4593 Quirinus

2161 4624 2499 4696 Prcsbyteris
2529 4623 2820 4678 comitatus
2843 4623 3015 4686 adest,
3047 4637 3295 4692 sanaque
3329 4626 3544 4691 reperta

2163 4719 2342 4783 Prole,
2367 4717 2590 4787 replens
2617 4714 2857 4769 clamore
2889 4716 3065 4769 locum
3103 4731 3117 4767 :
3147 4734 3168 4761 ι
3197 4712 3356 4767 Ρτοι1ἰ
3381 4711 3782 4778 hinc,ait,alme

2163 4812 2362 4866 Doctor
2376 4807 2701 4871 Alexander,
2721 4823 2811 4873 ne,
2835 4813 2887 4861 te
2908 4806 3022 4875 jam
3053 4805 3282 4877 indigna
3304 4804 3534 4868 ferente,

2167 4900 2392 4957 leitus
2413 4913 2731 4969 expressum
2763 4912 2851 4950 me
2880 4895 3085 4950 fulmen
3117 4895 3311 4948 adurat
3335 4892 3592 4964 iniquum
3623 4913 3679 4957 ς-

2167 4993 2293 5058 Quee
2332 4991 2436 5046 sibi
2459 4990 2572 5045 sint
2603 4987 2914 5059 pmstanda
2959 4984 3131 5058 magis
3156 4999 3299 5056 papa
3339 4982 3559 5056 ingerit,
3588 4997 3782 5037 omnes

2168 5084 2392 5138 Sacratu
2422 5095 2659 5153 poscens
2688 5091 2956 5149 personas
2984 5089 3206 5130 carcere
3232 5073 3467 5128 clausas.

2169 5173 2536 5248 Conqueritur
2555 5177 2805 5226 sanctum
2835 5176 3022 5224 custos
3051 5166 3185 5238 quid
3215 5165 3385 5236 prosit
3410 5163 3637 5236 iniquis.

2164 5269 2382 5334 Contra,
2415 5264 2511 5320 Dei
2536 5261 2735 5337 retegit
2755 5261 2977 5332 praesul,
3003 5274 3100 5330 pro
3131 5257 3439 5330 ﬂagitiosis,

2163 5359 2200 5413 E
2233 5356 2387 5413 caalis
2414 5353 2636 5409 venisse
2657 5352 2851 5416 Deum,
2879 5349 2973 5421 qui
3006 5347 3228 5421 Virgine
3264 5353 3422 5402 natus

2163 5448 2241 5504 Ad
2271 5445 2486 5502 veniam
2509 5449 2737 5498 cunctos
2769 5439 3114 5510 laxandaque
3141 5437 3343 5508 probra
3370 5444 3616 5491 vocaret.

2165 5533 2437 5593 Convenit
2465 5546 2598 5606 ergo
2611 5543 2828 5596 omnes,
2847 5527 3092 5584 monitus
3111 5527 3214 5582 hac
3240 5541 3394 5592 voce,
3416 5524 3706 5590 Quirinus,
