3958 6158
163 228 246 283 637

164 351 480 413 Accelerent,
521 341 728 400 Christi
760 340 1000 411 cupiunt
1021 339 1116 412 qui
1141 353 1294 394 sacra
1319 339 1538 408 subire,

162 445 212 498 Et
235 439 488 512 baptizati
524 443 765 508 pergant
796 447 898 503 pro
938 431 1082 486 velle
1120 429 1302 486 soluti.

165 539 526 609 ApprOperant
554 531 728 604 igitur
757 526 893 582 ﬁdei
921 541 982 580 se
1006 524 1245 580 subdere
1269 525 1488 590 cuncti;

165 628 292 690 Quos
320 621 520 677 affatus
549 616 865 674 Alexander
893 611 1162 684 mysteria
1188 612 1389 683 promit

162 717 390 775 Caelestis
412 713 653 778 Domini,
687 711 892 767 coelum
927 716 1244 778 terramque
1276 708 1544 782 regentis.

163 811 333 868 Omnia
358 814 673 864 servantem
709 804 872 860 terris
903 808 964 857 ut
995 800 1218 855 mittere
1247 801 1479 855 Gnatum

163 902 364 974 Virgine
396 899 748 974 progenitum
781 897 940 969 legit,
968 908 1146 968 genus
1171 908 1337 948 omne
1363 893 1582 948 vocavit

167 991 360 1062 Quique
390 989 676 1044 hominum
710 985 890 1050 C(BIIS,
915 981 1147 1037 ﬁrmans
1165 981 1425 1036 affamina
1441 979 1641 1054 signis,

168 1083 220 1137 Ut
246 1079 464 1135 dederit
488 1079 677 1142 vitam,
709 1075 897 1130 tulerit
927 1071 1261 1145 postomnia
1288 1078 1520 1125 mortem
1549 1086 1563 1134 ;

167 1176 320 1239 Quam
353 1177 477 1242 post
492 1169 755 1225 calcatam
787 1181 1033 1240 surgens,
1057 1161 1437 1233 penetraverit
1461 1161 1721 1224 aethram,

170 1264 542 1334 Subjoctisque
568 1265 898 1331 potestatem
931 1257 1069 1310 dans
1096 1254 1245 1308 mira
1275 1252 1552 1325 patrandi,

167 1357 452 1411 Venturum
483 1368 544 1407 se
572 1349 878 1422 prodiderit
907 1346 1009 1403 sub
1031 1345 1215 1401 limite
1243 1346 1416 1413 saecli,

172 1451 226 1505 [ί
249 1451 397 1504 bona
427 1447 519 1501 det
543 1445 728 1514 justis,
762 1440 982 1511 injustis
1011 1439 1182 1508 digna
1209 1439 1506 1511 rependat.
1551 1459 1574 1491 ι

171 1541 470 1611 Subjiciunt
496 1551 691 1593 omnes
720 1536 837 1590 haec
865 1533 933 1588 ad
965 1532 1312 1587 documenta
1341 1532 1537 1587 salutis

176 1637 375 1692 Audita:
401 1642 614 1690 mentes
643 1631 792 1698 fidei,
828 1628 1201 1700 manibusque
1227 1628 1406 1684 beatae

173 1727 472 1799 Presbyteri
499 1724 775 1796 impositis
803 1723 930 1777 vitae
952 1721 1038 1775 his
1067 1719 1389 1790 primordia
1415 1719 1626 1791 legant,

177 1823 290 1876 Cum
326 1821 508 1897 genita
538 1819 747 1891 pariter
775 1817 1022 1883 Balbina,
1051 1815 1328 1886 omnique
1359 1813 1622 1878 Quirinus

177 1916 338 1970 Fonte
361 1913 527 1968 domu
549 1920 766 1977 sancto,
786 1909 1103 1981 junctisque
1129 1913 1383 1963 sacratur
1407 1903 1658 1960 adauctis

175 2007 434 2062 Omnibus
461 2005 752 2061 ecclesiam
784 2005 936 2060 vicus
963 2002 1079 2073 (sic)
1121 2003 1219 2056 dat
1245 2016 1464 2057 carcere
1494 1997 1725 2054 abactis.

173 2097 478 2168 Compertis
506 2095 732 2167 quibus,
753 2095 928 2149 iratus
946 2094 1105 2160 jubet
1130 2092 1464 2147 Aurelianus

174 2187 399 2252 Adduci,
424 2186 563 2251 sisti,
592 2186 819 2240 ductum
851 2183 1161 2254 affaturque
1185 2182 1466 2246 Quirinum
1493 2198 1507 2245 ;

175 2277 414 2332 Dilectus
441 2274 549 2329 sibi
576 2290 698 2330 cum
729 2273 918 2340 fuerit,
941 2272 1088 2344 quod
1115 2271 1297 2326 riserit
1323 2271 1522 2342 ipsum.

175 2364 262 2419 Ille
287 2364 398 2419 sub
428 2363 580 2417 haec:
629 2383 654 2413 α
694 2361 777 2416 Me
807 2360 1189 2415 Christicolam
1214 2359 1529 2429 pernoscito
1551 2358 1796 2425 factum;

175 2456 255 2510 Vis
275 2456 556 2520 occidere,
578 2456 661 2510 vis
683 2455 839 2510 duris
869 2455 1232 2509 substernere
1254 2452 1440 2526 lignis,

177 2547 340 2602 Urere
383 2563 487 2602 seu
518 2547 776 2613 ﬂammis,
807 2545 955 2601 aliud
983 2545 1099 2613 jam
1133 2560 1243 2598 non
1276 2559 1369 2598 cro
1392 2543 1539 2614 quod
1571 2559 1724 2606 sum;

179 2635 411 2690 Exhibui
433 2635 646 2691 Christo
673 2635 962 2691 devinctos
979 2648 1200 2688 carcere
1230 2640 1476 2694 cunctos,

172 2727 481 2799 Dimisique
507 2727 656 2781 exire
686 2741 838 2793 suos,
873 2725 972 2780 sed
1007 2739 1238 2795 pergere
1269 2739 1539 2794 nusquam

171 2818 380 2885 Conati,
415 2826 652 2890 poscunt
683 2835 924 2893 pugnam
966 2831 1279 2890 pugnaeque
1308 2831 1588 2880 coronam,

173 2907 626 2980 Criminibusque
659 2907 760 2962 fuit
790 2908 920 2961 dum
953 2905 1095 2960 forte
1128 2904 1310 2974 perire
1341 2906 1590 2976 patratis,

170 2997 334 3061 Quam
370 2997 576 3052 melius
607 3004 865 3068 reputant
902 2995 1120 3049 animas
1159 2991 1442 3048 effundere
1475 2993 1725 3057 Christo;

170 3090 260 3145 Hic
284 3091 517 3145 Hermes
537 3096 592 3143 et
616 3087 946 3151 Alexander,
990 3085 1238 3157 clarique
1270 3087 1482 3158 piique,

174 3177 433 3234 Esuriens
457 3176 696 3247 dapidus
715 3177 882 3232 veluti
912 3175 1157 3251 gaudere
1186 3175 1387 3246 paratis

167 3268 431 3340 Martyrio
462 3267 704 3338 ctelique
731 3266 1275 3337 manentsplendere
1300 3266 1499 3322 nitore.
1546 3287 1573 3315 ››

166 3356 257 3412 His
287 3358 387 3413 ille
414 3356 684 3427 acceptis,
715 3356 1035 3410 ﬂammante
1076 3355 1356 3410 incensior
1385 3355 1464 3409 ira

169 3445 297 3500 Tam
324 3445 521 3518 patulo
548 3460 732 3500 coram
772 3443 871 3498 fari
904 3457 1164 3498 sermone
1195 3441 1342 3514 quod
1364 3457 1499 3496 ausu

165 3535 279 3590 Non
321 3535 536 3599 timuit,
565 3534 834 3605 plectrum
858 3532 1022 3602 jubet
1048 3531 1404 3586 abscindatur
1424 3538 1484 3585 ut
1505 3531 1638 3598 oris,

164 3623 225 3679 Et
251 3640 472 3696 pensus
503 3623 682 3677 lanios
711 3628 1163 3693 spectatoresque
1195 3619 1404 3693 fatiget.

165 3715 265 3778 Qui
301 3728 532 3786 quoque
563 3711 894 3767 continuans
924 3711 1141 3782 probris
1168 3710 1376 3786 agitare
1407 3717 1723 3782 tyrannum,

164 3805 396 3862 Abscidi
422 3819 694 3859 mucrone
718 3820 1026 3876 manusque
1057 3805 1341 3875 pedesque
1357 3803 1653 3872 jubentur;

161 3898 297 3952 Tum
325 3896 531 3972 jugulo
563 3895 772 3966 expleri
800 3895 1145 3968 canibusque
1174 3895 1453 3950 vorandus
1481 3893 1688 3960 omitti;

162 3988 255 4044 Cui
289 3989 385 4043 via
417 3995 695 4058 praerepto
725 3985 934 4054 ajustis
963 3985 1120 4040 dedit
1150 3985 1324 4057 Appia
1351 3985 1616 4040 tumbam.

159 4080 502 4156 Virginitate
526 4077 708 4132 nitens
739 4079 902 4147 hujus
921 4079 1053 4132 dum
1084 4075 1197 4132 ﬁlia
1217 4092 1370 4132 sacra

159 4170 443 4225 Saniferae
475 4167 675 4222 crebro
705 4167 1017 4242 praefigeret
1041 4168 1231 4223 oscula
1253 4168 1420 4235 Boiae,

158 4263 408 4317 Sanctus
435 4260 634 4314 doctor
656 4257 991 4312 Alexander:
1033 4256 1165 4311 Sine
1195 4257 1416 4312 vincula
1447 4265 1630 4313 nostra

157 4352 465 4418 Lambere,
500 4366 624 4422 qua:
665 4350 869 4421 repetis
902 4349 1017 4420 [ms.
1052 4349 1106 4417 2,
1141 4364 1326 4421 quaere
1365 4349 1531 4420 Petri]
1564 4349 1802 4420 Domini,

1181 4438 1263 4509 [ac
1291 4437 1591 4493 vincimina
1611 4453 1788 4494 come.

156 4533 254 4588 Sic
287 4548 474 4604 opera
501 4537 722 4601 sumpta
760 4530 1053 4602 studioque
1084 4537 1352 4601 sequente
1375 4530 1616 4603 benigno

153 4625 391 4681 Invenit
416 4625 539 4679 haec
566 4623 763 4690 sancti,
787 4623 1065 4695 traditque
1095 4631 1318 4693 reperta
1344 4621 1520 4677 sorori

152 4719 484 4775 Theodoraa
512 4716 781 4772 Hermetis
806 4716 1322 4786 probitatishonore
1351 4714 1622 4782 colendae,

154 4809 293 4875 Quae
330 4805 600 4863 decollati
624 4805 835 4860 studuit
861 4806 991 4860 dare
1033 4804 1280 4860 membra
1309 4805 1565 4876 sepulcro

152 4901 458 4968 Germani,
493 4899 682 4970 procul
709 4899 813 4953 hac
843 4915 946 4954 nec
971 4899 1040 4952 ab
1057 4898 1196 4953 urbe
1219 4899 1428 4953 Salaria
1457 4897 1726 4970 sumpsit;

155 4993 295 5065 Ipsa
331 4991 439 5048 ubi
471 4991 780 5062 promeruit
809 4999 933 5062 post
972 4991 1318 5062 martyrizata
1343 4991 1445 5046 sub
1474 4991 1595 5063 ipso

152 5083 379 5138 Iudice
411 5096 738 5151 corpoream
770 5079 921 5135 fratri
960 5081 1166 5136 sociata
1195 5081 1462 5153 quietem,

151 5177 341 5241 Quem
366 5181 666 5246 postquam
689 5173 964 5248 jugulavit
990 5181 1142 5230 atrox
1162 5191 1349 5231 comes
1376 5173 1701 5230 Aurelianus

153 5270 431 5346 Flagitiis
471 5268 718 5340 reliquos
747 5270 910 5324 caecis
937 5270 989 5324 in
1013 5287 1231 5326 carcere
1263 5271 1404 5327 lotos

152 5362 435 5433 Antiquae
464 5357 756 5428 impositos
784 5359 978 5431 puppi,
1001 5360 1257 5432 saxisque
1271 5369 1523 5436 gravatos

154 5451 347 5516 Colla,
387 5447 512 5504 vehi
553 5455 896 5521 cunctosque
945 5451 1114 5503 altum
1150 5451 1310 5521 jubet
1337 5451 1395 5505 in
1427 5467 1575 5508 mare
1609 5453 1803 5526 mergi.

153 5541 388 5598 Deduci
429 5539 678 5611 posthaec
707 5557 906 5612 papam
937 5541 1175 5613 sistique
1217 5542 1440 5598 beatum

234 5665 508 5735 {175-77)
537 5667 716 5724 Locus
740 5677 1056 5742 corruptus,
1090 5675 1152 5727 ut
1179 5671 1275 5729 alii
1305 5673 1452 5729 bene
1480 5671 1660 5728 multi.

747 215 835 270 DE
875 212 1136 269 CHRISTI
1169 204 1545 272 THIUMPHIS
1584 219 1762 276 APUD
1807 217 2086 274 ITALIAM
2126 217 2306 273 LIBRI
2343 219 2453 274 XIV
2521 251 2587 260 —
2629 221 2754 276 LIB.
2799 223 2890 278 III.

3417 223 3528 281 638

1809 357 1863 423 Α
1893 341 2114 398 Mandat
2143 343 2536 410 Alexandrum,
2565 345 2730 401 lateat
2757 362 2880 418 quae
2909 363 3075 405 causa
3115 350 3353 422 requirit

1893 433 2047 498 Quod
2067 433 2243 506 magis
2261 434 2440 490 occidi
2464 435 2652 490 tendat
2671 453 2834 508 quam
2862 438 3135 496 absistere
3159 440 3378 512 emptis.

1897 542 1921 572 α
1948 521 2068 578 Non
2083 521 2232 588 licet,
2249 521 2777 594 inquitAlexander,
2797 527 3030 583 canibus
3046 529 3175 584 dare
3195 534 3471 584 sanctum.
3500 551 3525 573 ιο

1903 610 2095 666 Fervet
2123 611 2190 665 ad
2225 612 2363 679 haec,
2393 627 2628 684 seseque
2656 629 2849 668 canem
2884 617 3015 672 furit
3054 618 3144 672 ille
3175 625 3456 674 vocatum.

1902 703 2130 760 Indiciis
2159 705 2363 776 praesul
2394 705 2592 776 probat
2622 714 2682 762 ut
2711 724 2846 764 cane
2877 712 3111 782 nequior
3140 720 3355 778 exstet;

1903 797 2037 851 Fixo
2069 797 2271 852 divinis
2300 799 2542 854 minatur
2569 798 2738 874 ﬂagra
2767 808 3056 872 tyrannus;

1901 887 2148 959 Despicit
2177 889 2284 944 iste
2309 890 2488 945 minas
2522 891 2842 959 jactantem,
2876 894 3086 964 spernit
3111 895 3355 949 honores

1900 979 2222 1036 Punitorum
2251 982 2320 1036 ab
2351 999 2417 1038 eo
2451 983 2622 1038 fastus
2654 993 2708 1038 et
2736 984 2979 1039 culmina
3009 985 3247 1056 przefert.

1899 1073 2156 1130 Exsecrat
2186 1075 2497 1148 intrepidus
2525 1077 2777 1132 rabidum
2811 1079 3116 1150 temnitque
3148 1080 3457 1134 furentem:

1898 1161 1997 1226 Qui
2033 1162 2182 1218 ferus
2201 1180 2508 1236 appensum
2540 1167 2784 1238 torqueri
2816 1168 3064 1238 praecipit
3085 1166 3313 1233 almum,

1897 1254 2187 1330 Unguibus
2219 1263 2274 1310 et
2313 1257 2453 1325 radi,
2482 1257 2599 1312 face
2630 1258 3093 1331 lampadibusque
3116 1261 3372 1315 cremari.

1902 1350 2010 1404 Ista
2041 1350 2135 1404 diu
2167 1366 2389 1421 passum
2419 1351 2569 1406 nulla
2600 1367 2864 1407 resonare
2890 1369 3118 1408 severus

1900 1440 2045 1496 Voce
2073 1449 2260 1513 stupet
2285 1449 2556 1510 sanctum,
2587 1444 2896 1519 rogitatque
2921 1445 3142 1500 silentia
3171 1443 3347 1508 mira;

1899 1531 1998 1586 Ille
2031 1533 2142 1588 Deo
2174 1532 2274 1588 fari
2305 1549 2367 1588 se
2385 1534 2739 1604 deposcendo
2767 1534 2988 1602 fatetur,

1901 1625 2159 1696 Increpat
2187 1635 2243 1680 et
2262 1625 2524 1682 stolidum
2555 1628 2844 1682 tormentis
2880 1642 3035 1682 sacra
3061 1634 3383 1698 rogantem;

1901 1672 2158 1696 _---.-,_-
2190 1672 2524 1682 “ww”.-.
2558 1672 2844 1682 -ν....ν.-..-
2880 1672 3035 1682 ην.--
3062 1672 3207 1698 ην.

1817 1672 1874 1742 Β
1896 1713 2178 1769 Annorum
2209 1722 2400 1769 monet
2425 1714 2520 1769 ille
2546 1715 2662 1770 fere
2704 1715 3207 1790 trigintajuventze,

1899 1804 2116 1878 Cogitet
2137 1806 2401 1860 invictum
2430 1807 2654 1869 mentis,
2687 1808 2833 1863 hunc
2861 1807 2961 1861 iste
2983 1805 3453 1877 salute(175-77),

1901 1895 2127 1969 Hocque
2166 1913 2360 1953 cruore
2389 1899 2687 1969 palaestrita
2716 1899 2844 1953 dum
2872 1899 3101 1954 sudatur
3129 1914 3332 1974 agone,

1900 1984 2031 2040 Dira
2060 2001 2120 2040 se
2151 1985 2452 2056 perhibens
2479 1987 2814 2042 viduandam
2847 1996 3021 2042 morte
3043 1986 3223 2042 mariti
3259 1989 3298 2057 (1
3314 1988 3427 2054 78),

1898 2076 2078 2131 Pilato
2105 2085 2164 2131 ut
2192 2077 2326 2131 visis
2352 2077 2483 2132 olim
2519 2079 2806 2148 perterrita
2835 2078 3057 2147 conjux,

1897 2167 2064 2222 Mittit
2083 2175 2139 2223 et
2163 2167 2373 2223 absolvi
2403 2169 2598 2224 suadet
2627 2168 2823 2224 fortem
2843 2184 2983 2226 uxor
3010 2167 3270 2223 athletam
3293 2186 3308 2234 ;

1896 2259 2077 2313 Verba
2104 2257 2257 2314 ferox
2277 2275 2553 2330 spernens
2582 2260 2764 2315 socios
2793 2266 3069 2314 certamen
3101 2259 3243 2314 inire

1899 2349 2124 2404 Mandat
2149 2350 2472 2416 Alexandri;
2507 2350 2760 2425 relegunt
2788 2350 3020 2424 vestigia
3051 2350 3184 2414 laeti,

1897 2442 2142 2515 Jamque
2169 2443 2342 2498 Patris
2369 2443 2580 2514 palmas
2610 2445 2787 2500 stadio
2819 2445 3141 2520 contingere
3171 2445 3330 2510 certi,

1901 2536 2132 2608 Ignibus
2162 2535 2351 2591 infelix
2383 2537 2586 2608 Stygiis
2612 2537 2857 2592 feraliter
2881 2537 3082 2592 ardens

1901 2628 1968 2682 Ut
1998 2629 2186 2698 prodit
2211 2629 2448 2684 invictos
2477 2637 2637 2702 urget
2664 2629 2877 2685 fervere
2906 2629 3182 2685 caminum
3207 2647 3224 2692 ;

1898 2721 2052 2777 Tunc
2082 2733 2160 2787 ut,
2194 2724 2519 2789 Alexander,
2548 2724 2727 2792 jubet,
2770 2731 2935 2796 atque
2965 2723 3250 2788 Eventius,
3281 2738 3456 2776 annos

1899 2810 2194 2885 Octoginta
2217 2829 2440 2884 gerens,
2483 2813 2659 2868 aversi
2690 2813 2851 2869 dorsa
2871 2814 3135 2886 ligentur,

1901 2902 2292 2977 Candentique
2322 2905 2434 2960 dati
2468 2905 2703 2961 ﬂammis
2743 2905 2964 2961 fornace
2995 2912 3339 2969 crementur;

1898 2994 2096 3051 Astans
2123 2996 2445 3052 Theodulus
2467 3014 2752 3068 poenarum
2793 2998 3021 3053 horrore
3050 3003 3349 3068 prematur,

1895 3087 1960 3143 At
1990 3087 2232 3145 fornacis
2262 3091 2568 3144 Alexander
2593 3091 2888 3145 furibunda
2920 3091 3295 3160 triumphans:

1899 3203 1924 3225 α
1967 3178 2274 3248 Theodule,
2307 3182 2554 3237 accelera
2587 3182 2896 3249 nobiscum,
2939 3181 3128 3249 frater,
3153 3180 3393 3254 et‘alge;

1898 3268 1994 3325 Ille
2022 3271 2230 3325 etenim
2262 3277 2373 3325 tres
2401 3271 2494 3343 qui
2526 3287 2728 3343 pueros
2755 3273 3016 3342 apparuit
3045 3273 3188 3326 inter

1898 3361 2162 3418 Hebraeos
2190 3370 2439 3434 quartus,
2473 3363 2757 3419 nobiscum
2789 3364 3026 3420 exsultet
3055 3373 3108 3419 et
3149 3362 3346 3426 isthic;
3391 3381 3413 3408 ι

1895 3451 2214 3508 Theodulus
2235 3453 2454 3507 ﬂamma
2481 3453 2794 3524 irrumpens
2817 3454 3113 3509 intersecat
3131 3452 3312 3526 ignes,

1897 3538 2030 3596 Cum
2061 3542 2339 3613 sociisque
2369 3543 2482 3598 Deo
2513 3550 2697 3617 grates
2728 3542 3034 3613 laudesque
3060 3538 3400 3612 rependens,

1896 3625 2184 3684 Concinit:
2229 3648 2253 3679 α
2300 3629 2436 3684 Ecce
2465 3639 2588 3684 tuos
2607 3629 2876 3683 examinis
2908 3629 3035 3702 igne
3066 3625 3313 3700 probasti

1902 3716 2033 3782 Nos,
2057 3718 2234 3784 Pater,
2265 3718 2446 3784 istius,
2481 3719 2642 3774 nobis
2671 3735 2771 3773 nec
2801 3718 3048 3772 adhaeret
3077 3718 3352 3788 iniquum,

1904 3811 2037 3884 Igne
2069 3810 2258 3866 furens
2285 3811 2432 3867 victo
2461 3812 2776 3866 ﬂammatur
2805 3820 2990 3867 mente
3022 3819 3314 3883 tyrannus:

1903 3898 2088 3967 Effert,
2123 3901 2389 3962 hortatur,
2417 3900 2700 3971 dubioque
2735 3899 2792 3955 in
2825 3900 3062 3955 crimine
3093 3896 3362 3970 pendens,

1903 3988 2243 4060 Presbyteris
2273 3989 2492 4044 tandem
2517 3989 2762 4044 cervices
2789 3989 3020 4044 demetit
3050 4003 3204 4043 ense.

1902 4083 2012 4139 Nec
2036 4091 2222 4139 tamen
2257 4084 2361 4139 hoc
2382 4084 2586 4155 patitur
2615 4101 2773 4155 papae
2799 4083 2960 4138 ﬂnire
2992 4084 3322 4155 palaestram,

1907 4175 2328 4247 Visceribusque
2348 4176 2585 4230 animam
2611 4176 2842 4231 rimatur
2865 4176 2922 4230 in
2949 4174 3210 4231 omnibus
3229 4171 3418 4237 altam,

1908 4270 2183 4326 Multifora
2217 4270 2503 4326 terebrans
2530 4271 2829 4326 fortissima
2859 4271 3089 4342 cuspide
3111 4266 3378 4332 membra,

1910 4360 1999 4414 Sic
2021 4361 2245 4415 decorat
2273 4359 2387 4414 triti
2419 4368 2570 4416 tanto
2591 4361 2875 4416 molimine
2904 4359 3060 4415 ﬂoris

1910 4448 2174 4523 Egregius
2203 4449 2427 4503 rutilum
2451 4449 2698 4504 meritam
2742 4450 2880 4521 petit
2909 4450 3116 4524 aethera
3145 4447 3358 4514 sedem,

1908 4543 2158 4614 Dumque
2185 4541 2407 4596 insultat
2436 4550 2496 4595 ut
2533 4541 2812 4612 implicitis
2842 4547 3121 4615 grassator
3145 4554 3384 4605 amarus,

1908 4634 1984 4688 En
2012 4633 2162 4688 visus
2184 4633 2407 4701 juvenis
2428 4632 2653 4706 gerulus
2681 4632 3007 4706 gestaminis
3039 4632 3166 4705 igne

1903 4724 2133 4780 Accensi
2162 4722 2413 4794 chalybis
2429 4723 2594 4797 virgae
2631 4722 2786 4794 quasi
2814 4738 2979 4794 quam
3006 4721 3139 4790 jacit
3168 4726 3296 4776 ante

1905 4815 2030 4870 Haec
2059 4813 2316 4868 addendo
2338 4813 2536 4884 pedes:
2580 4834 2609 4862 (ι
2650 4811 2921 4879 Meritum,
2945 4813 3256 4878 Aureliane,
3275 4823 3530 4886 capesse,

1907 4905 2173 4959 Tartareae
2205 4902 2362 4976 nigra
2387 4918 2626 4974 namque
2654 4909 2846 4973 patent
2875 4901 2973 4958 tibi
3013 4908 3232 4976 guttura
3263 4905 3456 4971 portae,

1910 4996 2005 5050 Ast
2034 4995 2237 5067 quibus
2267 4994 2556 5049 infrendes
2582 4993 2822 5064 paradisi
2845 5001 3105 5064 aptantur
3130 4989 3384 5046 amrenis.
3431 5010 3455 5039 α

1912 5085 2398 5151 Attremuitdictis,
2429 5085 2710 5156 febrisque
2735 5084 3053 5139 accenditur
3081 5084 3244 5156 igne;

1908 5175 2060 5230 Mens
2079 5175 2236 5249 fugit,
2265 5191 2328 5229 ac
2355 5174 2507 5230 rabie
2540 5175 2768 5245 rapitur,
2795 5173 3145 5244 quatiturque
3171 5170 3420 5241 phrnesi,

1913 5266 2119 5339 Lingua
2147 5266 2350 5332 editur,
2379 5265 2490 5320 vita
2511 5266 2732 5320 tetricas
2760 5271 3005 5335 raptatur
3026 5262 3081 5315 in
3109 5260 3354 5327 umbras,

1909 5364 2082 5434 Atque
2107 5361 2386 5417 Severinae
2411 5377 2658 5435 praesaga
2687 5358 2898 5432 profata
2924 5356 3136 5412 marine

1911 5453 2048 5507 Vera
2079 5453 2323 5524 quidem,
2352 5450 2451 5506 sed
2473 5466 2598 5506 sero
2622 5449 2851 5522 probat;
2881 5463 3005 5519 qua:
3029 5444 3238 5512 saucia,
3269 5442 3461 5518 gestis,

1910 5545 2153 5602 Membra
2192 5547 2353 5600 beata
2380 5543 2521 5616 rapit
2542 5545 2774 5615 haecque
2795 5542 2850 5596 in
2883 5555 2984 5595 sua
3013 5538 3224 5611 praedia
3253 5533 3427 5600 ducit,

1980 5676 2130 5748 (178)
2171 5677 2336 5733 Deest
2363 5673 2591 5747 aliquid.

1825 3041 1876 3111 C
