3962 6140
484 238 590 291 639
1179 236 1548 292 FLODOARDI
1589 235 1890 292 CANONlCl
1931 237 2256 294 REMENSIS
2296 237 2635 295 OPUSCULA
2671 238 2982 296 METRICA.
3691 248 3766 302 640

486 369 657 440 Inque
686 368 776 422 via
804 369 1142 424 Nomentana
1172 369 1362 439 procul
1391 369 1532 423 Urbe
1563 369 1814 424 recondit
2123 377 2170 442 Α
2195 369 2454 440 Tegmine
2482 369 2713 441 ciniphii
2745 385 2948 440 corpus
2977 379 3228 426 tenerum
3259 379 3476 444 asperat
3505 375 3656 438 hirci,

485 460 723 515 Millibus
753 468 812 515 ut
835 468 1067 531 septem,
1099 478 1222 515 cum
1255 476 1396 531 papa
1434 461 1693 515 Eventius
1723 461 1854 528 illic,
2197 463 2372 533 Atque
2403 463 2687 518 beatorum
2717 463 2942 518 tumulis
2971 471 3173 518 astrata
3203 467 3494 530 recumbit;

487 552 834 626 Sarcophago
862 562 921 607 ut
945 554 1119 619 juncti
1161 552 1395 607 ﬂammis
1434 553 1773 607 tumulcntur
1803 553 1854 607 in
1888 570 2018 610 uno.
2196 550 2416 604 Obtinet
2445 567 2473 604 a
2504 558 2693 606 sancto
2725 552 2981 621 precibus
3019 553 3149 606 dum
3182 553 3416 622 praesule
3445 555 3593 610 Sixto

484 640 824 696 Theodulum
856 642 1054 712 recipit
1082 641 1247 696 modo
1268 656 1497 711 corpore
1523 641 1710 695 tumba
1735 659 2018 710 seorsum;
2199 640 2322 694 Haec
2343 640 2397 693 in
2427 656 2550 693 rura
2573 639 2694 694 loco
2725 648 2972 696 sacretur
3000 642 3297 713 cpiscopus
3327 643 3418 698 illo

485 728 719 799 Spiritus
750 747 780 783 a
809 731 973 785 sociis
1003 739 1057 784 at
1086 746 1196 784 non
1225 729 1558 785 discernitur
1582 732 1770 785 aethra.
2193 728 2516 799 Martyribus
2547 729 2776 803 dignum
2809 739 2933 800 post
2960 731 3308 786 exhibiturus
3337 734 3623 799 honorem;

485 821 843 877 Membrorum
879 823 1046 876 Imma
1075 821 1510 892 triumphantum
1530 822 1726 878 devota
1750 822 2013 893 sepultrix
2195 822 2518 878 Pontiﬁcem
2539 825 2620 879 sic
2649 824 2779 880 inde
2796 825 2953 881 locus
2976 835 3278 882 consuetus
3300 828 3516 882 habere.

1965 946 2170 1002 CAPUT
2221 947 2314 1004 Ill.

1312 1049 1385 1106 De
1420 1049 1715 1108 relatione
1744 1048 1943 1108 Plinii
1971 1057 2022 1107 et
2052 1051 2287 1108 ultione
2318 1051 2502 1109 tertiae
2525 1052 2982 1128 persecutionis.

481 1181 728 1253 Denique
759 1191 812 1238 et
841 1184 929 1240 hic
958 1187 1142 1256 plures
1171 1187 1335 1241 variis
1361 1197 1416 1241 et
1443 1187 1690 1257 partibus
1727 1188 1877 1243 orbis
2189 1188 2328 1242 Dum
2347 1189 2470 1244 caeli
2505 1189 2767 1256 flammis,
2802 1192 3018 1248 cineres
3047 1194 3298 1249 consedit
3327 1195 3382 1248 in
3413 1195 3564 1251 imos.

480 1271 825 1342 Tempestate
855 1275 958 1328 sub
998 1276 1099 1329 hac
1131 1277 1407 1330 terrestria
1439 1292 1606 1349 regna
1639 1276 2014 1347 triumphant;
2190 1277 2308 1332 Mox
2339 1279 2568 1333 Romani
2590 1279 2744 1334 orbis
2767 1281 2887 1336 loca
2910 1283 3122 1338 telluris
3151 1284 3253 1338 tria
3269 1285 3518 1355 quaedam

481 1363 783 1418 Funeribus
809 1381 1042 1435 quorum
1066 1373 1345 1436 permotus
1387 1367 1596 1422 Plinius
1627 1385 1771 1423 unus
2190 1369 2458 1423 Funditus
2485 1370 2748 1426 absiliunt
2774 1372 2912 1427 Asiae
2937 1389 3206 1429 concussa
3237 1384 3503 1442 tremore;

481 1453 735 1510 Ecclesiae
763 1463 1085 1512 vastatorem
1118 1457 1220 1512 fert
1249 1466 1464 1530 sceptra
1485 1460 1697 1534 regenti
2191 1461 2455 1524 Quattuor
2482 1477 2782 1533 exaequans
2812 1464 2974 1519 tellus
3003 1465 3110 1519 sibi
3137 1465 3354 1520 subruit
3379 1467 3557 1521 urbes.

478 1541 704 1610 Trajano
737 1545 1011 1599 monitus:
1059 1567 1084 1596 α
1128 1547 1417 1602 Hominum
1454 1549 1742 1603 mitissima
1769 1564 1916 1604 saevo
2118 1584 2163 1650 Β
2191 1552 2394 1607 Graecia
2426 1569 2535 1624 quo
2563 1555 2814 1627 geminas
2842 1566 3015 1619 motu,
3049 1573 3159 1628 quo
3189 1558 3360 1612 Gallia
3391 1560 3587 1630 perdit,

478 1633 632 1688 Omni
665 1651 804 1705 pene
833 1637 922 1691 die
960 1649 1184 1694 ruerent
1212 1648 1270 1694 ut
1301 1640 1473 1694 millia
1507 1639 1650 1696 ferro
2118 1633 2163 1650 υ
2189 1642 2548 1714 Antiochique
2579 1645 2726 1715 Syra;
2768 1661 2894 1715 pars
2913 1646 3150 1701 maxima
3180 1648 3423 1703 concidit
3447 1649 3613 1703 urbis.

477 1722 559 1775 Nil
585 1731 773 1780 contra
805 1727 956 1800 leges
986 1728 1338 1800 Romanaque
1365 1730 1488 1798 jura
1525 1737 1836 1804 gerentum,
2187 1732 2297 1788 Nec
2316 1734 2488 1788 solam
2516 1735 2636 1790 haec
2668 1736 2941 1803 homines,
2972 1737 3106 1809 quin
3139 1739 3368 1808 perculit
3395 1739 3526 1795 ultio
3552 1740 3716 1803 divos,

473 1810 585 1866 Nec
607 1814 831 1868 sceleris
853 1831 989 1870 nece
1015 1816 1290 1886 plectendi
1319 1818 1589 1890 cujusque
1620 1835 1858 1884 reorum,
2188 1825 2322 1878 Dum
2353 1825 2510 1895 quasi
2535 1833 2853 1882 cunctorum
2878 1829 3127 1898 quaedam
3162 1830 3326 1885 simul
3351 1831 3474 1885 aula
3498 1833 3711 1886 deorum

476 1903 746 1960 NiChristi
778 1923 877 1977 pro
902 1908 1061 1962 laude
1093 1909 1211 1975 Dei,
1240 1917 1294 1965 et
1323 1911 1686 1966 conventibus
1716 1912 1910 1983 aequis.
1960 1939 1984 1958 «ι
2187 1915 2471 1972 Pantheon
2502 1917 2686 1972 Romae
2713 1919 2902 1975 divino
2934 1921 3246 1976 incenditur
3276 1923 3425 1996 igne,

473 1996 744 2052 Rescribit
781 1999 1045 2068 Trajanus
1083 2001 1150 2056 ad
1184 2002 1336 2056 haec:
1386 2027 1408 2051 ιι
1452 2004 1526 2058 Ne
1566 2004 1799 2075 quisque
1847 2005 2086 2076 requirat
2187 2005 2339 2059 Tunc
2365 2005 2533 2060 veluti
2564 2008 2843 2077 quondam
2875 2009 3129 2079 ciniphes
3161 2011 3375 2066 Pelusia
3401 2028 3524 2066 rura

474 2083 824 2141 Christicolas
844 2088 1035 2156 judex,
1063 2096 1116 2144 at
1145 2090 1339 2159 puniat
1367 2099 1738 2164 interceptos;
1781 2114 1805 2143 ι)
2192 2093 2426 2148 Emersaa
2457 2095 2660 2162 subito,
2693 2106 2946 2167 quateret
2967 2099 3096 2154 dum
3123 2102 3282 2155 tertia
3313 2102 3489 2176 plaga,

470 2175 908 2248 Semisoporatus
931 2181 1188 2251 perquod
1215 2180 1515 2238 ferventior
1546 2184 1688 2256 ignis
2189 2185 2313 2239 Orta
2342 2185 2450 2240 situ
2479 2193 2533 2240 et
2572 2188 2848 2258 squallore
2881 2189 3015 2244 locis
3044 2192 3345 2246 animantia
3374 2175 3555 2257 fiedis,

475 2268 651 2336 Visus,
681 2271 979 2326 amicorum
1009 2272 1224 2326 insidiis
1250 2273 1392 2327 haud
1420 2273 1643 2346 dempta
1662 2275 1910 2342 facultas,
2189 2274 2360 2328 Omne
2386 2291 2563 2345 genus
2582 2277 2866 2331 hominum
2891 2287 3044 2334 sueta
3065 2296 3128 2335 ac
3150 2297 3319 2351 pecus
3345 2298 3506 2336 urere
3525 2298 3713 2346 morsu,

477 2360 590 2414 lmo
607 2361 746 2416 dolis
781 2361 958 2416 furum
980 2372 1248 2419 vexantur
1275 2374 1452 2420 castra
1483 2365 1718 2435 piorum.
2191 2366 2468 2421 Densatim
2501 2383 2676 2422 ssevos
2706 2369 2760 2422 in
2793 2369 3078 2426 vibravere
3117 2374 3386 2428 colonos:

476 2449 538 2502 At
564 2465 673 2504 non
705 2450 795 2506 ille
821 2451 1012 2506 oculus
1029 2453 1157 2526 vigil
1179 2454 1400 2508 lsraelis
1428 2462 1659 2522 amator,
2187 2460 2360 2515 Judaei
2387 2463 2552 2516 variis
2579 2461 2738 2518 eﬁ‘usi
2772 2464 2842 2518 ita
2861 2466 3108 2535 partibus
3134 2467 3306 2534 orbis,

476 2539 685 2610 Pupilla
711 2541 948 2597 obducta
988 2543 1095 2616 legi
1126 2543 1270 2598 favet
1296 2545 1436 2599 altor
1466 2545 1695 2616 iniquae,
2188 2549 2496 2624 Egyptum,
2527 2551 2768 2623 Libyam,
2807 2555 3173 2628 Cyprumque,
3206 2557 3452 2630 aliasque
3493 2561 3664 2619 calore

476 2631 590 2686 lmo
619 2633 732 2704 pari
772 2635 952 2688 rutilis
973 2651 1339 2706 compensans
1369 2637 1556 2691 omnia
1576 2637 1735 2693 lance
2197 2641 2370 2696 Emoti
2404 2650 2574 2697 terras
2603 2644 2783 2699 subito
2816 2644 3127 2701 infestando
3164 2648 3382 2718 quietos

478 2721 814 2803 Praepollens
837 2724 1074 2779 auctoris
1105 2741 1245 2796 Opus
1265 2727 1503 2798 hujusce
1539 2727 1761 2784 nefandi
2193 2733 2462 2804 'l‘urbant,
2490 2751 2554 2791 ac
2578 2752 2780 2792 vacuos
2809 2736 2924 2793 fere
2956 2737 3087 2794 dant
3118 2739 3420 2795 cultoribus
3455 2757 3629 2815 agros.
3695 2771 3704 2778 -

369 2803 377 2814 ’
479 2811 683 2868 Evortit
720 2812 970 2878 sceleris,
993 2814 1192 2870 domus
1220 2831 1385 2871 aurea
1415 2824 1556 2872 tacta
1577 2817 1810 2874 Neronis

1985 2921 2190 2978 CAPUT
2236 2925 2318 2980 IV.

1794 3031 1868 3089 De
1893 3041 2098 3091 sancto
2134 3031 2304 3094 Sixto
2337 3052 2516 3113 papa.

479 3159 660 3214 Sixtus
689 3160 1054 3216 Alexandrum
1086 3164 1354 3234 sequitur,
1378 3165 1471 3236 qui
1503 3163 1744 3220 culmina
1779 3166 1928 3222 sedis
2116 3172 2164 3240 α
2194 3169 2580 3244 Subjectisque
2612 3173 2774 3244 hujus
2807 3177 3100 3231 moderans
3129 3177 3370 3252 insignia
3397 3178 3564 3243 sedis,

477 3251 678 3306 Nactus
708 3255 1048 3322 apostolicae,
1082 3257 1327 3329 regimen
1350 3257 1596 3328 disponit
1625 3258 1876 3326 honeste,
2194 3259 2292 3324 Qui
2316 3270 2522 3334 martyr
2551 3259 2871 3334 penetrans,
2905 3268 3143 3324 Adriano
3169 3271 3422 3340 principe
3445 3270 3650 3332 caelum,

484 3341 627 3396 Dans
658 3343 942 3398 tractanda
980 3344 1074 3398 Dei
1097 3345 1229 3400 solis
1252 3362 1405 3401 sacra
1434 3363 1564 3402 vasa
1589 3347 1875 3414 ministris,
2195 3351 2358 3404 Busta
2395 3367 2555 3408 secus
2585 3353 2727 3410 Petri
2759 3357 2951 3411 tumuli
2983 3358 3209 3414 sortitur
3238 3361 3522 3415 honorem.

1995 3476 2202 3532 CAPUT
2249 3479 2308 3532 V.

1396 3578 1475 3636 De
1500 3579 1727 3637 sanctis
1757 3575 2024 3650 Gaetulia,
2061 3580 2339 3640 Amantio
2370 3589 2423 3640 et
2449 3585 2630 3643 sociis
2667 3603 2893 3646 eorum.

482 3731 737 3804 Plerique
767 3733 890 3789 coeli
922 3749 1090 3808 regna
1119 3735 1268 3790 dicto
1298 3734 1550 3806 principe
2201 3717 2262 3771 Ut
2289 3720 2383 3790 (ἶυί
2405 3727 2594 3778 tenere
2625 3724 2960 3782 Christianos
2987 3737 3217 3782 venerat

482 3826 734 3881 Mercede
764 3827 872 3882 fusi
911 3836 1326 3900 consequuntur
1358 3829 1668 3905 sanguinis,
2197 3814 2273 3905 δὴ
2303 3814 2420 3885 ipse
2439 3821 2663 3905 lentus;
2685 3819 2778 3888 qui
2800 3818 3034 3874 salutem
3062 3820 3254 3875 ίοΠθΓθ

482 3916 787 3972 Bacchum
816 3918 960 3972 nube
981 3925 1124 3973 rem,
1164 3919 1329 3990 coepti
1362 3903 1618 3974 ωτιςίηίδ,
2200 3903 2531 3976 Pr0perabat
2559 3905 2738 3972 almis,
2771 3907 2954 3963 salvus
2978 3909 3125 3963 idem
3150 3909 3381 3964 fulserit.

481 4007 694 4063 paravit
719 4017 864 4064 astra
893 4025 1057 4064 came
1088 4016 1216 4064 ιυηο
1245 4011 1522 4074 (annuus,
2200 3996 2351 4052 Hunc
2389 4013 2594 4067 praeses
2623 4014 2764 4054 arca:
2805 3999 3171 4054 Christianum
3209 4001 3418 4055 aerariae

478 4097 556 4148 Ad
587 4112 755 4167 quem
788 4097 1085 4152 tenendum
1107 4099 1254 4168 quod
1285 4096 1394 4152 ﬁde
1432 4098 1782 4155 firmissimus
2194 4088 2422 4152 (Midam
2447 4088 2684 4144 Adriano
2710 4090 3140 4159 deprehendens
3169 4091 3415 4157 ιὶιιῐηίδιξ

485 4189 545 4242 Et
574 4189 883 4260 disciplinis
921 4190 1149 4261 degeret
1178 4191 1552 4256 doctissimus,

2194 4178 2291 4243 Qui
2333 4178 2679 4232 consularem
2700 4177 2886 4253 dirigit
2913 4179 3202 4246 Licinium,

482 4281 746 4336 Sermone
776 4282 978 4336 multos
1006 4281 1332 4351 actibusquc
1363 4282 1630 4337 roborans
2195 4269 2309 4333 QUO
2351 4267 2628 4324 Cerealem
2659 4267 2860 4322 νίηϐίᾶῐ
2899 4267 3191 4333 Vitiarium;

484 4370 541 4422 ln
566 4369 686 4443 lege
727 4369 945 4436 Christi,
978 4369 1214 4425 Cerealis
1244 4370 1496 4436 mittitur,
2196 4362 2324 4419 Cum
2344 4379 2454 4435 quo
2487 4362 2682 4417 beatus
2709 4361 2993 4435 stringitur
3024 4361 3306 4428 Gaetulius,

483 4459 704 4534 Collega
733 4459 892 4527 cujus
924 4459 1181 4516 militarat
1209 4460 1513 4527 Amantius,
2119 4503 2170 4534 η
2198 4459 2270 4510 Ac
2298 4456 2609 4511 Primitivus
2638 4471 2872 4525 cumque
2899 4455 2980 4509 eis
3007 4454 3312 4521 Amantius,

488 4503 630 4514 w..-
673 4503 704 4514 ..
735 4503 798 4514 ν..
830 4503 891 4515 ..υ
1209 4503 1513 4527 ......,......υ,
2198 4503 2268 4510 .-ν
2299 4503 2317 4511 -
2641 4503 2870 4525 ν----Ίη
2903 4503 2978 4509 -.-

481 4550 580 4617 Qui
603 4503 767 4607 αξτηο
794 4503 961 4607 irater
989 4568 1053 4608 ac
1081 4549 1191 4607 lide
1221 4551 1432 4608 ϐαδῐυίἱὶ
1464 4571 1478 4618 ;
2119 4503 2170 4569 D
2198 4548 2331 4602 Tum
2370 4545 2576 4601 Cereali
2607 4545 2913 4600 consularis
2943 4544 3220 4600 infremit:

479 4647 719 4718 Uterque
749 4639 934 4721 gratus
959 4647 1195 4703 Adriano
1223 4647 1480 4718 principi,
2198 4655 2226 4731 fi
2267 4635 2400 4689 Vitae
2417 4632 2516 4731 tibi
2544 4631 2623 4687 sic
2650 4632 2789 4731 facta
2817 4633 3130 4731 desperatio
3189 4721 3199 4731 .
3324 4721 3355 4731 ‘-

481 4742 695 4795 Ducens
724 4750 975 4812 repertus
1004 4741 1270 4812 plurimos
1299 4741 1560 4796 Castalius
2198 4725 2472 4795 Ρνωοθβίδ
2497 4729 2710 4777 lamnas
2740 4727 2798 4776 υῑ
2826 4737 3024 4823 Proca}
3053 4721 3452 4824 d_°minimium

475 4832 718 4890 Fratrem
752 4811 1031 4887 tribunum
1071 4833 1378 4903 prapalavit
1418 4833 1726 4887 Amantium
2197 4820 2255 4913 l_n
2279 4816 2524 4913 universi
2554 4815 2721 4913 rebus
2740 4814 2894 4870 orbis
2923 4811 3285 4913 principum?
3329 4835 3349 4862 ι

485 4923 627 4979 Metu
653 4923 880 4978 Adriani
913 4925 1003 4996 qui
1037 4925 1239 4980 latebat
1266 4924 1523 4989 abditus;
2199 4907 2582 5007 Clli_Cel'ealiS§
2697 4903 3258 5007 Ιηευρθςροξιῑτδάὶόὶ

485 5013 654 5078 Quem
688 4995 1094 5068 Cerealisihaud
1125 5014 1292 5084 epine
1320 5021 1593 5068 contuens
2199 4997 2537 5096 Visitatio‘nis
2567 4997 2791 5072 integrae
2817 4995 3099 5096 molimine
3161 5083 3173 5096 ἱ
3199 5083 3231 5096 μ

485 5107 683 5161 Plenus
711 5105 917 5162 sodalis
941 5104 1001 5160 ﬁt
1025 5105 1200 5160 salute
1231 5105 1456 5180 gaudio,
1882 5098 1887 5103 ’
2201 5094 2404 5149 Census
2431 5092 2676 5166 fugaces,
2702 5097 2757 5146 et
2783 5087 2973 5188 redegi
3011 5085 3064 5188 in
3083 5083 3389 5188 publicum,

485 5197 772 5268 Vitamque
802 5195 968 5250 sumit
997 5195 1104 5250 hoc
1134 5176 1352 5264 reperto
1383 5193 1646 5264 spiritus:
2201 5188 2540 5260 Semperque
2561 5201 2658 5280 .me
2685 5181 2890 5280 servire
2921 5178 3134 5280 Christo
3172 5176 3455 5280 spondeo;

488 5289 614 5342 Nam
646 5288 943 5361 diligenter
969 5284 1216 5341 veritatis
1242 5284 1450 5338 lumine
2197 5277 2314 5331 Vita
2347 5274 2574 5374 perenni
2601 5269 2996 5374 perfruihcredo
3035 5276 3091 5372 et
3129 5272 3276 5370 peto.
3325 5286 3354 5368 ι.

483 5356 789 5453 Christique
828 5380 974 5435 cultu
1005 5378 1074 5432 ab
1095 5377 1182 5432 his
1212 5378 1445 5432 docetur
1470 5375 1737 5430 Patribus.
2196 5371 2327 5425 Tum
2358 5367 2693 5465 consularis:
2738 5386 2763 5416 α
2930 5362 3069 5465 mori
3095 5377 3162 5415 an
3195 5361 3278 5465 vis
3306 5356 3525 5414 Vivere?

485 5473 710 5527 Romam
742 5471 873 5525 inde
905 5477 1160 5543 pergunt,
1192 5476 1359 5540 atque
1391 5467 1540 5522 Sixto
1562 5464 1776 5537 praesuli
2199 5462 2331 5527 Qui:
2378 5481 2403 5510 «
2445 5460 2586 5514 Luce
2616 5458 2740 5512 vitae
2777 5457 2830 5510 ni
2855 5455 2958 5554 frui
2991 5453 3410 5554 contenderem,

483 5564 600 5619 Mox
632 5562 1018 5636 baptizandum
1054 5560 1331 5617 Cerealem
1355 5563 1691 5633 suggerunt:
2199 5553 2394 5609 Christi
2424 5565 2720 5622 supernam
2751 5565 2861 5604 non
2905 5547 3104 5603 faterer
3128 5546 3384 5619 gloriam.
3423 5563 3446 5593 ι

485 5655 815 5726 Factumque
836 5651 1002 5710 Saulo
1028 5654 1167 5708 sicut
1189 5653 1319 5708 olim
1347 5650 1598 5727 contigit,
2269 5645 2484 5701 Relisus
2504 5645 2598 5700 ille
2623 5641 2876 5698 ﬁrmitate
2906 5638 3182 5710 martyris,
