3962 6140
228 261 328 318 6H

235 387 484 442 Umbone
506 385 659 454 rupis
676 391 734 438 ut
762 385 994 438 minacis
1013 385 1222 451 alveus,

233 475 375 529 Petit
415 476 726 530 columnam
770 475 1059 545 pnecluem
1091 474 1398 541 Gaetulium,

235 565 432 618 Libare
456 564 628 629 Marti,
654 580 751 618 seu
783 564 899 618 Jovi
925 563 1133 632 jubens
1171 579 1318 625 eum,

233 655 401 709 Ridet
432 655 621 708 beatus
659 653 911 723 dissipati
953 653 1247 720 insaniam,

237 747 443 802 Pharos
471 744 707 800 furentis
731 752 791 799 ut
821 746 1118 815 procellam
1139 745 1386 805 Doridos.

238 840 302 888 At
329 834 497 890 corda
529 834 624 905 qui
647 834 894 905 nequivit
923 834 1032 889 alta
1054 834 1252 889 licdere

235 924 314 978 Ad
346 925 628 980 laesionem
659 933 837 979 vertat
866 941 1018 979 arma
1040 925 1288 995 corporis
1317 943 1332 990 ;

235 1016 430 1070 Carnis
445 1016 679 1070 amictus
710 1016 989 1086 impudice
1021 1017 1232 1087 diripit,

235 1108 532 1179 Quatitque
555 1108 757 1162 mentis
784 1117 943 1178 septa
966 1107 1418 1181 inexpugnabilis
1450 1126 1465 1170 ;

238 1200 592 1270 Firmumque
625 1199 792 1254 robur
827 1207 887 1254 ut
907 1200 1145 1255 renoscit
1174 1207 1496 1271 martyrum,

235 1291 424 1345 Victus
446 1297 664 1344 coercet
683 1291 984 1364 gloriantes
1012 1307 1251 1357 carcere,

236 1385 358 1445 Quo
382 1397 478 1451 per
505 1382 627 1436 dies
652 1389 708 1436 et
730 1397 980 1434 mansere
1018 1389 1229 1450 septem
1258 1389 1312 1435 et
1344 1380 1431 1434 bis
1455 1380 1667 1448 decem,

239 1471 480 1541 Postque
505 1469 742 1524 Adriano
776 1468 1099 1524 nuntiantur
1123 1468 1316 1535 vividi,

239 1563 570 1635 Christoque
604 1562 698 1617 ﬁdi
721 1580 750 1616 a
773 1578 883 1634 quo
908 1563 1178 1632 jubentur
1207 1563 1433 1637 ignibus

236 1653 276 1706 Τ
284 1654 422 1706 radi.
464 1654 659 1707 Beatus
680 1653 747 1706 ad
779 1667 971 1725 rogum
1004 1651 1265 1706 Gaatulius

241 1747 444 1801 Vivens
470 1747 788 1816 triumphat,
816 1746 1170 1817 fustibusque
1197 1761 1322 1802 mox
1349 1756 1514 1818 caput

242 1836 428 1890 Laesus
453 1835 686 1901 divellit,
718 1835 945 1906 corripit
981 1836 1288 1899 victoriam,

235 1931 523 1984 Tredecim
548 1929 730 1985 fidelis
757 1939 902 1986 meta
930 1931 1124 2002 agonis
1153 1931 1400 1987 millibus

239 2017 322 2070 Ab
355 2017 492 2072 urbe
523 2019 700 2088 ponit,
728 2019 967 2090 hincque
997 2026 1247 2089 penetrat
1276 2021 1511 2085 aethera;

233 2108 566 2180 Tiberisque
593 2109 662 2163 ab
691 2111 856 2164 undis
883 2111 1255 2181 Symphorosa
1286 2112 1573 2184 colligens,

239 2198 278 2252 [Σ
287 2213 389 2252 xor
420 2198 566 2253 beati
589 2200 901 2255 condecens
928 2200 1168 2267 Gaetulii,

236 2289 352 2343 Suo
381 2288 582 2344 relatos
609 2289 894 2344 collocavit
934 2289 1146 2360 prmdio
1172 2307 1186 2355 ;

234 2384 370 2446 Quae
401 2396 506 2435 nec
529 2381 625 2435 diu
652 2388 774 2452 post
804 2382 1057 2454 conjugis
1085 2383 1409 2450 certamina,

235 2473 546 2527 Sodalitate
569 2471 808 2528 ﬁliorum
842 2474 1095 2544 praedita,

237 2565 582 2637 Martyrisata
608 2566 821 2620 scandit
849 2567 1035 2620 aethrae
1071 2567 1336 2623 culmina.

237 2658 394 2722 Quae,
428 2674 570 2713 caesa
600 2659 800 2730 palmis
829 2665 884 2713 et
919 2658 1116 2714 librata
1146 2660 1420 2728 crinibus,

243 2745 398 2800 Elata
424 2747 584 2802 terris
615 2746 675 2802 ﬁt
705 2747 832 2818 polo
856 2748 1226 2816 contermina,

841 257 921 311 DE
963 257 1222 313 CHRISTI
1261 255 1622 313 TRIUMPHIS
1663 255 1834 312 APUD
1876 256 2139 312 ITALIAM
2180 257 2354 312 LIBRI
2394 258 2525 313 XIV.
2567 290 2632 299 -
2675 260 2799 316 LIB.
2843 263 2910 316 Ill
3468 269 3574 324 642

1873 385 1924 454 Α
1955 383 2196 455 Coelique
2224 384 2384 438 discit
2406 385 2688 440 ambulare
2717 387 2964 442 semitas.

1955 475 2157 530 Invicta
2189 476 2345 528 terris
2376 483 2435 529 ut
2463 476 2724 544 probatur
2751 493 2901 543 aere,

1954 564 2212 618 Devincta
2235 579 2365 618 saxo
2397 564 2661 638 mergitur
2677 565 2780 618 sub
2817 567 3069 636 flumine,

1954 659 2026 712 Ex
2052 675 2162 731 quo
2183 660 2528 730 triumphans
2557 660 2792 715 sumitur
2815 678 2969 717 mens
2995 665 3201 719 aethere

1954 756 2257 826 Germanus
2295 756 2416 824 ejus
2448 756 2772 826 principalis
2801 756 3015 811 Tiburis

1957 825 2177 898 Lectu’m
2210 845 2444 899 cadaver
2473 843 2736 898 auferens
2765 845 3064 919 Eugenius,

1959 936 2251 1006 Terraeque
2279 935 2551 989 mandans
2582 935 2829 989 membra
2851 937 3040 991 condit
3067 946 3262 993 terrea.

1961 1025 2166 1078 Aurora
2193 1024 2458 1079 Phoebum
2495 1023 2648 1079 ducit
2674 1025 2782 1079 alto
2813 1033 2872 1079 ut
2893 1026 3104 1092 Indico,

1961 1113 2180 1184 Septem
2213 1113 2514 1184 imperator
2541 1113 2763 1168 mandat
2796 1113 2910 1168 indi
2953 1115 3168 1185 stipites

1962 1202 2134 1256 Humo
2167 1202 2363 1274 hisque
2395 1217 2565 1256 nexos
2594 1202 2976 1272 Symphorosae
3017 1204 3160 1259 tilios

1959 1293 2057 1348 Tot
2086 1295 2307 1348 onerari
2336 1309 2393 1348 se
2415 1294 2564 1366 jugis
2593 1294 2927 1348 cruciatibus
2956 1313 2970 1360 ;

1957 1384 2118 1438 Tensi
2151 1384 2431 1450 trochleis,
2463 1386 2570 1439 tela
2599 1384 2862 1440 Crescens
2890 1393 3112 1460 gutture

1963 1475 2240 1540 Exhaurit,
2263 1477 2372 1529 alto
2397 1475 2648 1530 Julianus
2671 1485 2918 1546 pectore,

1962 1565 2216 1620 Nemesio
2244 1564 2347 1618 sub
2373 1565 2539 1620 corde
2570 1565 2776 1619 ferrum
2798 1567 3080 1632 conditur,

1885 1685 1932 1752 Β
1962 1657 2063 1752 1³θτ
2085 1656 2416 1752 umbilicum
2448 1657 2729 1712 Primitivo
2748 1658 2936 1729 figitur
2970 1677 2982 1712 :

1959 1742 2209 1798 Justinus
2234 1759 2428 1800 omnes
2458 1755 2663 1800 tractus
2678 1755 2828 1803 artus
2855 1746 3130 1801 scinditur

1960 1834 2290 1906 Cunctisque
2315 1836 2498 1890 carnis
2525 1837 2634 1890 vita
2664 1836 2835 1890 frenis
2874 1838 3098 1907 pellitur
3130 1857 3144 1904 ;

1961 1926 2108 1982 Silva
2139 1929 2268 1982 inde
2296 1928 2546 1984 Stacteus
2575 1929 2730 1983 fusus
2759 1929 2868 1984 alte
2909 1929 3086 1984 ferrea

1965 2021 2042 2075 Ab
2074 2022 2412 2092 spiculorum
2444 2023 2667 2077 turbine
2697 2023 2862 2078 intrat
2890 2025 3095 2078 aethera

1963 2113 2003 2165 Α
2027 2122 2249 2182 pectore
2280 2114 2460 2166 alvum
2495 2112 2658 2167 ﬁssus
2690 2113 2779 2168 hic
2811 2114 3090 2186 Eugenius

1963 2206 2166 2261 Exutus
2195 2207 2318 2261 imis
2342 2216 2488 2262 astra
2517 2207 2780 2261 membris
2801 2207 3040 2261 ducitur.

1964 2294 2168 2350 Maastis
2197 2304 2362 2350 eunte
2395 2296 2448 2349 in
2481 2296 2780 2350 crastinum
2808 2295 3093 2369 jugalibus

1967 2386 2180 2451 Titane,
2215 2386 2612 2460 demerguntur
2641 2387 2749 2440 alta
2787 2386 2856 2440 ab
2881 2386 3134 2441 hostibus

1969 2477 2147 2532 Fovea
2173 2485 2383 2532 sacrata
2415 2477 2692 2532 lancinatu
2732 2493 2968 2548 corpora
3003 2495 3016 2543 ;

1968 2573 2192 2644 Septem
2223 2584 2489 2628 vocarunt
2518 2573 2585 2626 ad
2611 2573 2968 2627 Biothanatos
3001 2573 3202 2637 locum,

1971 2663 2144 2718 Claris
2183 2663 2400 2735 piorum
2432 2664 2599 2719 lucidi
2629 2664 2899 2720 victoriis.

1753 2852 1962 2908 CAPUT
2005 2853 2070 2907 VI

1409 2951 1486 3011 De
1511 2957 1739 3014 sanctis
1766 2954 2064 3031 Seraphia.
2093 2965 2144 3015 et
2173 2957 2423 3016 Sabina.

236 3071 515 3140 Tempore
541 3070 696 3142 virgo
722 3071 826 3126 sub
860 3071 965 3126 hoc
984 3072 1253 3144 Seraphia
1280 3091 1442 3145 passa
1469 3076 1710 3144 renidet,

243 3165 533 3239 Sanguine
572 3181 734 3235 quam
765 3165 986 3239 generis
1014 3167 1353 3242 signavimus
1383 3169 1800 3236 Antiochenam,

245 3253 429 3319 Illam,
461 3254 593 3308 dum
616 3254 824 3308 laribus
853 3254 1001 3310 fovet
1022 3257 1227 3327 hospes
1255 3257 1400 3312 clara
1436 3258 1659 3324 Sabina,

244 3344 449 3399 Iuncta
469 3345 780 3412 Valentino,
807 3347 1086 3418 quondam
1118 3348 1205 3403 cui
1234 3348 1360 3403 fana
1388 3349 1576 3404 decori

249 3436 513 3507 Principe
542 3444 668 3491 nata
693 3438 1035 3493 metallorum
1069 3441 1362 3514 prazsignis
1386 3441 1602 3496 Herode

247 3526 515 3581 Praesidis
539 3527 728 3581 audita
756 3527 979 3598 rapiunt
1007 3528 1172 3583 laude
1203 3528 1506 3595 ofﬁciales;

249 3621 417 3676 Facta
437 3623 556 3677 viro
578 3639 839 3693 praesens,
870 3623 956 3678 dis
975 3623 1283 3679 sacriﬁcare
1307 3624 1552 3693 jubelur.

251 3713 351 3766 Illa
396 3730 410 3765 :
437 3713 605 3766 Deum
639 3713 829 3777 timeo,
858 3713 1152 3769 Dominum
1200 3713 1322 3769 colo
1351 3715 1537 3769 cuncti
1570 3723 1875 3785 potentem,

249 3803 354 3867 Qui
385 3804 515 3858 caeli
545 3811 817 3875 terraeque
834 3814 1015 3870 sator;
1043 3821 1166 3859 nam
1201 3806 1431 3859 numina
1456 3821 1597 3860 vana

251 3895 428 3959 Queis
457 3895 634 3950 libare
659 3895 845 3965 jubes,
881 3911 990 3951 non
1024 3895 1121 3959 dii,
1170 3895 1268 3950 sed
1310 3895 1591 3951 dazmones
1616 3902 1832 3951 exstant
1862 3914 1876 3963 ;

250 3987 367 4041 Nec
389 3987 522 4041 licet
551 3988 651 4042 hos
679 4002 835 4042 orare
855 3988 1013 4070 mihi,
1046 4003 1168 4059 quae
1185 3988 1365 4044 servio
1392 3986 1604 4043 Christo
1645 4013 1658 4032 ο

256 4077 516 4146 Dumque
546 4073 708 4129 ﬁdem
741 4076 942 4130 celsam
959 4075 1124 4131 dictis
1145 4076 1340 4132 attollit
1370 4077 1594 4148 apertis,

253 4165 504 4220 Lascivis
522 4172 713 4236 stupro
743 4166 982 4240 geminis
1006 4167 1301 4223 mandatur
1328 4168 1582 4240 ephebis,

253 4260 297 4312 A
325 4257 536 4330 quibus
566 4258 784 4314 obscuri
805 4260 861 4313 in
889 4260 1196 4330 penetralia
1226 4276 1371 4316 eieca
1400 4261 1599 4315 cubilis

256 4350 572 4418 Clauditur,
598 4358 769 4422 utque
799 4360 997 4422 petunt
1019 4353 1227 4407 inceste
1250 4353 1524 4428 attingere
1546 4360 1774 4420 castam,

258 4443 467 4498 lntima
491 4458 758 4497 concusso
781 4443 946 4498 tellus
973 4443 1199 4499 eliditur
1216 4451 1395 4499 antro.

259 4539 667 4610 Exanimesque
696 4545 861 4593 ruunt
899 4539 1048 4594 omni
1081 4539 1284 4594 virtute
1307 4539 1502 4594 relicti.

257 4630 357 4682 Ast
388 4628 486 4682 ubi
511 4629 622 4696 jam
646 4627 870 4682 rediens
898 4627 1062 4682 terris
1091 4643 1286 4684 aurora
1317 4628 1558 4698 virisque

257 4720 553 4790 Purpureo
573 4720 724 4774 vehit
745 4733 841 4774 ore
869 4719 1041 4786 diem,
1074 4735 1415 4794 cognoscere
1440 4719 1643 4774 factum

261 4810 524 4866 Praesidis
552 4811 787 4884 ingressi
818 4818 1066 4866 sanctam
1099 4812 1364 4867 invenere
1382 4811 1614 4866 ministri

263 4905 573 4957 Instantem
606 4903 886 4973 precibus,
918 4910 1119 4959 stratos
1149 4911 1209 4959 ut
1236 4913 1410 4959 morte
1451 4903 1702 4974 petulcos
1731 4920 1746 4968 ;

265 4993 521 5063 Dumque
553 5007 694 5062 opus
718 4996 1018 5048 aethereum
1052 4993 1313 5048 mirantes
1341 4993 1587 5064 undique
1604 4991 1760 5046 multi

264 5083 460 5137 Visere
485 5093 840 5150 concurrunt,
867 5099 1074 5154 praeses
1097 5083 1260 5152 jubet
1297 5092 1424 5138 ante
1441 5083 1681 5137 tribunal

262 5175 561 5232 Victricem
586 5176 788 5248 subigi,
821 5175 1068 5247 ferrique
1097 5183 1328 5246 stupore
1348 5176 1600 5244 iacentes
1636 5191 1649 5235 ξ

264 5270 420 5333 Quos
445 5267 591 5322 votis
617 5267 798 5341 tetigit
826 5267 1098 5322 mandans
1115 5266 1191 5321 ita
1217 5266 1374 5338 virgo
1398 5264 1645 5337 profusis
1671 5282 1684 5317 :

272 5359 547 5434 «Surgite,
577 5367 632 5414 et
665 5359 722 5412 in
753 5359 950 5414 Christi
973 5359 1258 5415 consistite
1280 5359 1504 5414 nomine
1533 5357 1690 5412 recti.
1719 5379 1739 5405 ι

264 5454 545 5517 Actutum,
578 5450 729 5505 velut
754 5466 986 5506 excusso
1012 5451 1284 5522 pulsoque
1311 5465 1534 5521 scpore,

267 5543 585 5598 Incolumes
606 5551 842 5617 surgunt
868 5543 1217 5615 pedibusque
1248 5543 1499 5598 insistere
1529 5539 1793 5615 gaudent.

266 5632 560 5707 Cognitor,
581 5641 643 5687 ut
669 5631 892 5698 mulier,
933 5632 1152 5706 rogitat,
1193 5631 1484 5688 mutaverit
1523 5630 1667 5696 illos,

1975 3080 2234 3136 Amentes
2257 3081 2492 3147 dederit,
2513 3081 2715 3136 virtute
2747 3081 3031 3136 resolverit
3062 3089 3200 3145 acta,

1978 3169 2060 3222 llli
2095 3187 2108 3222 :
2138 3195 2161 3215 ιι
2191 3169 2282 3224 Sol
2301 3169 2449 3224 velut
2478 3171 2764 3241 ingressus
2807 3169 3152 3240 resplenduit
3180 3170 3308 3231 alte,

1979 3260 2305 3316 Prmcellens
2321 3261 2541 3329 juvenis
2571 3262 2743 3315 mirus
2773 3277 3004 3332 vnsuque
3036 3261 3294 3327 decorus,

1980 3353 2088 3407 Nos
2119 3354 2260 3406 inter
2289 3353 2382 3423 qui
2405 3369 2466 3406 se
2487 3353 2760 3421 objiciens
2789 3354 3063 3424 istamque
3095 3353 3356 3424 puellam,

1925 3478 1948 3500 π
1981 3441 2208 3496 Defectu
2239 3441 2450 3516 fulgore
2471 3457 2571 3496 suo
2599 3458 2700 3497 nos
2724 3451 2893 3513 atque
2915 3452 3154 3497 tremore

1981 3532 2283 3587 Concussit.
2317 3557 2338 3578 ν
2374 3531 2545 3586 Judex
2575 3532 2809 3587 furiatus
2837 3532 3076 3587 subdere
3105 3532 3248 3586 divis

1979 3621 2238 3691 Praecipit
2275 3620 2416 3678 hanc
2445 3622 2714 3687 animum,
2747 3621 2898 3692 quod
2930 3628 3055 3696 agat
3082 3623 3208 3685 nisi,
3242 3621 3348 3676 fata
3363 3623 3602 3676 minatur

1978 3711 2171 3765 Patris.
2207 3712 2270 3765 At
2292 3712 2383 3766 illa
2415 3729 2428 3765 :
2463 3732 2486 3762 α
2517 3712 2614 3766 Tui
2647 3712 2863 3766 Satanae
2895 3729 3179 3783 nunquam
3208 3711 3596 3782 impleojussa,

1979 3801 2176 3856 Christi
2205 3802 2482 3873 praecipuo
2505 3818 2626 3873 quae
2641 3803 2865 3856 nomine
2888 3801 3020 3856 fulta
3041 3802 3265 3856 resulto.
3291 3825 3310 3850 ο

1981 3893 2283 3964 Lampades
2315 3893 2531 3948 invictae
2556 3894 2715 3961 jubet
2744 3901 3094 3964 apponantur
3117 3895 3380 3964 utrinque

1979 3986 2246 4041 Ardentes
2267 3985 2424 4040 lateri
2459 4003 2472 4052 ;
2507 3993 2955 4058 maturantesque
2989 3985 3225 4039 ministri

1982 4073 2129 4129 Pone
2159 4073 2384 4140 cadunt,
2418 4072 2537 4128 forti
2572 4073 2785 4128 rabiem
2812 4073 3072 4128 vincente
3107 4073 3313 4144 puella.

1980 4163 2339 4234 Attolensque
2361 4162 2560 4218 iterum
2589 4168 2773 4233 caput,
2804 4162 2919 4216 haec
2943 4160 3202 4216 exsibilat
3226 4161 3423 4236 anguis
3457 4178 3469 4214 :

1990 4272 2015 4304 (ι
2035 4253 2169 4308 Pare
2199 4253 2363 4319 clam,
2388 4252 2798 4318 biothanata,et
2829 4268 3008 4326 maga,
3033 4251 3253 4325 legibus
3285 4251 3461 4322 aequis

1983 4341 2233 4414 Effugere
2262 4350 2322 4398 ut
2359 4343 2542 4398 valeas
2570 4359 2762 4413 prenas
2792 4343 3096 4397 consultior
3125 4348 3289 4396 atras.
3329 4367 3352 4387 ι»

1986 4431 2083 4485 llla
2116 4449 2175 4484 εκ
2210 4432 2367 4486 Bioth
2401 4431 2792 4500 natosjreddit)
2823 4446 2919 4485 vos
2946 4446 3068 4484 esse
3100 4429 3398 4500 probatur,

1984 4521 2395 4594 Praestigiisque
2429 4523 2637 4594 nigros,
2668 4521 2851 4576 vivum
2884 4537 3188 4592 verumque
3230 4521 3445 4587 negatis

1985 4609 2085 4674 Qui
2117 4609 2428 4673 Dominum,
2458 4609 2749 4681 larvasque
2779 4608 3014 4663 colendo
3045 4607 3297 4677 peribitis
3327 4608 3432 4678 ipsi

1989 4699 2266 4754 Haerentes
2289 4715 2428 4774 ;ego
2453 4714 2712 4771 supremo
2742 4700 3087 4770 Dominoque
3107 4701 3326 4770 Deoque

1903 4771 1962 4838 Ῐ)
1989 4790 2166 4847 Oﬂ‘ero
2189 4771 2530 4859 sacriﬁcans,
2552 4809 2640 4847 me
2672 4809 2758 4847 me
2781 4792 3042 4866 dignetur
3071 4801 3131 4847 ut
3157 4793 3277 4862 ipse

1991 4883 2244 4949 Sumere,
2270 4882 2543 4952 peccatrix
2564 4883 2712 4950 licet,
2740 4890 2796 4936 at
2811 4897 2931 4936 sum
2958 4881 3188 4936 vernula
3213 4879 3434 4936 Christi.
3470 4899 3492 4929 η

1995 4974 2231 5030 Caeditur
2271 4975 2398 5030 hinc
2424 4975 2578 5030 duris
2607 4975 2830 5030 robusta
2856 4974 3009 5049 virgo
3033 4973 3271 5036 bacillis,

1997 5065 2454 5138 Ponderibusque
2484 5065 2777 5142 ﬂagellatis
2808 5069 3008 5122 humus
3037 5067 3280 5121 intremit
3305 5065 3453 5129 imis,

1995 5159 2059 5213 Et
2088 5159 2370 5229 pavefacta
2401 5160 2547 5230 piam
2581 5160 2846 5216 collidere
2877 5159 3029 5234 virga
3059 5159 3299 5228 puellam

1995 5249 2302 5322 Frangitur,
2331 5266 2398 5306 ac
2425 5250 2606 5305 valido
2631 5250 2818 5304 lumen
2845 5249 2984 5320 petit
3009 5249 3212 5317 impete
3243 5245 3348 5299 diri

1994 5347 2268 5410 Praesidis,
2297 5355 2460 5417 atque
2491 5345 2675 5400 attrita
2711 5344 2864 5418 gravi
2896 5341 3106 5413 pupilla
3132 5341 3346 5406 dolore,

1993 5436 2208 5491 Caecum
2238 5435 2406 5490 corde
2433 5440 2587 5488 notat
2617 5434 2878 5488 restincto
2904 5430 3110 5486 lumine
3137 5429 3368 5484 luscum.

1995 5531 2089 5586 llle
2113 5530 2302 5585 furens
2322 5529 2492 5585 cruda
2513 5529 2750 5598 dempta:
2771 5527 2905 5582 facis
2924 5525 3126 5580 acriter
3154 5525 3256 5590 ira,

1996 5626 2137 5702 Lege
2165 5626 2318 5681 velut
2341 5623 2521 5695 posita
2541 5622 2798 5693 capitalis
2822 5627 2886 5675 ut
2901 5619 3038 5675 ultio
3058 5619 3237 5688 tollat,
