3962 6140
431 230 539 286 643
1172 226 1540 282 FLODOARDI
1579 227 1884 282 CANONICI
1925 226 2254 283 REMENSIS
2295 228 2633 284 OPUSCULA
2677 229 2983 286 METRICA.
3650 239 3742 292 644

431 355 788 410 Temnentem
819 352 986 407 dictat
1018 367 1273 423 proceres
1293 361 1347 408 et
1377 353 1600 423 publica
1621 355 1765 421 jura,
2072 358 2122 424 A
2151 355 2451 427 Relliquias
2480 357 2708 427 capiens
2733 357 2980 427 pretioso
3003 371 3232 411 munere
3258 357 3551 413 claustrum

437 451 575 504 Dans
603 448 832 522 magicis
862 454 1070 517 patrata
1098 448 1192 501 Dei
1216 448 1417 502 virtute
1443 447 1657 523 ﬁguris,
2151 447 2486 504 Condecorai
2518 449 2786 505 mausolei
2818 449 2927 504 sibi
2955 453 3058 506 rite
3092 451 3262 521 parati
3293 469 3307 513 ;

436 540 580 593 Hanc
598 554 786 592 rursus
817 545 1015 591 metam
1038 553 1167 594 mox
1189 537 1334 592 clara
1355 538 1562 593 Sabino
1594 547 1876 609 petentem
2149 537 2414 608 Huncque
2445 537 2789 610 interpositis
2809 540 3364 611 aliquotcomprensa
3404 540 3616 607 diebus,

433 627 1003 699 ProsequiturChristi
1030 626 1160 680 ﬁdei
1183 626 1437 682 devincta
1457 643 1553 697 per
1587 627 1789 696 ipsam,
2145 625 2364 680 Sistitur
2384 627 2618 696 Elpidio,
2653 643 2850 682 censor
2879 628 2972 700 qui
2995 628 3084 683 his
3101 629 3246 683 hanc
3283 637 3437 704 rogat
3464 629 3601 684 orsis
3633 649 3646 684 :

433 720 528 774 Cui
563 735 764 791 praeses
795 737 808 772 ε
844 746 854 763 ι
888 719 1026 783 Quid
1058 718 1380 788 dedecoras,
1413 721 1689 795 vilemque
1711 722 1900 777 fateris
2146 738 2175 768 «
2209 717 2358 774 Tunc
2388 717 2660 774 Valentini
2689 721 2967 791 quondam
3002 721 3262 792 praeclara
3290 721 3498 777 Sabina

437 812 544 865 Hoc
577 819 746 865 temet
765 826 874 881 quo
903 809 1243 866 Christicolis
1271 819 1603 869 connectere
1636 813 1812 881 cultu,
2147 810 2310 879 Uxor,
2331 818 2386 866 et
2416 811 2647 866 illustris
2673 811 2857 882 proles
2897 811 3124 867 Herodis
3149 812 3368 868 haberis
3400 812 3430 866 ?
3453 834 3481 863 υ

434 908 684 982 Conjugii
719 907 1059 962 monimenta
1089 904 1371 972 decusque
1402 901 1571 956 oblita
1593 910 1903 972 parentum,
2123 898 2250 976 ~llla
2278 917 2290 954 :
2327 925 2352 947 α
2387 900 2497 972 Ego
2524 916 2666 966 sum,
2697 905 2882 974 grates
2921 899 3133 955 Christo
3165 900 3468 972 laudesque
3497 902 3745 985 rependo,

430 1000 856 1070 Asperuansque
882 995 1018 1048 deos
1043 1006 1275 1064 quorum
1308 999 1360 1044 te
1384 990 1662 1046 incurrere
1690 996 1874 1048 motus
2147 990 2246 1055 Qui
2276 991 2638 1064 peccatricem
2673 1007 2760 1046 me
2791 991 3052 1046 sordibus
3087 993 3234 1047 eruit
3263 993 3418 1060 atris,

435 1091 636 1143 Horreo
663 1087 692 1140 ?
721 1085 859 1149 Quin
891 1099 1074 1140 remea
1106 1081 1468 1153 propriasque
1481 1088 1753 1137 revertere
1779 1083 1842 1136 ad
1876 1082 2046 1148 mdes,
2147 1083 2314 1137 Serva
2345 1082 2529 1136 nitens
2549 1082 2670 1151 ejus
2687 1081 2818 1135 dum
2846 1097 2935 1136 me
2965 1080 3231 1151 Seraphia
3255 1081 3454 1136 vinclis

431 1179 608 1246 Atque
637 1173 889 1244 relinque
918 1187 1129 1245 magam
1155 1186 1276 1242 quae
1307 1171 1510 1224 multos
1539 1170 1749 1226 artibus
1775 1172 1906 1226 atris
2147 1172 2392 1230 Absolvit
2422 1173 2716 1239 lemurum,
2752 1172 3044 1228 Dominum
3075 1171 3214 1227 dans
3250 1187 3479 1228 noscere
3498 1188 3696 1228 verum.
3718 1194 3742 1222 ιι

433 1271 468 1322 Α
503 1267 652 1322 cultu
675 1281 965 1321 removens
995 1263 1122 1318 fecit
1149 1263 1410 1317 secedere
1434 1263 1639 1318 divum.
1668 1288 1683 1310 ο
2150 1261 2313 1325 Queis
2334 1260 2447 1316 bile
2469 1260 2697 1315 incensa
2722 1259 2998 1315 sententia
3023 1259 3212 1328 judice
3241 1259 3408 1323 dicta,

434 1357 587 1410 Alma
607 1355 812 1409 Sabina
847 1372 859 1407 :
899 1376 916 1401 ο
955 1352 1139 1419 Hujus,
1171 1367 1389 1421 pravam
1420 1367 1583 1422 quam
1612 1350 1746 1419 fare,
1780 1349 1976 1420 puellae
2150 1353 2438 1408 Praeteritis
2475 1368 2766 1425 procerum
2795 1351 3012 1422 probris
3038 1359 3361 1424 temptuque
3387 1352 3637 1416 deorum,

434 1445 658 1499 Artibus
682 1457 943 1504 osuasus,
978 1440 1144 1494 veluti
1176 1456 1294 1494 sum
1317 1455 1500 1504 suasa,
1530 1440 1762 1501 valeres,
2150 1444 2215 1497 Et
2234 1443 2369 1498 caedi
2397 1443 2584 1516 gladio
2608 1441 2764 1498 fortis
2793 1441 3014 1496 decreta
3041 1441 3264 1510 Sabina,

436 1536 605 1606 impia
644 1549 966 1604 spurcorum
993 1531 1287 1586 simulacra
1314 1530 1545 1600 probare
1576 1530 1832 1585 deorum.
2152 1535 2398 1611 Egregize
2415 1535 2575 1590 dotes
2592 1534 2766 1591 titulis
2797 1532 3078 1588 ﬁscalibus
3100 1533 3250 1599 addi,

437 1625 493 1679 Et
513 1639 696 1678 verum
729 1636 1000 1696 cOgnosse
1033 1621 1202 1675 Deum
1236 1621 1351 1693 qui,
1386 1619 1786 1691 praemiajustis
2073 1675 2116 1696 η
2153 1624 2317 1694 Cujus
2343 1625 2410 1680 ab
2442 1625 2668 1679 illustris
2687 1623 2868 1680 meriti
2895 1622 3379 1678 sublatalocantur

431 1715 664 1769 Aiternm
697 1675 944 1768 tribﬁens
970 1709 1131 1776 lucis,
1163 1709 1255 1764 dat
1283 1709 1501 1763 Tartara
1532 1709 1730 1779 pravis.
1767 1728 1797 1758 ι)
2073 1675 2120 1741 Β
2152 1715 2395 1769 Membra
2423 1714 2556 1768 viris
2587 1714 2708 1784 ipso
2736 1728 2846 1784 quo
2875 1711 3200 1768 condiderat
3228 1710 3559 1766 veneranda:

436 1805 556 1858 Haec
585 1803 652 1856 ad
684 1801 852 1856 verba
873 1816 1071 1854 verens
1098 1813 1308 1870 praeses
1332 1799 1462 1853 sinit
1487 1798 1564 1851 ire
1597 1797 1879 1852 Sabinam.
2152 1804 2286 1860 Ossa
2307 1819 2423 1859 suae
2454 1802 2664 1858 tumulo
2685 1800 2812 1856 fidei
2847 1817 3156 1874 pugnaeque
3183 1801 3480 1875 magistrae,

433 1894 671 1966 Virginis
697 1893 789 1947 illa
811 1894 915 1964 piae
937 1891 1103 1947 ﬁnem
1138 1891 1486 1963 palmamque
1521 1889 1785 1961 triumphi
2154 1898 2321 1954 Arcus
2345 1897 2610 1964 Faustini,
2635 1896 2786 1951 Jovis
2815 1910 2946 1950 area
2975 1894 3310 1952 Vindiciani.

435 1990 721 2062 Exsequiis
749 1989 1038 2045 celebrans
1068 1987 1251 2062 dignis
1273 1989 1534 2059 claroque
1565 1987 1766 2053 nitore,

1927 2085 2136 2142 CAPUT
2179 2087 2290 2142 VII.

1551 2189 1627 2248 De
1653 2197 1863 2249 sancta
1897 2189 2128 2267 Sophia
2157 2195 2211 2249 et
2237 2187 2481 2264 ﬁliabus
2513 2188 2662 2264 ejus.

434 2331 726 2405 Virgineus
757 2332 924 2388 decor
945 2332 1035 2387 hic
1065 2331 1208 2388 trino
1242 2331 1537 2403 splendore
1559 2349 1825 2390 coruscus
2166 2331 2318 2386 Tunc
2337 2331 2597 2396 Charitas,
2620 2329 2779 2400 Spes,
2807 2337 2970 2399 atque
2995 2328 3174 2391 Fides,
3193 2341 3318 2380 cum
3347 2333 3518 2380 matre
3542 2323 3743 2394 Saphia.

446 2423 685 2495 Martyrii
717 2423 1078 2479 meruitnexa
1105 2424 1286 2479 radicc
1321 2438 1604 2491 coronam,

1918 2521 2126 2576 CAPUT
2173 2521 2310 2576 VIII.

1735 2621 1815 2680 Da
1854 2630 2062 2682 sancto
2105 2619 2452 2680 Eustachio.

437 2766 628 2820 Fertur
651 2781 718 2820 eo
751 2765 1097 2836 Eustachius,
1130 2766 1385 2822 Placidus
1416 2767 1753 2840 cognomine
1775 2767 1978 2833 dictus,
2155 2763 2442 2829 Quomodo
2471 2761 2760 2834 quaesitus,
2794 2775 2904 2831 qua
2925 2766 3047 2830 post
3075 2758 3336 2832 indagine
3352 2758 3506 2813 visus

431 2853 673 2908 Turbine
702 2870 827 2908 cum
858 2855 1062 2925 genitis
1084 2857 1246 2909 Simul
1278 2856 1506 2928 Agapio,
1540 2855 1856 2926 TheOpisto,
2155 2853 2358 2908 Militiae
2375 2852 2604 2922 antiquo
2634 2849 2710 2905 sit
2738 2856 3072 2904 restauratus
3088 2849 3285 2904 honori
3330 2865 3344 2912 ;

431 2947 629 3001 Juncta
655 2960 844 3012 uxore,
865 2946 1250 3016 triumphalem
1278 2947 1548 3001 meruisse
1578 2947 1838 3013 nitorem,
2154 2944 2420 3016 Repperit
2447 2950 2508 2999 ut
2529 2950 2688 3000 natos
2718 2943 3036 3014 sociamque
3049 2941 3370 2996 abiturnsin
3391 2940 3622 3001 hostem,

434 3040 672 3103 Quorum
705 3046 859 3092 actus
889 3038 1028 3092 mira
1053 3038 1259 3109 stupidi
1281 3039 1492 3095 ratione
1523 3039 1802 3115 leguntur.
2155 3035 2371 3107 Quique
2396 3035 2746 3107 triumphatis
2768 3034 2958 3090 reduci
2988 3034 3129 3090 redit
3154 3033 3407 3090 hostibus
3435 3046 3590 3094 ense,

437 3127 638 3182 Militiae
662 3127 920 3197 princeps
934 3134 1128 3197 captus
1153 3128 1281 3182 dum
1312 3128 1481 3202 figere
1499 3145 1722 3184 cervum
2085 3148 2134 3216 Ο
2159 3125 2644 3197 Contemnensque
2664 3126 2820 3190 deos,
2847 3123 2972 3179 fana
2997 3132 3322 3195 aspernatus
3341 3121 3514 3184 abire,

434 3216 672 3286 Appetit,
705 3221 766 3269 ut
781 3215 945 3269 fuerit
976 3215 1207 3271 Domino
1229 3224 1464 3285 venante
1491 3231 1809 3288 sequacem,
2098 3211 2133 3216 ⁷
2155 3213 2410 3269 Traditus
2434 3221 2495 3268 ut
2519 3213 2698 3268 belvis
2727 3212 2864 3268 abiit
2890 3222 3186 3269 veneratus
3210 3211 3279 3267 ab
3313 3211 3472 3282 ipsis,

441 3304 503 3358 Ut
533 3304 658 3359 data
689 3303 1212 3374 perdideritterreni
1245 3321 1475 3360 munera
1500 3321 1723 3370 census,
2161 3302 2388 3358 Clausus
2409 3320 2534 3359 cum
2565 3304 2768 3377 genitis
2791 3312 3073 3376 nuptaque
3103 3303 3412 3358 Phalaridis
3452 3302 3572 3375 igne

439 3394 668 3464 Insuper
685 3407 936 3461 uxorein,
968 3401 1258 3466 natosque,
1283 3401 1337 3450 et
1363 3411 1577 3466 pauper
1603 3395 1659 3450 in
1682 3393 1828 3468 agris
2162 3394 2229 3450 Ut
2255 3395 2420 3450 simul
2445 3404 2590 3452 astra
2621 3396 2756 3468 petit
2784 3403 3059 3454 tormento
3098 3396 3305 3451 illaesus
3345 3395 3543 3449 aheno.

440 3482 706 3538 Ruricolae
735 3482 972 3538 ediderit
1000 3483 1169 3539 vitam
1206 3484 1463 3539 mercede
1494 3483 1786 3550 laborum;

1941 3580 2147 3636 CAPUT
2194 3581 2260 3636 IX

1607 3682 1685 3742 De
1711 3690 1916 3744 sancto
1947 3681 2297 3743 Eleutherio
2325 3691 2379 3743 et
2409 3684 2613 3744 Antia.

433 3815 582 3871 Tunc
612 3815 960 3871 Eleutherius
989 3815 1186 3872 virtute
1219 3822 1273 3872 et
1300 3815 1569 3890 sanguine
1599 3816 1800 3887 clarus,
2153 3815 2435 3872 Ferventis
2464 3817 2608 3889 pice,
2636 3818 2789 3890 pinu,
2822 3817 2945 3876 olco
2970 3819 3263 3894 sartaginis
3283 3820 3462 3896 ignes,

437 3909 685 3963 Messana
715 3907 922 3964 celebri
945 3909 1145 3979 praesul
1168 3909 1372 3980 pietate
1399 3911 1644 3983 regebat,
2153 3907 2437 3965 Craticula:
2467 3926 2671 3982 prunas
2700 3911 2927 3968 robusto
2955 3921 3177 3983 pectore
3205 3913 3392 3980 vincit,

437 3997 536 4060 Qui
561 3995 774 4053 fervore
797 3997 891 4052 Dei
924 4004 1190 4069 castoque
1221 3998 1424 4054 decore
1467 4005 1736 4054 venustus
2156 4001 2558 4074 Expositusque
2585 4003 2715 4059 feris
2739 4016 2964 4077 superat
2985 4006 3190 4076 pietate
3219 4007 3432 4063 leones.

438 4087 730 4158 Captantes
758 4088 852 4142 ubi
871 4104 932 4143 se
949 4097 1177 4160 captans
1206 4090 1298 4143 dat
1320 4089 1424 4143 sub
1445 4089 1582 4163 juga
1602 4089 1823 4144 Christi.
2155 4090 2246 4146 Sic
2274 4091 2517 4164 gladium
2544 4094 2738 4168 jugulo
2766 4096 2987 4166 rapiens
3013 4112 3136 4152 cum
3157 4103 3328 4152 matre
3359 4097 3582 4163 recedit,

442 4178 679 4252 Ignitum
702 4175 956 4250 Chalybis
982 4177 1205 4245 lectum,
1229 4191 1329 4248 pro
1361 4176 1524 4233 laude
1543 4177 1823 4249 Tonantis,
2159 4185 2451 4258 Antiaquae
2478 4185 2607 4243 felix
2636 4187 2786 4245 felici
2808 4190 3040 4265 pignore
3061 4193 3284 4266 gaudet.

331 4561 334 4564 ’
432 4573 570 4629 Dum
611 4573 887 4630 bacchans
916 4572 1119 4644 passim
1150 4588 1250 4644 per
1276 4589 1423 4640 rura,
1454 4588 1552 4644 per
1572 4573 1778 4645 oppida
1794 4574 1918 4629 talis
2062 4584 2118 4652 ι)
2143 4577 2633 4656 Praesidiisetgraii
2674 4582 3277 4656 [cod.2granu[capiens
3290 4581 3742 4657 consultaSereni,

436 4669 496 4722 In
523 4677 743 4758 sanctos
771 4669 890 4725 vice
919 4673 1200 4742 grassatur
1225 4667 1489 4723 violentia
1520 4667 1682 4743 legis,
2152 4671 2228 4727 Re
2257 4688 2425 4744 super
2454 4674 2558 4729 hac
2572 4673 2759 4742 mites,
2783 4689 2894 4730 non
2935 4675 3254 4745 impellente
3274 4684 3450 4742 reatu,

431 4763 618 4819 Fontis
643 4764 931 4836 apostolici
957 4763 1237 4819 restabant
1264 4762 1521 4836 dogmate
1550 4763 1707 4830 clari,
2151 4765 2502 4822 Christicolas
2521 4766 2745 4822 sceleris
2773 4766 2958 4838 puniri
2987 4767 3166 4822 cernit
3191 4767 3444 4838 iniquum
3469 4785 3484 4831 ;

432 4859 794 4934 lnsignesque
823 4859 948 4927 viri,
980 4875 1213 4930 quorum
1246 4859 1554 4923 Quadratus
1587 4857 1796 4924 herilis,
2150 4856 2405 4912 Damnari
2435 4856 2686 4912 illicitum
2709 4872 2946 4913 censeas
2972 4857 3095 4912 sine
3124 4857 3356 4912 crimine
3381 4865 3609 4919 nostros,

430 4947 658 5004 Effultus
690 4948 817 5004 ﬁdei
848 4949 1103 5006 doctrina,
1130 4954 1186 5003 et
1215 4947 1438 5003 ﬂamine
1467 4954 1621 5003 vates
2149 4950 2270 5006 Mox
2307 4950 2425 5005 tace
2446 4948 2644 5025 flagitii
2674 4948 2904 5006 furiatos
2930 4949 3082 5006 caede
3111 4958 3388 5020 repressat

429 5041 680 5108 Sidereo,
709 5041 1042 5114 scriptisque
1060 5041 1200 5097 viam
1219 5046 1533 5114 propugnat
1564 5045 1619 5094 et
1649 5053 1745 5094 ore
1779 5056 1794 5105 ;
2146 5037 2370 5094 Summa
2395 5038 2636 5106 Judteos,
2677 5039 2828 5094 ultus
2845 5054 2986 5112 quos
3016 5037 3411 5094 excruciabant

429 5135 645 5207 Quique
671 5136 1015 5211 ap010getica
1046 5151 1146 5207 pro
1178 5134 1474 5208 relligione
1500 5135 1760 5190 volumen
2145 5131 2374 5188 Sanctos
2404 5130 2554 5204 quod
2584 5131 2719 5186 socii
2737 5130 2843 5186 sibi
2875 5146 2986 5187 non
3011 5131 3361 5186 traherentur
3389 5130 3446 5185 in
3477 5144 3617 5185 arma

427 5226 766 5300 Christigena
795 5227 942 5283 serie
973 5227 1277 5298 expediens
1302 5225 1534 5290 illustre,
1567 5225 1758 5300 vigore
2145 5222 2422 5278 Romanos
2446 5228 2636 5278 contra
2677 5240 2691 5288 ;
2724 5222 3058 5294 Solymaque
3085 5222 3183 5278 hos
3202 5231 3374 5287 arcet,
3415 5235 3632 5292 eamque

429 5319 485 5373 ld
517 5319 632 5374 veri
659 5319 868 5375 vallans
895 5319 1132 5375 Adriano
1150 5316 1349 5374 oﬂ'erre
1374 5316 1597 5390 sategit.
2147 5311 2464 5367 Restituens
2491 5311 2661 5366 muris
2682 5311 2830 5367 cedit
2849 5311 3156 5367 cultoribus
3173 5310 3354 5375 almis,

422 5407 572 5463 Tunc
602 5423 743 5478 opus
757 5415 812 5464 et
832 5407 1110 5479 quoddam
1134 5405 1422 5480 egregium
1453 5405 1665 5461 ratione
1690 5418 1794 5458 nec
1841 5402 2040 5474 impar,
2147 5405 2211 5460 Et
2240 5413 2390 5478 patet
2421 5404 2511 5459 his
2532 5404 2724 5477 patriae
2753 5404 2967 5460 meritis
3004 5404 3124 5460 sine
3150 5419 3303 5459 more
3328 5411 3552 5460 vocatus

425 5501 701 5558 Praemissi
731 5503 972 5558 aetherea
1001 5501 1263 5557 redoleas
1290 5499 1549 5555 Aristidis
1578 5515 1733 5565 aura,
2147 5491 2462 5547 Priscorum
2491 5491 2694 5560 conqu
2721 5492 2988 5566 Augusta,
3007 5491 3224 5548 favente
3237 5500 3436 5547 senatu
3470 5509 3484 5547 :

425 5589 668 5662 Suscipit
693 5591 784 5648 hic
808 5590 1069 5663 princeps
1099 5597 1301 5648 nostrae
1327 5589 1431 5646 sub
1461 5589 1627 5646 laude
1657 5587 1814 5645 fidei.
2149 5587 2257 5642 Sed
2285 5587 2462 5645 victor
2490 5585 2652 5642 bellis
2683 5600 2799 5642 rem
2831 5585 3051 5660 legibus
3079 5586 3300 5642 ordinat
3329 5586 3525 5658 aequis.
