3962 6140
234 259 340 312 645
851 258 934 313 DE
975 259 1234 317 CHRISTI
1274 262 1640 318 TRIUMPHIS
1680 263 1853 319 APUD
1895 260 2161 318 ITALIAM
2201 261 2378 316 LIBRI
2418 262 2549 317 XIV.
2591 292 2662 304 —
2700 262 2806 316 LIB
2873 263 2964 318 Ill.
3459 267 3567 320 646

1722 418 1933 474 CAPUT
1972 419 2060 475 XI.

1413 523 1485 580 De
1521 522 1865 599 Telesphoro
1896 530 1948 580 et
1982 523 2245 598 Hiygt’no
2288 523 2397 580 PP.

233 633 356 689 Post
385 632 592 687 Sixtum
627 631 813 685 Romae
836 630 1035 686 solium
1066 632 1436 704 Telesphorus
1464 641 1642 702 ornat,
1875 641 1926 706 Α
1950 635 2460 692 Successorclerum
2488 633 2731 704 disponit
2757 641 2811 689 et
2834 641 2991 689 ornat
3024 635 3267 710 Hyginus
3299 655 3316 701 ;

229 725 251 777 .l
263 723 375 778 uris
399 721 689 792 apostolici
722 721 969 776 delectus
999 730 1057 777 ut
1087 723 1420 778 anachoreta
1951 729 2058 783 Hac
2091 739 2200 796 quo
2221 721 2508 794 perfuncto
2551 737 2650 792 per
2679 729 2938 793 quattuor
2959 723 3166 777 inditur
3194 741 3370 781 annos

230 811 486 883 Angelica
509 811 922 882 populosquam
953 820 1102 867 vasta
1128 829 1226 884 per
1252 822 1442 884 egerat
1470 829 1597 867 arva
1947 818 2113 882 Sede,
2145 816 2271 870 Pius
2301 816 2411 869 vita
2439 813 2643 869 celebri
2676 829 2990 888 cognomen
3024 815 3321 882 honorans,

231 903 526 956 lnstrueret
551 901 682 967 vita,
713 900 886 956 sobrii
916 903 1010 973 qui
1044 903 1258 958 tradere
1298 903 1427 958 belli
1947 905 2187 961 Pastoris
2203 903 2370 959 frater
2400 904 2604 974 pietate
2632 911 2860 957 ornatus
2893 912 3150 974 uterque.

234 992 597 1045 Instrumenta
626 989 757 1044 viris
787 990 1026 1054 fervens,
1059 991 1372 1062 praecedere
1397 1003 1644 1047 sanctum
1949 995 2109 1049 Istius
2145 994 2248 1048 sub
2266 991 2550 1063 episcOpio
2594 991 2794 1046 librum
2826 991 2998 1046 edidit
3035 993 3280 1060 Hermes,

229 1079 357 1144 Qua
385 1085 536 1134 tenet
566 1079 809 1134 Ecclesia
827 1079 1016 1134 statuit
1045 1079 1274 1148 jejunia,
1305 1080 1512 1134 Pascha
1545 1097 1558 1132 :
1949 1085 2121 1149 Quem
2155 1083 2345 1154 prima:
2379 1081 2529 1136 Pauli
2557 1082 2778 1136 schedaa
2811 1083 3068 1138 mandata
3090 1085 3355 1152 salutant,

231 1168 433 1222 Natalis
462 1168 649 1242 peragi
673 1166 866 1222 Christi
885 1168 1141 1238 mysteria
1173 1175 1354 1223 nocte.
1944 1175 2186 1251 Angelici
2217 1174 2442 1229 sibimet
2469 1174 2713 1228 monitus
2745 1174 2870 1228 data
2895 1175 3049 1243 jussa
3070 1177 3354 1231 revelans:

228 1260 407 1316 Tertia
437 1277 541 1316 nec
571 1269 770 1332 praeter
799 1262 904 1316 nisi
945 1262 1180 1318 candeat
1210 1263 1345 1318 hora
1371 1262 1481 1317 diei
1945 1265 2149 1320 Pascha
2176 1264 2265 1318 die
2295 1263 2460 1317 trahit
2480 1279 2510 1317 a
2543 1263 2773 1317 Domino
2799 1264 2890 1334 qui
2928 1279 3132 1320 nomen
3148 1268 3422 1339 agendum

229 1354 342 1413 Qua
366 1350 548 1404 crucis
567 1350 842 1405 aethereus
865 1351 1036 1405 subiit
1067 1350 1331 1406 miracula
1354 1350 1556 1425 fulgor,
1945 1354 2240 1409 Schemate
2265 1353 2519 1424 pastoris,
2546 1353 2650 1408 hoc
2680 1353 2932 1408 ccelicola
2963 1354 3331 1426 imperitante,

231 1444 474 1513 Hymnus
499 1453 554 1498 et
592 1445 872 1517 angelicus
902 1452 1089 1501 monet
1117 1446 1260 1501 inter
1278 1461 1434 1501 sacra
1457 1446 1700 1501 resultet.
1950 1447 2163 1519 Quique
2187 1447 2298 1522 legi
2325 1447 2498 1501 Graiis
2521 1447 2716 1502 solitus
2748 1462 2844 1516 per
2868 1447 3088 1517 publica
3110 1451 3332 1521 templa,

232 1539 366 1594 Hinc
387 1545 590 1610 martyr
616 1539 864 1594 renitens
893 1540 1154 1612 claroque
1183 1542 1240 1595 in
1272 1539 1382 1596 fine
1412 1541 1760 1611 triumphans
1953 1539 2108 1595 Credi
2140 1539 2472 1611 Hieronymo
2512 1539 2712 1612 dignus
2742 1547 2977 1594 testante
3009 1540 3249 1595 libellus.

228 1630 493 1686 (londitur
518 1631 587 1685 ad
617 1632 794 1687 sancti
816 1644 1040 1688 sanctus
1065 1648 1221 1688 sacra
1253 1632 1489 1705 pignora
1520 1632 1686 1687 Petri.

1729 1747 1937 1802 CAPUT
1977 1747 2089 1802 Xll.

1520 1853 1599 1912 De
1642 1852 1868 1913 Novato
1911 1859 1965 1910 et
2011 1850 2292 1910 P-udente.

234 1962 343 2017 Hoc
367 1962 584 2026 nituere
615 1959 716 2015 viri
749 1959 954 2032 egregii
981 1958 1083 2013 sub
1125 1960 1362 2030 praesule
1385 1959 1570 2030 plures
1600 1964 1614 2012 ξ
1881 1961 1932 2029 Β
1955 1955 2272 2026 Discipulus
2299 1954 2472 2020 Pauli,
2503 1953 2721 2009 titulum
2749 1955 2843 2026 qui
2870 1955 3095 2010 nomine
3112 1959 3283 2012 sancti

233 2053 485 2123 Namque
501 2057 783 2122 superstes
811 2049 992 2104 adhuc
1015 2049 1249 2105 florebat
1278 2049 1484 2104 honore
1512 2048 1712 2102 beatus
1957 2043 2200 2098 Pastoris
2238 2043 2399 2097 clam
2429 2042 2651 2097 fabricae
2692 2045 3017 2110 construxit,
3061 2046 3273 2101 honore
3307 2054 3360 2102 et

237 2153 248 2196 ι
275 2142 404 2196 ucis
420 2139 737 2211 apostolica:
770 2139 990 2193 radians
1018 2138 1316 2209 splendore
1350 2137 1610 2204 Novatus,
1956 2137 2220 2209 Dogmate
2244 2135 2548 2202 apostolico
2576 2145 2855 2206 sumptum
2885 2136 3218 2207 baptismate
3257 2139 3466 2196 cultum

226 2234 506 2290 Timothei
546 2234 735 2295 frater,
770 2232 984 2288 Domini
1011 2247 1187 2303 usque
1241 2245 1501 2302 suprema
1553 2229 1810 2284 minister
1839 2245 1854 2292 ;
1959 2227 2201 2284 lnsontis
2229 2227 2431 2283 tunicae
2449 2228 2515 2282 ad
2548 2226 2715 2282 finem
2737 2229 2975 2282 servavit
2997 2229 3306 2286 honestum.

231 2327 325 2382 llle
352 2326 577 2381 Pudens
605 2325 768 2381 etiam
801 2323 1132 2397 cognomine
1164 2331 1221 2378 et
1247 2337 1372 2378 arce
1395 2320 1643 2393 pudoris,

1720 2426 1928 2483 CAPUT
1965 2426 2108 2482 Xlll.

1339 2535 1418 2594 De
1443 2536 1668 2594 sanctis
1701 2530 1965 2592 P-raxede
2005 2538 2057 2589 et
2094 2525 2476 2588 Potentiana.

238 2647 414 2716 Hujus
437 2645 700 2700 Pudentis
727 2643 1013 2700 sanctitate
1042 2643 1311 2714 praaclues
1921 2663 1924 2666 η
1962 2636 2244 2708 Sequique
2275 2634 2468 2689 Christi
2497 2634 2552 2688 in
2577 2634 2721 2690 bella
2745 2635 2904 2708 signa
2928 2637 3287 2708 promptulos.

234 2734 502 2788 Praxedis
531 2749 594 2788 ac
627 2733 949 2788 Potentiana
981 2729 1132 2799 filiae,
1962 2732 2086 2787 Istis
2111 2745 2332 2787 sorores
2353 2730 2570 2801 inclyta:
2591 2729 2908 2796 virtutibus,

233 2821 383 2885 Quas
413 2821 537 2875 luce
568 2819 728 2874 Verbi
759 2826 813 2874 et
841 2819 1104 2874 castitatis
1123 2819 1367 2874 educans
1963 2820 2092 2875 Post
2124 2819 2295 2890 patris
2324 2834 2434 2872 aera
2452 2834 2754 2889 pauperum
2782 2835 2885 2890 per
2916 2819 3127 2874 viscera

233 2915 461 2969 Servire
493 2915 708 2974 Christo
736 2913 1031 2968 destinavit
1051 2913 1298 2988 virgines
1330 2930 1345 2978 ;
1961 2909 2158 2965 Christi
2191 2908 2394 2976 refusa,
2436 2915 2560 2980 post
2589 2925 2798 2983 agones
2830 2909 3102 2980 plurimos

232 3001 364 3066 Quae
397 3009 525 3073 post
545 3001 788 3074 parentis
817 3000 1153 3056 excubantes
1179 3000 1468 3057 transitum
1962 3001 2171 3058 leum
2203 3006 2400 3072 petunt
2428 3016 2526 3072 pro
2554 3001 2801 3056 castitate
2822 3001 3118 3066 exercitos,

234 3093 520 3158 Oratione,
549 3093 827 3161 laudibus,
853 3092 1104 3162 jejuniis,
1964 3093 2042 3147 Pii
2075 3091 2285 3147 laboris
2311 3090 2672 3146 munerandm
2702 3091 2966 3161 praemiis,

232 3185 413 3240 Vitam
445 3185 705 3260 benignis
733 3185 1058 3240 excolebant
1088 3183 1323 3248 actibus,
1963 3183 2291 3238 Cmmeterio
2319 3182 2536 3238 decora),
2570 3181 2834 3236 Priscillae
2856 3181 3007 3237 edito

237 3273 412 3328 Suum
456 3284 749 3346 crogantes
775 3289 940 3329 omne
967 3273 1166 3328 Christi
1199 3287 1502 3343 pauperum
1961 3275 2132 3330 Secus
2161 3274 2430 3330 Pudentis
2455 3289 2580 3330 ossa
2597 3273 2767 3344 patris
2789 3273 3049 3340 conditae,

238 3363 295 3416 ln
319 3363 706 3418 sublevatione
727 3361 1146 3434 patrimonium.
1960 3366 2255 3438 Postquam
2286 3367 2504 3438 piornm
2539 3365 2710 3420 multa
2738 3365 2918 3420 bustis
2939 3381 3160 3421 comere

236 3454 470 3510 Fontem
511 3453 711 3509 lavacri
743 3453 1010 3510 fabricata
1040 3453 1096 3508 in
1120 3451 1273 3526 regia
1960 3459 2234 3514 Studuere
2253 3459 2500 3514 membra
2527 3457 2768 3530 glorioso
2794 3457 3012 3511 funere.

233 3547 275 3600 A
304 3552 467 3616 patre
504 3545 744 3602 Pastoris
771 3545 919 3602 beati
951 3547 1176 3602 nomine
1961 3548 2086 3604 Haec
2115 3549 2259 3603 inter
2272 3548 2476 3603 almum
2494 3554 2785 3618 martyrem
2818 3543 3205 3617 Symmetrium

235 3636 507 3693 Struxere
534 3653 722 3693 carum
751 3653 862 3710 quo
901 3639 1141 3694 niterent
1169 3635 1414 3693 vernulae
1449 3654 1464 3702 ;
1965 3636 2094 3691 Cum
2126 3637 2213 3691 bis
2242 3637 2432 3692 decem
2467 3635 2686 3691 duobus
2716 3642 2772 3690 et
2797 3633 3082 3690 sodalibus

235 3728 489 3793 Quorum
519 3730 611 3786 hic
641 3730 766 3802 pius
784 3729 1045 3786 rutilante
1067 3729 1293 3784 Pascha:
1317 3727 1526 3783 lumine
1971 3729 2247 3784 Praexedis
2277 3729 2421 3800 aptis
2451 3735 2659 3783 texerat
2687 3727 3011 3792 mausoleis,

235 3820 445 3876 Novies
474 3819 666 3874 decem
701 3819 954 3886 sacravit,
993 3825 1047 3873 et
1076 3834 1173 3873 sex
1200 3817 1418 3892 gurgite
1905 3883 1940 3892 Α
1974 3816 2120 3881 Quos
2150 3816 2328 3871 Caesar
2352 3816 2623 3872 Antonius
2653 3815 2806 3870 ensis
2834 3814 2990 3884 impii

233 3908 554 3980 Splendore
578 3908 847 3964 libertatis
876 3883 1073 3964 omnes
1099 3883 1384 3979 praeditos,
1892 3883 1943 3952 (ἶ
1974 3908 2078 3964 Pro
2097 3908 2260 3965 laude
2288 3908 2486 3964 Christi
2508 3907 2661 3964 cazde
2693 3906 2828 3963 fecit
2851 3883 3032 3962 obrui.

1728 4034 1938 4092 CAPUT
1983 4037 2116 4093 XIV.

1211 4139 1291 4198 De
1321 4148 1528 4199 sancto
1561 4137 1910 4200 Alexandro
1947 4142 2214 4218 episcopo
2244 4149 2296 4200 et
2325 4149 2614 4216 martyre.

237 4258 517 4329 Princeps
544 4257 633 4311 hic
660 4263 813 4312 atrox
855 4261 980 4327 post
1011 4254 1287 4311 Neronem
1317 4254 1619 4310 Ecclesiam
1971 4255 2065 4310 Hic
2096 4255 2364 4310 excitatus
2380 4270 2516 4310 voce
2549 4255 2696 4310 celsa
2725 4255 2844 4308 haec
2877 4268 3169 4323 promere:

233 4351 358 4405 1am
387 4349 779 4421 persecutione
807 4354 1000 4421 quarta
1037 4346 1264 4402 fervidae
1974 4367 1992 4391 ι
2037 4343 2257 4408 Audite,
2289 4343 2480 4414 coapit,
2521 4358 2619 4397 vos
2650 4348 2927 4412 parentes.
2960 4349 3017 4394 et
3046 4339 3214 4392 simul

234 4439 597 4496 Crudelitatis
621 4439 774 4508 jussa
797 4452 1065 4511 spargens
1085 4436 1290 4501 atterit,
1967 4432 2131 4486 Plebs
2157 4435 2418 4486 universa
2443 4451 2458 4485 :
2503 4431 2707 4486 ductus
2734 4447 2765 4484 a
2795 4429 3094 4486 teterrimis

235 4532 355 4587 Sub
390 4549 503 4604 qua
529 4533 742 4603 piorum
765 4532 972 4586 honore
1002 4528 1176 4584 sancti
1218 4527 1460 4584 nominis
1967 4523 2193 4578 Duobus
2222 4538 2319 4578 ora
2345 4521 2582 4576 turbidis
2603 4521 2888 4594 Egyptiis.

235 4622 419 4678 Cruor
450 4619 710 4692 profusus
739 4619 897 4690 plura
926 4618 1113 4672 mundi
1145 4618 1197 4671 in
1230 4618 1448 4672 climata
1967 4612 2232 4684 Puteique
2260 4611 2464 4665 missus
2491 4627 2611 4665 sum
2642 4611 2762 4666 loco
2789 4609 3176 4665 obscurissimi
3201 4626 3215 4671 ;

233 4712 632 4768 liraculorum
661 4710 840 4785 gloria
875 4709 1236 4764 clarissimum
1967 4703 2236 4758 Veniente
2263 4703 2481 4773 ephebo
2520 4703 2616 4756 sed
2650 4709 2876 4772 repente.
2907 4700 3226 4770 splendido,

235 4805 368 4858 Haec
401 4810 704 4872 martyrem
727 4801 819 4855 dat
847 4807 1094 4854 sanctum
1125 4799 1491 4854 Alexandrum
1525 4797 1671 4868 polo.
1971 4798 2144 4853 Locus
2168 4806 2406 4852 tremore
2439 4806 2586 4852 totus
2614 4797 2732 4867 ipse
2765 4796 3039 4860 tunditur,

233 4894 520 4948 Virtutum
553 4891 682 4945 huic
712 4905 932 4945 rumore
963 4889 1132 4944 latum
1157 4889 1403 4960 cognito,
1969 4885 2286 4958 Clamatque
2311 4885 2536 4954 juvenis
2568 4885 2662 4938 ille
2693 4884 3093 4956 fulgidissimus
3125 4901 3138 4937 :

235 4983 497 5047 Quodam
537 4980 772 5034 cadaver
799 4979 1044 5053 algidum
1074 4978 1178 5032 sub
1210 4987 1457 5048 tempore
1978 5004 1995 5025 η
2024 4980 2258 5033 Puerum
2292 4978 2415 5031 sine
2445 4976 2554 5031 ulla
2593 4991 2718 5031 mox
2761 4991 2915 5030 mora
2945 4974 3230 5041 remittite,

233 5073 438 5127 Functi
475 5070 563 5125 hic
591 5076 850 5141 parentes
877 5067 1194 5132 admovere,
1221 5065 1512 5120 crederent
1970 5075 2225 5128 Famulus
2259 5073 2352 5127 Dei
2381 5072 2529 5144 quod
2558 5073 2706 5126 hunc
2733 5071 3046 5126 Alexander
3073 5077 3250 5125 vocat.
3290 5090 3313 5119 ι

235 5165 320 5218 Illi
348 5161 690 5233 rependunt,
723 5158 1052 5230 praebituros
1081 5171 1140 5210 se
1171 5154 1332 5209 ﬁdem

1971 5165 2032 5219 Et
2065 5180 2134 5218 en
2164 5163 2446 5232 reductus,
2481 5163 2728 5228 cernitis,
2771 5179 2890 5217 sum
2924 5161 3158 5232 corpori.

234 5252 462 5307 Christo
503 5251 773 5323 rigentem
804 5247 849 5302 si
879 5245 1117 5300 resolvat
1147 5243 1341 5298 funere
1373 5259 1388 5305 ς
1971 5255 2146 5320 Nunc,
2177 5252 2423 5317 domine,
2450 5252 2674 5322 lympha
2697 5252 2846 5323 tinge
2875 5248 3185 5305 Alexander
3202 5247 3292 5317 pia

235 5342 379 5395 Vita?
415 5340 610 5393 beatus
633 5345 757 5394 Vota
790 5335 923 5410 Regi
951 5333 1212 5396 destinat.
1970 5344 2075 5409 Me,
2107 5358 2176 5397 ne
2197 5341 2386 5396 videre
2417 5342 2598 5406 detur,
2632 5341 2760 5396 huic
2789 5341 2940 5412 quod
2974 5339 3076 5393 hac
3105 5336 3220 5391 die.

236 5432 384 5485 Dein
403 5428 588 5502 gelato
618 5426 868 5499 praecipit
891 5424 1144 5480 cadaveri
1179 5441 1192 5477 :
1891 5497 1927 5502 η
1971 5432 2181 5486 Nomen
2213 5429 2518 5484 resuscitati
2541 5439 2660 5484 erat
2696 5429 2950 5494 Luceius,

245 5545 266 5571 ι
299 5524 361 5576 ln
389 5497 587 5585 Patris,
616 5497 799 5586 aiens,
827 5517 1092 5588 unicique
1125 5515 1244 5569 Filii
1891 5497 1942 5562 Ι)
1970 5522 2100 5577 Cum
2133 5537 2244 5593 quo
2264 5521 2460 5576 sacrati
2484 5521 2633 5576 fonte
2666 5520 2879 5592 fulgent
2900 5517 3095 5574 coalico

237 5611 555 5683 Sanctiqne
584 5623 747 5682 surge
776 5606 1014 5680 Spiritus
1042 5603 1350 5661 vocamine.
1389 5626 1414 5647 ι’
1971 5614 2202 5670 Centum
2230 5620 2287 5670 et
2314 5618 2584 5683 quaterna
2614 5609 2879 5682 neophyti
2909 5607 3221 5681 praportio.
