3974 6146
453 283 557 338 647
1214 274 1578 330 FLODOARDI
1619 272 1922 328 CANONICI
1963 272 2289 329 REMENSIS
2329 274 2665 331 OPUSCULA
2707 275 3014 332 METRICA.

455 413 516 464 At
542 409 686 464 fama
715 412 962 462 sanctum
994 403 1203 474 ubique
1243 403 1373 456 dum
1415 407 1780 473 respergeret,

457 503 562 556 Hac
590 507 770 555 motus
800 496 1106 552 Antoninus
1137 495 1371 548 electum
1403 492 1493 547 Dei

457 593 779 649 Corneliano
811 591 904 644 dat
936 587 1238 642 tenendum
1268 585 1510 656 praesidi.

456 682 552 737 llle
577 683 726 736 hunc
757 678 1123 735 celebrantem
1157 683 1212 729 et
1233 674 1522 728 docentem
1552 672 1779 743 mystica

458 773 533 826 Ad
560 773 715 841 jussa
745 769 970 841 prendit
998 765 1205 822 incitati
1237 765 1523 835 principis,

453 866 688 940 Agitque
719 866 945 920 Romam
977 859 1352 916 denotandum
1385 857 1608 922 Caesari,

452 956 643 1010 Manus
673 956 976 1010 revinctum
1009 953 1094 1008 cui
1122 952 1344 1006 beatum
1375 947 1642 1023 suggerit.

456 1047 574 1102 Alto
606 1053 828 1120 rogatus
849 1052 908 1099 ut
935 1049 1154 1114 perorat
1176 1047 1431 1112 syrmate,

455 1134 650 1188 Christi
679 1149 932 1204 supernas
963 1129 1205 1185 veritatis
1225 1129 1281 1183 in
1316 1128 1444 1196 ﬁde,

454 1227 594 1281 Duro
619 1226 847 1294 jubetur
877 1223 1139 1278 macerari
1172 1223 1370 1277 robore
1397 1239 1410 1283 ;

456 1315 590 1368 Dein
609 1313 846 1387 nigranti
875 1312 1074 1384 surrigi
1106 1310 1368 1366 custodiae
1403 1327 1415 1363 :

455 1409 570 1470 Quo
597 1406 800 1460 deditis
830 1411 1050 1459 meante
1072 1420 1192 1458 cum
1228 1402 1574 1469 custodibus,

458 1518 482 1542 u
517 1494 691 1549 Caesar
722 1495 987 1549 reclamat
1016 1500 1274 1564 quattuor
1315 1492 1436 1546 dies
1471 1491 1566 1545 tibi

456 1585 807 1639 lnduciarum
842 1585 1043 1638 dantur
1070 1583 1152 1637 his
1185 1582 1364 1636 cultus
1393 1582 1467 1637 tui
1503 1600 1516 1649 ;

457 1680 694 1750 Explode
724 1680 1042 1743 vanitatem,
1074 1686 1127 1733 et
1156 1680 1296 1734 ultro
1325 1695 1427 1733 nos
1453 1679 1567 1734 adi.
1615 1703 1637 1724 υ

454 1769 639 1822 —Jam
676 1768 989 1838 praeterisse
1022 1767 1269 1837 (martyr)
1292 1767 1505 1821 aestima
1533 1767 1652 1821 dies

458 1859 740 1930 Hodieque
772 1859 988 1928 comple
1011 1875 1133 1929 quae
1165 1865 1428 1912 retractas
1447 1858 1700 1912 tormina.
1735 1877 1758 1907 »

459 1953 885 2007 Crescentianus
915 1953 1063 2006 hunc
1081 1959 1302 2006 secutus
1326 1952 1617 2023 presbyter

457 2044 778 2099 Valentiano
803 2045 1030 2113 junctus
1047 2051 1100 2098 et
1128 2043 1429 2099 Bonifacio.

457 2137 598 2192 Caeci
625 2137 786 2191 beato
820 2136 1008 2191 clauso
1045 2137 1271 2190 horrore
1301 2136 1556 2202 carceris,

457 2229 701 2293 Quadam
733 2227 963 2283 sedebat
993 2228 1210 2297 ejulans
1240 2228 1342 2282 sub
1367 2229 1582 2295 arbore,

455 2320 682 2375 Luctum
714 2328 904 2375 secuto
934 2319 1028 2390 qui
1057 2335 1256 2391 s0pore
1287 2320 1564 2374 marcidus

455 2409 622 2464 Curas
655 2408 923 2464 ferentem
956 2415 1250 2464 contuetur
1279 2409 1533 2483 angelum

457 2503 688 2573 Haecque
717 2502 1095 2557 intimantem:
1123 2522 1146 2553 α
1174 2501 1441 2556 Rohoravi
1476 2501 1766 2571 praesulem

451 2591 726 2657 Vestrum,
751 2592 1034 2646 resolvens
1069 2590 1344 2645 visitando
1373 2591 1593 2645 vincula
1623 2609 1637 2657 ;

454 2679 516 2734 Et
546 2696 694 2733 nunc
714 2685 900 2734 cavete
921 2679 1032 2746 jam
1063 2679 1261 2734 sedere
1287 2678 1390 2733 sub
1420 2677 1617 2734 arbore

455 2772 529 2824 Ne
561 2787 659 2827 vos
685 2777 921 2842 tyranno
953 2771 1092 2827 forte
1123 2771 1322 2842 prodat
1343 2771 1592 2826 nuntius.
1634 2791 1656 2822 ι

456 2861 693 2916 Eductus
724 2861 853 2916 hinc
881 2863 1110 2916 antistes
1139 2877 1169 2916 e
1199 2861 1446 2917 custodia

457 2951 630 3006 Crudo
664 2952 958 3008 exhibetur
987 2952 1353 3007 lancinandus
1391 2953 1649 3024 principi.

453 3039 664 3094 Pensus
693 3047 898 3094 catasta
927 3040 1234 3095 dissecatur
1255 3040 1540 3115 unguibus

455 3131 819 3202 Laterumque
852 3131 1082 3206 ﬂagrant
1111 3132 1330 3188 ustione
1371 3133 1692 3204 lampades;

454 3221 560 3275 Ista
591 3230 645 3275 et
675 3221 1019 3292 triumphans
1059 3221 1258 3276 ductus
1284 3229 1449 3294 atque
1476 3222 1713 3292 Apollini

455 3312 522 3366 Ut
559 3327 682 3366 orsa
706 3312 813 3366 voti
845 3311 991 3366 celsa
1013 3313 1125 3386 agit
1155 3319 1305 3368 trans
1343 3314 1524 3368 sidera

456 3403 584 3456 Pars
612 3419 733 3457 cum
768 3403 873 3457 deo
910 3407 1162 3474 perculsa
1192 3405 1303 3461 fani
1344 3407 1568 3461 labitur.

453 3490 651 3558 Caesar,
676 3491 890 3546 dolosis
912 3491 1192 3563 imputans
1221 3496 1339 3551 haec
1370 3496 1600 3565 artibus,

452 3582 710 3638 Sanctum
741 3583 934 3638 ferinis
963 3585 1056 3639 dat
1077 3586 1255 3641 vorari
1287 3588 1547 3644 dentibus
1580 3608 1594 3655 ;

455 3671 626 3735 Quem
661 3670 978 3727 belluarum
1002 3674 1153 3729 nulla
1181 3675 1310 3730 dum
1339 3678 1708 3752 contingeret,

455 3760 642 3817 Calore
674 3779 892 3820 summo
914 3766 1109 3821 ardere
1137 3765 1413 3824 fornacem
1451 3769 1642 3839 jubet;

450 3849 680 3906 lndutus
720 3851 812 3907 ille
843 3852 1069 3909 fervidis
1106 3855 1464 3925 candoribus,

451 3940 632 3998 Medio
663 3959 888 4013 precem
920 3961 1151 4002 securus
1173 3947 1313 4004 fudit
1343 3954 1404 4004 ut
1437 3964 1592 4024 rogo,

2097 408 2140 472 Α
2168 399 2385 454 Nullum
2411 403 2576 457 calori
2605 404 2800 458 restitit
2836 406 3148 478 vestigium,

2169 495 2418 550 Fornace:
2450 498 2574 552 laeto
2614 498 2860 571 mitigata
2899 501 3140 570 martyri.

2169 586 2339 657 Caput
2369 589 2536 642 recidi
2563 606 2688 644 mox
2719 598 2984 661 tyrannus
3018 593 3285 664 praecipit.

2168 679 2318 735 Unus
2343 682 2740 748 ministrorum,
2775 699 2868 738 ore
2899 685 3067 739 corda
3097 685 3409 755 proferens,

2172 768 2465 836 Exclamat,
2500 771 2858 827 Herculianus
2896 773 3026 828 huic
3055 775 3379 830 vocabulum
3410 794 3422 830 :

2179 880 2194 904 ι
2229 858 2478 913 Crudelis
2507 861 2800 927 Antonine,
2833 869 2990 932 capte
3011 863 3272 919 sensibus

2171 945 2440 1017 Tyranne,
2466 965 2563 1003 cur
2594 951 2675 1004 sic
2698 966 2875 1005 caecus
2895 960 2950 1006 et
2989 953 3191 1007 surdus
3227 954 3370 1027 riges
3405 952 3434 1005 ?

2175 1037 2369 1094 Christi
2412 1057 2540 1096 ecce
2566 1058 2758 1097 servus
2789 1052 2912 1114 post
2939 1055 3126 1099 acutas
3165 1045 3426 1117 virgulas,

2175 1129 2354 1184 Victas
2384 1139 2640 1198 catastas,
2668 1150 2732 1188 ac
2772 1134 3070 1209 ﬂagrantes
3097 1137 3397 1209 lampades,

2170 1219 2295 1275 Post
2325 1224 2653 1294 ungularum
2688 1224 3011 1294 fossionem,
3044 1235 3100 1283 et
3123 1229 3254 1284 idoli

2167 1309 2492 1383 Templique
2517 1328 2723 1380 casum,
2760 1323 2881 1386 post
2905 1316 3124 1372 leonem
3157 1317 3376 1373 turbida

2169 1399 2427 1455 Ursorum
2459 1410 2625 1458 etora
2652 1405 2856 1472 clausa,
2892 1405 3131 1462 fornacis
3150 1424 3340 1479 rogum

2169 1487 2296 1541 Post
2325 1497 2634 1559 enecatum,
2677 1492 2834 1549 laetus
2862 1511 3022 1551 enses
3044 1499 3253 1568 expetit
3290 1516 3303 1552 :

2169 1575 2366 1630 Verum
2397 1578 2576 1634 Deum
2608 1582 2731 1653 quis
2761 1600 2884 1638 esse
2913 1586 3122 1659 gurdus
3140 1589 3255 1658 (sic)
3279 1588 3518 1662 ambigat

2174 1665 2271 1730 Qui
2306 1677 2410 1722 tam
2436 1686 2565 1726 suos
2595 1673 2782 1746 vigore
2811 1675 2962 1732 celso
3003 1677 3225 1733 roborat
3267 1677 3295 1730 ?
3339 1703 3362 1725 »

2179 1721 2214 1730 ,,
2440 1721 2561 1726 ηπ
2606 1721 2780 1746 μον--
2814 1721 2959 1732 ,νην
3006 1721 3225 1733 “mw...
3274 1721 3282 1730 .
3339 1721 3359 1725 η

2094 1721 2147 1788 Β
2173 1758 2343 1822 Quem
2375 1762 2566 1832 Caesar,
2597 1764 2676 1819 ira
2699 1767 2919 1837 plenus,
2954 1779 3012 1825 ut
3035 1751 3372 1826 cruciatibus

2176 1853 2350 1907 Variis
2379 1853 2587 1930 fatigat,
2621 1874 2751 1914 ense
2785 1863 3005 1916 tandem
3049 1867 3305 1935 percutit.

2176 1944 2239 1997 At
2259 1944 2627 2003 immolandus
2649 1952 2846 2019 praesul
2881 1954 3095 2008 obviam
3131 1956 3235 2010 sibi

2175 2035 2402 2093 Viduam
2438 2049 2691 2111 precatur
2727 2048 3076 2104 commodare
3107 2051 3345 2105 orarium
3383 2069 3397 2115 ;

2175 2127 2540 2201 Sumptoque,
2571 2141 2772 2190 sanctae
2802 2151 2862 2190 se
2893 2133 3069 2193 crueis
3093 2140 3254 2214 signo
3285 2147 3504 2216 tegens,

2171 2218 2376 2274 Tunica
2411 2229 2670 2292 retectus,
2698 2233 2964 2299 stansque
2989 2231 3106 2284 sola
3138 2231 3194 2285 in
3213 2231 3376 2296 linea,

2172 2306 2368 2363 Oculos
2393 2312 2593 2368 amictu
2615 2322 2860 2372 mutuato
2893 2320 3158 2392 contegit,

2173 2401 2524 2475 Genibusque
2555 2405 2710 2461 ﬂexis
2751 2410 2934 2466 haurit
2967 2412 3228 2482 impetum
3263 2414 3418 2468 necis

2173 2491 2372 2563 Viginti
2404 2494 2470 2548 ab
2507 2495 2650 2551 Urbe
2681 2508 3004 2573 segregatus
3033 2501 3300 2556 millibus.

2172 2582 2289 2638 Mox
2321 2583 2461 2640 facta
2487 2593 2645 2643 teme
2676 2590 3008 2646 convibratae
3050 2594 3222 2648 motio

2169 2674 2428 2731 Thermas
2456 2684 2511 2731 et
2546 2679 2730 2733 omnis
2760 2687 2902 2735 tecta
2916 2682 3021 2737 vici
3043 2684 3301 2750 subruit;

2177 2766 2534 2840 Orariumque
2565 2768 2786 2825 feminae
2817 2775 2965 2844 quod
3007 2776 3284 2845 proditum

2175 2855 2489 2927 lniquitatis
2519 2857 2722 2914 milites
2760 2868 3105 2918 astruxerant
3133 2882 3146 2929 ;

2175 2943 2415 3008 Quodam
2450 2943 2664 3002 ferente
2692 2948 2923 3018 pusione
2955 2951 3224 3019 redditur,

2175 3032 2344 3097 Quem
2367 3035 2616 3090 coelicum
2649 3035 2818 3092 fuisse
2845 3047 3058 3096 constat
3083 3041 3316 3097 incolam
3348 3060 3362 3108 ;

2175 3121 2345 3186 Quem
2372 3140 2498 3179 mox
2529 3141 2814 3182 resumens
2843 3145 2966 3184 cum
2997 3141 3224 3203 stupore
3258 3132 3449 3198 linteo,

2175 3215 2435 3272 Confessa
2465 3218 2736 3274 Christum
2771 3221 2875 3276 fert
2905 3223 3171 3279 honorem
3198 3226 3421 3296 martyri

2174 3304 2591 3361 Crescentianus
2612 3317 2667 3363 et
2696 3309 2913 3365 sodales
2941 3313 3215 3382 praesulis,

2172 3399 2453 3456 Pandente
2483 3404 2701 3470 eodem,
2734 3407 3014 3460 consecuti
3046 3408 3297 3482 pignora,

2178 3492 2317 3548 Loco
2344 3493 2590 3549 locarunt
2615 3512 2725 3566 quo
2758 3497 2955 3553 camini
2986 3498 3230 3555 fervidos

2175 3587 2379 3642 Pressit
2409 3605 2658 3660 vapores,
2679 3592 2920 3662 dantque
2950 3610 3193 3649 marmor
3208 3595 3500 3651 continens

2173 3679 2382 3734 Nomen
2415 3681 2583 3746 beati,
2616 3683 2961 3758 dignitatem,
2997 3687 3251 3743 limitem.

2175 3771 2270 3826 Cui
2288 3789 2430 3844 papa
2445 3783 2688 3844 cryptam
2722 3784 3050 3832 construens
3092 3787 3213 3849 post
3245 3780 3528 3848 Damasus,

2175 3865 2273 3920 Illo
2304 3866 2568 3922 decenter
2595 3883 2719 3923 ossa
2748 3877 2932 3924 sancta
2965 3872 3256 3926 transtulit.

2098 3080 2147 3148 C

1939 4056 2151 4114 CAPUT
2199 4059 2302 4115 XV.

1566 4153 1644 4212 De
1669 4165 1880 4216 sancta
1911 4157 2221 4220 Felicitate
2248 4179 2319 4221 ac
2344 4161 2497 4237 ﬁliis
2525 4165 2674 4237 ejus.

447 4279 747 4336 Vexatione
768 4278 900 4336 vicit
928 4280 1030 4335 hac
1056 4279 1310 4336 Felicitas

446 4368 653 4424 Dilecta
684 4369 900 4424 Christo
932 4370 1312 4425 consecrando
1344 4370 1592 4444 pignora.

449 4463 786 4518 Uberrimam
818 4470 940 4532 post
965 4463 1087 4518 laeta
1117 4463 1252 4519 dans
1285 4479 1446 4536 poma
1477 4467 1748 4523 arborem.

449 4551 741 4607 Praefectus
772 4552 914 4606 hanc
938 4561 1168 4609 conatus
1197 4563 1314 4610 arte
1334 4563 1568 4623 vertere,

449 4641 644 4697 Mulcet
673 4641 904 4709 serenis,
938 4659 1001 4698 ac
1028 4644 1267 4700 minatur
1291 4661 1505 4716 aspera.

446 4734 674 4803 Serena,
693 4751 858 4801 saeva,
889 4735 1093 4790 blanda
1125 4737 1334 4792 ducens
1361 4738 1562 4806 tristia,

449 4822 584 4878 Huic
623 4824 802 4878 reddit
829 4825 920 4879 illa
953 4843 965 4878 :
1000 4847 1030 4876 ‹‹
1057 4827 1170 4881 Nec
1199 4827 1394 4883 resolvi
1422 4827 1671 4895 mitibus,

445 4911 558 4967 Nec
587 4913 758 4984 quibo
791 4913 966 4987 frangi
998 4916 1282 4971 saevientis
1311 4919 1542 4988 aSperis,

446 5001 554 5057 Nec
582 5019 670 5057 me
701 5019 974 5074 supernus
1000 5008 1258 5077 occupari
1300 5008 1534 5079 Spiritus

445 5091 600 5147 Sinet
629 5095 954 5164 aucupantis
985 5097 1284 5166 proditoris
1315 5097 1524 5152 retibus
1559 5115 1573 5164 ;

443 5183 644 5239 Secura
675 5202 846 5256 quare
874 5203 993 5241 sum
1022 5197 1303 5257 superstes
1333 5189 1572 5256 vincere,

445 5273 550 5327 Etsi
574 5275 831 5334 trucider.
864 5284 918 5330 te
954 5276 1310 5348 triumphabo
1336 5277 1550 5354 integre
1584 5299 1609 5330 υ

444 5364 756 5432 Praefectus,
787 5367 915 5422 inde
935 5367 1082 5422 bella
1108 5369 1266 5423 matri
1300 5385 1651 5441 comparans,

445 5455 540 5509 Die
571 5457 780 5511 resedit
801 5457 985 5512 Martis
1018 5458 1071 5511 in
1105 5457 1224 5514 foro
1243 5459 1435 5528 altera,

446 5548 704 5620 Hancque
742 5550 990 5605 exhiberi
1024 5550 1181 5623 prole
1195 5561 1425 5624 septena
1441 5553 1602 5623 jubet

446 5635 738 5706 Stipatam,
771 5649 825 5694 et
855 5640 1145 5714 indulgere
1176 5643 1321 5698 natis
1348 5644 1636 5701 admonet.

2093 4293 2148 4360 ι)
2171 4291 2247 4346 Ad
2279 4308 2442 4363 quem
2458 4294 2617 4348 beata
2649 4295 2732 4348 his
2752 4295 2926 4351 utitur
2964 4295 3220 4351 Felicitas
3251 4317 3267 4350 :

2163 4410 2190 4433 ‹‹
2220 4381 2522 4437 Crudelitas
2545 4390 2657 4449 tua,
2689 4383 2831 4438 lenis
2857 4385 3187 4445 exhortatio.

2163 4474 2384 4530 Pietatis
2411 4475 2574 4543 hujus
2601 4475 2771 4545 impia
2802 4483 2883 4530 est
2913 4477 3214 4533 miseratio.
3243 4498 3268 4527 »

2163 4569 2298 4623 Hinc
2329 4583 2486 4622 versa
2517 4569 2712 4623 charos
2737 4571 2994 4625 convenit
3024 4571 3107 4626 sic
3134 4570 3277 4627 filios
3304 4590 3318 4635 ;

2165 4683 2190 4712 «
2221 4661 2442 4726 Videre,
2474 4660 2605 4724 nati,
2639 4659 2861 4726 cmlum,
2891 4668 2944 4717 et
2975 4663 3289 4729 intuemini,

2163 4749 2256 4805 llic
2280 4747 2531 4804 Christus
2557 4749 2703 4805 almo
2733 4751 2966 4805 sustinet
2995 4767 3092 4806 vos
3125 4768 3249 4807 cum
3282 4754 3452 4809 choro
3486 4770 3500 4819 ;

2162 4840 2406 4914 Pugnate
2434 4841 2600 4895 vestri
2629 4857 2728 4912 pro
2758 4843 2934 4898 salute
2954 4843 3222 4899 mentium
3257 4863 3270 4909 ;

2169 4929 2294 4998 Ejus
2325 4928 2520 4985 fideles
2549 4946 2646 4986 vos
2675 4932 2848 4986 amori
2879 4932 3125 5004 pandite,
3162 4958 3186 4984 ι›

2168 5018 2352 5088 Alapis
2382 5018 2450 5072 ad
2478 5019 2581 5073 ista
2612 5020 2754 5075 hanc
2775 5021 2994 5075 concuti
3024 5021 3119 5076 dat
3144 5022 3396 5089 Publius,

2169 5106 2230 5160 Et
2261 5121 2572 5162 convocans
2603 5108 2759 5164 litare
2772 5110 2967 5164 suadet
2990 5110 3206 5176 liberis,

2170 5219 2195 5245 τι
2233 5197 2493 5265 Hortaris,
2528 5198 2667 5267 infit,
2693 5200 2858 5255 stulta
2889 5201 3218 5270 Ianuarius;

2169 5285 2465 5342 Conservat
2490 5294 2672 5343 autem
2703 5305 2916 5343 summa
2949 5305 3036 5344 me
3065 5290 3359 5361 sapientia,

2165 5373 2437 5447 Dabitque
2455 5384 2652 5431 cuncta
2682 5385 2865 5433 vestra
2893 5378 3035 5432 vinci
3073 5380 3329 5434 tormina'
3350 5400 3378 5429 ι)

2162 5466 2350 5522 Vibice
2381 5467 2602 5538 plexum
2624 5469 2772 5525 hunc
2795 5485 2992 5524 censor
3027 5471 3180 5526 abdit
3205 5487 3446 5539 carcere,

2165 5559 2314 5615 Felix
2338 5568 2560 5618 secutus
2592 5581 2606 5617 :
2643 5588 2664 5609 α
2702 5564 2852 5619 Unus
2875 5573 2957 5619 est
2988 5580 3152 5636 quem
3194 5566 3463 5632 novimus,

2167 5650 2263 5706 Cui
2295 5660 2421 5708 vota
2445 5669 2596 5726 pune
2617 5656 2895 5711 servitutis
2920 5657 3187 5712 solvimus
3211 5677 3223 5723 ;

3667 283 3753 341 648
