3974 6146
499 274 594 326 651
1256 260 1619 317 FLODOARDI
1663 255 1971 312 CANONICI
2015 252 2340 307 REMENSIS
2379 250 2714 307 OPUSCULA
2754 248 3061 304 METRICA.
3710 251 3796 304 652

497 400 537 453 A
568 397 749 452 Calida
777 409 998 448 manum
1027 393 1217 465 tingue
1235 389 1388 444 Jovis
1415 389 1471 442 in
1502 384 1747 441 nomine.
2135 387 2184 452 Α
2221 377 2481 434 Claustris
2512 377 2726 448 repelli,
2752 375 2836 430 vel
2866 373 3109 431 coerceri
3139 374 3311 442 seris;

501 488 666 543 Dictis
692 485 890 540 relisus
921 482 1014 537 ille
1045 496 1376 552 suspensum
1396 477 1546 546 iubet
2215 471 2351 535 Quin
2384 469 2471 525 cui
2505 469 2662 538 dapis
2686 476 2919 543 negatur
2940 483 3068 522 esca
3096 474 3288 522 terrea:

502 579 662 635 Uncis
700 578 961 633 athletam
986 573 1252 629 lancinari
1285 570 1500 635 ferreis,
2214 563 2424 632 Supero
2446 561 2719 614 ministrat
2741 559 3008 614 ferculum
3031 558 3326 625 solamine,

497 669 790 724 Atrocitate
811 667 941 721 dum
968 662 1174 720 fatiscit
1200 659 1479 725 carnifex;
2215 653 2460 724 Cwlique
2493 668 2727 724 pascens
2760 651 2988 706 roborat
3019 651 3378 707 saturamine.

498 760 708 813 Deinde
732 765 913 812 trusus
945 754 1188 810 caecitate
1213 747 1449 805 carceris
1615 743 1622 750 ’
2219 746 2324 798 Isto
2352 743 2568 799 dierum
2603 742 2860 798 devoluto
2893 753 3162 814 tempore,

500 847 894 902 Corroboratur
918 859 949 897 a
987 843 1098 896 Deo
1127 839 1270 894 datis
1299 837 1447 893 viris.
2218 838 2351 891 Dum
2379 837 2488 905 jam
2534 843 2789 907 putantes
2821 836 2968 890 hunc
2996 835 3210 890 lanistae
3241 845 3545 903 mortuum,

500 941 654 1003 Item,
697 937 958 992 reductus
992 934 1060 989 ad
1085 931 1352 996 duellum,
1373 925 1670 997 exponitur
2217 924 2443 980 Auferre
2466 940 2666 995 corpus
2698 941 2756 978 se
2780 924 3005 978 latebris
3035 924 3315 998 ingerunt.

500 1034 794 1103 Spectante
821 1029 968 1084 binis
998 1025 1204 1098 oppido
1233 1022 1511 1087 leonibus,
2219 1017 2431 1071 Laudes
2460 1022 2748 1072 canentem
2775 1023 3167 1087 perstupentes
3197 1015 3452 1081 audiunt,

501 1121 622 1187 Qui,
653 1118 928 1174 mansueti
957 1115 1212 1185 martyris
1254 1112 1380 1167 facti
1421 1109 1550 1176 Iide,
2218 1107 2456 1161 Eductus
2484 1114 2636 1160 actus
2675 1112 2758 1160 est
2785 1105 3012 1180 grabato
3047 1104 3250 1170 ferreo,

497 1210 680 1264 Vitant
708 1207 857 1262 beati
886 1205 1131 1261 membra
1165 1202 1322 1258 testis
1354 1209 1597 1274 tangere.
2166 1211 2173 1221 ‘
2219 1193 2570 1265 Plumboque
2592 1193 2754 1248 dorsa
2780 1209 3005 1264 sparsus
3034 1192 3164 1267 igne
3199 1191 3448 1258 fervido;

501 1303 681 1358 Caelus
713 1308 875 1356 tuens
913 1302 1058 1354 haec:
1107 1319 1128 1348 ι
1175 1294 1607 1350 Christianorum
1643 1292 1805 1358 Deus,
2222 1287 2356 1341 Dum
2391 1285 2800 1357 parvipendens
2824 1286 2929 1341 ista
2959 1285 3105 1341 ridet
3133 1286 3338 1341 arduus

502 1393 793 1459 Exclamat,
826 1391 950 1445 altis
978 1404 1211 1463 magnus
1231 1393 1314 1441 est
1340 1382 1698 1440 clamoribus.
1747 1403 1767 1431 ι
2223 1379 2480 1446 Bellator,
2514 1378 2622 1434 alta
2659 1386 2846 1434 mente
2877 1379 3097 1434 calcans
3122 1378 3381 1447 tormina,

505 1484 702 1538 Iterum
735 1481 927 1535 beatus
956 1492 1175 1534 carcere
1196 1474 1529 1539 remittitur;
2223 1471 2498 1527 Confusus
2525 1471 2641 1526 edit
2667 1488 2866 1527 censor
2895 1481 3048 1527 atrox
3079 1471 3254 1542 praelii

504 1573 592 1628 Bis
619 1588 715 1627 sex
743 1569 939 1625 diebus
961 1568 1108 1622 hunc
1132 1564 1377 1621 tenebris
1415 1561 1658 1618 obsitum
2223 1563 2482 1618 Mucrone
2524 1571 2725 1618 metam
2750 1581 2763 1617 :
2789 1564 2889 1630 sic,
2921 1563 3169 1619 minutus
3188 1563 3417 1628 vertice,

505 1663 764 1720 Homines
789 1667 1043 1717 vetantur
1073 1659 1312 1713 allevare
1350 1652 1623 1710 affatibus.
2152 1722 2196 1733 η
2229 1657 2423 1728 Martyr
2461 1673 2715 1727 superna:
2748 1673 2919 1733 regna
2945 1658 3160 1712 scandit
3188 1657 3376 1730 gloria:
3403 1675 3418 1723 ;

505 1759 704 1832 Nequit
741 1757 842 1813 sed
869 1757 977 1811 alta
999 1753 1320 1810 coelicorum
1352 1749 1590 1804 charilas
2152 1722 2202 1790 Β
2225 1722 2479 1801 Gaudent
2509 1722 2732 1819 recepto
2763 1722 3091 1803 covnsodales
3120 1722 3369 1819 pignore.

1954 1844 2161 1900 CAPUT
2198 1847 2382 1901 XVIII.

1643 1951 1721 2010 De
1749 1950 1980 2009 ultione
2009 1957 2239 2025 quartae
2263 1949 2722 2025 persecutionis.

509 2071 691 2127 Turbo
721 2067 912 2125 volans
937 2066 1028 2121 hic
1057 2064 1314 2119 dividuus
1348 2060 1466 2118 sola
1495 2059 1698 2115 Gallica
1731 2065 1955 2130 quassat
2234 2057 2347 2122 Qua
2379 2058 2496 2112 sine
2527 2058 2762 2114 ruricola
2793 2058 2995 2130 passim
3025 2075 3174 2126 rura,
3202 2057 3432 2129 oppida,
3458 2058 3621 2127 villae,

515 2163 687 2232 Atque
724 2157 888 2223 Asiae,
910 2155 1222 2224 multosque
1245 2151 1362 2206 fero
1387 2157 1593 2206 tortore
1624 2154 1850 2204 coronat
2234 2151 2542 2216 Desertum,
2573 2151 2762 2216 silvas,
2806 2167 3034 2226 magnas
3065 2159 3120 2206 et
3147 2167 3303 2205 versa
3327 2151 3534 2218 ruinas,

515 2254 839 2308 Sanctorum
879 2247 1075 2304 validis
1100 2245 1416 2300 vincentum
1449 2248 1626 2296 terrea
1665 2238 1845 2294 bellis.
2235 2239 2714 2294 Occiderintacies
2737 2240 2841 2294 late
2871 2247 3194 2310 cunctaeque
3218 2238 3520 2311 phalanges

514 2344 688 2400 Pestis
711 2351 764 2398 at
788 2340 1100 2413 insequitur
1123 2336 1445 2410 regionibus
1462 2342 1579 2389 acta
1603 2349 1702 2404 per
1727 2331 1918 2387 orbem
2242 2331 2539 2398 Romuleae,
2562 2331 2867 2406 longinqua
2899 2332 3088 2402 procul
3122 2330 3331 2385 liberna
3361 2332 3625 2396 colentes,

517 2439 799 2504 Romanis,
833 2436 962 2492 tabo
985 2433 1242 2490 inﬁciens
1274 2432 1398 2486 data
1428 2444 1660 2500 corpora
1690 2428 1906 2493 morbo,
2245 2419 2486 2474 Vindicis
2517 2419 2823 2491 absumptae
2855 2426 3005 2474 tanto
3037 2419 3248 2474 fervore
3280 2419 3573 2486 feruntur;

520 2533 812 2588 Vermibus
835 2538 1003 2602 atque
1029 2529 1280 2602 adigens,
1312 2525 1444 2580 olim
1476 2539 1577 2578 ceu
1609 2538 1781 2597 regna
1814 2518 2017 2590 CanOpi
2250 2511 2422 2602 thue
2462 2519 2650 2566 exorta
2675 2521 2903 2583 crepant
2925 2527 3050 2566 mox
3076 2511 3473 2567 Marcomanica
3504 2511 3668 2578 bella,

526 2621 783 2694 improba
807 2599 1050 2690 corrupit
1067 2599 1252 2673 verme
1279 2620 1444 2685 atque
1472 2611 1764 2683 putredine
1790 2625 2000 2664 musca.

1922 2625 2000 2664 ca,
2249 2600 2477 2655 Nonnisi
2518 2600 2738 2655 delectu
2771 2599 2978 2654 fuerint
3008 2606 3234 2656 tractata
3262 2600 3491 2668 recenti,

523 2713 688 2766 Missa
714 2711 835 2765 lues
864 2710 1039 2781 ipsam
1069 2721 1218 2771 mox,
1249 2719 1373 2776 quae
1403 2708 1568 2773 caput
1594 2699 1894 2772 impietatis
2253 2696 2422 2760 Quem
2462 2695 2726 2752 struxisse
2757 2696 2916 2751 datur
2944 2695 3156 2750 Marcus
3193 2701 3305 2750 tres
3328 2695 3534 2770 jugiter
3561 2711 3742 2752 annos.

530 2802 763 2869 Exstitit,
796 2799 1092 2857 Ausoniam
1118 2805 1271 2854 vasta
1300 2795 1381 2850 sic
1411 2792 1566 2849 clade
1598 2791 1866 2857 trucidat;
2011 2859 2039 2869 Α
2060 2860 2069 2869 ι
2089 2859 2212 2869 “__
2811 2793 2820 2795 ’

2006 2859 2212 2916 CAPUT
2261 2857 2393 2913 XIX.

1082 2970 1160 3029 De
1183 2969 1402 3046 pluvia
1431 2973 1484 3025 et
1514 2965 1776 3025 victoria
1801 2961 2102 3022 militibus
2129 2979 2236 3039 per
2266 2958 2712 3019 invocationem
2751 2954 2980 3015 Christi
3007 2971 3301 3015 concessa.

535 3087 658 3142 Haec
697 3082 894 3141 Christi
917 3081 1090 3138 virtus
1123 3076 1338 3133 Domini
1369 3073 1652 3130 moderata
1691 3071 1977 3143 probatur,
2253 3067 2401 3122 Coelo
2432 3064 2687 3120 deductis
2719 3063 2972 3118 satiarint
3002 3063 3222 3135 agmina
3255 3063 3478 3127 nimbis,

532 3177 650 3232 Non
679 3173 882 3230 nostris
913 3179 1148 3234 tantum,
1179 3165 1421 3222 externis
1451 3164 1586 3236 quin
1620 3162 1932 3237 relligione,
2181 3143 2229 3210 (ἶ
2252 3157 2594 3214 Fulminibus
2620 3156 2809 3211 hostes
2830 3170 2894 3210 ac
2915 3154 3134 3209 caelitus
3161 3154 3288 3228 igne
3316 3154 3554 3230 fugarint

533 3269 840 3325 Castrorum
870 3271 928 3320 ut
968 3272 1224 3336 relegens
1261 3259 1504 3315 ductoris
1542 3255 1777 3329 epistola
1812 3256 2032 3330 signet:
2259 3246 2513 3302 Crebrius
2543 3259 2824 3316 expresso,
2851 3243 3133 3316 legionem
3167 3252 3221 3298 et
3249 3243 3318 3298 ab
3351 3243 3481 3298 inde
3509 3251 3741 3300 vocatam

535 3361 778 3427 Qualiter
815 3363 1006 3414 exusto
1036 3335 1229 3411 cuneis
1260 3351 1571 3408 sitientibus
1599 3366 1749 3417 arvo,
2257 3339 2613 3404 Fulmineam,
2641 3352 2740 3408 per
2769 3352 2933 3407 quam
2964 3335 3188 3391 victoria
3215 3335 3390 3390 milite
3414 3352 3591 3407 pauco

538 3451 788 3522 Undique
817 3449 947 3503 dum
976 3442 1308 3501 circumfuso
1349 3446 1731 3513 premerentur
1761 3438 1829 3493 ab
1865 3438 2060 3505 hoste,
2257 3433 2412 3489 Parta
2441 3431 2689 3504 quidem,
2729 3439 2783 3484 at
2811 3429 2981 3484 multa
3003 3428 3199 3483 Christi
3234 3428 3479 3485 bonitate
3505 3429 3719 3496 tributa,

535 3517 744 3596 Clausis
767 3536 1023 3593 barbarie
1049 3540 1280 3589 mortem
1321 3532 1569 3602 creloque
1606 3527 1873 3594 minante,
2260 3521 2460 3582 Priscis
2489 3518 2840 3575 Romulidum
2865 3517 3032 3572 nullis
3054 3519 3324 3589 aequanda
3345 3517 3589 3588 tropaeis,

537 3632 871 3690 Christicolae
900 3630 1117 3686 athletm
1147 3624 1393 3698 quidam,
1430 3624 1632 3695 pietate
1662 3621 1930 3694 vigentes,
2257 3614 2406 3671 Juris
2433 3613 2719 3684 inexperta
2738 3611 3007 3666 bellorum
3036 3620 3191 3683 gesta
3210 3611 3456 3666 cohorte.

541 3729 843 3803 Poplitibus
873 3727 1033 3782 flexis
1060 3727 1116 3780 in
1140 3723 1368 3797 publica
1393 3726 1519 3776 vota
1551 3717 1784 3792 profusi,
1919 3740 1924 3743 ε
2260 3708 2525 3765 Culminis
2552 3714 2607 3763 at
2636 3706 2834 3763 Christi
2866 3705 3030 3763 solito
3061 3713 3273 3777 patrata
3304 3705 3516 3780 vigore.

544 3821 819 3879 Imbribus
847 3819 1092 3878 obtentis
1119 3816 1366 3874 sedarint
1396 3813 1645 3870 nubibus
1671 3816 1873 3876 aestus;

1791 3966 2113 4024 CAPITULA
2153 3961 2329 4019 LIBRI
2366 3957 2628 4026 QUARTI.

670 4071 800 4128 CAP.
914 4031 968 4124 l.‘
987 4098 1058 4108 —
1083 4070 1159 4123 De
1181 4070 1366 4122 sancto
1395 4063 1706 4133 Apollonio.

906 4141 974 4195 II.
1007 4169 1075 4178 —-
1100 4142 1176 4195 De
1203 4138 1404 4192 sanctis
1446 4131 1727 4192 Pontiano.
1762 4131 1988 4187 Eusebio
2025 4134 2075 4185 et
2112 4131 2272 4185 sociis
2297 4141 2496 4183 eorum.

905 4211 995 4265 III.
1027 4241 1097 4249 —
1133 4213 1201 4264 De
1228 4207 1470 4260 vindicta
1505 4206 1756 4274 praefata
1791 4201 2146 4256 crudelitatis.

857 4281 868 4292 °
906 4282 987 4336 ιν.
1023 4311 1088 4320 -
1130 4283 1201 4334 De
1225 4281 1409 4332 sancto
1430 4271 1654 4330 Aniceto
1678 4289 1829 4344 papa
1857 4277 1907 4328 ct
1931 4275 2198 4344 Egesippo
2227 4271 2459 4326 doctore.

907 4352 971 4405 V.
1014 4381 1078 4390 —
1095 4354 1170 4405 De
1198 4352 1382 4402 sancto
1411 4347 1728 4415 Polycarpo,

910 4422 999 4477 Vl.
1030 4453 1099 4461 —
1127 4424 1202 4476 De
1229 4421 1431 4474 sanctis
1470 4414 1669 4484 Sotere,
1693 4414 1998 4472 Eleutherio
2024 4421 2074 4471 et
2104 4417 2316 4473 Victore
2345 4415 2445 4468 PP.

904 4494 1016 4549 VII.
1045 4523 1110 4536 —-
1130 4496 1205 4548 De
1223 4491 1470 4545 vindicta
1492 4491 1694 4560 quinta:
1721 4489 2125 4558 persecutionis.

903 4566 1016 4620 VII.
1057 4595 1128 4605 --
1150 4567 1228 4620 De
1266 4563 1552 4632 Zephirino
1575 4576 1726 4631 papa
1754 4564 1801 4614 et
1827 4561 2011 4614 sancto
2041 4560 2278 4617 Caliwto.

910 4637 976 4692 IX
996 4667 1064 4677 —
1104 4639 1178 4692 De
1203 4637 1391 4691 sancta
1420 4635 1683 4688 Martina.

918 4708 981 4764 X.
1014 4739 1084 4749 -
1114 4711 1189 4763 De
1217 4710 1400 4762 sancto
1434 4705 1648 4762 Urbano
1671 4717 1824 4774 papa
1853 4705 1902 4756 et
1932 4701 2161 4773 Caecilia.

912 4780 1000 4834 XI.
1032 4810 1103 4820 —
1129 4782 1205 4835 De
1233 4779 1437 4834 sanctis
1464 4770 1726 4832 Pontiano
1747 4770 1913 4844 papa
1943 4778 1992 4827 et
2031 4770 2325 4842 Hippolyto
2348 4770 2676 4840 presbytero.

910 4852 1024 4906 XII.
1059 4882 1126 4891 —
1153 4853 1228 4906 De
1257 4851 1464 4904 Antero
1485 4863 1638 4917 papa
1663 4851 1712 4900 et
1742 4846 1943 4898 ultione
1977 4849 2153 4917 senta;
2166 4844 2570 4917 persecutionis.
2698 4916 2701 4917 ν
2877 4913 2885 4917 _
2969 4897 2972 4900 ,

908 4923 1050 4977 XIII.
1084 4953 1152 4962 —
1173 4925 1248 4976 De
1284 4907 1503 4975 duobus
1514 4907 1787 4986 Philippis
1816 4907 2232 4984 imperatoribus
2261 4918 2309 4968 et
2340 4915 2526 4968 Pontio
2564 4916 2802 4986 martyre
2831 4913 2992 4986 atque
3019 4907 3277 4961 Fabiano.

913 4994 1043 5048 XIV.
1085 5023 1132 5033 -
1173 4995 1248 5047 De
1261 4992 1462 5046 sanctis
1492 4983 1733 5046 Cornelio
1761 4983 1909 5056 papa
1937 4992 1986 5041 et
2017 4988 2285 5055 Cypriane
2315 4989 2558 5054 martyre
2584 4985 2848 5053 sociisque
2875 4983 3138 5051 ipsorum.

912 5065 1016 5119 XV.
1067 5095 1127 5104 -—
1157 5067 1233 5118 De
1261 5064 1462 5117 sanctis
1482 5061 1678 5115 Abdon
1707 5064 1757 5112 et
1788 5061 2014 5112 .S'ennen.

912 5136 1040 5191 XVI.
1090 5166 1146 5176 —-
1180 5139 1254 5190 De
1279 5135 1484 5189 sanctis
1515 5132 1804 5186 Parthenio
1842 5133 1890 5183 et
1921 5131 2208 5186 Calocerio.

911 5209 1067 5262 XVII.
1100 5237 1167 5246 —-
1197 5209 1272 5261 De
1301 5205 1504 5260 sanctis
1531 5203 1795 5258 Anatolio
1823 5205 1872 5254 et
1906 5202 2160 5254 Victoria.

910 5279 1070 5334 XVIII
1121 5308 1185 5317 —
1212 5281 1284 5331 De
1311 5277 1515 5331 sanctis
1540 5275 1863 5341 Pergentino
1893 5277 1943 5327 et
1969 5272 2322 5327 Laurentino.

1333 5411 1872 5508 INCIPIT,
1941 5409 2310 5496 LIBRI
2413 5403 3087 5519 QUARTUS.

1950 5557 2160 5614 CAPUT
2208 5555 2492 5612 PRIMUM.

1864 5656 1942 5717 De
1982 5662 2189 5716 sancto
2232 5649 2567 5728 Apollonio.

562 5775 800 5829 Flamma
829 5770 1102 5826 duelliferi
1124 5767 1346 5841 paulum
1373 5766 1552 5838 scpita
1581 5762 1800 5834 vaporis
2274 5755 2409 5809 Dum
2441 5752 2740 5824 imperitat,
2776 5749 2989 5825 magnis
3003 5749 3117 5820 jam
3134 5745 3615 5822 complectentibus
3635 5741 3784 5796 almt

565 5860 624 5910 In
652 5867 866 5916 nostros
893 5867 1061 5914 tentat
1094 5840 1429 5912 recalescere
1448 5851 1777 5914 Commodus
1802 5851 1922 5904 orbi
2272 5849 2399 5902 Iura
2422 5845 2554 5902 viris
2583 5844 2734 5910 ﬁdei,
2759 5843 3068 5914 Christique
3092 5842 3396 5898 nitentibus
3416 5840 3586 5902 armis,

2035 3879 2400 3893 ——
