3962 6140
111 323 216 379 633
729 325 811 378 DE
853 323 1112 380 CHRISTI
1152 325 1515 381 TRIUMPIIIS
1554 327 1725 382 APUD
1769 327 2035 382 ITALIAM
2075 326 2251 381 LIBRI
2294 324 2424 379 XIV.
2464 353 2534 364 —
2573 322 2698 377 LIB.
2743 322 2828 375 IV.

115 457 276 512 Lucis
307 454 628 526 Apollonius
667 470 900 526 quorum
930 455 1127 510 virtute
1149 456 1372 510 cluebat
1398 474 1412 521 ;

115 547 310 602 Christi
340 563 460 601 cum
493 547 641 600 cultu
676 547 941 616 sophicze,
963 547 1258 618 Romaeque
1275 557 1517 603 senator.

117 641 331 694 Crimen
366 639 493 694 huic
520 638 739 693 vehitur
765 638 978 694 Christo
1013 639 1219 710 pollere
1251 639 1533 714 magistro.

119 735 213 788 Ille
247 733 423 804 palam
455 749 643 788 verum
679 749 786 788 non
815 734 1215 800 abnuitedere,
1251 741 1487 789 tractans

118 825 308 878 leite
337 823 504 878 verba
526 823 633 878 ﬁde
662 840 849 896 super,
879 825 1221 879 auscultante
1243 831 1461 890 senatu,

121 914 291 982 lnque
321 911 577 966 volumen
607 912 914 984 agitnitido
945 928 1203 967 sermone
1230 920 1468 987 rogatus,

121 1002 296 1073 [Itque
329 1010 488 1073 putes
508 1003 710 1056 meruit
740 1002 940 1057 Geticis
978 1018 1163 1057 orasse
1198 1003 1450 1069 catervis,

122 1093 249 1147 Nam
279 1094 405 1148 data
424 1094 474 1148 ei
503 1101 670 1166 caput
699 1093 909 1149 abscidi
941 1095 1215 1149 sententia
1243 1094 1486 1160 mandat,

1839 636 1987 691 Haud
2021 635 2323 706 impunitos
2351 633 2462 687 ulla
2488 631 2699 686 ratione
2728 630 2927 685 remitti
2958 647 2972 694 ;

1636 1249 1843 1305 CAPUT
1884 1251 1952 1305 II.

1043 1381 1116 1439 De
1144 1383 1370 1442 sanctis
1405 1383 1724 1455 Pontiano,
1755 1380 2008 1440 Eusebio
2038 1389 2092 1440 et
2121 1383 2304 1441 sociis
2333 1397 2560 1440 eorum.

126 1527 273 1583 Tunc
306 1527 622 1593 Pontianus,
659 1527 928 1582 Eusebius
955 1534 1008 1582 et
1038 1543 1349 1598 compares,

128 1617 462 1680 Vincentius,
497 1617 843 1684 Peregrinus,
876 1617 983 1670 alta
1014 1622 1282 1686 martyres
1847 1617 2071 1683 Clamat,
2113 1618 2318 1672 deinde
2349 1617 2652 1672 elanculam
2684 1616 2822 1686 petit
2845 1614 3050 1690 fugam,

1847 1708 2016 1772 Quem
2046 1705 2404 1762 conﬁtentem
2440 1705 2590 1760 fonte
2631 1703 2862 1760 Ruﬁnus
2889 1719 3042 1758 sacro

1853 1798 2020 1853 Lavit.
2056 1798 2325 1853 Reversus
2357 1798 2424 1851 ad
2455 1804 2744 1868 tyrannum
2775 1795 2947 1850 libere

1779 1915 1826 1983 Β
1853 1888 1987 1943 Dum
2019 1887 2388 1983 Christi-anum
2421 1885 2733 1983 seOfatetur,
2767 1884 3049 1982 plectitur,

1849 1975 2146 2050 Jugulique
2167 1974 2234 2028 ad
2255 1983 2400 2029 astra
2427 1973 2664 2028 mittitur
2694 1971 2993 2037 sententia,

1849 2065 2055 2136 Viaque
2078 2071 2238 2118 terrae
2267 2064 2373 2117 lata
2398 2062 2648 2116 membra
2671 2061 2912 2116 Aurelia.

1922 2161 1980 2214 In
2003 2159 2166 2214 laude
2198 2151 2396 2212 Christi
2433 2158 2658 2211 immota
2686 2163 2792 2210 stat
2823 2154 3090 2210 sodalitas

1851 2250 2224 2317 Robusta,seu
2250 2265 2539 2319 suspensa,
2568 2264 2667 2302 seu
2691 2246 2996 2311 remissior,

1852 2334 1962 2402 Nec
1986 2345 2156 2401 fracta
2185 2345 2359 2412 duris,
2395 2360 2498 2399 nec
2513 2343 2740 2397 subacta
2767 2341 3050 2397 mollibus.

1854 2437 2106 2492 Furiatus
2135 2451 2267 2508 ergo
2288 2449 2484 2490 censor
2510 2432 2760 2488 abscindi
2791 2432 2940 2486 ferus

1857 2529 2124 2584 Plectrum
2157 2529 2335 2583 beata).
2362 2527 2445 2583 vis
2475 2525 2708 2580 Eusebio
2733 2523 2894 2594 jubet
2925 2538 2938 2590 ;

1857 2618 1963 2672 Sed
1989 2618 2113 2687 jura
2137 2616 2335 2671 Christi
2367 2617 2715 2671 internecare
2744 2630 2854 2670 non
2880 2613 3046 2680 valet,

1857 2711 2131 2782 Datorque
2158 2707 2363 2782 lingua:
2388 2707 2538 2764 sufﬁt
2561 2707 2674 2762 oris
2702 2706 2908 2773 munia,

1860 2808 1921 2863 Et
1948 2807 2159 2878 absque
2187 2805 2376 2876 lingua
2407 2803 2574 2860 verba
2604 2803 2809 2878 linguae
2842 2809 3118 2873 procreat,

1864 2898 2178 2969 Clamatque
2211 2905 2545 2951 sectusvoce
2575 2895 2731 2950 testis
2761 2894 2974 2966 integra
3005 2910 3018 2946 :

1867 3007 1892 3038 α
1919 2985 2035 3040 Tibi
2069 2986 2571 3057 sempiterna,Jesu
2595 2984 2830 3050 Christe,
2863 2982 3059 3058 gloria.
3101 3002 3124 3030 ο

1861 3076 2043 3147 Septis
2071 3076 2271 3130 retrusi
2299 3082 2421 3146 post
2451 3090 2686 3149 agonem
2721 3072 2960 3128 carceris

1864 3169 2076 3223 Laudes
2102 3167 2279 3223 datori
2299 3176 2599 3239 personant
2627 3165 2892 3221 victoriae.

1786 3285 1836 3354 Ο
1865 3257 1954 3312 Sic
1984 3259 2114 3354 dum
2139 3257 2337 3354 diebus
2363 3273 2435 3354 ac
2449 3256 2712 3354 resultant
2734 3254 2997 3354 noctibus

1868 3347 2096 3412 Quidam
2125 3345 2382 3401 sacerdos
2412 3345 2697 3416 Lappulus
2729 3342 3006 3414 Capitolii,

1869 3436 2134 3490 Obsessus
2153 3433 2314 3488 annis
2333 3433 2578 3489 caecitate
2605 3439 2890 3504 quattuor,

1870 3527 2026 3582 Venit
2056 3525 2303 3581 tenebris
2325 3533 2379 3580 et
2411 3523 2861 3589 receditlumine,

1874 3617 2215 3670 llluminatus
2244 3614 2432 3680 corde,
2455 3629 2692 3669 cernens
2712 3626 2965 3683 corpore.

1874 3707 2139 3782 Ergastuli
2159 3713 2370 3778 patrata
2397 3705 2715 3776 Simplicius
2744 3705 2943 3759 videns

1878 3799 2152 3861 Servator,
2177 3798 2286 3852 aris
2316 3797 2631 3851 daemonum
2665 3795 2969 3860 renuntiat,

1879 3889 2196 3961 Passusque
2230 3888 2502 3942 Christum
2535 3892 2718 3940 mente
2747 3885 2891 3940 lotus
2917 3883 3176 3939 candidat

1882 3979 2011 4044 Qua:
2046 3984 2199 4050 gesta
2215 3977 2383 4046 judex
2412 3974 2629 4030 nuntiat
2659 3974 2790 4028 dum
2823 3972 3121 4028 Commodo

1886 4067 1951 4122 Ut
1979 4066 2278 4137 puniantur
2308 4063 2532 4119 mandat
2553 4063 2652 4117 ille
2674 4062 2911 4118 concito.

1887 4164 2017 4219 Post
2040 4161 2106 4216 ad
2141 4177 2374 4217 coronas
2401 4159 2615 4216 evocati
2655 4168 2942 4231 martyres,

1894 4256 2168 4311 Scelerata
2207 4253 2380 4309 fertur
2410 4261 2564 4324 petra
2594 4269 2702 4325 qua
2733 4259 2933 4307 metam
2956 4257 3152 4322 petunt

1900 4346 2122 4416 lllicque
2155 4344 2382 4416 plumbo
2413 4353 2538 4398 vota
2566 4343 2693 4398 caesi
2726 4357 2978 4413 corpora,

1897 4437 2121 4492 Molesta
2151 4437 2428 4508 linquunt,
2464 4436 2586 4491 laata
2615 4435 2887 4491 scandunt
2914 4435 3155 4489 domata.

1898 4531 2136 4595 Quorum
2171 4543 2459 4583 resumens
2486 4527 2734 4581 membra
2761 4526 2994 4581 Ruﬁnus
3020 4542 3177 4581 sacer

1822 4636 1874 4704 ι)
1899 4626 2060 4679 Sexto
2092 4622 2345 4678 recondit
2383 4623 2450 4676 ab
2477 4622 2618 4676 Urbe
2651 4622 2926 4677 milliario.

1906 4713 2164 4768 Mucrone
2198 4710 2545 4766 Mediolanus
2564 4711 2672 4765 hoc
2704 4711 2806 4764 sub
2845 4718 3092 4782 tempore

1907 4805 2206 4860 Faustinus
2235 4808 2389 4857 actus
2421 4802 2615 4858 transit
2646 4808 2789 4857 astra
2816 4802 3109 4877 sanguine.

133 1706 286 1760 Maeli
318 1705 525 1759 lucratu
560 1704 782 1759 subiere
810 1705 992 1758 sidera
1026 1723 1040 1769 ;

133 1798 422 1862 Qui‘censa
447 1796 602 1851 cmlis
623 1796 854 1851 intulere
887 1805 1084 1860 terrea,

134 1890 315 1944 Primo
327 1889 568 1959 expediti
589 1898 871 1944 sumerent
901 1898 960 1944 ut
983 1888 1196 1955 ccelica,

137 1981 191 2034 Et
221 1982 374 2035 lucra
405 1979 560 2035 cmlis
584 1987 641 2034 ut
671 1989 875 2052 queant
904 1981 1253 2052 impendere,

134 2072 566 2142 Centuplicauda
596 2073 816 2127 student
846 2073 1049 2126 talenta
1087 2071 1423 2142 expendere.

135 2161 300 2224 Queis
332 2175 456 2214 mox
483 2168 706 2214 senator
735 2160 939 2214 additis
966 2161 1268 2231 acquiritur

135 2257 259 2325 Regi
291 2271 536 2326 superno
552 2255 729 2310 Julius
757 2256 1098 2323 domesticis,

134 2345 362 2398 Rufinus
392 2345 541 2398 unda
581 2360 719 2415 quos
751 2344 986 2400 sacravit
1019 2344 1327 2416 presbyter,

136 2438 332 2493 Doctus
367 2437 645 2511 magistris
674 2437 906 2509 integris
938 2437 995 2491 lit
1025 2437 1260 2512 integer,

136 2528 288 2583 Miles
317 2536 538 2584 senator
578 2529 740 2601 Regis
769 2528 885 2595 alti,
916 2537 970 2584 et
997 2528 1270 2600 particeps

140 2618 310 2690 Regni
343 2617 567 2672 caducis
593 2617 739 2688 quod
772 2618 980 2688 paravit
1011 2618 1189 2688 copiis

140 2710 382 2765 Onerosa
412 2709 543 2764 celsi
573 2709 806 2764 tramitis
835 2710 1183 2778 docentium,

141 2802 383 2856 Tradens
413 2801 606 2875 egenis
635 2817 736 2872 per
763 2818 958 2856 manus
983 2802 1285 2869 obstacula,

147 2891 284 2944 Dans
317 2891 636 2958 terrulenta,
658 2895 712 2944 et
743 2905 1070 2960 comparans
1095 2891 1363 2956 cmlestia,

147 2980 390 3056 Fugitiva
421 2995 706 3050 spargens,
737 2978 1074 3050 sempiterna
1100 2979 1383 3052 colligens.

145 3070 298 3134 Quod
331 3071 629 3141 imperator
645 3086 776 3124 aure
805 3086 1048 3125 sumens-
1071 3071 1406 3127 Commodus

148 3158 310 3216 Iubet
338 3159 678 3215 huncteneri
711 3160 901 3227 iratus,
923 3159 1219 3226 etVitellii,

151 3248 398 3303 Peditum
432 3249 703 3323 magistri,
734 3249 894 3303 tradit
919 3249 1236 3315 audientiae,

151 3336 288 3408 Opes
319 3337 561 3408 requirat
589 3353 828 3408 eumque
855 3337 1035 3392 flectat
1061 3337 1309 3391 delubris
1333 3355 1348 3403 ;

152 3429 346 3485 Tribus
375 3429 469 3483 dat
501 3429 592 3483 ille
623 3444 788 3500 quem
821 3429 1017 3484 diebus
1043 3429 1270 3496 carceri,

154 3515 384 3572 Posthac
409 3518 620 3573 catenis
651 3519 874 3572 mandat
905 3526 1084 3574 actum
1128 3519 1406 3574 assistere.

153 3609 188 3660 A
219 3625 332 3680 quo
359 3625 486 3664 orsa
524 3610 750 3681 capiens
777 3611 905 3676 alta,
937 3611 1094 3674 dura,
1121 3611 1324 3675 vivida,

156 3702 522 3757 Caediseveris
562 3703 754 3758 tandiu
787 3704 898 3775 egit
929 3703 1187 3769 fustibus,

155 3789 283 3845 Dum
313 3791 555 3845 liberum
581 3793 900 3847 transmittit
925 3801 1071 3846 astra
1097 3791 1349 3862 spiritum

158 3883 353 3939 Seuior
381 3899 640 3954 supernae
654 3883 970 3938 dedicatum
1005 3884 1188 3938 curiae.

159 3975 230 4030 Pii
264 3976 520 4051 magistri
551 3991 752 4047 corpus
790 3977 995 4032 almum
1025 3975 1316 4048 colligunt,

165 4070 427 4142 Interque
457 4069 620 4124 busta
646 4069 920 4124 collocant
947 4069 1248 4140 Calepodii.

165 4159 298 4216 lliue
328 4160 722 4231 comprehensi
752 4161 1038 4236 cognitore
1065 4160 1305 4226 Vitellio,

167 4251 298 4307 Dum
315 4252 568 4323 pensiles
596 4253 868 4308 librantur
897 4254 1136 4324 equuleo
1165 4253 1400 4318 eminus,

165 4341 471 4414 Nervisque
487 4343 882 4397 distenduntur
905 4349 1054 4397 artus
1074 4341 1325 4408 fortibus,

167 4432 595 4506 Crudeliterque
627 4442 978 4490 macerantur
1002 4434 1259 4501 fustibus,

167 4521 540 4595 Flammisque
561 4524 730 4579 latera
758 4523 1103 4599 conﬂagrant
1132 4525 1437 4591 atrocibus,

163 4615 364 4673 Tuetur
380 4618 489 4672 ista
518 4617 623 4672 sub
650 4618 901 4688 palaestra
930 4616 1191 4673 carnifex.

164 4707 415 4765 Stantem
445 4709 656 4764 mederi
682 4711 952 4765 Antonius
981 4726 1107 4766 cum
1135 4710 1370 4783 spongia

167 4814 440 4875 juvenem
474 4799 804 4870 piorumque
837 4799 1164 4855 allevantem
1194 4800 1420 4856 vulnera
1457 4819 1469 4855 :

1685 4961 1894 5016 CAPUT
1936 4962 2034 5018 III.

1313 5086 1390 5148 De
1420 5088 1690 5150 vindicta
1715 5089 1975 5167 praefata:
2004 5089 2399 5151 crudelitatis.

179 5226 536 5299 lniquitatem
577 5223 724 5299 regis
751 5223 909 5280 Urbis
940 5225 1086 5281 ustio

177 5316 408 5381 Secuta,
443 5313 570 5368 divo
593 5313 949 5368 convibratur
977 5313 1232 5380 fulmine,

181 5408 408 5481 Insigne
441 5411 646 5460 tactum
673 5420 782 5476 quo
813 5406 1005 5478 ﬂagrat
1033 5405 1356 5478 Capitolium

186 5495 430 5550 Incensa
454 5493 794 5550 bibliotheca
820 5494 1091 5562 majorum
1125 5495 1293 5562 nitor,

184 5587 466 5658 :Edesque
488 5587 646 5658 juxta
676 5592 1028 5642 concremata
1057 5585 1284 5641 consitae
1323 5603 1338 5651 ;

191 5679 384 5736 Potius
417 5678 657 5734 subinde
686 5684 1044 5736 consecutum
1077 5677 1399 5734 incendium

1921 5231 2080 5285 Vasta
2107 5230 2226 5286 aede
2255 5231 2429 5285 Vestis
2469 5229 2755 5302 nobilique
2785 5230 3009 5301 palatio,

1923 5322 2191 5377 Stravisse
2223 5329 2434 5393 partem
2467 5321 2642 5378 fertur
2673 5323 2802 5377 Urbi
2832 5322 3144 5393 plurimam.

1930 5502 2334 5574 Hominumque
2355 5502 2638 5571 judicatus
2660 5503 2835 5559 hostis
2864 5501 3140 5573 publicus,

1930 5591 2135 5647 Furore
2165 5591 2347 5662 plebis
2373 5591 2750 5666 strangulatus
2775 5590 3061 5646 sternitur.

1763 463 1809 528 Α
1836 457 1947 512 Hoc
1972 455 2237 526 apudhos
2268 453 2438 507 veteri
2465 452 2578 519 jam
2610 450 2816 505 dudum
2851 449 2971 523 lege
3007 454 3252 514 tenente,

1837 548 2189 603 Christicolas
2218 545 2389 600 semel
2417 543 2652 609 oblatos,
2678 542 2734 596 ni
2767 557 2893 596 vera
2923 539 3186 605 refutent,

1841 726 1944 783 Lex
1975 741 2138 796 quam
2166 722 2353 798 grata!
2389 721 2526 777 mori
2549 721 2728 789 justos
2756 735 2853 790 pro
2886 718 3117 774 crimine
3136 718 3275 788 \eri,

1836 819 2027 874 Vivere
2059 816 2357 880 falsidicos,
2388 829 2691 885 verumque
2718 813 2890 867 nitere
2923 821 3219 885 negantes;

1836 908 2100 979 Quodque
2130 907 2328 978 probes
2357 921 2544 960 verum
2577 904 2859 968 damnare,
2889 903 3178 957 admittere
3234 902 3455 969 falsum,

1838 998 2075 1053 Perdere
2106 997 2388 1062 virtutem,
2410 995 2532 1049 sine
2564 993 2745 1048 fronte
2776 993 3024 1048 attollere
3065 994 3298 1060 crimen,

1838 1093 2126 1158 Virtutem,
2159 1093 2390 1158 vitium;
2422 1091 2634 1146 crimen
2665 1089 2969 1144 defendere
2991 1106 3180 1144 verum
3209 1089 3220 1143 l

1931 5414 2318 5468 lncommodus
2349 5414 2439 5468 hic
2466 5414 2593 5468 Urbi
2626 5421 2680 5469 et
2710 5414 2834 5469 orbi
2866 5412 3217 5475 Commodus,

3337 319 3444 375 654

1846 1492 2158 1598 Clamatque
2189 1544 2202 1580 :
2241 1549 2262 1577 ι
2289 1527 2433 1580 Deus
2463 1532 2545 1580 est
2577 1524 2818 1579 Christus
2848 1539 3012 1594 quem
3046 1521 3381 1593 priedicant;
3421 1545 3444 1568 ν
