3962 6140
608 292 714 345 6ὕὸ
1366 285 1730 339 FLODOARDI
1777 281 2076 338 CANONlCl
2123 267 2450 339 REMENSIS
2493 285 2827 340 OPUSCULA
2870 284 3168 344 METRICA.
3741 308 3814 360 εδδ

2106 436 2316 492 CAPUT
2362 437 2447 492 IV.

1539 543 1616 600 De
1644 550 1846 602 sancto
1879 541 2121 600 Aniceto
2147 557 2306 619 papa
2336 548 2387 598 et
2426 540 2710 617 Egcsippo
2738 539 2991 600 doctore.

603 687 894 745 pontiﬁces
911 691 1037 757 post
1068 683 1384 754 prmmissus
1412 681 1466 735 in
1500 679 1743 735 culmina
1763 678 1912 734 sedis
2237 683 2286 749 Α
2316 677 2448 731 Dum
2480 686 2738 747 praestare
2765 675 2915 731 videt
2946 675 3141 732 Christi
3169 693 3328 748 super
3357 682 3522 737 omnia
3554 685 3721 741 cultum

601 783 795 836 Lectus
823 779 1084 834 Anicetus
1113 776 1394 840 Romanae,
1422 788 1578 827 sacra
1607 777 1860 826 venustat
2314 765 2598 820 Sectarum
2625 781 2824 820 censor
2852 765 3052 820 melius
3082 765 3212 838 legit
3239 770 3636 843 assequiturque,

597 877 745 940 Jura,
769 889 926 929 coma
955 872 1162 927 clerum
1187 868 1488 940 prohibens
1514 867 1616 920 sub
1649 866 1907 940 dogmate
1941 865 2091 918 Pauli
2124 883 2138 929 ;
2315 856 2680 927 DoctrinaQUe
2713 857 2848 911 nitet
2881 857 3021 921 veri,
3054 858 3327 931 gestisque
3351 857 3516 916 ﬁdelis

597 963 960 1034 Martyrioqne
992 967 1293 1014 coronatus
1321 956 1468 1011 subit
1499 962 1642 1009 astra
1679 953 1892 1017 beatus,
2317 949 2594 1019 Excipitur
2621 949 2798 1016 testis,
2832 951 2925 1021 qui
2961 957 3208 1021 tempora
3229 953 3427 1022 puriter
3459 957 3549 1010 orti

599 1053 760 1120 Cujus
791 1048 1135 1120 temporibus
1164 1047 1389 1100 Romam
1426 1043 1731 1116 Egesippus
1759 1041 1978 1111 opimus
2319 1036 2650 1107 Explanans,
2687 1037 2967 1112 Evangelii
2989 1040 3109 1094 sine
3149 1039 3334 1096 fraude
3365 1052 3550 1114 patrata

597 1142 907 1216 Ingreditur
937 1140 1147 1205 doctor,
1184 1136 1353 1204 jussis
1377 1135 1658 1206 sectisque
1690 1133 1932 1187 Platonis
2319 1131 2694 1203 Prosequitur,
2721 1133 3112 1207 Christumque
3145 1135 3296 1192 libris
3321 1144 3370 1192 et
3394 1141 3619 1210 pmdicat
3638 1144 3740 1197 actis

595 1235 694 1300 Qui
727 1234 880 1305 prius
908 1231 1172 1296 imbutus,
1203 1225 1816 1299 smcliqueSOphismata
1843 1223 2070 1287 callens,

2113 1357 2322 1413 CAPUT
2359 1358 2421 1415 V.

1919 1465 1997 1524 De
2036 1474 2241 1525 sancto
2285 1463 2643 1545 Polycarpo.

593 1619 743 1673 Tunc
770 1615 1124 1688 Polycarpus,
1157 1612 1457 1684 apostolico
1490 1611 1730 1667 radiatus
1759 1611 1827 1666 ab
1857 1627 1953 1667 ore
2318 1612 2589 1686 Legitimo
2621 1611 2750 1666 fidei
2789 1628 3055 1668 revocans
3085 1613 3378 1669 certamine
3408 1613 3586 1686 plures,

597 1715 736 1768 Luce
765 1712 883 1777 Dei,
914 1709 1132 1765 auditor
1160 1713 1621 1778 consectatorque
1651 1706 1900 1773 Joannis,
2317 1705 2691 1776 Lusoremquc
2723 1711 2883 1759 tuens
2913 1705 3112 1760 Satana
3141 1713 3292 1777 patre
3315 1706 3712 1762 denotathostem.

598 1802 824 1856 Lumine
852 1798 1142 1855 Romuleas
1172 1797 1357 1852 divino
1384 1795 1657 1850 illuminat
1685 1811 1858 1862 arces,

2103 1893 2314 1949 CAPUT
2349 1894 2434 1947 Vl.

1483 2007 1562 2066 De
1588 2021 1792 2066 sancto
1821 2005 2040 2079 Sotere,
2074 2006 2416 2065 Eleutherio
2445 2013 2622 2081 atque
2661 2004 2886 2064 Victore
2916 2002 3036 2064 PP.

597 2150 756 2203 Soter
783 2146 1072 2201 Anicetum
1104 2142 1374 2214 sequitur,
1405 2141 1497 2213 qui
1531 2141 1772 2196 dimovet
1802 2141 1910 2196 aris
2240 2146 2288 2213 Β
2319 2141 2526 2195 Pascha
2554 2139 2645 2195 die
2677 2139 2819 2206 fieri,
2860 2157 3068 2196 sacram
3103 2141 3376 2197 Surrectio
3401 2141 3571 2195 Christi

599 2236 914 2291 Femineum
943 2231 1195 2304 quamvis
1225 2230 1526 2302 pollentem
1550 2231 1748 2286 robore
1790 2247 2004 2285 sexum.
2319 2234 2486 2296 Quam
2518 2231 2666 2296 facit,
2695 2238 2858 2302 atque
2883 2231 3066 2298 jubet,
3095 2231 3265 2287 fuerit
3293 2232 3337 2286 si
3367 2231 3492 2287 forte
3512 2247 3709 2298 necesse,

599 2327 714 2389 Quo
748 2321 999 2393 patribus
1032 2321 1248 2391 juncto,
1289 2319 1535 2374 succedit
1565 2319 1916 2375 Eleutherus.
1952 2319 2122 2388 Hujus
2319 2321 2591 2378 Gentilem
2625 2323 2821 2378 Christi
2854 2322 2984 2379 ﬁdei
3018 2325 3282 2394 mysteria
3311 2323 3496 2379 fassum

596 2416 793 2471 Lucius
824 2413 1082 2469 indiculis
1112 2411 1314 2486 rogitat
1345 2427 1437 2465 rex
1463 2411 1616 2480 jussa
1647 2412 1967 2479 Britannus,
2317 2416 2528 2471 Sacrari
2557 2433 2891 2488 quocunque
2907 2416 3048 2481 loco,
3076 2417 3312 2472 fluctuve
3325 2414 3808 2488 solove[ms.2,salow]

594 2508 762 2562 Fonte
793 2506 882 2578 pio
914 2511 972 2558 ut
1001 2504 1194 2558 Christi
1228 2501 1346 2557 fieri
1379 2512 1656 2559 mereatur
1682 2504 1961 2558 alumnus.
2319 2503 2475 2558 Edita
2498 2504 2835 2559 membranis
2875 2503 3004 2559 hinc
3047 2505 3250 2577 linquit
3287 2504 3527 2576 opuscula
3551 2512 3682 2568 casta,

596 2598 692 2651 llic
723 2603 932 2659 censet,
955 2610 1026 2648 ne
1043 2593 1384 2648 Christicolis
1412 2608 1700 2664 quicquam
1742 2607 1872 2647 esca
1899 2597 2118 2661 putetur
2322 2593 2520 2664 ltlartyr
2541 2600 2593 2648 et
2623 2593 2905 2662 egreditur
2941 2592 3218 2648 Christum
3254 2595 3532 2650 insectante
3545 2593 3719 2657 Severo,

597 2689 712 2743 Non
737 2688 854 2743 fore
892 2685 1120 2751 munda,
1155 2684 1438 2740 hominum
1489 2686 1750 2738 mundam
1800 2699 1963 2755 quam
2009 2683 2222 2752 judicat
2323 2681 2424 2746 Qui
2455 2683 2562 2738 late
2587 2683 2814 2754 quintus
2844 2693 2969 2753 post
2997 2683 3181 2738 dirum
3209 2685 3360 2753 jussa
3381 2685 3616 2740 Neronem

1971 2775 2144 2848 [usus.
2222 2825 2227 2830 ,
2325 2771 2588 2842 DiSpersit
2617 2778 2838 2826 sanctos
2869 2773 3184 2827 truculenta
3217 2773 3360 2827 cmde
3393 2772 3572 2836 necari,

598 2871 852 2925 Ecclesiae
885 2875 1006 2940 post
1031 2869 1179 2923 hunc
1204 2867 1449 2938 disponit
1479 2867 1727 2942 regmina
1761 2866 1968 2935 Victor,
2324 2861 2436 2926 Qua
2469 2861 2630 2916 variis
2660 2860 2816 2916 multi
2845 2861 3172 2932 regionibus
3193 2870 3333 2918 astra
3363 2869 3607 2934 pararunt.

597 2961 808 3016 Etcum
841 2957 1170 3031 praesulibus
1204 2963 1454 3012 sanctum
1489 2955 1780 3012 confirmat
1812 2957 1939 3011 Eois

2086 3057 2296 3115 CAPUT
2338 3060 2451 3114 νη.

1710 3167 1788 3226 De
1814 3167 2089 3228 vindicta
2119 3171 2344 3244 quinm
2368 3170 2822 3246 persecutionis.

595 3313 705 3369 Nec
733 3311 879 3367 sedit
906 3309 1146 3365 vindicta
1177 3308 1294 3374 diu,
1323 3304 1508 3363 civilia
1540 3323 1666 3363 nam
1694 3323 1824 3364 mox
2242 3315 2292 3382 (ζ
2325 3310 2510 3382 Regna
2538 3309 2664 3365 terit
2695 3309 2910 3364 Christo
2951 3326 3166 3365 sacram
3195 3310 3458 3366 turbantia
3485 3307 3677 3381 plebem.

595 3406 743 3461 Bella
782 3410 1029 3474 crepant,
1063 3417 1185 3472 qum
1216 3409 1373 3455 terna
1405 3407 1572 3456 ruunt
1603 3400 1861 3473 trinoque
1895 3400 2108 3474 fragore
2323 3398 2415 3452 His
2439 3398 2568 3453 licet
2590 3397 2847 3452 intercisa
2874 3397 3033 3452 malis
3063 3399 3214 3453 haud
3245 3414 3426 3470 pressa
3453 3393 3652 3467 procella

594 3497 823 3553 Romani
854 3495 1106 3568 quatiunt
1129 3494 1276 3548 vires
1303 3493 1628 3549 muniminis
1659 3494 1871 3564 amplas
2317 3493 2591 3558 Turbinis,
2623 3494 2740 3549 haec
2781 3495 2998 3565 penitus
3017 3496 3152 3566 quin
3187 3502 3342 3550 tensa
3370 3503 3423 3549 et
3448 3492 3589 3547 incita
3609 3489 3705 3543 dum
3734 3483 3806 3538 orbi

594 3587 922 3655 Adjumenta
953 3583 1030 3638 rei
1061 3581 1386 3649 sternentia,
1422 3597 1533 3637 non
1573 3581 1759 3637 minus
1775 3581 1906 3637 olim
2319 3587 2533 3661 Regnat
2560 3588 2866 3644 Alexander
2893 3589 3211 3664 multosque
3251 3591 3375 3662 polo
3405 3588 3548 3663 erigit
3571 3600 3690 3640 ense.

594 3681 667 3733 Ac
691 3675 886 3733 sternit
908 3675 1158 3746 jumenta
1186 3673 1307 3730 lues
1335 3688 1459 3746 quae
1488 3673 1683 3746 quinta
1719 3675 1932 3745 Syenes

2064 3773 2275 3831 CAPUT
2323 3777 2460 3832 VIII.

1639 3877 1718 3937 De
1745 3878 2088 3955 Zephyrino
2113 3896 2270 3956 papa
2298 3888 2352 3938 et
2377 3887 2582 3940 sancto
2618 3879 2876 3941 Calixto.

587 4023 820 4078 Victoris
843 4022 1029 4077 Roma:
1057 4019 1400 4089 Zephyrinus
1423 4017 1547 4089 jura
1578 4017 1839 4088 capessit,
2317 4020 2641 4092 Martyribus
2671 4020 2844 4075 sacris
2873 4020 2968 4075 dat
2999 4020 3434 4092 praesulibusque
3462 4017 3662 4090 quietem
3688 4027 3699 4064 :

587 4113 729 4168 Ordo
760 4110 1106 4166 sacerdotum
1141 4114 1194 4161 ct
1232 4122 1403 4160 sacrae
1428 4106 1687 4177 mysteria
1719 4121 1927 4160 mensas
2316 4107 2593 4163 Laudibus
2623 4109 2791 4179 inque
2823 4107 3178 4163 Deiaddebat
3199 4118 3490 4180 noctesque
3520 4107 3720 4172 diesque.

587 4202 702 4266 Quo
719 4201 1017 4254 decorante
1048 4197 1249 4256 nitent,
1293 4193 1629 4264 proprioque
1684 4193 2004 4248 reconditus
2052 4199 2208 4248 antro
2313 4201 2552 4257 Instante
2575 4203 2679 4258 hoc
2707 4203 2964 4273 precibus
2993 4203 3213 4258 Domini
3248 4219 3346 4275 pro
3378 4202 3525 4274 plebe
3553 4191 3743 4252 levanda.

584 4295 834 4350 Traditur
864 4294 970 4347 hoe
1007 4306 1192 4346 coram
1227 4289 1490 4344 Proculus
1521 4289 1861 4361 Cataphryga
1891 4289 2068 4344 vietus
2311 4291 2494 4361 Deque
2518 4291 2635 4344 lacu
2668 4289 2860 4345 mortis
2891 4291 3100 4360 populo
3133 4293 3402 4363 tetrisque
3430 4287 3639 4346 tenebris

590 4382 783 4437 Christi
803 4381 950 4451 lege,
972 4379 1089 4433 viro
1107 4377 1240 4432 Gaio
1271 4385 1537 4432 tractante
1563 4376 1789 4432 diserto.
2308 4381 2594 4447 Vellendo,
2625 4382 2824 4454 retegit
2854 4381 3038 4437 devoti
3056 4383 3285 4438 audisse
3325 4382 3625 4452 Redemptor

588 4473 824 4546 Erigitur
853 4469 996 4524 Petri
1024 4476 1148 4539 post
1175 4468 1324 4521 hunc
1353 4467 1407 4520 in
1433 4466 1566 4522 sede
1591 4466 1848 4532 Calixtus,
2308 4474 2460 4529 servi
2490 4481 2614 4530 vota
2645 4475 2834 4541 Deum,
2866 4477 3036 4547 pande

2308 4474 2460 4529 Servi
2490 4481 2614 4530 vota
2645 4475 2834 4541 Deum,
2866 4477 3117 4547 pandens
3152 4479 3416 4534 vertenda
3453 4472 3642 4532 sacella.

585 4564 867 4637 Sanguine
898 4563 1195 4626 Romanus,
1222 4560 1400 4631 patria
1435 4559 1663 4635 regione
1695 4560 1985 4616 Ravennas
2309 4569 2728 4639 Humanumque
2759 4584 2936 4643 genus
2966 4570 3099 4624 laeva
3129 4573 3281 4644 quod
3319 4572 3435 4645 lege
3463 4563 3722 4640 premebant

585 4657 847 4718 Quattuor
876 4651 966 4706 hic
994 4650 1180 4704 statuit
1205 4649 1421 4718 jejunia
1447 4666 1602 4704 sacra
1623 4649 1922 4721 quotannis
2310 4658 2480 4712 Saevis
2509 4658 2836 4729 raptandum
2865 4659 3036 4714 manil

2310 4658 2480 4712 Szm'is
2509 4658 2836 4729 raptandum
2865 4659 3126 4715 manibus
3152 4661 3380 4716 ditionis
3408 4660 3604 4729 iniquae.

581 4747 943 4818 Temporibus
984 4744 1172 4812 recoli,
1212 4745 1368 4799 vitari
1404 4761 1684 4799 murmura
1715 4743 1895 4815 plebis
2313 4750 2538 4804 Pertulit
2566 4765 2700 4822 ergo
2729 4750 2878 4806 lovis
2908 4767 3187 4806 summum
3224 4753 3368 4807 inter
3386 4757 3563 4807 caetera
3584 4745 3722 4800 fanum

585 4841 870 4895 Doctorem
903 4845 1112 4902 contra,
1141 4836 1473 4908 probrisque
1511 4851 1704 4890 cavere
1729 4835 1970 4890 minores
2311 4841 2476 4909 Cujus
2505 4858 2705 4915 magna
2729 4858 2896 4896 ruens
2923 4859 3114 4898 verum
3145 4843 3458 4898 manifestat
3495 4840 3561 4894 ab
3585 4845 3726 4891 austro

586 4933 867 5001 Majorum.
902 4946 1082 5001 neque
1114 4929 1393 4983 damnatis
1431 4926 1710 4983 consortia
1734 4927 1915 5000 jungi,
2307 4935 2528 4989 Admitti
2571 4934 2744 4989 solem
2779 4935 3027 4989 tenebris
3058 4951 3188 5006 pars
3220 4935 3342 4990 luce
3377 4939 3611 5003 recepta;

582 5024 756 5093 Atque
784 5027 983 5075 statuta
1016 5020 1230 5073 Patrum
1265 5033 1374 5072 non
1400 5017 1769 5088 permutanda
1804 5016 2043 5086 piorum,
2314 5023 2581 5096 Figmenti
2614 5021 2909 5094 liquefacta
2942 5039 3137 5078 manus
3166 5039 3458 5079 vanescere
3493 5017 3620 5091 pravi

583 5109 1022 5179 Contentumque
1053 5107 1169 5161 suis
1201 5113 1426 5161 externa
1457 5104 1732 5158 incessere
1767 5103 1973 5156 nullum
2309 5115 2584 5171 Dmmonis
2613 5115 2908 5185 imperium
2934 5115 3157 5186 promit,
3185 5116 3356 5171 ﬂuere
3381 5128 3531 5170 omne
3551 5104 3762 5181 profanum

582 5204 803 5260 Munia:
847 5201 1047 5257 mutari
1079 5201 1240 5255 sedes
1267 5200 1519 5272 quojure
1549 5197 1808 5252 Simlnllll‘
1835 5215 1850 5262 ξ
2225 5243 2277 5275 n
2311 5206 2344 5256 Λ
2371 5203 2507 5258 facie
2539 5203 2755 5258 Domini
2781 5203 3054 5258 contraria
3086 5219 3259 5275 regna
3291 5199 3528 5258 terentis.
3826 5189 3827 5205 ¹

581 5295 708 5360 Quae
736 5308 904 5363 super
928 5290 1154 5344 incestis
1185 5289 1480 5360 reliquisve
1502 5281 2086 5358 sequendaprdbrosis
2115 5303 2128 5342 :
2225 5281 2277 5310 υ
2311 5295 2490 5350 Diales
2519 5294 2628 5349 aris
2661 5293 2899 5366 rogitant
2929 5291 3196 5347 libamina
3229 5291 3381 5357 ferri,

581 5387 680 5451 Qui
722 5386 822 5439 rite
851 5397 1110 5437 accusare
1147 5389 1354 5452 queant
1379 5388 1631 5451 testeque
1660 5378 2002 5450 probentur;
2312 5386 2629 5458 Placarique
2661 5385 2799 5440 deos
2831 5383 2891 5439 fit
2919 5385 3036 5454 juss

1985 5397 2002 5444 ἶ
2312 5386 2629 5458 Placarique
2661 5385 2799 5440 deos
2831 5383 2891 5439 fit
2919 5385 3093 5454 iussio
3127 5401 3275 5440 czeca
3299 5383 3574 5442 furentum,

585 5481 758 5551 thue
789 5477 1106 5532 sacerdotes
1137 5474 1273 5546 lapsi
1293 5475 1360 5530 de
1379 5474 1612 5529 crimine
1640 5481 1889 5545 surgant.
2308 5476 2611 5530 Mactantur
2635 5473 2880 5543 pecudes
2896 5475 3140 5528 mulcere
3163 5489 3324 5528 sacro
3339 5449 3808 5543 Spurcaminerorlanis

587 5575 869 5630 Basilicam
903 5573 1110 5644 populo
1141 5569 1355 5626 Tiberis
1385 5576 1535 5624 trans
1557 5568 1732 5624 edidit
1759 5585 2002 5635 amnem,
2309 5573 2561 5642 Dumque
2592 5568 2818 5625 umbras
2845 5569 3084 5623 mulcere
3126 5584 3288 5624 sacro
3319 5573 3630 5640 spurcamme
3655 5554 3819 5603 certam»

581 5671 754 5738 Atque
785 5667 1122 5735 sepulturam
1154 5680 1262 5736 qua
1284 5664 1473 5718 multis
1503 5663 1675 5735 Appia
1714 5663 1901 5718 carnis
2309 5659 2559 5713 Fulmina
2591 5658 2683 5713 dat
2713 5657 2910 5712 Caelum
2945 5658 3065 5712 sine
3092 5671 3255 5713 more
3279 5657 3474 5726 allapsa
3500 5653 3719 5704 serenum.
