3974 6146
141 312 250 366 657

141 433 506 506 Sacrificique
538 442 703 489 ruunt
731 440 858 489 ante
898 434 1050 506 ipsas
1080 434 1327 493 fulminis
1368 455 1490 502 aras

143 529 395 584 Caelestis
422 527 605 584 subita
634 528 687 584 vi
718 536 978 602 quattuor
999 530 1316 598 exanimati,

137 617 312 688 Atque
343 617 453 688 poli
476 617 715 674 flammis
744 620 924 692 ipsum
955 618 1110 674 Jovis
1136 618 1315 675 uritur
1343 618 1502 687 altar,

141 705 203 758 Ut
232 711 419 774 pateat
440 721 550 760 non
583 722 706 761 esse
734 707 888 763 Jovis
917 705 1158 762 cazlestia
1192 707 1320 774 tela,

138 795 385 869 Caligare
416 796 560 863 dies,
595 798 876 853 obducere
900 797 1093 852 nubila
1121 800 1343 864 coelum,

136 890 583 963 Praesentemque
606 892 716 947 reis
737 892 1064 948 mortalibus
1088 893 1274 952 omnia
1298 901 1528 950 mortem

135 983 432 1037 Intentare.
470 981 609 1037 Urbs
640 982 779 1054 ipsa,
810 985 938 1055 polo
971 992 1271 1056 pugnante,
1307 993 1493 1057 putata

137 1069 191 1123 In
213 1070 427 1125 subitas
456 1071 608 1126 orbis
623 1071 818 1127 victrix
848 1072 1066 1128 abitura
1101 1073 1330 1129 favillas.

133 1162 343 1217 Suadet
371 1162 507 1217 inire
541 1162 721 1237 fugam
753 1164 985 1235 trepidis
1015 1166 1181 1221 timor
1213 1167 1354 1222 Urbe
1385 1168 1597 1240 relicta,

131 1251 383 1322 Dumque
407 1259 558 1307 metu
584 1252 722 1307 vada
757 1259 905 1308 trans
934 1254 1139 1309 abeunt
1187 1255 1442 1312 Tiberina
1473 1264 1754 1326 monente,

129 1341 396 1396 Securum
429 1358 612 1398 rerum
645 1344 877 1400 Domino
899 1362 999 1400 sua
1020 1353 1143 1401 vota
1168 1345 1431 1402 Calixtum

130 1431 406 1488 Laudibus
433 1433 724 1490 inveniunt
749 1435 995 1504 dantem,
1028 1437 1277 1510 laetisque
1309 1448 1593 1496 vacantem

128 1524 499 1581 Carminibus.
533 1525 730 1582 Consul
759 1531 1324 1600 propere‘Palmatius
1355 1531 1502 1587 istud

130 1617 325 1672 Pandit
349 1617 678 1684 Alexandro,
707 1621 801 1692 qui
825 1637 952 1677 mox
976 1622 1193 1699 delegat
1213 1625 1391 1682 eidem

129 1705 336 1779 Cogere
363 1705 715 1764 Christicolas
742 1711 872 1778 aris,
901 1711 988 1767 vel
1025 1713 1267 1770 subdere
1297 1718 1495 1788 pmnis.

131 1796 219 1851 Ille
254 1797 451 1852 decem
480 1797 549 1853 de
589 1798 803 1867 militia,
828 1817 1024 1872 parere
1054 1812 1294 1874 paratos,

125 1888 416 1943 Devincire
443 1889 615 1957 viros,
660 1891 984 1965 clerumque
1023 1895 1344 1968 Patremque
1379 1898 1640 1956 Calixtum

125 1972 284 2029 )Iittit
317 1992 332 2039 ;
365 1983 419 2030 at
445 1985 504 2032 ut
533 1977 774 2034 subeunt
805 1997 912 2053 qua
935 1983 1130 2039 concio
1154 1983 1291 2040 lucis
1322 1988 1539 2062 agebat,

125 2063 370 2120 Pectoris
388 2067 687 2124 obscurum
720 2072 902 2126 vultus
931 2073 1169 2149 caligine
1200 2077 1461 2146 produnt,

126 2155 474 2230 lndignoque
505 2161 695 2216 videre
726 2173 1020 2236 queantne
1043 2167 1250 2224 lumine
1270 2186 1445 2230 sacra.

122 2241 382 2304 Frustrati
411 2250 684 2308 immerito
717 2267 1042 2328 conspectu,
1077 2259 1285 2315 lumina
1319 2272 1550 2334 ponunt.

120 2335 366 2393 Territus
388 2339 472 2395 his
501 2343 693 2398 consul
724 2345 836 2420 regi
871 2355 1080 2417 patrata
1112 2351 1316 2405 revelat

123 2424 531 2502 Pnesentatque
553 2433 721 2502 viros,
750 2444 911 2492 cauto
930 2454 1070 2509 quos
1099 2439 1192 2495 ille
1227 2457 1530 2499 renoscens

123 2519 349 2588 Intuitu,
382 2524 605 2579 atraciis
638 2527 754 2582 hac
783 2527 1010 2600 deputat
1037 2540 1156 2587 acta
1186 2536 1436 2604 venenis,

121 2607 320 2663 Consul
351 2611 422 2665 ad
454 2612 570 2668 hazc
603 2631 616 2669 :
651 2635 681 2666 α
705 2616 930 2692 Magicis
945 2620 991 2674 si
1018 2620 1310 2680 fraudibus
1341 2626 1442 2683 ista
1458 2637 1736 2703 gerantur,

118 2699 354 2756 Virtutes
381 2703 474 2758 ubi
501 2714 630 2762 sunt
661 2717 973 2766 nostrorum
1006 2723 1060 2768 et
1091 2717 1320 2773 numina
1351 2699 1535 2776 divum
1568 2721 1595 2776 ?

116 2796 252 2860 Quin
281 2797 479 2866 jubeat
508 2807 599 2856 tua
629 2803 714 2858 dis
733 2805 910 2876 pietas
942 2807 1205 2866 libamina
1229 2811 1377 2878 ferri,

110 2889 338 2945 Publica
363 2907 453 2947 res
482 2909 706 2963 pessum
739 2913 811 2953 ne
843 2898 1038 2956 horum
1087 2919 1190 2973 per
1216 2907 1462 2963 carmina
1491 2909 1675 2967 detur.
1711 2937 1734 2961 ιο

112 2976 442 3034 Mercurium
474 2993 662 3038 monet
693 2984 967 3062 Augustus
993 3006 1093 3061 per
1120 3008 1274 3050 sacra
1300 2999 1628 3071 rogandum,

113 3068 516 3144 Propositaque
541 3073 629 3129 die
661 3077 846 3132 cuncti
880 3087 1083 3149 praesto
1114 3098 1235 3138 esse
1267 3068 1506 3150 Quirites

113 3157 370 3214 Prodenti
395 3169 609 3218 secreta
635 3163 803 3220 deum
831 3183 1089 3238 praecone
1118 3171 1407 3240 jubentur.

107 3249 338 3306 Pollutis
370 3255 646 3324 pecudum
665 3260 892 3335 sanguis
911 3261 1044 3317 dum
1086 3262 1334 3322 funditur
1363 3268 1494 3338 aris,

107 3343 367 3399 Indomiti
401 3345 531 3402 inde
569 3348 774 3406 cadunt
792 3352 972 3422 vituli,
998 3358 1150 3425 porci
1183 3358 1311 3416 inde
1342 3371 1628 3432 necantur,

109 3436 237 3492 Inde
267 3439 590 3498 sacerdotes
621 3443 814 3501 Bacchi
844 3463 942 3518 per
972 3447 1203 3507 delubra
1235 3455 1381 3510 misti

111 3529 511 3601 Lymphantur,
541 3535 751 3606 rapitur
772 3546 916 3596 torto
945 3542 1274 3617 virguncula
1294 3547 1446 3616 divo,

111 3619 500 3694 Exclamatque
528 3625 706 3695 palam
739 3643 752 3681 :
784 3648 806 3677 ι
829 3628 995 3687 Vivus
1024 3648 1297 3707 verusque
1326 3636 1518 3695 Calixti

107 3707 190 3763 Est
216 3710 371 3765 Deus
397 3729 415 3776 ;
447 3711 747 3786 indignans
769 3717 963 3774 harum
998 3724 1317 3781 contamine
1348 3743 1530 3783 rerum

109 3800 407 3872 Imperium
434 3811 577 3862 teret
613 3806 704 3862 hic
725 3817 987 3880 vestrum,
1021 3816 1169 3885 quod
1203 3834 1346 3873 vana
1379 3821 1639 3891 petatis.»

107 3893 189 3947 His
217 3895 486 3966 stupidus
515 3897 691 3969 captis
710 3899 1006 3960 Palmatius
1039 3906 1187 3963 ilicet
1218 3910 1423 3968 almum

109 3981 436 4040 Pontificem
477 3985 621 4042 Petri
654 3991 948 4062 accedens,
975 3997 1206 4071 vestigia
1237 4016 1446 4070 pronus

105 4075 412 4151 Astringit:
447 4097 468 4125 ι
505 4078 956 4152 Cognovi,aiens,
987 4085 1392 4163 Dominumque
1425 4094 1728 4170 Deumque,

106 4167 278 4242 Digno
303 4168 439 4237 jure
465 4170 591 4226 coeli
622 4172 918 4242 Christum,
944 4195 1107 4250 quem
1141 4181 1425 4240 daemones
1454 4189 1558 4244 acti

103 4256 247 4310 Fassi
280 4264 420 4312 sunt
450 4259 615 4316 hodie
643 4279 658 4327 ;
691 4279 884 4335 quare,
917 4269 1149 4337 conjuro
1181 4287 1281 4342 per
1310 4273 1510 4345 ipsum,

100 4350 258 4422 Eripe
283 4367 382 4407 me
412 4351 564 4409 cultu
595 4354 886 4428 larvarum,
919 4360 1162 4434 almique
1193 4366 1416 4429 lavacri.

97 4438 209 4500 Quo
233 4439 483 4496 renitere
511 4440 679 4499 doces
697 4444 900 4514 justos,
934 4465 1021 4504 me
1043 4451 1192 4508 dilue
1222 4455 1475 4527 lymphis.
1518 4481 1538 4510 ρ

95 4528 295 4585 Praesul
315 4531 414 4586 ubi
451 4533 568 4590 haec
601 4551 737 4606 puro
771 4539 968 4609 probat
990 4543 1141 4599 hunc
1173 4545 1503 4618 depromere
1532 4554 1720 4622 corde,

98 4620 363 4676 Indicens
383 4625 685 4681 catechizat
709 4627 759 4682 ei
780 4628 997 4699 jejunia
1024 4650 1177 4691 more
1209 4654 1224 4702 ;

98 4713 262 4770 Lotus
291 4721 357 4770 ut
380 4716 637 4774 almiﬁcis
667 4723 1016 4797 mundusque
1045 4729 1282 4804 resurgit
1309 4731 1377 4784 ab
1406 4733 1591 4801 undis,

96 4805 380 4861 Exclamat
417 4825 430 4862 :
468 4828 493 4858 α
519 4809 654 4865 Vere
683 4813 1038 4871 manifestum
1075 4817 1258 4873 lumen
1281 4819 1469 4877 Jesum

97 4895 402 4968 ConSpexi,
434 4913 634 4970 supero
665 4903 761 4974 qui
792 4921 881 4960 me
911 4906 1201 4964 illustravit
1223 4910 1452 4966 honore.
1486 4933 1510 4963 »

93 4988 415 5064 Gignuntur
440 4993 612 5066 geniti
643 4995 924 5064 Ecclesiae,
957 5001 1477 5076 conjungituruxor,

95 5077 472 5150 Abluiturque
502 5079 706 5138 domus
733 5083 1060 5144 famulorum
1092 5099 1243 5166 grata
1266 5100 1481 5151 caterva

96 5166 518 5243 Quinquaginta
541 5170 652 5227 duo
679 5173 904 5231 discreti
937 5177 1113 5235 limite
1143 5197 1326 5238 sexus.

97 5255 228 5312 Inde
261 5259 560 5316 facultates
581 5265 789 5321 sanctis
817 5270 1132 5339 expendere
1159 5274 1353 5348 egenis

98 5345 365 5408 Quaesitis
391 5358 583 5415 certat,
613 5352 816 5410 victum
844 5345 1519 5434 tegimenquevministrat.

163 5435 299 5493 Post
331 5438 556 5513 triginta
577 5440 699 5498 dies
731 5444 874 5501 hunc
901 5446 1080 5504 Caesar
1111 5452 1326 5522 quaerit,
1348 5461 1402 5509 et
1427 5455 1583 5512 audit

96 5525 483 5586 Christicolam
503 5531 726 5603 factum,
752 5538 976 5594 mandat
995 5541 1102 5597 sibi
1134 5543 1314 5600 sistier
1342 5556 1544 5612 actum,

167 5696 432 5768 (179-80)
465 5700 540 5755 Id.
575 5709 658 5757 est
678 5704 866 5774 jacens
898 5714 1047 5765 tecto.

776 311 858 365 DE
898 310 1154 368 CHRISTI
1194 313 1553 374 TBIUMPHIS
1590 316 1764 372 APUD
1803 318 2078 375 lTALlAM
2118 321 2294 378 LIBRI
2335 323 2466 380 XIV.
2508 356 2567 366 —
2615 327 2739 382 LIB.
2784 329 2869 384 IV.

3389 337 3496 392 658

1795 448 1844 516 Α
1872 444 2076 500 Tentus
2100 446 2372 520 Torquato
2403 451 2642 521 quodam
2675 453 2970 512 insidiante
2993 455 3236 526 tribuno,

1869 536 2125 592 Truditur
2149 538 2204 593 in
2234 539 2542 596 Mamertini
2575 544 2810 619 caligine
2839 547 3082 602 claustri.

1866 626 1995 681 Tres
2025 635 2153 698 post
2184 629 2314 685 inde
2346 631 2468 686 dies
2491 632 2687 689 vinclis
2716 635 3009 693 adducitur
3033 649 3162 696 ante

1867 718 2088 774 Cinctus
2117 715 2502 790 Alexandrum,
2534 724 2672 778 solvi
2695 742 2857 798 quem
2883 730 3131 802 praecipit
3161 732 3253 790 ille
3287 753 3302 802 ;

1864 807 2132 876 Solvitur,
2149 811 2295 867 haud
2318 823 2650 882 exarmatur,
2674 824 2804 873 tunc
2832 818 3193 892 induperator
3218 843 3231 879 :

1869 922 1888 950 ι
1927 902 2163 960 Siccine.
2209 905 2437 963 Palmati
2476 909 2727 978 demens,
2762 913 2868 968 heu
2900 912 2913 968 l
2944 914 3118 972 factus
3147 919 3392 991 haberis,

1862 993 1926 1048 Ut
1957 994 2218 1068 linquens
2245 998 2402 1054 divos
2431 1001 2712 1058 hominem
2732 1013 2946 1061 sectere
2976 1011 3280 1080 sepultum.
3311 1035 3334 1065 n

1862 1083 1956 1141 Cui
1980 1087 2194 1144 diversa
2227 1089 2370 1146 inter
2399 1095 2592 1150 consul
2623 1096 2751 1152 data
2777 1097 2904 1154 talia
2932 1101 3112 1158 reddit
3144 1121 3158 1158 :

1863 1203 1888 1226 α
1923 1179 2150 1236 Nescius
2174 1181 2479 1257 infelixque
2502 1187 2634 1242 olim
2658 1206 2758 1260 per
2787 1208 2926 1247 vana
2955 1195 3215 1269 vagabar,

1860 1271 2014 1327 Nunc
2065 1289 2254 1330 verum
2306 1292 2544 1336 noscens
2587 1281 2881 1340 Dominum
2939 1285 3210 1344 Christum
3276 1300 3474 1362 expeto

3159 1383 3408 1457 [supplex

1861 1456 2050 1514 Pareat
2078 1466 2137 1514 ut
2156 1463 2329 1517 errori
2355 1465 2602 1522 tenebris
2631 1466 2989 1526 hebetudinis
3015 1481 3157 1530 acto.
3197 1498 3218 1526 ι

1861 1552 1957 1607 Ille
1994 1554 2124 1611 dolo
2165 1556 2355 1614 ridens
2383 1561 2548 1616 tradit
2571 1563 2720 1619 claro
2751 1582 2877 1622 arce
2893 1577 3116 1626 senatus

1857 1643 2160 1716 Simplicio,
2199 1661 2417 1707 revocet
2437 1653 2623 1709 divum
2648 1672 2747 1726 per
2772 1659 2959 1715 mollia
2977 1659 3119 1718 fanis

1773 1764 1824 1832 Β
1854 1734 2208 1807 Przecipiens,
2239 1737 2572 1815 blandisque
2601 1746 2804 1820 adigat,
2837 1749 2969 1805 dum
2997 1754 3217 1812 turbida
3247 1758 3396 1816 vitet.

1851 1825 1966 1890 Quo
1998 1827 2305 1886 deleniﬁca
2329 1833 2647 1908 celebrique
2678 1849 2941 1912 exceptus
2978 1845 3187 1903 honore

1850 1915 2112 1972 Excubiis
2128 1921 2498 1995 precibusque
2531 1926 2637 1997 piis
2656 1927 2870 1998 jejunia
2900 1934 3087 2002 comit,

1849 2005 2134 2062 Summum
2167 2025 2332 2068 orans
2360 2011 2622 2085 lacrymis
2676 2017 2890 2075 Patrem
2948 2022 3310 2100 Genitumque
3344 2048 3472 2101 pro-

3223 2120 3395 2191 [fusis,

1850 2185 2272 2262 Priscarumque
2289 2199 2486 2263 petens
2511 2196 2728 2253 veniam
2750 2215 2817 2256 ex
2838 2217 3026 2260 errore
3053 2207 3284 2266 viarum.

1847 2278 2072 2335 Accedit
2102 2283 2326 2353 quidam
2349 2284 2564 2342 interea
2584 2290 2676 2360 qui
2709 2293 2947 2367 conjuge
2969 2298 3148 2365 poscit

1849 2369 2001 2426 Hunc
2025 2387 2195 2443 super
2224 2383 2450 2446 aegrota,
2479 2394 2622 2450 quae,
2677 2381 2878 2440 clinica
2935 2387 3178 2462 (179-80)
3209 2402 3466 2463 quattuor

3190 2483 3391 2554 [annis,

1843 2551 2119 2610 Semineci
2149 2554 2371 2628 longum
2406 2559 2672 2616 tractabat
2697 2578 2930 2636 corpore
2958 2566 3166 2626 Iethum
3191 2551 3210 2624 ξ

1841 2641 2117 2698 Sternitur
2148 2644 2238 2699 ille
2266 2646 2408 2713 solo,
2432 2647 2650 2704 famulis
2675 2659 2729 2707 et
2754 2655 2990 2730 conjuge
3018 2675 3198 2715 coram

1839 2727 2133 2802 Simplicii,
2167 2734 2534 2808 madidusque
2563 2741 2848 2798 oculorum
2871 2727 3024 2802 fonte
3055 2757 3308 2817 precatur
3341 2771 3354 2808 :

1844 2838 1869 2869 (ι
1903 2819 2521 2892 Omnipotens,servum
2547 2831 2638 2901 qui
2662 2831 2890 2890 luminis
2922 2837 3189 2895 irradiasti

1840 2914 1984 2971 Luce
2012 2916 2110 2988 pii,
2143 2925 2409 2976 aeternum
2427 2923 2682 2993 praebens
2708 2927 2838 2983 mihi
2860 2929 3046 2987 lumen
3069 2935 3245 2990 Iesum

1843 3005 2062 3073 Quaeso,
2094 3015 2242 3064 tuam
2276 3011 2494 3068 salvans
2522 3014 2800 3082 famulam,
2825 3019 2970 3076 lecto
2997 3023 3148 3098 erige
3174 3023 3456 3097 blandam,

1760 3140 1808 3208 Ο
1846 3096 2175 3156 Cunctarum
2205 3111 2264 3159 ut
2291 3120 2474 3161 rerum
2499 3107 2650 3164 solus
2678 3125 2905 3167 noscare
2935 3096 3165 3174 creator.
3201 3139 3222 3168 ι

1839 3191 1991 3248 Illico
2024 3191 2226 3250 blanda
2256 3196 2372 3252 suis
2409 3200 2662 3273 gaudens
2687 3218 2978 3263 accurrere
3009 3208 3228 3278 plantis.

1837 3283 2106 3354 Simplicii
2126 3286 2266 3356 petit
2293 3287 2416 3359 ipsa
2445 3290 2693 3361 domum,
2725 3294 3036 3369 clamatque
3068 3309 3332 3376 rogatque
3363 3324 3375 3360 :

1834 3397 1860 3423 «ι
1894 3378 1954 3431 In
1992 3377 2216 3435 Domini
2242 3381 2374 3438 Jesu
2396 3401 2486 3440 me
2505 3388 2728 3444 nomine
2749 3390 2902 3464 tinge
2927 3392 3164 3463 lavacro,

1833 3470 1873 3522 A
1903 3485 2014 3541 quo
2036 3486 2156 3526 sum
2179 3489 2510 3546 comprensa
2546 3495 2736 3546 manu,
2768 3483 2984 3540 sublata
3011 3489 3262 3561 grabato.
3298 3513 3326 3543 η

1833 3558 1983 3614 Felix
2002 3569 2122 3617 acta
2152 3563 2346 3620 videns
2376 3566 2493 3622 haec
2513 3558 3173 3646 Simpliciusquesenator

1834 3654 2265 3715 Puriﬁcarentur
2294 3677 2513 3733 cmpere
2536 3681 2734 3739 urgere
2755 3666 2998 3727 beatum.

1833 3752 2085 3808 Actutum
2119 3755 2211 3810 ille
2234 3756 2448 3813 Patrem
2478 3761 2663 3817 studet
2689 3767 2959 3822 accersire
2986 3768 3251 3829 Calixtum
3281 3792 3295 3841 ;

1836 3840 1934 3904 Qui
1970 3842 2201 3898 veniens
2241 3844 2439 3901 Christi
2478 3857 2656 3904 sacrat
2684 3851 3016 3925 baptismate
3045 3868 3273 3916 cunctos

1836 3929 2220 4002 Simpliciique
2249 3931 2496 4003 domum,
2526 3953 2774 4008 uxorem,
2796 3944 3078 4018 genitoset
3105 3949 3377 4020 alumnos,

1833 4022 2125 4098 Sexaginta
2150 4025 2362 4082 animas
2379 4027 2514 4100 ipsis
2530 4047 2699 4103 super
2713 4036 2950 4107 amplius
2977 4046 3124 4095 octo.

1905 4116 2186 4173 Exsultant
2211 4121 2386 4176 sancti
2410 4124 2724 4180 veneranda
2741 4133 2945 4200 tropea
2969 4132 3241 4204 colentes,

1830 4207 1970 4263 Dant
2000 4209 2193 4266 laudes
2221 4212 2474 4280 Domino,
2509 4233 2608 4288 per
2633 4235 2796 4290 quem
2823 4221 3072 4292 victoria,
3102 4242 3332 4286 summo.

1832 4299 2190 4372 Comperiens
2225 4305 2374 4374 quod
2404 4305 2727 4363 Alexander
2755 4309 3084 4382 baptismate
3113 4318 3313 4375 multos

1832 4391 2086 4450 Delubris
2109 4393 2382 4465 demptos,
2401 4413 2500 4452 cur
2527 4413 2718 4455 eorum
2750 4401 2939 4476 dirigit
2959 4421 3111 4460 arma

1741 4467 1796 4535 D
1823 4481 2076 4537 Armatos
2104 4491 2299 4539 contra
2319 4483 2450 4540 fidei
2474 4488 2804 4557 munimine,
2831 4493 3102 4562 membra,

1826 4569 1954 4634 Quae
1986 4587 2088 4627 nec
2109 4588 2459 4649 propugnare
2485 4587 2698 4647 parant,
2742 4579 2858 4635 leve
2889 4588 3067 4638 terrea
3098 4593 3302 4657 captat,

1827 4663 2001 4735 Atque
2033 4679 2226 4719 omnes
2254 4666 2453 4737 capitis
2476 4669 2745 4738 jacturam
2785 4688 3006 4728 sumere
3026 4687 3216 4732 censet
3247 4695 3261 4744 ;

1832 4753 1993 4808 Urbis
2023 4763 2078 4809 et
2102 4755 2320 4811 eximiae
2351 4758 2533 4829 capita
2564 4758 2621 4813 in
2652 4759 2872 4836 fastigia
2899 4763 3118 4828 tollens,

1829 4845 2113 4916 Depromit
2139 4848 2292 4904 necis
2321 4851 2634 4921 exemplum
2659 4851 2905 4925 fideique
2934 4855 3298 4928 triumphum.

1825 4934 2209 5009 Presbyterum
2242 4941 2598 5013 Calepodium
2619 4944 2733 5014 jam
2755 4947 3027 5020 sanguine
3057 4947 3286 5019 fessum,

1818 5028 2066 5086 Flamine
2104 5031 2612 5110 robustum,rigido
2644 5036 2793 5092 ferus
2823 5055 2957 5095 ense
2979 5041 3236 5108 truridat,

1827 5118 2260 5192 Romuleamque
2289 5123 2430 5177 trahi
2448 5123 2658 5180 faciens
2688 5127 2839 5183 senis
2867 5144 2992 5184 ossa
3022 5146 3123 5201 per
3151 5130 3365 5195 urbem,

1826 5211 2127 5269 Abscondit
2157 5214 2338 5270 Tiberi
2371 5235 2387 5282 ;
2412 5217 2593 5274 bonus
2620 5225 2676 5274 at
2695 5219 2856 5276 Pater
2885 5221 3003 5292 ipsa
3032 5222 3271 5278 I‘alixtus

1830 5304 2106 5361 Undarum
2133 5314 2468 5365 scrutatores
2496 5311 2818 5383 perquirere
2857 5315 3036 5385 poscit
3067 5331 3081 5379 ;

1830 5394 1912 5449 Illi
1953 5395 2176 5452 inventa
2201 5397 2384 5453 levant
2408 5400 2650 5456 sinuosis
2681 5401 2910 5457 ﬂumine
2941 5403 3102 5457 textis

1827 5487 1888 5542 Et
1921 5501 2119 5559 papam
2151 5490 2458 5546 exhilarant
2489 5492 2630 5548 laetis
2659 5509 2758 5564 per
2787 5494 2981 5548 nuntia
3011 5494 3193 5550 dictis.

1826 5575 2089 5632 Dulcibus
2110 5577 2202 5634 ille
2229 5580 2449 5652 hymnis
2479 5581 2711 5638 Domino
2742 5582 2833 5655 pia
2861 5582 3105 5638 carmina
3127 5583 3366 5639 reddens
