3962 6140
440 302 546 356 659
1213 291 1579 348 FLODOARDI
1612 287 1919 344 CANONlCl
1961 284 2290 340 REMENSIS
2331 285 2665 343 OPUSCULA
2705 287 3009 343 METRICA.
3663 297 3760 350 660

443 425 704 497 Suscipit,
738 440 801 478 ac
820 422 994 478 multo
1013 427 1266 477 sanctum
1299 418 1756 489 impletaromate
1780 415 1968 482 funus,

443 519 826 588 Carbaseoque
861 523 1050 589 tegens
1081 513 1321 584 pretiosa
1343 510 1573 566 monilia
1602 509 1772 573 cultu,

443 614 563 684 lpse
585 610 733 682 quod
762 608 1014 664 ediderat
1041 606 1228 660 senior
1256 604 1536 659 studiosus
1575 603 1786 656 honore

443 704 640 759 (.hristi
673 702 1000 757 athletarum
1033 699 1229 770 recipit
1260 687 1502 769 pollente
1529 694 1803 767 sepulcro.

519 797 813 851 Remorum
844 793 1012 847 dansa
1035 791 1214 845 lanius
1246 789 1550 862 prepagine
1578 803 1737 849 caesa,

446 889 461 940 l
473 901 630 956 psum
659 881 1010 954 persequitur
1027 879 1196 933 fetum
1220 879 1364 932 almo
1385 876 1636 950 germine
1677 874 1866 939 robur,

448 971 881 1042 Pontificemque
903 978 1100 1024 tenens
1131 967 1452 1038 lymphante
1478 964 1662 1019 furore
1693 963 1716 1016 ί
1735 962 1957 1018 alixtum

449 1066 667 1121 Molitur
696 1077 958 1134 superare
987 1059 1132 1115 fame
1158 1076 1170 1112 :
1203 1059 1509 1130 quintoque
1539 1055 1725 1112 voluto

448 1157 575 1213 Sole
603 1154 779 1230 magis
807 1151 1105 1209 confortari
1139 1151 1268 1205 dum
1303 1149 1558 1204 tristibus
1587 1148 1742 1204 audit

450 1245 686 1302 Marcida
715 1242 955 1299 robustis
979 1241 1192 1313 jejunia
1213 1239 1450 1294 fustibus
1473 1245 1657 1312 auget,

450 1343 809 1411 lloboreaque
839 1337 959 1392 dies
988 1336 1320 1407 impugnans
1349 1340 1550 1389 mactat
1569 1334 1639 1405 lin
1657 1347 1853 1388 omnes

450 1431 608 1487 Crede
633 1429 832 1494 virum,
861 1424 1164 1497 prohibens
1191 1439 1260 1478 ne
1291 1421 1416 1494 quis
1433 1422 1627 1477 solatia
1657 1421 1850 1474 saltem

449 1521 672 1577 Visendi
712 1517 814 1573 sub
847 1522 1005 1571 nocte
1031 1515 1172 1570 ferat
1200 1532 1214 1580 ;
1238 1513 1332 1585 qui
1363 1512 1503 1568 forte
1532 1519 1784 1582 repertus

449 1617 665 1673 Crimen
687 1619 866 1669 morte
896 1612 1029 1665 luat.
1065 1608 1248 1663 Multis
1276 1607 1369 1662 hic
1398 1614 1555 1662 antra
1584 1605 1785 1659 diebus

450 1713 588 1766 Dum
618 1709 766 1765 fovet
795 1707 1084 1776 impastus,
1108 1701 1379 1758 solamina
1400 1701 1611 1772 praebet
1641 1699 1692 1754 ei
1711 1699 1902 1754 aethra.

452 1804 687 1876 Legatur
715 1797 1047 1869 Calepodius
1074 1797 1194 1850 haec
1215 1793 1401 1848 dulcia
1425 1799 1649 1864 portans
1683 1809 1696 1846 :

459 1917 479 1944 (ι
522 1895 667 1956 Esto,
698 1891 879 1956 Pater,
911 1887 1122 1952 ﬁrmus,
1154 1893 1246 1940 tua
1278 1901 1403 1939 nam
1439 1882 1683 1956 perfecta
1709 1896 1914 1938 corona
1943 1887 2044 1936 est.

456 1980 760 2037 Mercedem
792 1985 854 2034 ut
882 1976 1070 2048 capias
1100 1974 1292 2030 aeterni
1319 1972 1570 2028 muneris
1595 1971 1854 2044 amplam.
1891 1991 1916 2021 υ

457 2076 567 2130 Nec
592 2078 748 2129 vacat
777 2070 1064 2125 abstrusus
1090 2065 1469 2121 medicamina
1501 2065 1746 2136 pendere
1768 2070 1933 2119 tutor.

455 2163 610 2219 Miles
642 2168 759 2216 erat
779 2157 1028 2232 quidam,
1061 2157 1314 2210 Privatus
1346 2152 1596 2220 nomine,
1619 2152 1820 2223 plenus

458 2251 765 2317 Ulceribus,
799 2248 958 2304 dolor
987 2245 1240 2301 assiduus
1270 2241 1551 2298 cruciabat
1589 2241 1850 2295 anhelum
1886 2255 1902 2309 ;

456 2350 514 2405 Is
534 2348 770 2421 pedibus
800 2361 861 2400 se
885 2349 1244 2415 prosternens
1269 2354 1392 2394 cum
1424 2336 1629 2392 famine
1659 2351 1817 2408 papa;

460 2443 662 2497 Devote
701 2437 884 2510 precis
898 2433 1144 2507 exposcit
1174 2433 1442 2506 languore
1461 2427 1653 2484 levari.

464 2537 671 2593 Suadet
700 2534 904 2590 habere
935 2529 1101 2586 fidem
1125 2529 1308 2596 Pater,
1329 2527 1692 2596 hortaturque
1714 2522 1929 2579 lavacro

2084 420 2136 486 Α
2160 414 2430 482 Mundari,
2462 416 2745 487 spondens
2777 404 2977 471 ani'mte
3007 417 3302 489 carnisque
3330 419 3576 475 nitelam.

2163 505 2394 562 Credere
2418 508 2512 580 qui
2545 508 2738 574 fassus,
2771 509 3091 581 donumque
3115 510 3436 582 indemptus
3455 521 3754 585 utrumque,

2162 598 2418 670 Corporis
2440 600 2646 656 indicio
2677 601 2878 658 mentis
2899 601 3176 672 depromit
3196 602 3486 670 honorem,

2160 693 2336 763 Atque
2368 694 2539 748 Deum
2569 710 2759 748 verum
2788 694 3044 764 jocundis
3071 694 3332 750 laudibus
3363 695 3537 751 effert.

2162 783 2307 838 Facti
2339 801 2530 840 rumor
2559 786 3014 840 Alexandridum
3044 787 3282 858 perculit
3310 805 3488 856 aures,

2162 879 2408 952 Exagitat
2434 879 2585 936 furor
2612 899 2625 948 ;
2659 882 2960 936 invalidum
2992 883 3088 954 qui
3120 884 3366 956 pondere
3394 901 3634 956 pressus,

2168 971 2376 1026 Irarum
2407 971 2621 1042 plumbi
2643 973 2916 1029 Privatum
2943 974 3189 1046 pondere
3219 983 3440 1042 mactat,

2169 1059 2604 1133 Pontiﬁcemque
2629 1062 2836 1130 jubcns
2875 1063 3177 1136 propellier
3202 1065 3343 1132 mde,
3375 1065 3614 1120 fenestra

2176 1153 2522 1224 Praecipitem
2539 1154 2684 1209 celsa
2715 1154 2808 1211 dat
2829 1171 2960 1212 saxo
2982 1157 3121 1212 colla
3145 1167 3426 1232 gravatum

2167 1240 2419 1316 Demergi
2461 1243 2518 1297 in
2548 1251 2799 1313 puteum,
2830 1246 3139 1300 cumulatur
3158 1246 3320 1301 sorde
3342 1246 3672 1300 barathrum.

2170 1335 2409 1407 Postque
2441 1336 2636 1391 decem
2656 1344 2985 1410 septemque
3017 1338 3136 1393 dies
3167 1348 3396 1394 curante
3417 1339 3669 1394 levantur

2167 1428 2382 1483 Asterie
2402 1437 2563 1483 noctu
2587 1430 2781 1499 juncto
2813 1446 2968 1485 sacra
2999 1430 3230 1503 pignora
3261 1432 3430 1497 clero,

2172 1521 2299 1583 Quae
2331 1520 2612 1590 Calepodii
2644 1521 2822 1576 bustis
2859 1521 3077 1577 Aurelia
3109 1523 3364 1594 sumpsit.

2169 1613 2260 1666 Ast
2289 1611 2513 1687 longum
2547 1615 2798 1684 posthac,
2829 1614 3019 1670 divino
3048 1614 3297 1680 numine,
3327 1615 3509 1670 Remis

2096 1742 2146 1809 Β
2173 1699 2449 1809 Delegata,
2477 1702 2572 1756 Dei
2611 1702 2876 1772 templum
2907 1702 3198 1758 Genitricis
3229 1704 3518 1769 adornant,

2177 1790 2341 1844 lsthic
2361 1801 2673 1847 consortem
2699 1792 2856 1861 juxta
2884 1792 3192 1865 palmaeque
3210 1795 3521 1866 gradusque

2179 1879 2398 1937 Consita
2429 1882 2728 1950 Nicasium,
2755 1883 2848 1956 qui
2882 1884 3036 1938 urbis
3065 1885 3175 1940 duo
3205 1885 3413 1940 lumina
3447 1894 3652 1941 nostrae

2180 1973 2562 2032 Condecorant
2582 1976 2890 2048 clypeoque
2924 1993 3150 2048 precum
3175 1978 3300 2032 data
3326 1978 3531 2032 moenia
3559 1984 3775 2032 servant

2180 2070 2473 2141 Presbyter
2508 2069 2776 2136 Asterius,
2808 2069 2969 2140 patrii
2996 2078 3214 2126 curator
3241 2071 3485 2138 honoris,

2180 2163 2384 2217 Tentus
2413 2162 2742 2231 Alexandro,
2760 2161 2930 2217 decus
2952 2163 3054 2218 hoc
3084 2164 3295 2219 zelante
3316 2165 3574 2236 sepulcri,

2185 2255 2249 2308 Ut
2264 2271 2436 2325 quem
2465 2255 2814 2326 praestiterat,
2846 2263 2970 2327 post
3001 2255 3119 2327 ipse
3147 2266 3360 2312 careret
3383 2257 3622 2323 honore,

2187 2343 2568 2414 Praecipitatur
2591 2361 2762 2417 aquas
2793 2344 2903 2401 alto
2935 2345 3004 2400 de
3036 2352 3203 2416 ponte
3235 2345 3337 2400 sub
3369 2347 3508 2400 imas
3539 2365 3553 2409 ;

2188 2437 2398 2508 Excipit
2419 2437 2677 2494 attollens
2707 2439 2873 2510 hujus
2904 2448 3087 2495 tamen
3107 2439 3252 2494 Ostia
3281 2439 3548 2494 membra.

1961 2638 2174 2696 CAPUT
2218 2640 2304 2696 IX.

1789 2744 1869 2803 De
1907 2751 2119 2804 sancta
2161 2743 2449 2804 Martina.

468 2888 740 2940 Praeterea
761 2879 968 2935 multos
1001 2877 1168 2933 variis
1196 2873 1530 2932 cruciatibus
1558 2879 1710 2928 actos

471 2978 679 3049 lmpius
708 2974 802 3029 hic
821 2973 1002 3028 Cmsar
1029 2969 1248 3041 capitali
1275 2969 1395 3040 lege
1419 2965 1672 3022 trucidat.

469 3070 580 3125 Sub
613 3083 722 3141 quo
747 3067 900 3139 virgo
926 3063 1111 3118 nitens
1139 3068 1293 3127 natu,
1324 3057 1620 3113 virtutibus
1649 3057 1777 3123 alta,

471 3161 692 3216 Ornavit
717 3157 969 3230 percelsa
1008 3154 1185 3210 crucis
1209 3151 1441 3207 Martina
1471 3157 1697 3220 trepaaa.

471 3253 599 3316 Quae
629 3248 789 3305 claris
806 3245 1025 3318 pollens
1044 3242 1262 3314 Opibus,
1287 3249 1441 3312 patre
1461 3239 1686 3294 consule
1709 3242 1858 3304 nata,

473 3336 810 3395 Christicolis
831 3336 978 3408 large
998 3333 1202 3388 victum
1236 3329 1520 3401 praebebat
1550 3327 1761 3401 egenis.

476 3430 680 3484 Prensa
701 3426 770 3480 ab
797 3422 1134 3488 Alexandro,
1165 3419 1374 3475 Phoebo
1393 3419 1524 3473 dare
1557 3419 1716 3472 thura
1739 3417 1986 3486 jubetur.

476 3522 571 3576 llla
592 3535 785 3593 preces
817 3525 878 3572 ut
907 3516 1106 3580 fundit,
1128 3515 1354 3568 humum
1381 3509 1674 3566 concussio
1700 3509 1926 3563 vibrans

478 3611 751 3673 Percellit,
788 3609 974 3664 tremit
998 3605 1160 3672 Urbs,
1194 3605 1306 3659 fani
1331 3619 1459 3675 pars
1488 3618 1648 3657 versa
1678 3600 1932 3656 residens

475 3705 764 3762 Sacrificos
778 3703 1003 3776 promit,
1041 3700 1256 3774 efﬁgies
1280 3699 1522 3754 resoluta
1551 3695 1776 3751 fatiscit.

479 3796 570 3850 His
586 3794 820 3850 furiatus
847 3791 1155 3847 Alexander
1169 3788 1329 3859 jubet
1355 3803 1452 3843 ora
1471 3785 1672 3857 puellae

477 3888 656 3946 Tundi
687 3885 881 3958 alapis,
913 3884 1043 3940 cilia
1068 3880 1344 3938 horrificis
1367 3879 1663 3950 irrumpier
1690 3877 1890 3945 hamis,

480 3978 775 4036 Carnifices
793 3984 996 4031 sanctae
1037 3973 1219 4044 pcenis
1259 3968 1688 4037 insisterejussi,

480 4072 708 4130 Defectu
738 4068 968 4140 stupidi,
997 4066 1182 4120 subito
1213 4063 1455 4118 clamore
1484 4062 1724 4116 fatentur

485 4163 720 4218 Cernere
739 4177 799 4214 se
829 4158 996 4214 rutilo
1015 4155 1293 4210 radiantes
1312 4159 1573 4225 quattuor
1599 4167 1695 4206 ore

485 4256 638 4309 Stare
664 4251 832 4315 viros,
863 4249 1037 4320 ipsam
1065 4246 1189 4300 laeto
1221 4242 1314 4314 qui
1346 4241 1553 4296 famine
1589 4239 1809 4295 firment
1840 4258 1854 4298 :

488 4346 555 4401 At
581 4343 689 4399 sibi
720 4338 1042 4414 segniﬁcam
1076 4341 1324 4407 perstent
1354 4331 1608 4407 infligere
1640 4346 1856 4401 pcenam

488 4440 775 4513 Fragmine
795 4444 1059 4492 testarum
1090 4431 1321 4504 posthac
1349 4430 1479 4484 dum
1497 4427 1771 4484 scinditur
1796 4426 1958 4492 alma,

487 4530 861 4600 Perduratque
892 4530 1089 4597 potens
1127 4521 1348 4578 lictores
1377 4519 1479 4574 ista
1510 4524 1788 4590 patrantes

489 4623 620 4678 Octo
647 4619 850 4691 quibus
873 4616 1089 4686 jussum
1119 4611 1414 4667 sceleratas
1440 4609 1608 4664 edere
1639 4623 1852 4680 pmnas.

493 4715 681 4772 Divina
717 4711 962 4768 bonitate
993 4708 1085 4780 pio
1115 4713 1258 4761 stant
1285 4705 1496 4760 lumine
1521 4701 1742 4758 tandem

496 4808 674 4864 lnduti
705 4813 871 4878 atque
893 4799 1272 4865 ministerium
1303 4797 1526 4852 crudele
1557 4802 1823 4870 negantes

492 4901 705 4956 Christo
719 4898 1060 4971 proclamant
1075 4893 1306 4950 Domino
1327 4909 1388 4948 se
1416 4891 1643 4947 credere
1667 4904 1816 4944 vero.

493 4994 639 5058 Quos
665 4997 856 5048 contra
888 4989 1066 5044 Caesar
1094 4985 1452 5042 furibundam
1475 4997 1740 5038 accensus
1769 4980 1826 5034 in
1845 4980 2001 5043 iram,

495 5091 749 5162 Praecipit
778 5086 1041 5160 appensis
1071 5084 1297 5140 lacerari
1314 5083 1525 5139 viscera
1555 5079 1701 5134 ferro
1733 5095 1745 5131 :

497 5185 597 5250 Qui
629 5183 896 5238 mundum
925 5187 978 5236 et
1006 5179 1214 5234 lanium
1242 5182 1389 5231 secta
1414 5172 1630 5230 cervice
1656 5172 1978 5244 relinquunt

496 5274 778 5344 Martyres,
811 5277 866 5326 et
904 5268 1029 5324 cmli
1055 5267 1235 5322 felicia
1265 5279 1434 5338 regna
1454 5268 1774 5334 capessunt.

565 5359 862 5431 Suppliciis
890 5357 1140 5429 pulsatur
1169 5354 1298 5408 item
1340 5352 1569 5406 Martina
1598 5355 1805 5405 retecta

491 5453 771 5519 Vestibus,
810 5467 874 5507 ac
901 5449 1079 5522 plagis
1102 5462 1296 5502 omnes
1325 5444 1497 5500 incisa
1527 5460 1628 5514 per
1652 5449 1821 5508 artus,

492 5543 760 5608 Quattuor
781 5539 907 5594 hinc
929 5537 1070 5609 palis
1095 5535 1354 5598 distenta,
1379 5541 1433 5589 et
1463 5533 1661 5588 robore
1692 5548 1854 5599 caesa,

489 5633 695 5686 Cuncta
725 5628 908 5684 animo
936 5626 1062 5683 forti
1089 5631 1347 5696 suscepta
1367 5623 1612 5696 pericula
1631 5622 1790 5678 ridet.

494 5718 624 5772 Inde
653 5722 872 5786 recepta
892 5714 1050 5786 nigro
1081 5713 1361 5769 tenebrosi
1384 5712 1620 5769 carceris
1641 5720 1819 5779 antro,

2193 2870 2495 2927 Discissum
2527 2872 2720 2947 pingui
2750 2872 3101 2946 perfunditur
3129 2876 3375 2952 unguine
3405 2890 3632 2946 corpus,

2197 2961 2403 3017 Rursus
2431 2962 2738 3021 Alexandro
2769 2979 2953 3020 coram
2985 2965 3304 3020 decernitur
3332 2972 3451 3020 acta

2193 3050 2433 3106 Delubro
2462 3051 2660 3119 subici,
2694 3051 2910 3108 Christo
2938 3053 3035 3108 sed
3068 3053 3259 3127 dirigit
3287 3053 3381 3108 illa

2193 3142 2259 3199 Ut
2296 3143 2364 3198 de
2403 3159 2556 3200 more
2587 3161 2831 3216 precem,
2863 3145 3172 3201 demittitur
3199 3147 3345 3219 ignis
3374 3147 3442 3202 ab
3472 3149 3670 3213 aethra,

2110 3265 2158 3334 Ο
2189 3231 2509 3334 Ιίθτοιξῐίιδο
2540 3234 2742 3308 redigit
2770 3235 3124 3291 simulacrum
3155 3237 3212 3290 in
3240 3244 3420 3310 strage
3441 3235 3672 3302 favillae,

2196 3320 2492 3394 Exuritque
2517 3325 2831 3381 sacerdotes
2859 3325 3163 3397 sternitque
3194 3326 3494 3398 pOpellum.

2196 3414 2440 3471 Territus
2470 3417 2556 3472 his
2583 3417 2845 3489 princeps
2876 3418 3186 3491 victusque,
3228 3434 3295 3473 ea
3325 3418 3470 3473 bella
3502 3418 3801 3483 remittens,

2199 3509 2464 3567 Prazfecto
2488 3512 2704 3567 cuidam
2732 3513 2949 3568 Justino
2967 3514 3215 3588 urgenda
3247 3514 3451 3586 relegat
3474 3530 3490 3579 ;

2202 3611 2301 3676 Qui
2330 3619 2492 3668 conto
2524 3613 2666 3669 hanc
2689 3613 2850 3683 jubet
2873 3613 3390 3686 extendispatisque
3419 3613 3627 3680 secari,

2203 3708 2490 3782 Unguibus
2517 3707 2715 3764 effossa
2734 3710 2953 3766 tractari
2984 3719 3149 3766 carne
3177 3710 3445 3764 mamillas
3479 3717 3496 3762 ἑ

2203 3807 2432 3864 Horrida
2456 3809 2586 3865 dum
2625 3810 2917 3868 scrobibus
2948 3820 3170 3867 centum
3203 3818 3326 3867 octo
3368 3811 3683 3883 decemque
3714 3826 3805 3881 pa-

3549 3912 3750 3984 [tescit,

2201 4008 2428 4065 Carcere
2458 4009 2540 4065 sic
2568 4009 2785 4077 victrix,
2811 4010 3170 4084 tenebrisque
3202 4011 3502 4066 retruditur
3522 4011 3682 4066 atris.

2200 4111 2642 4182 Amphitreatrali
2670 4110 2848 4166 belvis
2878 4119 3001 4183 post
3029 4112 3261 4183 praebita
3297 4112 3427 4167 ludo

2199 4216 2429 4270 lmmani
2451 4232 2648 4272 secura
2679 4221 2862 4270 manet
2884 4230 3178 4288 congressa
3205 4215 3376 4284 leoni,

2200 4313 2412 4384 Quique
2442 4313 2617 4384 pedes
2643 4327 2872 4368 currens
2897 4313 2965 4366 ad
2997 4312 3234 4387 virginis
3254 4327 3351 4366 ora
3376 4320 3625 4376 coercet,

2199 4413 2388 4469 Nativa
2407 4420 2461 4467 et
2493 4412 2710 4468 feritate
2741 4429 2942 4468 vacans
2979 4413 3130 4468 velut
3151 4427 3325 4485 agnus
3345 4411 3621 4468 habetur:

2198 4514 2290 4568 Ast
2316 4512 2411 4567 ubi
2445 4511 2683 4584 placanti
2715 4511 2884 4566 furias
2913 4512 3158 4568 dimotus
3186 4511 3254 4567 ad
3277 4518 3432 4565 antra

2123 4645 2181 4714 D
2211 4612 2483 4682 Impastus
2508 4627 2686 4666 caveae
2707 4617 3012 4677 revocatur,
3039 4611 3242 4666 omissa
3259 4609 3492 4664 resumit

2210 4709 2314 4763 Ore
2343 4724 2560 4763 venena
2591 4707 2772 4776 famis,
2804 4708 3083 4780 rictusque
3116 4708 3170 4761 in
3199 4724 3431 4780 corpora
3464 4707 3644 4762 tendit

2209 4809 2399 4878 Obvia,
2433 4816 2840 4882 cognatumque
2879 4809 3017 4881 petit
3047 4808 3217 4863 crudo
3239 4809 3461 4884 agmine
3489 4809 3666 4882 regis,

2207 4907 2568 4980 Vindictaque
2588 4907 2693 4980 pias
2732 4907 2941 4981 subigit
2971 4905 3307 4978 perimitque
3328 4905 3554 4976 puellae.

2207 5013 2318 5068 Nec
2348 5026 2536 5086 regem
2568 5007 2887 5082 aggreditur
2912 5008 3077 5063 charo
3107 5021 3175 5061 ne
3205 5005 3360 5080 virgo
3388 5011 3604 5060 careret

2205 5112 2480 5184 Martyrio,
2511 5117 2604 5165 aut
2633 5123 2836 5165 saevum
2868 5115 3146 5179 pateretur
3173 5106 3345 5161 inulta
3375 5112 3698 5177 tyrannum.

2208 5212 2434 5268 Czesaris
2458 5211 2600 5265 hanc
2623 5209 2820 5264 iterum
2845 5207 3016 5277 jussis
3037 5207 3314 5282 ergastula
3333 5206 3620 5262 claudunt.

2211 5315 2344 5370 Inde
2366 5315 2506 5369 duos
2537 5319 2658 5384 post
2688 5318 2807 5367 acta
2836 5310 2956 5366 dies
2975 5309 3204 5366 offertur
3231 5309 3385 5364 eunti

2211 5412 2460 5466 Libatum
2493 5410 2608 5482 regi
2643 5427 2657 5476 ;
2691 5408 2925 5465 Domino
2949 5409 3080 5463 dum
3112 5407 3220 5462 fixa
3251 5406 3519 5478 probatur

2207 5513 2514 5568 Tormentis
2543 5511 2743 5566 iterum
2776 5527 2948 5583 pensa
2976 5518 3076 5573 est,
3111 5509 3312 5564 iterum
3340 5524 3528 5581 ungue
3543 5515 3760 5562 cavata.

2210 5613 2404 5668 Omnia
2420 5612 2552 5667 dum
2583 5617 2830 5682 superat,
2861 5609 3072 5682 magica
3107 5614 3363 5663 censetur
3384 5607 3454 5660 ab
3487 5614 3601 5661 arte

2209 5714 2428 5782 Victrix,
2461 5713 2699 5785 impexis
2729 5711 3009 5782 ferturque
3039 5710 3212 5765 latere
3237 5707 3474 5780 capillis.
