3962 6140
135 312 238 368 Ιὶϐι

743 307 827 363 DE
865 303 1123 361 CHRISTI
1165 302 1528 360 TRIUMPHIS
1567 305 1739 360 APUD
1781 304 2043 359 ITALIAM
2085 304 2260 360 LIBRI
2299 304 2430 361 XIV.
2473 338 2542 347 —
2583 307 2708 362 LIB.
2757 308 2841 363 ιν.

3384 311 3491 368 662

137 440 295 494 Tunc
341 453 462 492 raso
492 433 807 507 exspoliant
835 438 1082 488 sanctam
1124 430 1277 503 quasi
1321 429 1474 486 crine
1505 444 1762 502 premen-
1787 433 1837 502 Α
1865 429 2126 484 Noctibus
2146 429 2237 485 hic
2269 429 2477 484 inclusa
2507 429 2682 486 tribus
2712 432 2938 488 totidem
2970 432 3168 488 diebus

1539 516 1690 588 [tem,

140 627 415 699 All0phyli
453 625 647 681 fortem
677 621 955 694 quondam
991 627 1048 675 ut
1079 620 1328 674 Sansona
1353 618 1619 692 ligarunt:

142 721 204 773 At
230 715 432 771 Christi
453 715 652 769 virtute
674 712 760 767 sui
798 717 950 766 stans
984 709 1180 765 fortior
1205 709 1318 775 illa,

141 811 248 864 Nec
275 809 424 865 cedit
452 806 631 868 saevis,
665 820 769 860 nec
798 802 1068 878 frangitur
1095 801 1271 857 obsita
1293 799 1455 856 fcedis

144 899 421 954 Clauditur
444 897 571 952 hinc
598 893 795 950 Triviae
817 892 1156 964 armipotens
1196 890 1395 947 invicta
1415 890 1650 955 sacello;

1865 520 2038 574 Torva
2066 519 2394 590 pharetrata:
2425 519 2480 573 in
2503 520 2718 574 cineres
2741 521 2853 594 agit
2873 536 2969 576 ora
2994 523 3196 577 Dianae.

1867 613 1957 667 Sic
1971 628 2147 678 sacra,
2179 612 2255 667 sic
2288 627 2545 683 proceres
2573 628 2859 684 superans,
2893 623 3152 672 censetur
3181 616 3380 689 agonis

1870 705 2176 760 Extremam
2216 705 2378 778 rigidi
2409 705 2594 780 gladio
2624 705 2956 761 concludere
2995 715 3220 774 metam,

1869 801 2092 873 Hocque
2123 799 2441 874 triumphali
2469 807 2682 873 partum
2714 801 2848 873 petit
2874 802 3078 858 aethera
3103 805 3247 860 saltu

1660 1018 1867 1076 CAPUT
1904 1020 1966 1074 X.

1090 1127 1167 1186 De
1193 1135 1399 1187 sancto
1433 1127 1668 1188 Urbano
1698 1144 1861 1208 papa
1890 1137 1942 1186 et
1972 1137 2183 1188 sancta
2215 1128 2480 1188 Caecilia.

137 1247 391 1302 Urbanus
419 1241 587 1297 validi
621 1241 881 1296 robustus
896 1240 1022 1309 jura
1051 1239 1242 1297 Calixti

133 1337 371 1406 Excipit,
401 1350 468 1389 ac
506 1332 722 1388 Domini
752 1331 1049 1405 vigilanter
1078 1331 1267 1402 praelia
1293 1338 1520 1398 tractat;

132 1428 339 1502 Deligit
357 1426 591 1482 athletas
613 1423 802 1479 divina
832 1423 886 1477 in
918 1429 1098 1478 castra
1127 1422 1342 1489 ﬁdeles,

133 1517 402 1581 Roborat,
430 1519 669 1575 exercet,
700 1511 969 1582 disponit,
995 1511 1190 1574 munit,
1228 1511 1481 1580 adornat,

134 1607 364 1673 lmbuit,
396 1611 591 1670 armat,
614 1603 747 1679 agit,
779 1603 1026 1658 coelestia
1055 1603 1202 1658 bella
1233 1612 1510 1680 perurget.

135 1699 245 1752 Nec
275 1693 595 1766 supplenda
609 1693 760 1748 viros
781 1692 948 1748 modo
977 1691 1173 1747 Christi
1202 1693 1270 1747 ad
1296 1693 1501 1748 moenia
1525 1693 1694 1768 cogit,

135 1785 279 1850 Quin
312 1781 629 1838 bellatrices
666 1779 908 1835 admittit
939 1779 994 1834 in
1027 1795 1177 1834 arma
1205 1779 1440 1851 puellas.

134 1878 380 1941 Quarum
405 1872 638 1928 Caecilia
667 1871 994 1946 praefulgida
1034 1869 1174 1926 facta
1203 1871 1476 1936 feruntur,

136 1964 424 2040 Sanguine
449 1977 573 2035 quae
610 1976 885 2036 generosa
909 1960 1024 2032 pio,
1056 1961 1379 2035 generosior
1407 1967 1554 2028 actu,

136 2053 435 2110 Nobilitate
465 2051 576 2125 poli
604 2060 763 2106 terra:
780 2056 940 2106 ornat
971 2049 1333 2104 nobilitatem.

135 2151 310 2204 Nocte
333 2147 424 2201 die
455 2147 572 2201 haec
599 2153 747 2199 casta
765 2143 994 2199 volvens
1026 2158 1182 2197 sacra
1213 2141 1423 2197 famina
1454 2150 1660 2210 mente,

139 2243 378 2298 Assidue
406 2239 666 2312 precibus
699 2237 1026 2308 Dominique
1056 2236 1111 2290 in
1143 2236 1267 2309 lege
1297 2235 1554 2301 vacabat;

137 2333 396 2388 Vestibus
424 2330 631 2386 auratis
668 2345 833 2401 quam
873 2327 1005 2383 dum
1037 2328 1302 2383 decorare
1334 2335 1594 2400 parentes

135 2423 482 2479 Ausonidum
515 2421 689 2476 veteri
717 2435 1044 2492 sponsarum
1077 2433 1234 2474 more
1263 2419 1514 2474 solerent

138 2512 374 2568 Velleris
402 2509 604 2565 hircini
628 2509 744 2564 haec
767 2507 1042 2565 velamine
1064 2506 1314 2562 membra
1342 2507 1622 2564 domabat.

141 2604 348 2660 lllustri
380 2603 659 2674 desponsa
686 2601 804 2657 viro
836 2616 960 2672 quin
995 2599 1283 2655 Valeriano

142 2699 381 2769 Urgetur
409 2693 665 2749 thalamis
703 2693 811 2769 legi
842 2709 1038 2764 parere
1055 2691 1270 2767 jugali;

139 2791 430 2847 Accelerat
454 2789 629 2844 taedas
659 2795 954 2859 superatus
983 2802 1170 2842 amore
1202 2785 1410 2858 petitor

142 2881 394 2936 lnvitans
433 2879 585 2934 laetas
617 2877 798 2949 epulis
823 2878 1064 2950 gaudere
1095 2877 1328 2931 choreas

140 2971 401 3044 Organici
424 2969 696 3041 psallente
725 2968 900 3024 melos
925 2968 1240 3024 achromate
1263 2967 1416 3033 festi,

146 3066 242 3119 Illa
276 3064 391 3118 Deo
417 3061 620 3116 mentis
647 3061 858 3116 cithara
885 3076 984 3115 sua
1015 3059 1156 3114 festa
1183 3059 1441 3126 canebat,

145 3156 249 3211 Cor
275 3154 547 3208 mundum
575 3159 728 3208 casto
760 3152 927 3206 tribui
951 3152 1055 3206 sibi
1095 3167 1324 3222 corpore
1351 3167 1605 3222 poscens.

151 3246 370 3298 Interea
393 3241 603 3297 crebris
632 3239 830 3296 caelum
864 3238 1222 3314 pingentibus
1259 3240 1422 3294 astris

145 3337 406 3406 Sponsus
431 3350 554 3389 cum
587 3347 793 3404 sponsa
813 3339 1024 3388 secreta
1053 3331 1258 3387 cubilia
1285 3332 1486 3398 sumit;

146 3428 520 3504 )lagnanimis
550 3427 649 3482 sed
679 3427 833 3500 virgo
864 3427 1017 3498 prior
1049 3427 1355 3498 penetralia
1379 3428 1565 3484 cordis

146 3525 241 3579 Cui
276 3524 488 3596 pandat
517 3522 647 3578 fidei
692 3521 862 3578 ﬁdum
893 3529 1167 3576 scrutatur
1195 3522 1434 3577 amicum
1459 3540 1474 3590 ;

149 3620 248 3674 Ille
277 3617 451 3673 fidem
478 3616 702 3672 firmans
732 3617 884 3673 nullo
914 3632 975 3672 se
1001 3631 1256 3688 promere
1282 3625 1442 3688 pacto

152 3711 350 3765 Abdita
372 3716 628 3776 testatur,
655 3710 774 3764 haec
802 3708 972 3764 corde
999 3708 1238 3783 tegenda
1263 3707 1436 3775 fideli,

146 3805 287 3859 Tum
318 3811 471 3859 casta
494 3802 650 3876 virgo
681 3801 793 3874 poli
825 3801 1001 3858 civem
1031 3802 1311 3873 depromit
1334 3810 1608 3860 amantem

149 3895 566 3966 Custodemque
595 3893 678 3948 sui
707 3892 880 3950 multo
908 3909 968 3948 se
997 3893 1196 3949 ardore
1227 3901 1495 3962 tuentem,

152 3987 323 4057 Cujus
352 3986 413 4041 in
442 3985 661 4056 impuro
687 3985 950 4056 procedat
979 3993 1040 4040 ut
1070 3986 1206 4040 ultio
1234 3992 1378 4040 tactu

152 4077 280 4131 Fert
304 4081 587 4146 quaeratur
608 4088 764 4129 amor
793 4074 1058 4129 tutamine
1077 4073 1426 4144 virginitatis.

153 4171 247 4226 His
274 4169 534 4241 stupidus
556 4169 798 4237 juvenis,
831 4167 1018 4224 divino
1048 4184 1112 4223 ac
1143 4169 1371 4223 numine
1402 4167 1563 4232 ﬁxus,

154 4262 413 4318 Pandere
443 4261 746 4317 caelicolam
789 4261 930 4332 petit
968 4261 1111 4315 hanc
1141 4275 1303 4332 quem
1328 4263 1498 4331 jactat
1525 4261 1783 4320 amicum.

149 4357 250 4412 Illa
284 4356 477 4412 favens
493 4356 733 4428 spondet
763 4356 930 4412 modo
961 4372 1024 4411 se
1048 4355 1194 4411 sinat
1221 4364 1348 4413 ante
1380 4357 1549 4428 piari;

149 4449 249 4504 Ille
284 4465 486 4523 rogans
524 4449 650 4520 quis
676 4449 744 4504 ad
767 4449 823 4503 id
846 4463 972 4504 sese
1003 4449 1276 4504 mundare
1308 4449 1542 4516 valeret,

148 4542 368 4611 Accipit
400 4541 678 4597 Urbanum
699 4541 1034 4596 venerandae
1062 4542 1234 4598 heroa
1262 4549 1499 4598 senectae

151 4632 270 4686 Hoc
293 4638 483 4702 aptum
505 4638 808 4702 sanctoque
839 4629 939 4685 Dei
971 4631 1301 4704 purgamine
1333 4631 1592 4687 doctum:

148 4722 248 4778 Sic
275 4729 431 4778 notat
456 4721 716 4777 monitrix
755 4737 856 4792 per
875 4737 1036 4794 quos,
1069 4722 1164 4777 ubi
1193 4739 1441 4794 quaerere
1473 4730 1780 4780 monstrat:

152 4811 380 4868 Invenit
407 4809 724 4866 accelerans
755 4827 950 4868 cursor
988 4813 1242 4868 mandata
1271 4813 1490 4868 beatum

155 4900 512 4968 Pontiﬁcem,
545 4901 725 4958 fassus
747 4903 841 4976 qui
869 4905 982 4973 jam
1006 4905 1194 4959 divina
1222 4906 1470 4961 secundo

153 4992 518 5064 Principibus
557 5008 762 5060 coram,
786 5009 940 5048 sacra
969 4995 1114 5050 inter
1143 4995 1302 5051 busta
1331 4996 1554 5052 latebat.

159 5083 394 5161 Virgine
415 5084 504 5140 cui
529 5101 699 5160 gnara
725 5085 854 5140 dum
876 5085 1081 5141 famina
1104 5086 1271 5142 missa
1296 5087 1565 5156 feruntur,

166 5183 386 5238 Gaudia
414 5197 614 5255 magna
643 5182 868 5237 trahens
892 5183 1096 5250 animo,
1120 5199 1300 5259 genua
1328 5185 1381 5238 in
1413 5186 1529 5242 sola
1559 5185 1679 5262 figit

161 5272 313 5326 Dans
344 5272 613 5342 lacrymas
643 5270 961 5343 gaudendo,
1011 5287 1320 5344 manusque
1359 5273 1427 5328 ad
1466 5274 1649 5330 sidera
1680 5277 1789 5331 tol-

1604 5365 1723 5419 lens

162 5451 480 5505 Altithrono
509 5465 624 5524 regi
646 5457 938 5522 gratesque
964 5467 1270 5523 precesque
1301 5365 1598 5522 profundit[

163 5544 244 5595 Ac
272 5539 461 5594 verbis
490 5540 692 5610 aperiri
724 5541 845 5609 ejus
872 5540 1002 5595 hinc
1032 5543 1196 5596 corda
1220 5551 1510 5613 precatur;

166 5633 418 5704 Votaque
449 5631 580 5685 dum
612 5631 882 5702 promptis
921 5634 1153 5704 supplex
1201 5635 1314 5688 ham
1345 5635 1581 5690 destinat
1615 5636 1796 5700 astris,

171 5720 467 5775 £thereus
496 5735 698 5790 supero
728 5720 880 5774 visus
916 5721 1295 5778 moderamine
1336 5724 1517 5778 vultus

1794 2541 1846 2609 Β

1867 1241 2111 1296 Sidereis
2142 1257 2389 1314 auroque
2420 1241 2568 1298 notis
2593 1243 2809 1312 signata
2837 1243 3061 1312 tabella,

1869 1332 1942 1385 Ac
1971 1330 2096 1384 diva
2125 1331 2386 1386 irradiata
2408 1330 2516 1386 fide
2548 1333 2759 1403 perlata
2787 1334 3025 1389 citatur:

1809 1450 1815 1457 -
1869 1448 1892 1468 -
1939 1421 2088 1477 Unus
2128 1422 2286 1477 adest
2316 1423 2482 1486 Deus,
2515 1439 2626 1478 una
2664 1422 2824 1492 fides,
2856 1423 3179 1496 baptimatis
3222 1441 3414 1481 unum.
3465 1444 3488 1480 ι

1867 1513 2119 1568 Attremit
2146 1514 2230 1568 his
2247 1530 2505 1584 sponsus,
2531 1514 2727 1582 credit,
2761 1525 3068 1587 prostratus
3087 1519 3302 1582 adorat,

1869 1603 2108 1676 Erigitur
2129 1603 2381 1676 faturque
2411 1604 2599 1671 fidem,
2630 1606 2910 1677 ﬂuctuque
2936 1613 3182 1662 sacratur

1868 1694 2096 1749 Sincere
2131 1695 2348 1762 doctus,
2380 1711 2707 1769 sponsaaque
2749 1699 3048 1753 remittitur
3076 1699 3275 1754 almus.

1867 1783 2005 1839 Dum
2029 1785 2268 1838 veniens
2300 1784 2452 1839 illum
2481 1787 2858 1857 paranympho
2879 1786 3062 1842 cmlite
3087 1787 3278 1842 fultam

1870 1875 2424 1948 Repperitorantem,
2451 1877 2544 1950 qui
2573 1878 2812 1933 candida
2838 1878 2953 1933 lilia
2972 1878 3136 1934 sertis

1871 1971 2307 2042 Anteferensque
2330 1985 2481 2025 rosas
2507 1971 2861 2042 properantia
2884 1972 3113 2042 praemia
3139 1973 3350 2044 pandit.

1872 2064 2008 2118 Huic
2033 2079 2331 2137 germanus
2360 2071 2476 2118 erat
2502 2063 2667 2118 rebus
2696 2063 2976 2119 Tiburtius
3005 2081 3150 2119 unus

1873 2155 1989 2210 Prae
2018 2154 2232 2209 cunctis
2259 2155 2480 2220 charus,
2512 2155 2600 2210 cui
2633 2157 2872 2225 postulat
2903 2156 2995 2211 ille
3026 2157 3285 2222 salutem,

1877 2243 2266 2315 Pollicitusque
2299 2244 2410 2315 poli
2443 2261 2502 2299 se
2533 2245 2668 2300 civis
2705 2246 2760 2299 in
2801 2254 2945 2300 astra
2975 2254 3242 2318 receptat.

1873 2339 2091 2393 Interea
2120 2337 2348 2392 monitis
2384 2338 2614 2392 struitur
2641 2339 2769 2391 dum
2807 2339 2910 2394 tiro
2941 2339 3212 2394 colendus

1871 2425 1974 2483 Pro
2013 2427 2156 2482 votis
2180 2427 2416 2482 dilectus
2439 2427 2597 2481 adest
2625 2425 2926 2494 Tiburtius,
2949 2428 3140 2496 intrat,

1872 2519 2182 2575 Admiratur
2211 2517 2544 2574 odoriferam
2574 2534 2634 2573 se
2665 2533 2796 2573 nare
2828 2535 3077 2575 rosarum

1873 2612 2196 2683 Percepisse
2216 2626 2428 2676 auram,
2459 2611 2627 2667 viduo
2658 2628 2878 2684 quoque
2903 2613 3132 2670 floribus
3165 2630 3331 2678 anno,

1875 2705 1937 2760 Et
1960 2705 2075 2772 jam
2107 2719 2165 2759 se
2195 2703 2344 2759 dulci
2375 2714 2643 2760 memorat
2669 2705 2911 2759 novitate
2942 2705 3205 2761 refectum

1875 2794 2232 2866 Prosequitur
2259 2793 2424 2848 frater
2462 2792 2612 2860 fidei,
2663 2793 2905 2866 denique
2944 2794 3178 2850 salutem

1876 2883 2098 2938 Alterno
2131 2897 2375 2937 reserare
2397 2881 2626 2937 studens
2653 2880 2909 2937 affamine
2937 2881 3140 2948 lucem,

1875 2975 2109 3046 Supplet
2140 2973 2295 3048 virgo
2319 2974 2541 3042 juvans,
2571 2980 2728 3046 grato
2758 2984 2864 3028 nec
2893 2989 3058 3046 egere
3073 2973 3316 3048 jugalem

1878 3063 2146 3119 Permittit
2176 3060 2378 3135 spolio,
2409 3063 2576 3117 vitam
2606 3063 2844 3134 vitaeque
2874 3071 3124 3118 tenorem

1877 3157 2052 3227 Atque
2074 3155 2218 3209 viam
2247 3153 2498 3224 pandens
2525 3153 2778 3224 apprime
2797 3151 3055 3206 informat
3083 3154 3390 3220 alumnum,

1879 3243 2263 3314 Uberibusque
2291 3242 2436 3298 fovet
2462 3242 2736 3316 geminos,
2759 3249 2815 3296 et
2837 3241 2977 3298 lacte
3005 3241 3243 3314 Sophim.

1875 3336 1971 3390 Vix
1993 3351 2104 3390 una
2129 3341 2340 3389 tantum
2357 3350 2480 3404 quae
2510 3333 2721 3388 credita
2749 3342 2912 3389 nocte
2943 3335 3162 3402 marita,

1875 3425 2094 3480 Nubere
2123 3439 2363 3495 namque
2391 3431 2605 3494 putata,
2629 3437 2788 3477 suum
2821 3423 2961 3493 parit
2982 3423 3104 3494 ipsa
3129 3425 3422 3493 maritum;

1883 3513 1993 3568 Hoc
2021 3527 2245 3586 quoque
2276 3527 2345 3566 ne
2375 3527 2602 3583 parvum
2631 3512 2891 3566 credatur
2921 3511 3151 3587 pignore
3182 3513 3294 3568 feta

1879 3603 2121 3675 Augetur
2146 3601 2366 3674 genitus
2392 3615 2490 3672 pro
2515 3599 2728 3656 telluris
2747 3615 2875 3656 ecce
2900 3617 3210 3672 supernus:

1880 3699 2144 3774 Gignitur
2169 3715 2300 3773 ergo
2328 3698 2438 3754 fide
2469 3699 2660 3754 matris
2685 3697 2965 3753 Tiburtius
3007 3697 3190 3766 hujus,

1807 3819 1857 3886 C
1883 3788 2103 3861 Perque
2126 3788 2492 3843 ministerium
2523 3804 2680 3859 papae
2714 3787 3037 3858 producitur
3065 3786 3250 3852 undis,

1883 3883 2053 3938 Filius
2083 3881 2358 3947 Ecclesiae,
2394 3881 2623 3935 rationis
2653 3886 2706 3936 et
2736 3879 2909 3934 ubere
2938 3879 3137 3954 gliscit.

1883 3978 2001 4033 1am
2030 3985 2153 4051 post
2182 3977 2267 4034 lac
2293 3976 2500 4048 majore
2538 3975 2666 4030 cibo
2697 3976 3013 4031 nutriuntur
3041 3976 3248 4031 alumni
3274 3991 3289 4042 ;

1887 4071 2222 4128 Excrescunt
2245 4071 2480 4139 juvenes
2504 4067 2724 4124 culmen
2755 4069 3119 4140 splendenter
3147 4069 3202 4124 in
3227 4068 3429 4134 altum;

1889 4159 2102 4215 Robore
2134 4159 2393 4231 perfectae
2418 4158 2650 4228 jamjam
2672 4158 2892 4214 virtutis
2921 4159 3217 4218 anhelant:

1888 4249 2164 4303 Attollunt'
2185 4248 2404 4318 inopes,
2435 4245 2610 4302 fessos
2639 4247 2907 4302 solamine
2937 4255 3192 4318 portant;

1888 4340 2094 4395 Excisis
2120 4340 2295 4394 solum
2328 4349 2584 4410 superest
2604 4338 2754 4410 quod
2784 4339 2989 4394 dedere
3017 4356 3219 4394 munus

1889 4431 2179 4503 Exequiale
2209 4440 2403 4502 parant
2433 4431 2634 4487 celebri
2669 4431 2873 4501 pietate
2901 4431 3112 4496 viriles,

1885 4524 2161 4579 Turbidus
2189 4525 2503 4579 Almachius
2528 4525 2712 4579 Romae
2735 4522 3028 4594 praefectus
3055 4525 3262 4581 amicos

1887 4618 2292 4689 Omnipotentis
2321 4618 2438 4672 heri
2471 4617 2651 4690 pinnis
2676 4617 2962 4673 cruciabat
2998 4619 3250 4684 acerbis;

1889 4708 2029 4763 Huic'
2063 4708 2236 4763 livore
2269 4707 2447 4781 niger,
2479 4716 2681 4763 sanctae
2713 4707 3027 4763 dulcedinis
3057 4709 3253 4774 hostis,

1892 4803 2048 4859 Peste
2081 4819 2180 4874 per
2206 4803 2510 4877 armigeros
2541 4803 2687 4858 fellis
2721 4804 2815 4857 lita
2847 4804 2954 4857 tela
2984 4802 3225 4858 ferentes

1894 4895 2126 4948 Denotat
2148 4893 2415 4948 almorum
2443 4891 2631 4945 blandi
2663 4891 2952 4946 solaminis
2975 4899 3151 4946 actus.

1889 4986 2047 5041 Tenti
2071 4985 2364 5054 lethiferis,
2397 4985 2554 5039 hoste
2573 4983 2972 5051 instimulante,
3005 4983 3294 5050 ministris,

1890 5081 2119 5136 Tirones
2127 5079 2262 5149 justi
2289 5079 2505 5134 censori
2533 5079 2834 5152 adiguntur
2854 5078 3081 5150 iniquo;

1894 5177 2018 5241 Qui,
2051 5175 2268 5230 titulum
2300 5173 2572 5244 objiciens
2607 5172 2829 5228 famosa:
2863 5172 3196 5236 nobilitatis,

1893 5267 2084 5342 Arguit
2112 5267 2214 5321 hos
2241 5282 2396 5321 vana:
2423 5266 2570 5337 quod
2597 5281 2749 5319 more
2779 5262 3193 5335 superstitionis

1896 5358 2164 5412 Personas
2187 5372 2286 5410 sua
2317 5355 2628 5426 dilapident
2659 5353 2991 5424 patrimonia
3013 5350 3211 5405 silendo

1896 5445 2210 5507 lndecores,
2239 5444 2498 5515 lethoque
2521 5442 2664 5497 datis
2693 5457 2792 5513 pro
2809 5441 3038 5495 crimine
3071 5440 3300 5493 honesta

1900 5539 2062 5593 Busta
2092 5544 2308 5609 parent,
2341 5552 2452 5607 quo
2484 5552 2542 5590 se
2565 5536 2799 5590 doceant
2829 5533 2916 5586 his
2948 5531 3154 5587 faedere
3178 5546 3366 5584 nexos.

1900 5630 1979 5684 Illi
2005 5645 2062 5684 se
2093 5629 2332 5683 famulos
2362 5643 2597 5700 quorum
2633 5633 2963 5681 accusantur
2991 5622 3152 5678 amici

1901 5724 2188 5795 Exoptant,
2211 5724 2468 5796 interque
2497 5721 2729 5777 calentis
2757 5719 2969 5792 spicula
2999 5719 3156 5772 luctas
