3974 6146
480 267 586 322 663
1258 263 1624 320 FLODOARDI
1669 265 1970 321 CANONICI
2014 262 2340 320 REMENSIS
2381 266 2678 324 OPUCULA
2716 269 3027 327 METRICA.
3686 286 3771 341 661

480 393 725 447 Victores
748 392 935 463 lepido
966 393 1168 448 dantur
1196 392 1497 448 certamine
1520 392 1734 449 fratres.
2114 397 2164 464 Α
2195 394 2544 469 Sarcophago
2571 399 2702 470 quin
2726 400 2906 473 pingit
2932 417 3088 457 avem
3116 419 3225 475 qua
3251 407 3463 462 credita
3484 409 3621 476 vita;

477 481 737 556 Cognitor
754 489 807 536 at
833 480 1065 536 rubidus
1082 480 1358 551 mistoque
1378 480 1560 536 furore
1583 481 1910 552 diremptus,
2195 483 2320 539 Post
2347 493 2577 541 mortem
2600 488 2758 557 cujus
2782 490 2960 559 patuit
2990 492 3365 567 paradigmate
3387 496 3587 554 lumen.

474 575 619 628 Luce
651 572 970 644 triumphali
1010 581 1356 644 prsestantem
1389 572 1736 628 Valerianum
2197 571 2475 628 Ductatrix
2503 584 2627 645 post
2653 576 2954 651 belligeros
2982 580 3050 634 ad
3076 583 3303 652 praemia
3331 585 3527 642 missos

477 667 751 722 Dedecore
770 665 941 741 afﬂigi
976 682 1210 721 censens
1238 667 1330 722 dat
1352 667 1550 722 robore
1571 667 1738 734 cadi;
2198 663 2448 720 Poscitur
2468 667 2535 720 ad
2564 668 2791 736 bellum,
2815 677 3177 745 Optatumque
3193 684 3418 732 vocatur
3442 694 3680 753 agonem.

476 756 686 810 Gaudet
714 763 769 810 at
800 754 914 817 ille,
946 762 1244 826 monetque
1275 769 1376 810 suo
1406 770 1475 808 ne
1507 755 1732 810 vulnere
1770 754 1919 811 cives
2196 758 2334 812 Dum
2366 761 2602 831 cupidus
2630 778 2829 819 censor
2849 763 3076 821 fratrum
3107 769 3440 839 patrimonia
3464 789 3717 844 quaerens,

477 848 836 920 Frangantur,
871 845 988 900 veri
1013 853 1067 900 at
1088 854 1347 900 maneant
1369 845 1569 900 virtute
1598 846 1804 900 viriles.
2199 849 2469 906 Caeciliam
2502 854 2607 910 hoc
2623 854 2784 923 jubet
2813 857 3010 912 arctari
3041 859 3345 916 moliminis
3374 869 3493 917 astu
3517 881 3533 929 ;

475 939 716 993 Verbere
747 937 1013 993 deficiens
1045 937 1225 992 lanius
1249 937 1410 1014 jubet
1441 953 1572 992 ense
1603 937 1777 1001 feriri,
2194 942 2318 998 Haec
2349 944 2440 998 ubi
2477 947 2815 1018 pauperibus
2846 949 3021 1005 divisa
3046 953 3307 1021 renoscit,
3341 956 3590 1010 eamdem

479 1033 540 1087 Ni
573 1033 749 1088 libent
773 1033 924 1088 Jovis
942 1038 1003 1087 ut
1023 1039 1216 1086 statuae
1251 1040 1519 1086 mactetur
1547 1039 1800 1103 uterque.
2189 1032 2646 1092 Thurificaturam
2678 1039 2847 1094 veluti
2882 1041 3173 1097 lictoribus
3201 1060 3322 1098 aras

478 1125 742 1179 Maximus
763 1124 1047 1189 intererat,
1073 1123 1165 1195 qui
1191 1123 1590 1178 cornicularius
1611 1132 1732 1178 actu
1758 1141 1772 1189 ;
2197 1124 2451 1198 Praecipit
2477 1128 2544 1182 ad
2574 1129 2793 1185 rabibas
2822 1133 3018 1188 rabido
3055 1136 3358 1191 certamine
3384 1137 3510 1192 duci
3536 1156 3549 1192 :

479 1217 574 1272 llic
603 1217 742 1272 ﬂens
769 1216 1124 1289 prosequitur
1154 1216 1307 1271 laetos
1336 1216 1406 1269 ad
1439 1214 1632 1270 funera
1662 1215 1877 1281 fratres,
2197 1213 2293 1269 llla
2324 1216 2422 1269 sed
2461 1216 2743 1273 invertens
2767 1220 2959 1276 avidos
2987 1222 3054 1276 ad
3085 1222 3237 1278 lucra
3267 1226 3570 1288 ministros,

477 1310 511 1364 F
517 1310 657 1375 lens,
689 1309 819 1382 quia
847 1308 1155 1384 gauderent
1182 1314 1512 1378 prtesentem
1538 1307 1791 1363 amittere
1819 1309 1987 1364 vitam
2195 1304 2600 1380 Lucrantesque
2623 1308 2862 1374 lucrans,
2895 1318 2950 1366 et
2970 1311 3106 1366 ditia
3136 1312 3325 1369 fenora
3352 1316 3600 1371 condens

475 1397 557 1451 llli
580 1403 898 1468 praponunt
923 1396 1086 1450 aliam
1113 1409 1442 1466 semperque
1468 1403 1807 1461 manentem,
2195 1397 2455 1454 Ductores
2473 1401 2699 1456 sceleris
2728 1403 2951 1472 pietatis
2977 1403 3034 1459 in
3061 1406 3209 1460 edita
3229 1407 3400 1473 ducit,

477 1489 622 1542 Hanc
651 1488 814 1556 hujus
843 1487 1142 1559 perhibent
1173 1489 1471 1560 reprobatu
1510 1489 1946 1560 percipiendam,
2194 1493 2606 1567 Participesque
2633 1497 2742 1552 Deo
2770 1497 2990 1555 Urbano
3010 1511 3260 1556 sacrante
3280 1512 3521 1574 coaptat.

477 1581 538 1635 Ut
567 1581 692 1635 vita:
715 1587 1008 1635 renovatur
1036 1581 1152 1635 avis
1179 1581 1500 1635 discrimine
1529 1581 1788 1652 phoenix;
1853 1578 1864 1588 ”
2194 1586 2292 1651 Qui
2326 1587 2466 1642 intra
2491 1597 2647 1659 septa
2676 1589 2873 1646 domus
2901 1591 3092 1649 divino
3122 1593 3272 1649 fonte
3303 1595 3473 1651 beatae

473 1670 710 1744 Surgere
748 1671 816 1726 ad
864 1671 1003 1739 haec,
1049 1671 1214 1726 modo
1245 1686 1375 1726 vera
1421 1670 1640 1740 probet,
1676 1671 1787 1739 jam
1829 1670 2092 1725 Maximus
2112 1704 2164 1772 Β
2194 1679 2428 1751 Virginis
2457 1682 2770 1737 emundans
2801 1675 3272 1757 animasfprolem
3300 1689 3414 1742 edit
3442 1689 3677 1761 Opimam

1834 1762 2024 1833 [optat.
2112 1762 2160 1772 “’
2198 1769 2565 1842 Ecclesiaeque
2593 1773 2763 1826 sacris
2791 1774 3097 1844 penetralia
3125 1782 3271 1831 casta
3300 1787 3576 1834 venustat.

476 1873 809 1930 ρτοιηίιιιιηι
836 1872 967 1928 huic
1000 1873 1056 1926 in
1087 1873 1321 1929 Domino
1352 1874 1697 1929 οειθηιειουιε
1727 1872 1820 1928 ﬁxi
2198 1862 2293 1918 llic
2325 1861 2479 1917 festis
2509 1864 2796 1920 celebrans
2827 1868 3086 1938 mysteria
3116 1876 3302 1924 sancta
3334 1871 3563 1939 diebus,

477 1967 717 2037 Corpore
742 1981 851 2036 qua
881 1964 1146 2020 Dominus
1177 1965 1331 2020 dabit
1359 1967 1460 2022 bos
1489 1966 1727 2037 spoliare
1758 1967 1913 2034 hora,
2195 1952 2529 2036 Πθιτίῐηθζιίδ
2558 1954 2727 2021 hos“,
2760 1956 2990 2012 Domino
3020 1959 3113 2030 Pia
3144 1960 3293 2016 lucra
3317 1962 3565 2032 Parabat-

477 2059 596 2113 Vita
625 2073 866 2129 sequens
895 2073 1004 2129 quo
1031 2065 1278 2112 sumatur
1310 2065 1560 2129 spectare
1589 2058 1804 2126 decore,
2196 2041 2430 2097 Nuntius
2459 2044 2723 2100 Almachii
2752 2053 3032 2120 gestorum
3191 2052 3423 2121 pCI'Clllll
3451 2069 3633 2121 aures,

472 2149 723 2206 Τρειριυι-
745 2163 805 2202 se
833 2146 1128 2202 vaniﬁcum
1157 2148 1438 2219 deponere
1470 2148 1696 2203 cultum.
2193 2130 2521 2188 Praesentem
2548 2134 2709 2215 jubet
2733 2134 2823 2190 ille
2853 2136 2970 2190 dari
3012 2145 3220 2194 terrore
3255 2142 3494 2210 puellam

472 2239 685 2295 Jumm;
718 2240 978 2295 mendam
1007 2240 1245 2310 spatium
1275 2240 1571 2311 impetrare
1603 2240 1737 2311 diei,
2196 2222 2447 2278 Ccnsurae
2472 2241 2485 2288 ;
2513 2225 2756 2299 rogitans
2785 2224 2846 2281 ﬁt
2867 2227 3069 2282 celsior
3099 2228 3224 2296 illa;
3262 2231 3578 2301 rependens

474 2332 551 2386 Ad
572 2332 729 2400 cuius
762 2331 1033 2403 perducti,
1063 2331 1198 2402 ipsis
1220 2331 1613 2406 rogitantibus,
1640 2333 1788 2388 ades
2193 2312 2367 2406 Verba
2385 2312 2582 2384 probat
2607 2314 2894 2385 stolidum,
2918 2333 3110 2372 vanam
3139 2318 3233 2374 dat
3251 2321 3512 2375 culminis
3533 2338 3722 2389 auram,

477 2423 685 2478 Divinis
712 2423 949 2479 formant
977 2422 1202 2478 monitis
1225 2405 1522 2495 ipsumque
1553 2424 1910 2498 domumque.

2195 2405 2384 2478 Arguit
2414 2406 2686 2480 ignarum,
2716 2415 2951 2476 sontem,
2986 2411 3276 2482 probitatis
3307 2420 3361 2467 et
3389 2414 3599 2469 hostem

475 2516 652 2568 Aurea
684 2521 1007 2567 nocturnam
1041 2513 1279 2587 pingunt
1309 2513 1438 2568 dum
1467 2513 1652 2568 sidera
1680 2515 1878 2584 pallam
2198 2501 2393 2555 Pandit
2423 2501 2734 2570 confusum,
2768 2504 2930 2559 docet
2959 2507 3144 2561 omnia
3166 2506 3299 2563 falsa
3325 2517 3594 2578 secutum,

479 2605 750 2661 Caeciliam
785 2621 914 2660 ecce
944 2605 1261 2660 sacerdotes
1292 2605 1623 2661 comitantur
1652 2607 1719 2660 ad
1751 2608 1883 2664 istos

2196 2590 2427 2661 Insuper
2452 2598 2691 2647 ostentat
2720 2609 2925 2649 caecum
2953 2595 3180 2668 risuque
3207 2599 3529 2668 petendum.

480 2698 813 2753 Perveniunt
838 2696 1196 2768 praebentque
1219 2712 1373 2752 novae
1402 2696 1733 2768 baptismata
1750 2700 1912 2771 proli.
2198 2684 2290 2739 "is
2314 2685 2552 2741 immane
2587 2687 2782 2742 ἀοιθηε
2814 2687 3015 2743 abd‘mi
3035 2689 3248 2745 νίδίδυδ
3278 2690 3424 2745 illam

480 2793 684 2845 Aurora
707 2796 989 2863 retegente
1005 2789 1181 2844 solum
1196 2788 1540 2864 fugientibus
1560 2791 1794 2862 umbris,
2199 2778 2370 2850 Inque
2397 2778 2562 2834 άοῐηο
2593 2779 2818 2851 Propria
2855 2781 3111 2836 “10mm”
3145 2782 3342 2838 ardore
3370 2787 3603 2840 cremari

479 2880 690 2935 Siderei
721 2879 936 2935 duclrix
962 2877 1158 2934 affatur
1187 2887 1364 2934 castra
1399 2879 1593 2946 duelli,
2199 2870 2455 2942 Prmeipit
2492 2871 2747 2928 invictam
2781 2872 2920 2928 lucis
2947 2874 3151 2931 virtute
3178 2876 3436 2946 puellam.

480 2969 753 3038 Abjiciant
769 2970 971 3023 horans
992 2963 1345 3023 teneb'rarum
1371 2967 1605 3023 obscura
1621 2969 1814 3025 beatos

1770 2984 1814 3025 )3
2201 2961 2429 3015 lnclusae
2460 2960 2632 3016 multo
2654 2960 2873 3017 suffitur
2900 2963 3098 3019 robore
3130 2963 3339 3033 fervor;

479 3059 727 3124 Tirones,
759 3057 907 3112 rutili
935 3064 988 3112 et
1009 3058 1227 3129 capiant
1248 3057 1341 3128 pia
1370 3057 1596 3113 luminis
1619 3076 1787 3114 arma.

481 3149 750 3203 Maturant
780 3146 1100 3213 bellatores,
1133 3147 1430 3220 gladioque
1460 3149 1619 3204 recisi

2200 3055 2263 3109 At
2293 3055 2443 3110 nulla
2473 3063 2589 3112 arte
2613 3056 2741 3112 dato
2773 3057 2980 3129 petitur
3009 3059 3101 3130 pia
3132 3059 3286 3136 virgo
3315 3063 3515 3129 calore,

2201 3145 2340 3209 Quin
2362 3145 2558 3200 alacris
2574 3152 2684 3203 tota
2716 3148 3017 3218 persistens
3048 3157 3207 3205 nocte
3239 3151 3442 3222 dieque

483 3237 764 3302 Libantur,
799 3235 1019 3308 fragiles
1041 3237 1222 3290 carnis
1252 3245 1533 3308 ponuntur
1558 3239 1813 3306 amictus,
2201 3241 2458 3296 Flammis
2490 3250 2766 3318 congestae
2800 3244 3037 3300 assiduis
3068 3245 3321 3300 interrita
3351 3245 3520 3314 silvze,

482 3329 721 3401 Divaque
754 3335 1033 3399 perpetua:
1065 3328 1360 3400 capiuntur
1389 3331 1613 3401 praemia
1638 3331 1783 3386 vitae.
2201 3332 2310 3386 Ceu
2344 3332 2619 3407 fringente
2651 3333 2772 3389 loco
2803 3335 2955 3390 nullo
2989 3335 3192 3390 sudore
3227 3345 3482 3401 notatur;

551 3419 908 3490 Complentur
923 3417 1213 3489 promissa,
1232 3419 1383 3475 videt
1405 3419 1611 3475 donum
1636 3421 1954 3493 exsequiale
2200 3422 2377 3494 thue
2405 3423 2744 3494 triumphum
2773 3430 2926 3479 atrox
2951 3425 3158 3480 clarum
3197 3425 3344 3496 capit
3381 3442 3510 3481 aure
3543 3438 3783 3498 tyrannus

480 3515 746 3569 Maximus
775 3515 1044 3571 aethereos
1069 3515 1208 3570 coelo
1231 3531 1558 3586 prOperasse
1579 3516 1883 3585 ministros,
2200 3511 2439 3569 Conatur
2479 3522 2666 3590 legere
2694 3532 2757 3571 ac
2773 3532 2921 3572 883νο
2950 3517 3297 3591 restinguere
3328 3517 3493 3582 ferro.

482 3603 834 3676 Corporequc
863 3621 1113 3679 egressas
1138 3605 1349 3679 gremio
1366 3607 1667 3676 sumpsisse
1699 3607 1934 3678 puellas,
2203 3605 2506 3663 Hancinibi
2537 3607 2708 3662 crudo
2743 3609 3010 3663 mandans
3041 3625 3302 3665 mucrone
3329 3610 3492 3665 litari.

481 3695 910 3768 Virgincumque
935 3695 1106 3749 decus
1135 3711 1364 3766 superas
1383 3695 1596 3751 vexisse
1614 3713 1715 3768 per
1742 3713 1933 3765 auras;
2197 3696 2355 3752 Jussa
2387 3698 2514 3753 ferri
2547 3699 2699 3756 dirus
2729 3701 2904 3756 tendit
2924 3703 3203 3773 complere
3233 3703 3479 3769 satelles;

481 3793 609 3854 Qum
641 3789 894 3862 lacrymis
921 3787 1196 3843 enarranti
1226 3805 1326 3861 per
1351 3789 1552 3861 gaudia
1583 3788 1738 3858 fusis,
2197 3789 2436 3864 Virginis
2461 3799 2515 3847 at
2547 3799 2752 3848 tenerae
2779 3793 2974 3867 jugulo
2999 3794 3081 3848 vis
3102 3792 3280 3848 ferrea
3309 3793 3474 3860 cedit,

481 3879 781 3935 Credentes
814 3879 970 3934 multi
994 3895 1197 3951 supero
1227 3895 1286 3934 se
1317 3879 1556 3935 subdere
1588 3880 1701 3953 regi
2197 3878 2300 3936 Ter
2332 3883 2529 3938 librata
2559 3883 2704 3949 neci,
2733 3889 2818 3938 ter
2836 3882 2992 3938 mitia
3021 3882 3161 3939 colla
3180 3881 3433 3956 fatigans,

478 3969 748 4026 Gaudent.
779 3970 1062 4025 Almachio
1089 3970 1348 4025 sublimia
1377 3971 1518 4027 facta
1536 3971 1811 4042 feruntur,
2197 3973 2309 4029 Nec
2335 3982 2500 4045 caput
2529 3991 2559 4030 a
2583 3975 2734 4030 tenui
2766 3976 2980 4030 cervice
3007 3975 3271 4030 revellere
3303 3991 3550 4031 noscens.

484 4063 746 4118 Maximus
776 4069 942 4134 atque
972 4062 1057 4117 sui
1086 4062 1217 4135 quia
1247 4063 1444 4118 Christi
1474 4067 1633 4140 signa
1662 4075 1984 4138 sequantur.
2199 4064 2372 4118 Carne
2404 4062 2578 4118 tribus
2599 4072 2724 4135 post
2749 4064 2904 4138 virgo
2924 4080 3156 4120 manens
3185 4065 3255 4119 ad
3282 4073 3406 4121 vota
3422 4064 3636 4131 diebus,

485 4155 578 4210 lllc
604 4157 832 4227 indigna
863 4156 1125 4222 fremens,
1151 4164 1206 4212 et
1237 4157 1484 4227 pondera
1513 4158 1632 4213 dira
1665 4158 1866 4215 furoris
2199 4152 2406 4208 Pastori
2427 4153 2778 4209 commendat
2806 4170 2959 4224 ονθε,
2982 4171 3120 4227 quas
3152 4162 3328 4210 male?
3355 4155 3553 4222 alebat:

482 4245 792 4311 Ostentans,
820 4245 1036 4316 plumbi
1069 4245 1199 4301 facit
1229 4246 1377 4301 hunc
1405 4263 1506 4317 per
1531 4247 1763 4303 verbera
1796 4250 1950 4304 tundi
1977 4268 1990 4318 ;
2203 4246 2446 4317 Urbano,
2469 4245 2681 4302 meritis
2709 4246 2908 4302 functae
2929 4247 3023 4318 qui
3056 4246 3249 4301 funera
3268 4261 3468 4314 curans

481 4337 618 4391 Dum
649 4337 787 4392 levis
815 4344 869 4392 et
898 4339 1148 4414 gaudens
1173 4339 1284 4394 exit
1310 4340 1422 4409 jam
1455 4341 1701 4412 pondere
1728 4341 1908 4410 liber;
2199 4339 2503 4412 Exsequiis,
2538 4340 2680 4395 inter
2699 4341 2940 4415 collegas
2960 4343 3100 4396 hanc
3123 4341 3265 4396 locat
3293 4340 3486 4404 almos,

482 4430 650 4494 Quem
683 4444 907 4500 quoque
945 4427 1099 4502 virgo
1147 4428 1352 4484 decens
1383 4429 1662 4502 hujusque
1708 4433 1966 4506 magistra
1997 4454 2097 4508 ρει-
2114 4475 2174 4545 D
2198 4432 2466 4505 Castaque
2483 4433 2814 4504 praesulibus
2834 4434 3119 4506 conjungit
3146 4433 3376 4508 pignora
3404 4431 3585 4488 castis.

1813 4525 2024 4596 [lmstraa
2114 4525 2172 4545 ν
2196 4527 2297 4593 Qui
2329 4543 2482 4582 sacer
2501 4536 2728 4599 argento
2759 4536 3048 4599 postquam
3079 4527 3193 4582 edit
3223 4533 3420 4581 cuncta
3443 4525 3623 4580 sacrati

479 4611 639 4665 Juxta
669 4610 762 4666 ubi
795 4611 1118 4668 condiderat
1137 4612 1332 4668 fratres
1360 4614 1502 4670 locat
1531 4614 1651 4687 ipsa
1680 4616 1948 4687 sodalem,
2194 4621 2328 4675 Vasa
2359 4619 2676 4688 ministerii,
2707 4619 3018 4692 multosque
3049 4619 3117 4674 ad
3144 4619 3325 4674 sidera
3361 4619 3526 4675 mittit

483 4703 590 4759 Nec
619 4703 750 4759 sinit
770 4705 1004 4777 auspicii
1033 4704 1275 4778 fideique
1297 4707 1467 4762 latere
1488 4708 1792 4780 probamcn
2191 4713 2449 4785 Martyrio
2473 4714 2671 4780 claros,
2703 4713 2850 4784 capit
2871 4712 3072 4784 inclyta
3103 4711 3330 4783 praamia
3361 4726 3594 4767 consors.

1978 4821 2184 4878 CAPUT
2225 4823 2314 4879 ΧΙ.

1320 4917 1397 4976 De
1421 4927 1628 4979 sancto
1659 4921 1956 4982 Pontiano
1981 4941 2141 5003 papa
2171 4933 2224 4984 et
2253 4926 2573 5004 Hippolyto
2598 4924 2955 5003 presbytero.

478 5023 613 5078 Hinc
638 5022 1076 5093 Pontiunusjura
1101 5023 1322 5095 supplet
1348 5025 1632 5100 regminis,
2198 5031 2520 5103 Hippolytus
2545 5031 2624 5087 illi
2647 5038 2830 5086 mente
2861 5030 3282 5103 divajungitur;

478 5119 759 5194 Digneque
791 5121 990 5175 summi
1018 5119 1162 5176 bella
1190 5127 1428 5177 tractans
1457 5121 1744 5193 principis,
2197 5119 2348 5176 Cives
2378 5120 2602 5192 adoptat
2633 5120 2788 5176 dives
2820 5121 2974 5176 exsul
3005 5120 3237 5175 fwuoris

477 5212 553 5267 0b
585 5213 706 5268 haec
737 5213 927 5268 dolosa
944 5211 1135 5269 fraude
1165 5214 1435 5270 Sardiniae
1472 5215 1661 5284 datur;
2192 5211 2961 5283 Multiplicandibarbarorum
2991 5229 3088 5283 per
3117 5213 3272 5280 fora;

474 5305 588 5369 Quo
619 5304 878 5360 destituta
908 5313 1062 5376 patre
1084 5305 1240 5376 plebs
1270 5305 1630 5376 praedonibus
2193 5303 2283 5358 His
2315 5321 2464 5377 {eger
2496 5306 2672 5361 hostis
2698 5305 3007 5361 institorem
3041 5305 3276 5362 fustibus

472 5393 680 5449 Animae
707 5400 940 5468 pateret,
972 5395 1192 5466 perdito
1221 5412 1352 5469 grex
1382 5402 1442 5450 ut
1469 5396 1609 5451 duce
2189 5394 2428 5451 Mactans
2459 5397 2699 5469 Opimam
2728 5397 2875 5454 celsa
2903 5398 3076 5454 mittit
3105 5399 3312 5456 muenia

469 5489 635 5561 Lupis
664 5489 896 5561 patescit
911 5489 1227 5560 abditisquc
1259 5489 1492 5545 furibus.
2187 5487 2354 5556 Cujus
2374 5487 2535 5544 beata
2564 5489 2840 5545 Fabianus
2861 5491 3095 5564 pignora

465 5582 528 5635 At
558 5597 627 5636 ne
652 5581 878 5636 relictus
907 5588 1161 5654 pergeret
1190 5581 1409 5646 solatio,
2185 5575 2389 5632 Praesul
2421 5577 2588 5633 relata
2611 5578 2702 5633 dat
2726 5579 2911 5634 Calisti
2944 5579 3089 5635 inter
3107 5581 3198 5652 pia

466 5668 563 5724 Hic
592 5686 756 5740 papa,
785 5671 947 5746 longe
977 5679 1301 5747 segregatus
1326 5671 1562 5738 civibus,
2184 5666 2388 5723 Decore
2409 5667 2571 5725 busta
2591 5671 2806 5727 consito
2823 5671 3127 5727 mausoleo.

469 5757 658 5828 Ignota
687 5761 849 5828 ruris,
881 5762 1217 5832 competenti
1259 5763 1548 5833 presbyter
