3962 6140
226 324 334 379 665

845 322 927 376 DE
969 322 1224 378 CHRISTI
1264 323 1622 381 TRIUMPHIS
1662 327 1832 383 APUD
1876 329 2140 384 ITALIAM
2181 329 2354 384 LIBRI
2396 329 2525 384 XIV.
2571 361 2631 368 —
2677 330 2798 384 LIB.
2846 331 2910 385 IV

1721 459 1929 516 CAPUT
1976 461 2089 518 XII.

1091 559 1168 616 De
1194 559 1457 619 Ant/tero
1485 578 1644 639 papa
1673 571 1726 621 et
1764 565 1996 624 ultione
2027 574 2202 626 sextae
2227 569 2682 642 persecutionis.

227 673 501 726 Antheros
531 670 695 739 hujus
716 669 1018 725 exsulantis
1039 671 1281 726 culmina

228 760 478 831 Capessit
507 760 615 814 alta
645 775 989 830 prosequens
1007 759 1257 832 vestigia.

231 852 326 906 llic
356 853 525 925 digna
553 851 852 925 diligenter
881 858 1002 906 acta
1018 860 1314 923 martyrum

230 943 405 997 Causa
423 943 571 997 beati
604 941 798 996 mortis
827 943 984 997 almae
1021 941 1259 1007 Maximi,

229 1035 330 1099 Qui
358 1050 525 1088 carne
545 1043 750 1105 martyr
767 1050 830 1089 ac
869 1035 1129 1090 sacerdos
1167 1037 1414 1093 solvitur.

227 1123 390 1177 Notat
412 1123 703 1194 requirens
732 1139 795 1178 ac
827 1124 1077 1179 recondit
1102 1125 1158 1179 in
1197 1142 1351 1182 sacra
1386 1145 1400 1193 ;

229 1216 470 1278 Quorum
512 1220 776 1280 meretur,
809 1215 1102 1271 Maximino
1127 1217 1378 1290 principe

230 1309 457 1364 Nostros
485 1318 683 1381 agente
714 1316 838 1380 post
868 1310 1135 1365 Neronem
1165 1313 1404 1368 turbinis

230 1403 380 1456 Sexti
412 1408 618 1456 retecta
654 1400 799 1474 lege,
832 1402 1219 1469 contubernia,

227 1498 358 1560 Quae
393 1496 499 1549 lata
528 1495 838 1551 decessoris
875 1497 1006 1550 odio
1040 1497 1285 1564 Caesaris,

227 1587 399 1655 Cujus
426 1587 518 1658 pio
543 1588 757 1642 nitebat
785 1588 910 1642 aula
937 1590 1161 1645 nomine

228 1679 465 1734 Mamma
497 1687 674 1736 mater
701 1688 864 1752 quam
893 1679 1115 1737 fovebat
1157 1691 1402 1750 strenue,

1877 685 1928 750 Α
1953 678 2240 733 Grassatur
2269 678 2446 733 almos
2477 677 2597 733 dira
2621 688 2811 733 contra
2845 681 3111 751 pmsules

1951 768 2281 843 Clerumquc
2313 787 2482 826 sacrae
2512 771 2658 826 celsa
2691 773 2870 844 plebis
2901 775 3172 848 regmina,

1949 863 2259 934 Tribusque
2287 863 2344 918 in
2375 864 2536 918 annis
2561 862 2674 919 ﬁne
2695 865 2840 939 regis
2856 865 3154 922 clauditur.

1950 953 2215 1010 Vindicta
2231 954 2389 1023 cujus
2421 953 2669 1026 turgidos
2700 955 2756 1009 in
2786 956 3068 1028 principes

1952 1044 2102 1098 lllata
2120 1045 2288 1112 juste,
2321 1060 2422 1099 ceu
2456 1044 2574 1100 lues
2605 1045 2900 1117 [Egyptios

1949 1132 2190 1207 Turgore
2212 1132 2348 1187 sexti
2390 1132 2685 1188 lancinavit
2729 1135 2999 1189 verberis.

1949 1221 2154 1291 Nempe
2193 1222 2300 1277 hoc
2331 1233 2618 1292 perempto
2659 1222 2932 1294 Puppieni
2964 1223 3215 1293 cu5pide,

1950 1309 2082 1363 Cum
2117 1308 2280 1364 fratre
2314 1325 2551 1381 regnans
2579 1325 2752 1365 cmsor
2778 1311 2897 1382 ipse
2927 1310 3177 1366 caeditur.

1954 1401 2134 1456 Nostri
2157 1409 2292 1473 quot
2311 1402 2475 1456 annis
2501 1403 2716 1457 enecati
2745 1402 3032 1474 praesules,

1956 1498 2106 1552 Datis
2135 1506 2214 1552 tot
2241 1498 2392 1553 orbis
2417 1497 2486 1552 ad
2527 1514 2720 1554 necem
2753 1500 3117 1571 primatibus:

1959 1589 2094 1645 llinc
2119 1590 2427 1646 Gordianus
2456 1590 2603 1646 bella
2632 1599 3145 1664 spectatprospera.

1707 1755 1916 1812 CAPUT
1967 1754 2110 1810 XIII.

638 1852 716 1910 De
747 1851 984 1911 duobus
1032 1854 1335 1931 Philippis
1371 1858 1828 1932 impwatoribus
1871 1867 1924 1918 et
1967 1857 2182 1918 Pontio
2215 1863 2478 1930 martyre
2521 1863 2573 1913 et
2611 1864 2815 1914 sancto
2864 1855 3152 1914 Fabiano.

233 1967 469 2040 Egregia
491 1975 616 2038 post
640 1967 741 2021 hos
769 1967 1172 2037 splendescens
1209 1987 1341 2040 pace
1377 1971 1682 2042 Philippus,

221 2058 494 2112 Prazcelso
519 2074 735 2128 supera:
768 2058 1060 2114 decoratus
1079 2061 1301 2117 nomine
1343 2063 1499 2137 legis.

220 2149 556 2219 I'articipem
589 2148 758 2204 fastus
781 2151 1028 2225 genitum
1058 2151 1187 2206 facit
1216 2169 1338 2208 esse
1373 2154 1688 2226 Philippum
1725 2173 1738 2221 ;

220 2239 454 2292 Pontius
493 2239 594 2293 bos
624 2245 833 2308 martyr
856 2239 1045 2294 divina
1074 2240 1142 2294 ad
1177 2241 1363 2296 munia
1396 2241 1596 2297 Christi

218 2331 528 2384 Instituens
547 2329 791 2393 monitis,
833 2331 1093 2403 prudenti
1118 2334 1373 2408 dogmate
1389 2335 1552 2398 vexit,

217 2422 417 2494 Fulget
442 2429 495 2476 at
521 2422 606 2475 his
625 2429 838 2478 mactus
867 2423 1047 2494 palma
1078 2425 1181 2479 sub
1206 2427 1528 2490 Vateriano;

215 2515 529 2569 xEneadum
562 2515 772 2584 primus
804 2531 1012 2588 regum,
1041 2519 1387 2592 prolemque,
1416 2528 1741 2594 patremque

217 2607 495 2662 Concordi
523 2622 791 2661 venerans
819 2609 970 2664 cultu
1002 2625 1126 2664 cum
1159 2612 1313 2682 prole
1345 2612 1652 2684 Philippus,

221 2696 440 2767 Inclyta
469 2705 684 2766 sceptra
715 2697 1113 2772 regitconsorti
1148 2699 1359 2774 fulgida
1388 2703 1560 2758 cultu.

218 2787 490 2841 Fascibus
521 2787 610 2841 hic
633 2787 796 2855 altus,
826 2787 1024 2844 Christi
1053 2790 1122 2844 ad
1153 2793 1416 2861 mysteria
1445 2809 1666 2855 curvus.

221 2879 364 2931 Dum
398 2877 614 2932 Pascha:
632 2878 884 2933 excubiis
913 2878 1041 2934 ferri
1073 2880 1182 2936 sibi
1214 2899 1368 2937 sacra
1400 2893 1637 2958 rogaret,

219 2969 553 3024 Luctisonos
583 2968 725 3023 inter
754 2979 898 3025 stare
928 2980 982 3026 et
1013 2988 1114 3027 sua
1144 2973 1380 3028 crimina
1414 2974 1615 3030 flentes

218 3060 572 3131 Praecipitur,
600 3060 813 3133 farique
846 3071 900 3118 et
931 3064 1155 3135 prOpria
1181 3065 1314 3121 ﬂere
1335 3067 1533 3137 piacla.

220 3154 322 3208 Ille
344 3153 651 3210 sacerdotis
670 3163 797 3211 voto
829 3157 1085 3212 mandata
1115 3173 1434 3229 capessens,

218 3247 458 3301 Pectore
473 3253 579 3302 stat
605 3264 800 3318 prono,
825 3250 1328 3320 dispellitculmina
1358 3260 1564 3308 mente.

220 3336 460 3390 Maxima
489 3339 733 3408 supremi
766 3340 960 3395 recolit
986 3342 1115 3396 dum
1147 3343 1392 3398 culmina
1418 3342 1598 3416 regni.

218 3425 503 3497 Lugubris
527 3435 579 3480 at
611 3428 832 3482 tandem
860 3437 1184 3502 patrataque
1207 3431 1440 3486 crimina
1473 3431 1649 3486 fassus

220 3518 493 3587 lmplorat
524 3519 757 3591 supplex
778 3523 977 3576 summi
1002 3539 1094 3577 rex
1115 3524 1343 3578 numina
1369 3525 1537 3598 regis,

219 3605 602 3678 Divinumque
632 3624 853 3663 manere
878 3611 968 3680 pio
996 3611 1104 3665 sibi
1131 3613 1299 3668 corde
1331 3614 1586 3670 timorem

223 3701 601 3770 Depromens,
626 3701 856 3772 quaesita
881 3703 1074 3758 humili
1102 3721 1255 3760 sacra
1283 3717 1508 3777 pectore
1541 3708 1710 3764 sumit
1737 3726 1750 3763 :

218 3795 290 3846 At
336 3792 604 3846 Dominus
618 3809 854 3863 pronum
883 3795 1048 3852 solito
1078 3798 1367 3854 sustollere
1398 3810 1572 3867 curat,

213 3883 496 3939 Fascibus
529 3885 858 3953 ampliﬁcat;
893 3887 994 3942 soli
1030 3888 1264 3959 piajura
1286 3893 1545 3947 trementi

220 3974 441 4030 Unicus
465 3973 556 4029 hic
576 3973 858 4030 confertur
889 3976 1065 4031 honos
1090 3993 1294 4048 supero
1325 3980 1522 4035 ordine
1554 3983 1693 4054 regi,

221 4066 399 4121 Urbis
428 4073 488 4120 ut
518 4067 731 4121 educta:
751 4068 1047 4141 praasignia
1071 4070 1274 4141 gaudia
1307 4071 1487 4142 plebis

217 4160 480 4232 Augusto
513 4157 618 4212 hoc
647 4159 971 4214 moderante
990 4161 1156 4216 micet
1185 4163 1516 4218 millesimus
1539 4181 1736 4232 annus,

221 4249 438 4304 Eximii
472 4249 653 4304 cultus
683 4267 898 4307 summo
920 4253 1234 4309 celebratus
1260 4256 1496 4323 honore,

217 4341 389 4407 Quod
422 4342 594 4396 decus
623 4343 724 4398 hoc
739 4344 864 4398 urbi
887 4361 1116 4401 summae
1144 4348 1292 4403 inter
1319 4360 1538 4420 sceptra
1561 4351 1791 4419 feratur,

220 4432 375 4486 Urbs
408 4440 464 4485 et
484 4432 789 4501 apostolico
823 4433 936 4502 jam
969 4435 1178 4491 dudum
1209 4437 1466 4509 dogmate
1495 4440 1664 4506 clara,

216 4526 493 4581 Numinis
529 4534 693 4598 atque
721 4527 798 4598 pii
826 4539 1016 4585 sancto
1041 4531 1306 4604 insignita
1337 4534 1560 4601 decore,

221 4619 499 4689 Principe
532 4618 853 4676 Christicola
885 4621 1035 4677 celso
1063 4624 1167 4678 hoc
1189 4625 1423 4695 polleret
1447 4625 1676 4682 honore.

302 4710 532 4781 Septies
558 4718 615 4763 at
645 4718 934 4782 postquam
966 4714 1197 4768 vestitur
1224 4715 1476 4788 gramine
1508 4715 1693 4785 tellus,

217 4804 604 4872 Septenoque
635 4802 814 4872 replet
841 4803 1078 4858 ridentia
1121 4806 1325 4860 moenia
1345 4806 1546 4872 fructu,

217 4891 464 4945 Munere
497 4889 688 4946 divino
717 4891 880 4945 terris
911 4901 1176 4966 regnante
1205 4894 1462 4966 Philippo

215 4979 513 5034 Gentibus
539 4989 595 5034 et
625 4981 958 5052 p0pulisque
989 4982 1223 5038 nitentia
1249 4985 1375 5052 jura
1410 4984 1652 5056 dicantc,

214 5073 447 5126 .Estuat
478 5071 743 5143 antiquus
768 5073 1026 5145 viresque
1055 5075 1330 5149 recolligit
1359 5077 1578 5150 anguis,

215 5166 473 5221 Attritus
504 5165 704 5220 totiens
727 5183 827 5236 per
854 5177 1002 5223 tanta
1025 5175 1234 5239 tropaea
1265 5171 1466 5225 relisus
1493 5189 1508 5236 ;

214 5256 583 5326 Insidiisque
613 5264 768 5327 parat
801 5258 994 5315 Christi
1016 5275 1213 5314 vexare
1246 5262 1572 5337 phalanges,

217 5352 646 5420 Latronemque
678 5350 824 5406 dolis
855 5351 1083 5407 Decium
1114 5352 1222 5407 sibi
1253 5363 1526 5426 praeparat
1551 5365 1738 5426 aptum
1775 5375 1787 5410 :

1882 1977 1931 2044 Β
1957 1970 2182 2026 Instruit
2214 1970 2457 2044 anguina
2486 1969 2706 2024 liventis
2731 1969 2926 2024 fraude
2947 1970 3172 2031 veneni,

1953 2065 2182 2122 Exacuit
2206 2062 2445 2118 stimulis
2477 2061 2756 2135 agitatque
2786 2063 2854 2116 ad
2878 2061 3020 2116 furta
3051 2062 3349 2117 furentem.

1941 2157 2036 2213 Ille
2061 2156 2220 2210 dolos
2248 2155 2475 2209 volvens
2507 2154 2737 2225 inopino
2771 2154 3003 2209 crimine
3026 2155 3234 2225 justum

1940 2248 2290 2322 Aggreditur,
2326 2246 2592 2318 furvoque
2624 2257 2781 2301 necat
2811 2246 3096 2301 molimine
3120 2263 3327 2319 regem.

1945 2338 2201 2407 Principe
2231 2335 2505 2390 subducto
2535 2335 2842 2405 pervadens
2877 2342 3092 2405 sceptra
3116 2342 3402 2405 tyrannus,

1949 2429 2084 2493 Quae
2115 2443 2215 2482 sua
2235 2435 2366 2480 sunt
2395 2425 2516 2480 diro
2534 2434 2690 2480 curat
2713 2424 3020 2495 producere
3053 2425 3199 2487 nisu,

1954 2519 2263 2576 Prosternit
2293 2517 2564 2588 genitum,
2592 2525 2765 2572 totum
2816 2525 2999 2571 movet
3026 2533 3177 2569 arma
3213 2531 3312 2586 per
3333 2532 3527 2587 agmen
3559 2535 3574 2581 ;

1956 2610 2096 2664 Hinc
2125 2608 2332 2676 majora
2365 2615 2576 2677 petens,
2607 2605 2822 2662 Domini
2842 2606 3164 2660 subvertere
3192 2610 3366 2659 castra

1953 2702 2191 2767 Nititur;
2225 2700 2372 2755 haud
2415 2715 2567 2754 mora
2594 2699 2878 2754 ductorem
2913 2697 3311 2753 moderaminis
3344 2695 3507 2765 hujus

1961 2795 2206 2868 Impetit,
2239 2803 2404 2866 atque
2435 2793 2562 2848 data
2594 2793 2892 2848 Fabianum
2922 2792 3045 2867 lege
3079 2791 3335 2846 trucidat.

1961 2885 2210 2941 Crudelis
2240 2885 2454 2956 Scythae
2487 2882 2611 2938 velli
2646 2882 2868 2958 agmina
2897 2891 3088 2936 sancta
3113 2880 3365 2950 jubentis

1956 2976 2280 3047 Sumpserat
2313 2974 2403 3028 hic
2428 2972 2632 3028 celebri
2668 2971 2870 3043 praesul
2903 2969 3284 3026 moderamina
3313 2975 3448 3024 nutu
3480 2986 3494 3032 ;

1959 3068 2149 3123 Fertur
2174 3067 2323 3122 enim
2347 3066 2628 3140 digressus
2658 3080 2810 3138 agro,
2844 3063 3138 3119 comitatus
3158 3062 3352 3118 amicis

1960 3155 2218 3211 Ecclesiae
2244 3163 2566 3226 penetrasse
2596 3152 2845 3221 domum,
2865 3169 2973 3225 qua
3001 3151 3195 3208 concio
3227 3151 3407 3223 plebis

1960 3245 2020 3298 In
2051 3244 2269 3299 diversa
2296 3243 2526 3298 studens
2554 3241 2819 3306 certabat,
2854 3249 2908 3296 et
2936 3241 3088 3312 optio
3120 3240 3292 3312 patris
3325 3257 3339 3305 ;

1879 3311 1928 3379 Ο
1960 3339 2144 3393 Astitit
2169 3337 2260 3392 ille
2292 3337 2429 3392 nihil
2451 3337 2759 3392 subeundae
2790 3311 3046 3392 conscius
3075 3335 3256 3401 arcis;

1957 3431 2022 3486 At
2050 3446 2319 3485 summam
2354 3438 2519 3483 tantae
2550 3428 2769 3484 visurus
2789 3428 2857 3482 ad
2886 3427 3091 3482 extima
3125 3442 3294 3482 curae.

1961 3518 2058 3573 llic
2087 3518 2300 3573 discors
2331 3517 2550 3572 diversa
2571 3525 2760 3587 crepat
2790 3517 2922 3570 dum
2954 3515 3162 3570 famina
3190 3521 3386 3580 ccetus,

1962 3611 2266 3667 Dissociata
2297 3625 2500 3681 parans
2529 3609 2698 3685 digne
2728 3607 2940 3664 sociare
2971 3606 3248 3673 columba,

1965 3705 2120 3760 Pacis
2151 3705 2348 3769 amica,
2380 3703 2533 3758 venit
2559 3702 2789 3757 livorem
2826 3699 2969 3754 fellis
2993 3698 3191 3753 abesse

1963 3794 2474 3868 Przecipienstibris
2503 3811 2517 3857 ;
2551 3793 2760 3848 sentire
2780 3792 2874 3845 dat
2905 3791 3166 3846 omnibus
3196 3803 3394 3853 unum,

1961 3888 2138 3944 Unum
2169 3888 2237 3942 de
2277 3886 2466 3942 multis
2497 3900 2731 3940 censens
2763 3897 3087 3954 praeponere
3115 3880 3330 3936 cunctis

1963 3977 2133 4033 Unius
2163 3993 2273 4032 una
2303 3982 2501 4047 petens
2526 3982 2692 4046 caput
2712 3971 2869 4044 eligit
2898 3971 3160 4028 omnibus
3173 3984 3367 4029 unum,

1971 4067 2392 4138 Concordesque
2418 4080 2615 4120 omnes
2644 4072 2855 4134 patrem
2881 4061 3156 4118 connectit
3183 4059 3254 4114 ad
3284 4073 3474 4114 unum.

1968 4156 2320 4212 Conclamant
2337 4153 2522 4210 cuncti
2551 4151 2762 4208 caelesti
2794 4151 3034 4206 culmine
3065 4149 3315 4224 dignum,

1968 4249 2403 4321 Pontificemque
2434 4246 2628 4321 legunt
2656 4245 2847 4301 divino
2877 4243 3102 4299 numine
3125 4249 3334 4302 notum,

1965 4343 2142 4414 Atque
2183 4341 2327 4397 Petri
2357 4339 2635 4397 cathedrae
2658 4338 2903 4394 Fabiano
2929 4337 3176 4410 regmina
3197 4335 3421 4390 cedunt.

1967 4432 2185 4503 Quique
2216 4430 2627 4501 triumphorum
2659 4435 2847 4484 servet
2877 4435 2936 4481 ut
2959 4432 3115 4498 gesta
3141 4425 3381 4496 piorum,

1970 4521 2190 4597 Colligit
2208 4523 2424 4594 hocque
2446 4521 2668 4575 studere
2690 4519 2846 4590 Operi
2879 4518 3131 4574 decernit
3159 4517 3414 4572 alumnos
3436 4533 3450 4580 ;

1881 4650 1940 4720 D
1968 4615 2268 4670 Ecclesiam
2300 4613 2514 4684 fulgere
2541 4611 2705 4667 docet
2732 4625 2954 4682 quoque
2995 4604 3212 4682 legibus
3235 4607 3432 4672 almis;

1971 4711 2092 4782 Ipse
2124 4708 2446 4780 triumphali
2477 4723 2605 4763 mox
2630 4713 2690 4762 ut
2710 4705 3038 4774 conjunctus
3064 4703 3261 4759 honori
3289 4711 3394 4768 est,

1970 4800 2370 4872 Disperguntur
2399 4810 2550 4860 oves,
2570 4794 2902 4862 lacerantur,
2920 4791 3348 4864 carceribusque

1968 4891 2306 4956 Traduntur,
2338 4904 2575 4960 quorum
2605 4887 2816 4958 Moyses
2843 4884 3118 4960 ergastula
3148 4883 3374 4959 longum

1973 4983 2096 5038 Post
2125 4982 2354 5036 tolerata
2385 4980 2556 5054 nigris
2573 4979 2708 5050 petit
2735 4977 2958 5033 aetheris
2986 4977 3136 5032 edita
3162 4976 3355 5048 septis.

1968 5078 2211 5134 Diversis
2225 5076 2440 5131 diversa
2471 5076 2613 5151 gerit
2632 5073 2992 5146 praedonibus
3015 5072 3213 5138 hostis,

1969 5174 2220 5231 Exterius
2244 5171 2467 5243 patulis,
2488 5172 2637 5226 intus
2666 5169 3011 5225 latitantibus
3039 5167 3229 5232 armis,

1970 5263 2373 5331 Latronemque
2405 5275 2606 5314 novum
2639 5258 2839 5314 furtiva
2869 5257 2937 5311 ad
2955 5257 3101 5311 bella
3128 5262 3384 5310 novatnm

1971 5354 2190 5428 Deligit,
2216 5353 2547 5425 impugnans
2570 5349 2756 5405 biﬁdis
2787 5349 2877 5420 pia
2906 5356 3085 5404 castra
3105 5344 3356 5402 catervis.

1721 5483 1938 5540 CAPUT
1979 5481 2110 5537 XIV.

796 5582 875 5641 De
903 5594 1108 5644 sancto
1156 5584 1434 5646 Cornelio
1460 5606 1621 5666 papa
1658 5598 1710 5648 et
1753 5589 2059 5666 Cypriane
2089 5593 2356 5662 martyre
2393 5585 2690 5660 sociisque
2721 5584 2990 5661 ipsorum

213 5691 498 5748 Providet
529 5691 657 5747 inde
677 5693 767 5764 pio
804 5695 1066 5753 Dominus
1096 5699 1425 5757 charismate
1449 5710 1658 5773 patrem

213 5786 482 5840 Desertae
496 5785 782 5861 egregium
817 5787 995 5859 plebi;
1033 5789 1320 5848 Cornelius
1347 5793 1474 5848 urbi

1967 5701 2110 5756 Dum
2143 5698 2346 5771 praesul
2377 5698 2537 5753 datur
2558 5697 2771 5752 eximite
2803 5694 3061 5766 Petrique
3082 5693 3380 5760 cathedrae,

1967 5797 2046 5852 Ad
2067 5812 2233 5870 quem
2263 5794 2446 5851 dulcia
2471 5809 2573 5849 ceu
2599 5792 2768 5863 patris
2793 5790 3036 5848 fomenta
3060 5789 3285 5863 benigni
