3974 6146
427 295 530 352 667
1127 299 1496 357 FLODOARDI
1535 302 1838 359 CANONICI
1882 305 2210 360 REMENSIS
2250 305 2587 364 OPUSCULA
2625 307 2932 364 METRICA.
3602 315 3684 370 668

429 425 664 497 Dispersi
697 438 996 500 properant
1024 433 1176 506 gnati
1213 433 1441 504 Iapsuve
1470 435 1652 500 recisi,
2076 442 2122 507 Α
2149 435 2592 510 Cunctorumque
2623 454 2817 509 preces
2838 437 2998 506 hujus
3024 451 3150 492 mox
3179 444 3299 492 vota
3325 447 3630 509 sequuntur;

431 518 695 574 Maximus
725 528 780 575 et
801 522 1021 594 reliqui,
1055 523 1515 598 confessoresque
1542 525 1737 582 fideles
2148 529 2246 594 Qui
2281 529 2480 600 punire
2510 530 2625 586 dati
2657 529 3002 601 pedibusque
3016 528 3461 584 advolviturultor

433 611 637 682 Inclyta
670 613 813 668 bella
843 615 952 684 poli
985 622 1220 671 tractant
1253 624 1468 672 rectore
1499 617 1668 673 fideli.
2147 618 2423 685 Concessi,
2455 619 2744 690 poscitque
2773 618 2961 673 datum
3001 618 3104 672 sibi
3139 618 3320 672 munia
3347 616 3479 674 ferre
3507 637 3520 683 ;

431 701 620 757 Fertur
649 704 752 759 hoc
784 704 1082 761 instructus
1111 707 1336 763 doctore
1365 709 1432 762 ad
1466 708 1612 764 bella
1641 709 1884 780 gerenda
2145 705 2408 761 Subditur
2446 707 2666 762 addicto
2697 715 3193 778 consternaturque
3223 705 3458 761 subacto.

430 793 628 850 Caelica
658 796 996 862 Pancratius,
1032 807 1232 869 patruo
1254 800 1514 856 ductante
1547 801 1710 856 beato
1741 819 1754 868 ;
2149 797 2243 851 Ille
2273 798 2358 852 sui
2390 804 2711 854 tractatores
2740 815 2899 854 verso
2925 799 3122 854 ordine
3154 805 3358 863 tractat,

425 884 632 955 Impius
663 886 964 940 exhorrens
1003 887 1153 943 dolet
1188 889 1410 963 agmina
1440 897 1627 944 sancta
1657 890 1828 954 coire,
1931 939 1938 945 .
2148 889 2521 963 Captoresque
2551 891 2720 962 capit,
2746 892 3204 964 devinctoresque
3227 892 3464 959 revincit,

423 975 795 1048 Densatasque
827 994 1028 1048 parans
1055 978 1251 1034 Christi
1282 981 1506 1035 turbare
1543 982 1818 1048 cohortes,
2147 981 2537 1054 Emaculatque
2565 981 2732 1037 undis
2761 997 2883 1036 sese
2914 981 3126 1037 foedare
3157 991 3440 1052 parantes;
3485 1023 3512 1050 λ

420 1062 711 1122 Ductorem
740 1067 880 1138 rapit
906 1082 936 1122 e
962 1068 1167 1135 medio,
1201 1069 1467 1142 pellitque
1495 1071 1763 1145 irelegans
2145 1070 2364 1142 Quique
2396 1071 2718 1126 laborabant
2739 1071 2887 1126 hunc
2912 1069 3188 1124 associare
3217 1069 3453 1140 profanis

429 1157 708 1213 Extorrem
733 1157 1070 1233 Centumque
1101 1161 1286 1217 locans
1309 1163 1501 1231 juncto
1525 1163 1721 1219 ordine
1751 1164 1932 1219 Cellis.
2149 1160 2449 1231 Participes
2479 1160 2673 1216 Christi
2717 1159 2803 1230 pia
2830 1161 2924 1214 dat
2950 1175 3048 1231 per
3079 1160 3334 1230 mysteria
3360 1162 3532 1229 sacris,

430 1245 635 1301 Militiae
668 1264 981 1319 procerum,
1006 1251 1200 1323 nequit
1228 1253 1295 1306 ad
1309 1268 1367 1306 se
1393 1252 1630 1326 jungere
1661 1269 1902 1309 amorem
1929 1272 1943 1320 ;
2146 1250 2308 1305 Addit
2333 1257 2387 1304 et
2419 1249 2673 1305 Ecclesia:
2705 1250 2944 1304 nitentes
2973 1265 3033 1304 se
3059 1249 3265 1304 addere
3296 1251 3467 1315 larva),

431 1335 702 1406 Principis
720 1338 1034 1412 agminibus
1065 1347 1360 1411 prOperant
1391 1341 1626 1396 invisere
1650 1342 1805 1397 multi
2145 1339 2398 1394 Annectit
2429 1339 2584 1393 nexis
2610 1339 2905 1393 tendentes
2934 1337 3192 1392 scindere
3222 1353 3407 1400 nexos,

431 1425 605 1496 Atque
631 1426 812 1482 levare
838 1443 938 1498 pro
969 1429 1184 1499 pulsum
1203 1429 1467 1484 lenimine
1493 1446 1713 1501 papam.
2145 1437 2336 1490 Saevus
2368 1434 2421 1488 id
2448 1449 2582 1488 aure
2611 1433 2836 1487 trahens
2856 1431 3345 1502 Deciusmittitque
3369 1439 3597 1504 tenetque

428 1514 578 1572 Tunc
615 1518 810 1574 Africae
842 1521 953 1585 lux,
985 1536 1081 1575 ore
1115 1520 1224 1576 fide
1253 1521 1556 1593 Cyprianus
1580 1522 1787 1594 Opima,
2147 1524 2499 1588 Candidulos,
2528 1523 2769 1593 (lucique
2787 1521 2958 1575 sacris
2987 1537 3111 1574 cum
3146 1520 3382 1590 praesule
3409 1523 3624 1589 mandat,

431 1609 564 1663 Huic
585 1609 769 1685 jungit
800 1613 1184 1682 radiosjubari
1213 1614 1482 1688 signando
1517 1614 1696 1671 beatis
2147 1615 2265 1669 Mox
2297 1612 2477 1684 puniri
2507 1612 2615 1666 aris
2643 1611 2687 1666 si
2723 1626 2929 1682 ponere
2952 1612 3110 1664 thura
3135 1618 3444 1666 retractent.

430 1702 831 1757 Grammatibus
849 1703 1046 1758 validae
1077 1705 1314 1760 Celerini
1346 1713 1501 1779 gesta
1535 1707 1787 1776 palestraa
1823 1725 1836 1761 :
2073 1759 2116 1779 η
2143 1704 2374 1758 Tirones
2403 1701 2588 1756 divina
2619 1701 2784 1755 rudes
2810 1701 2879 1755 ad
2910 1700 3056 1755 bella
3087 1701 3348 1777 magistro

441 1797 795 1868 Comperiens
827 1799 1027 1854 multos
1054 1816 1210 1870 papae
1241 1801 1512 1856 solamina
1535 1801 1681 1856 ferre
2069 1796 2121 1825 ι’
2153 1799 2508 1855 Prwcedente
2548 1798 2774 1861 abeunt,
2805 1812 2873 1852 ne
2893 1796 3006 1851 fors
3033 1814 3063 1850 a
3095 1796 3348 1868 principe
3380 1803 3540 1850 turma

436 1889 736 1956 Crassator,
773 1897 992 1945 revocat
1016 1890 1268 1963 falsoque
1299 1894 1636 1964 sophismate
1666 1894 1876 1963 justum
2154 1894 2475 1949 Desciscens
2498 1891 2645 1948 hosti
2678 1898 2951 1962 przeccpta
2979 1897 3186 1961 tropaea
3216 1889 3463 1946 remittat.

441 1986 746 2052 lnsimulat,
779 1994 969 2042 contra
991 1988 1138 2059 quod
1171 1989 1528 2060 publicajura
1555 1990 1776 2046 libellos
2159 1986 2369 2041 Incedit
2399 1983 2597 2056 praesul
2635 1989 2782 2038 tutus
2810 1982 3130 2038 crnlestibus
3163 1982 3352 2048 armis,

429 2069 745 2146 Sumpserit
773 2093 835 2131 ac
866 2077 1097 2131 schedas
1119 2079 1414 2154 peregrino
1445 2096 1475 2134 a
1503 2079 1684 2135 littore
1717 2081 1873 2138 lataS.
2158 2079 2327 2142 Quem
2359 2075 2563 2150 gaudet
2585 2089 2724 2128 nova
2751 2080 2928 2127 turma
2959 2072 3138 2144 sequi,
3169 2080 3439 2144 sputoque
3463 2069 3633 2126 sacello

445 2188 464 2215 ι
504 2167 809 2222 Grammata
827 2169 1042 2240 suscepi
1063 2169 1278 2224 Domini
1298 2187 1466 2241 super
1491 2171 1620 2244 (ille)
1645 2188 1868 2239 corona,
2158 2171 2384 2223 Sumere
2416 2166 2700 2237 conspersi
2732 2171 3004 2219 maturant
3033 2165 3308 2239 sanguine
3337 2165 3550 2235 palmam
3581 2203 3594 2227 ,

442 2259 552 2314 Non
595 2275 708 2314 rem
739 2260 1035 2315 Romanam
1067 2262 1151 2316 vel
1197 2263 1416 2332 publica
1464 2267 1754 2321 commoda
1789 2274 1999 2322 contra.
2031 2290 2051 2319 ι
2161 2261 2306 2332 Papa
2345 2266 2640 2315 coronatus
2661 2273 2800 2329 quos
2821 2258 3025 2311 tethera
3055 2257 3278 2311 ducitin
3305 2257 3484 2311 altum.

438 2352 502 2406 At
530 2351 673 2406 veris
701 2351 852 2406 furor
873 2352 1079 2407 auditis
1108 2353 1352 2421 effervet,
1387 2362 1440 2410 et
1465 2371 1561 2411 ora
2161 2351 2224 2404 At
2258 2349 2460 2404 Lucina
2483 2347 2572 2417 pio
2599 2345 2800 2400 mulier
2823 2343 3160 2399 venerabilis
3187 2351 3334 2410 actu,

438 2443 565 2496 'I‘am
608 2451 860 2514 prompte
883 2445 1106 2514 plumbo
1124 2451 1232 2499 tam
1268 2463 1405 2517 pura
1427 2446 1654 2503 fatentia
1680 2450 1883 2506 tundit.

2162 2443 2197 2496 l’
2203 2441 2314 2496 ulta
2342 2441 2435 2495 Dei
2467 2440 2637 2506 clero,
2671 2437 2935 2493 famulum
2966 2437 3208 2508 stipante
3237 2443 3465 2499 caterva,

437 2536 772 2606 Oppressare
805 2536 990 2592 hebeti
1024 2537 1180 2593 nisus
1211 2539 1534 2596 discrimine
1552 2558 1748 2598 verum
2159 2533 2481 2586 Sanctorum
2522 2544 2676 2583 sacra
2705 2527 2953 2582 membra
2971 2525 3104 2598 legit
3133 2533 3435 2598 cryptaque
3464 2522 3624 2578 Calixti

438 2624 662 2679 Ducitur
701 2625 829 2680 hinc
861 2626 1062 2696 praesul
1094 2626 1354 2683 Mavortia
1392 2645 1544 2684 sacra
1570 2629 1804 2693 litatum,

2161 2621 2330 2692 Inque
2370 2634 2470 2673 suo
2510 2618 2658 2673 cultu
2688 2616 2937 2688 pollente
2958 2615 3277 2670 recondidit
3307 2629 3454 2683 arvo,

440 2716 532 2769 Sin
568 2727 820 2771 temnens
859 2723 1074 2783 renuat,
1106 2719 1306 2773 crudas
1337 2728 1606 2776 mactetur
1625 2721 1693 2776 ad
1721 2739 1860 2777 aras.
2162 2709 2330 2778 HUIUS
2357 2701 2577 2763 Ῑλυϐίέιδέ
2608 2706 2897 2762 Cornelius
2924 2705 3028 2759 ίεῑθ
3057 2710 3255 2778 rogatu

439 2804 572 2858 Dum
605 2820 759 2860 sacra
785 2805 1025 2861 facturus
1055 2815 1313 2878 properat
1338 2808 1515 2884 magis
1552 2809 1672 2880 ipse
1728 2811 2053 2879 sacrandus,
2158 2803 2479 2857 Sanctorum
2507 2816 2799 2872 procerum
2830 2798 3167 2854 calacumbis
3196 2813 3322 2853 0588
3353 2797 3560 2862 levaral.

443 2896 551 2950 Hac
571 2913 634 2950 ex
665 2896 860 2952 militia
890 2898 1114 2969 quidam
1147 2899 1374 2954 Cerialis
1395 2901 1598 2956 adacta
2161 2895 2498 2968 Legaratque
2530 2891 2670 2946 Petri
2703 2891 2807 2945 sub
2839 2897 3023 2944 monte
3053 2888 3290 2944 Neronia
3321 2889 3372 2942 in
3402 2887 3582 2948 aulam,

443 2983 694 3056 Quinque
725 3001 823 3056 per
851 2993 1072 3041 aestates
1110 2987 1271 3042 cunis
1301 3004 1399 3058 pro
1423 2989 1661 3064 conjuge
1694 2991 1891 3061 poscit,
2028 3061 2036 3064 _
2158 2983 2368 3037 Aureus
2410 2983 2462 3035 in
2495 2980 2758 3034 Vaticano
2792 2978 2884 3050 qui
2917 2979 3116 3043 dictus,
3153 2984 3212 3032 et
3237 2977 3292 3030 in
3322 2991 3429 3047 quo

445 3073 614 3141 Hujus
641 3081 699 3127 ut
729 3073 781 3127 in
814 3074 932 3128 visu
963 3075 1140 3129 valeat
1169 3076 1412 3149 gaudere
1439 3061 1622 3132 salute
2027 3061 2036 3068 ’
2095 3127 2138 3149 μ
2163 3071 2486 3125 Arcitenens
2504 3076 2696 3124 nactus
2725 3067 2998 3122 habitarat
3025 3065 3266 3120 delubra
3292 3065 3538 3120 Phoebus.

443 3127 578 3228 Ejus
603 3169 655 3216 at
685 3162 775 3216 ille
805 3163 1028 3217 domum
1045 3127 1273 3218 subiens
1301 3165 1444 3220 hanc
1473 3167 1635 3241 erigit
1665 3168 1862 3239 (aiens)
1898 3187 1910 3223 :
2093 3127 2141 3192 Ο
2169 3167 2290 3236 Ipse
2321 3164 2499 3219 locum
2522 3162 2678 3232 juxta
2705 3176 2866 3216 cruce
2897 3174 3005 3231 quo
3036 3158 3364 3214 conscendit
3386 3157 3438 3211 in
3463 3161 3589 3210 astra

449 3253 690 3328 «Surge,
727 3252 948 3324 tuisque
978 3253 1119 3308 insta
1149 3254 1386 3324 pedibus
1422 3257 1523 3310 sub
1582 3258 1807 3313 nomine
1844 3259 1996 3316 Jesu.
2039 3284 2056 3309 ο
2165 3255 2453 3308 Sidereum
2487 3251 2698 3320 Cephas
2724 3248 3016 3304 Dominum
3049 3263 3148 3318 per
3178 3246 3329 3302 celsa
3365 3253 3587 3306 secutus,

446 3344 598 3401 Illico
628 3345 749 3399 laeta
771 3344 919 3398 subit
949 3352 1213 3417 percepto
1237 3347 1460 3415 robore,
1488 3365 1679 3404 verum
2167 3346 2402 3419 Pignora
2441 3350 2572 3397 tunc
2601 3340 2752 3396 Pauli
2781 3340 2962 3395 studio
2992 3340 3080 3395 via
3104 3339 3351 3410 sumpsit
3379 3336 3559 3392 eodem

446 3432 573 3486 Esse
596 3432 688 3486 Dei
713 3432 960 3505 genitum
993 3433 1236 3488 clamans
1266 3434 1523 3491 Sallustia
1552 3437 1849 3507 Christum,
2171 3435 2470 3500 Hastensis,
2503 3433 2699 3504 capitis
2719 3449 2829 3504 qua
2851 3447 3083 3502 corpore
3114 3431 3270 3486 caede
3301 3429 3509 3484 solutus

447 3521 507 3574 Et
535 3537 763 3576 currens
783 3538 878 3576 vas
909 3521 1103 3592 implet
1133 3537 1298 3594 aqua,
1331 3526 1585 3593 conjurat
1607 3535 1661 3581 et
1685 3535 1802 3582 orat
2169 3527 2463 3594 Quiesitum
2499 3525 2706 3580 Christo
2736 3523 2909 3580 subiit
2928 3522 3256 3579 convinctus
3285 3523 3559 3577 honorem.

449 3612 570 3681 Ipsa
600 3612 813 3668 lavacra
838 3611 1023 3667 ferens
1046 3611 1220 3668 sacris
1249 3629 1309 3668 se
1339 3615 1590 3689 spargier
1615 3616 1780 3671 undis
1812 3634 1826 3683 ;

1934 3741 2144 3800 CAPUT
2195 3744 2300 3799 XV.

1651 3842 1730 3902 De
1750 3845 1976 3904 sanctis
2008 3844 2210 3905 Abdon
2245 3854 2297 3904 et
2323 3845 2582 3904 Senncn.

448 3953 599 4008 Haud
632 3961 840 4009 tantum
863 3955 916 4008 in
950 3969 1208 4026 proceres
1237 3963 1408 4011 totum
1437 3957 1570 4028 quin
1601 3957 1757 4012 saevit
1782 3957 1838 4012 in
1867 3975 2064 4033 agmen
2169 3959 2384 4014 Invehit
2411 3965 2572 4030 atque
2604 3961 2757 4027 parat
2785 3954 2853 4009 de
2882 3952 3100 4008 invictis
3128 3951 3282 4007 clara
3313 3957 3527 4020 tropaea.

447 4041 652 4096 Militiae
681 4041 834 4097 furor
860 4043 950 4097 hic
978 4043 1227 4108 rabidus,
1258 4044 1478 4114 lateque
1508 4046 1782 4114 petendos
2168 4053 2291 4107 Fert
2316 4069 2374 4106 se
2404 4051 2666 4105 victorem
2687 4047 2838 4102 velut
2863 4060 2996 4100 ense
3025 4043 3315 4118 subegerit
3354 4044 3561 4103 hostes;

442 4133 698 4188 Decernit
719 4134 923 4200 Justos,
956 4135 1160 4204 patrias
1191 4134 1506 4206 lympltatus
1533 4136 1588 4190 in
1615 4152 1828 4202 omnes,
2165 4141 2264 4206 Qui
2298 4155 2408 4211 quo
2438 4138 2675 4193 victores
2706 4141 2953 4206 perstant
2978 4132 3248 4187 studuere
3279 4130 3484 4193 duello,

446 4228 560 4292 Qua
587 4227 900 4282 dominatur
937 4228 1082 4282 herae
1106 4227 1370 4298 probrosa
1402 4230 1648 4298 potentia
1675 4231 1881 4300 Romae,
2161 4233 2345 4290 Acciet
2372 4230 2664 4295 Aineades,
2695 4232 2982 4302 magnates
3010 4224 3212 4280 excolit
3240 4238 3400 4286 auro,

448 4317 870 4389 Insequiturque
902 4317 1024 4389 pios
1053 4334 1286 4391 magnus
1307 4335 1416 4389 qua
1437 4307 1682 4376 tenditur
1709 4321 1860 4376 orbis
1889 4339 1901 4375 :
2077 4381 2126 4391 _\
2164 4325 2394 4381 Exhibet
2423 4329 2647 4377 ornatos
2678 4318 2863 4374 baccis
2884 4317 3207 4387 cinctosque
3249 4313 3482 4379 catenis,

449 4411 676 4466 Discutit
703 4411 989 4476 Occasum;
1019 4381 1188 4467 ditem
1224 4413 1454 4468 rimatur
1482 4415 1651 4470 Eoum
2077 4381 2135 4449 D
2165 4415 2430 4470 Monstrat
2463 4407 2800 4467 honorificos
2822 4423 2947 4461 sese
2978 4421 3278 4476 superasse
3305 4403 3602 4475 toparchas.

447 4503 840 4574 Sepositosque
871 4505 1061 4575 procul
1091 4505 1268 4576 quatit
1298 4506 1416 4560 haec
1445 4506 1644 4576 injuria
1675 4508 1883 4564 Persas.
2172 4505 2383 4561 Laudes
2414 4503 2470 4556 in
2502 4500 2754 4573 preprias
2783 4498 2987 4564 studet,
3022 4497 3225 4552 excitet
3255 4511 3355 4551 ora
3387 4491 3596 4566 popelli.

453 4591 568 4646 Iluc
595 4591 944 4646 Deciirabies
965 4592 1124 4648 furiis
1151 4593 1379 4649 advecta
1410 4611 1722 4665 pererrans.
2167 4597 2571 4666 Praetenditque
2602 4592 2748 4647 feros
2777 4592 2966 4645 hostes
2997 4588 3477 4661 pictatisamicos:

451 4683 715 4738 Primates
742 4685 925 4758 gentis
946 4686 1185 4741 Sennem
1215 4686 1320 4740 sibi
1352 4689 1575 4743 mandat
1605 4697 1659 4745 et
1681 4689 1874 4746 Abdon
2168 4689 2340 4744 Jactat
2361 4685 2607 4740 devictos
2628 4698 2723 4736 cor
2744 4681 2998 4735 libertate
3027 4687 3268 4743 tuentes,

451 4774 756 4830 Praesentes
786 4774 927 4838 fieri,
959 4777 1164 4832 cultum
1195 4778 1400 4849 quibus
1439 4781 1741 4851 opprobrat
1769 4783 1995 4850 almum,
2173 4789 2230 4834 In
2259 4778 2628 4847 manibusque
2650 4775 2806 4829 datos
2835 4772 3114 4827 calcantes
3146 4781 3370 4840 sceptra
3403 4769 3603 4822 fatetur.

453 4866 628 4938 thue
657 4867 798 4922 Deos
821 4874 1240 4924 contemnentes
1265 4870 1378 4924 sint
1401 4871 1527 4939 jure
1554 4871 1766 4928 subacti
2170 4867 2396 4922 Miratur
2419 4880 2706 4936 procerum
2739 4861 2994 4932 stupidus
3014 4859 3323 4915 reverenda
3354 4866 3571 4912 senatus

451 4960 711 5015 Romanis
748 4961 1223 5026 merito,victores
1254 4963 1364 5019 imo
1393 4965 1634 5019 fatentur
2171 4960 2274 5016 Ora
2294 4959 2581 5013 beatorum
2611 4955 2807 5010 Christi
2840 4972 2854 5019 ;
2889 4959 3206 5008 constanter
3235 4960 3294 5007 at
3325 4951 3402 5007 illi

449 5050 519 5105 Se
537 5050 754 5108 Christo
785 5050 1064 5107 tribuente
1091 5053 1222 5119 Deo,
1244 5069 1354 5126 quo
1384 5070 1552 5129 regna
1577 5055 1939 5126 triumphant,
2173 5057 2307 5111 Dum
2336 5069 2517 5109 coram
2551 5049 2810 5120 intrepidi
2839 5047 3118 5120 praeconia
3142 5046 3344 5101 coelica
3375 5045 3568 5107 fantur,

450 5141 722 5211 Perﬁdiaa,
745 5144 905 5212 cujus
935 5143 1160 5200 laudant
1189 5144 1245 5198 in
1269 5147 1472 5201 saecula
1499 5147 1740 5215 culmen,
2172 5147 2391 5203 Devicto
2422 5144 2583 5198 Decio
2614 5141 2908 5196 traduntur
2939 5139 3251 5204 Valeriano,

449 5234 698 5307 Dumque
716 5243 999 5291 catenatos
1017 5237 1267 5292 custodia
1298 5237 1530 5309 suscipit
1558 5245 1677 5293 arta
2168 5237 2269 5302 Qui
2290 5235 2346 5290 ni
2375 5231 2689 5289 thurificent
2717 5229 2894 5284 belvis
2937 5229 3037 5283 hos
3059 5226 3264 5298 pabula
3288 5225 3456 5298 leget.

449 5325 767 5382 Glorificaut
795 5326 1092 5395 Christum,
1150 5329 1322 5385 decus
1369 5328 1425 5383 id
1466 5329 1614 5401 quod
1669 5346 1893 5403 semper
1914 5348 2068 5387 ama-
2168 5330 2264 5384 Ille
2294 5327 2439 5381 viros
2467 5324 2614 5379 ferus
2639 5321 2970 5396 aggrediens
2998 5327 3288 5391 segmenta
3319 5316 3550 5377 revellit,

1857 5423 1997 5494 [rant
2171 5415 2554 5484 Lathoidteque
2581 5411 2831 5467 litaturos
2854 5409 3003 5464 velut
3031 5408 3293 5462 admovet
3320 5407 3433 5460 aris
3458 5423 3471 5458 :

450 5508 577 5578 Ejus
606 5508 899 5582 magniﬁca
929 5515 1210 5583 gratanter
1237 5509 1399 5565 laude
1431 5508 1691 5565 ferentes.
1860 5493 1870 5494 ί
2171 5506 2334 5576 Cujus
2359 5513 2419 5560 ut
2443 5508 2776 5572 exspuerant
2806 5499 3024 5564 faciem,
3049 5497 3392 5551 exsecranda
3421 5493 3690 5567 probantes

449 5598 589 5654 Hinc
616 5599 710 5654 alii
741 5599 876 5654 tenti
904 5616 1106 5671 supera
1135 5616 1234 5671 pro
1265 5600 1388 5674 lege
1427 5607 1712 5656 necantur.
2170 5602 2272 5657 Ora
2301 5599 2397 5654 Dei
2429 5595 2658 5669 plumbo
2684 5594 2787 5648 sub
2819 5593 2947 5649 tecti
2977 5601 3128 5667 terga
3157 5599 3446 5662 petuntur.

453 5689 544 5740 Bis
571 5689 736 5744 binos
763 5690 929 5761 plena
957 5699 1085 5761 post
1114 5691 1298 5747 fronte
1331 5699 1702 5762 resumpserat
1730 5692 1893 5748 orbes
2172 5687 2400 5744 Fortiter
2439 5685 2543 5740 ista
2577 5683 2685 5754 piis
2702 5681 3085 5747 tolerantibus,
3108 5695 3237 5735 ecce
3269 5679 3506 5735 ferarum

457 5772 704 5840 Cynthia,
725 5776 1022 5833 Romularis
1050 5777 1229 5834 Caesar
1253 5779 1383 5835 dum
1415 5778 1686 5834 maenibus
1713 5778 1848 5835 istos
1906 5805 1909 5808 -
2169 5779 2419 5836 Poscitur
2448 5777 2550 5831 hos
2573 5781 2764 5830 contra
2787 5773 3072 5840 auxilium,
3103 5770 3433 5846 geminique
3460 5770 3658 5824 leones:
