3974 6146
253 291 362 346 669

255 416 503 480 Quatuor
532 422 699 488 atque
728 417 841 474 dati
873 421 1159 476 metuendi
1195 423 1424 480 rictibus
1460 429 1595 494 ursi,

254 508 582 564 Sanctorum
605 528 781 584 usque
807 513 978 583 pedes
1001 513 1250 572 fremitus
1283 517 1508 575 horrore
1539 521 1810 585 feruntur.

258 599 469 670 Hicque
503 600 628 674 agni
661 601 828 656 veluti
863 611 1021 672 pacto
1048 604 1271 672 jacuere
1301 611 1597 679 stupendo,

263 689 407 743 Lene
431 690 575 745 feras
605 701 664 746 ut
691 693 745 746 in
766 692 1100 764 obsequium
1127 696 1346 751 venisse
1371 700 1636 768 probares

259 781 716 854 Belligeratorum
745 783 944 840 Christi
976 801 1118 856 quos
1151 803 1286 857 pace
1318 796 1562 858 tuantur,

260 872 570 926 Belluarum
599 872 788 929 feritas
817 874 1060 932 humana
1092 877 1147 932 in
1172 886 1394 948 pectora
1416 883 1632 950 transit,

260 961 625 1033 Belluinoque
656 962 848 1035 legunt
870 964 1126 1020 homines
1156 965 1368 1024 fervore
1400 972 1674 1041 petendos

256 1052 489 1109 Paciﬁce
525 1071 558 1109 a
586 1055 763 1111 belvis
789 1058 1029 1112 humana
1053 1059 1174 1131 lege
1208 1061 1443 1131 petitos;

889 295 972 348 DE
1011 294 1275 353 CHRISTI
1316 299 1678 361 TRIUMPHIS
1721 309 1893 366 APUD
1935 311 2203 367 ITALIAM
2244 311 2419 366 LlBRl
2462 311 2588 366 XlV.
2635 342 2691 351 —
2740 312 2865 365 LIB.
2909 312 2994 369 IV.

3499 312 3607 364 670

1909 442 1954 506 Α
1986 434 2375 507 Mittanturque
2395 434 2652 489 homines
2693 433 2891 489 furiata
2921 442 3105 489 mente
3137 433 3452 498 frementes,

1985 528 2159 600 Atque
2189 527 2317 583 ferte
2348 526 2509 581 mites
2534 541 2675 598 quos
2705 542 3016 590 servavere,
3058 525 3351 582 trucidant.

1987 617 2233 672 Perfecto
2255 617 2333 672 sic
2366 615 2578 671 emeriti
2613 616 2914 670 certamine
2947 615 3117 670 functi

1985 708 2216 763 Athletae
2247 708 2488 763 subeunt
2515 707 2659 763 victo
2687 707 2872 778 polum
2899 707 2967 761 ab
2995 707 3420 777 amphitheatro.

1991 795 2258 867 lndeptus
2283 812 2512 868 quorum
2546 802 2710 850 noctu
2751 810 2902 849 sacra
2933 795 3180 849 membra
3211 794 3442 864 Cyrinus

1987 887 2160 958 Eripit
2179 897 2348 959 atque
2376 887 2548 954 vehit,
2573 885 2896 958 plumbique
2927 887 3180 941 recondit
3202 887 3254 939 in
3278 902 3424 951 arca,

1985 977 2139 1044 Quae,
2171 977 2381 1033 Christo
2412 984 2933 1052 retegente,patent
2963 985 3085 1046 post
3109 975 3317 1029 lumine
3346 974 3518 1045 pacis.

1737 1167 1948 1224 CAPUT
1996 1171 2128 1226 XVI.

1350 1271 1429 1330 De
1455 1277 1677 1335 sanctis
1726 1273 2049 1339 I'hartenio
2079 1287 2135 1340 et
2169 1279 2494 1341 Calocerio.

244 1404 580 1458 Parthenius
605 1405 1050 1479 Calloceriusque
1069 1409 1257 1481 vigore
1283 1411 1544 1481 nitentes,

246 1496 560 1551 Caesareum
579 1495 709 1550 fidei
731 1497 893 1568 positi
924 1515 1144 1554 servare
1175 1501 1382 1568 cubile,

246 1585 518 1658 Egregios
542 1592 690 1640 casto
721 1587 1059 1642 decorabant
1086 1605 1319 1660 corpore
1350 1607 1554 1658 mores,

247 1674 312 1727 Et
345 1674 557 1729 Christo
578 1682 632 1729 et
661 1675 773 1749 regi
803 1693 903 1730 sua
937 1679 1123 1733 munia
1159 1679 1300 1734 ferre
1335 1682 1577 1752 probati,

245 1771 380 1835 Quae
416 1772 560 1843 regis
586 1772 722 1845 regi,
751 1788 875 1844 qute
904 1772 1104 1829 Christi
1127 1775 1358 1830 reddere
1384 1776 1611 1833 Christo.

248 1860 385 1925 Quis
421 1861 622 1931 opibus
653 1861 866 1931 pollens
896 1863 1144 1917 Anatolia
1177 1865 1329 1939 virgo
1351 1866 1562 1931 relicta,

248 1954 492 2009 Consule
520 1962 671 2025 patre
710 1954 801 2025 pio
835 1954 1142 2011 decedente
1173 1957 1486 2026 Aimiliano,

1976 1419 2260 1490 Quamque
2295 1421 2495 1476 docent
2525 1437 2705 1476 mores
2733 1428 2787 1476 et
2815 1436 2950 1492 Opes
2977 1421 3314 1494 conjungere
3345 1419 3583 1474 Christo.

1976 1511 2108 1566 Tum
2141 1530 2309 1568 vanas
2331 1514 2457 1584 quia
2489 1514 2795 1570 detrectant
2825 1530 2982 1569 orare
3014 1513 3241 1586 figuras,

1983 1602 2409 1674 lgnibusinjecti
2444 1615 2706 1676 superant
2731 1605 2986 1659 incendia
3020 1604 3138 1668 tuti,

1981 1693 2241 1749 Torribus
2273 1702 2328 1749 et
2358 1696 2504 1750 tunsi
2531 1697 2803 1750 scandunt
2830 1695 3072 1751 ctelestia
3100 1695 3232 1750 laeti.

1912 1819 1960 1884 Β
1982 1784 2165 1839 Terris
2196 1786 2444 1860 virgineo
2469 1788 2757 1859 rapiuntur
2776 1804 3007 1859 corpora
3046 1788 3210 1851 furto;

1984 1875 2212 1932 Sidereo
2239 1879 2392 1934 cmlis
2417 1879 2711 1951 capiuntur
2741 1881 2960 1935 ﬂamina
2984 1896 3175 1954 regno.

1730 2063 1941 2119 CAPUT
1978 2066 2135 2124 XVII.

1392 2164 1477 2226 De
1505 2171 1732 2228 sanctis
1766 2172 2051 2234 Αηαῑοιία
2093 2187 2143 2235 et
2187 2177 2465 2238 Victoria.

249 2301 586 2369 lmpugnare
616 2297 764 2370 yiros
802 2300 950 2356 lanio
983 2318 1086 2357 nec
1115 2301 1322 2358 sufficit
1350 2311 1500 2360 atro:

249 2388 395 2452 Quin
429 2388 574 2443 ferro
607 2396 825 2444 teneras
850 2391 1007 2461 pellit
1027 2407 1196 2462 super
1215 2401 1359 2447 astra
1385 2394 1617 2463 puellas,

244 2485 492 2547 Quarum
515 2483 766 2537 Anatolia
790 2484 882 2552 jus
900 2484 1093 2539 mundi
1124 2492 1178 2540 et
1208 2486 1446 2542 Victoria
1472 2488 1734 2556 vincunt,

243 2579 383 2634 Dein
407 2578 600 2633 mundi
621 2593 876 2649 proceres
901 2580 1025 2635 coeli
1055 2597 1301 2637 convexa
1325 2585 1586 2654 petendo,

247 2675 456 2729 Harum
480 2691 651 2748 regna
680 2676 882 2731 bonam
913 2677 1110 2733 melior
1139 2679 1390 2749 provexit
1422 2680 1476 2734 in
1511 2681 1640 2748 alta,

245 2767 493 2822 Moribus
523 2775 576 2823 et
599 2767 804 2823 sanctis
834 2777 1038 2824 castam
1069 2770 1376 2826 castissima
1402 2774 1658 2844 compsit,

243 2858 322 2910 Ac
337 2872 580 2910 vernans
601 2857 792 2910 nitidis
817 2864 1064 2912 ornatam
1096 2859 1336 2914 cultibus
1354 2861 1527 2916 auxit.

243 2947 381 3001 Nam
403 2947 681 3018 desponsa
710 2948 826 3002 viro
848 2948 1062 3003 ductrix
1084 2950 1332 3005 Anatolia
1349 2967 1518 3018 saevo,

243 3040 385 3092 Dum
420 3038 622 3112 refugit
641 3040 811 3093 taedas
833 3049 886 3094 et
906 3040 1032 3108 jura
1053 3042 1242 3097 subire
1272 3042 1509 3114 profani,

211 3131 480 3203 Mittitur
498 3131 626 3186 huic
651 3131 832 3186 licitos
861 3149 1089 3187 suasum
1122 3135 1355 3190 Victoria
1388 3151 1583 3201 nexus,

245 3219 469 3294 Pagauo
499 3219 730 3290 depacta
762 3220 879 3274 viro
908 3221 1252 3293 jamjamque
1278 3223 1522 3296 juganda

243 3310 519 3383 Eugenio,
552 3325 675 3380 quae
695 3309 1076 3380 deproperans
1107 3311 1342 3365 suadere
1364 3312 1612 3378 docetur,

242 3403 550 3473 Etcaptare
581 3419 778 3473 parans
796 3404 1028 3473 capitur,
1055 3420 1374 3477 venansque
1403 3408 1676 3477 prehensa
1699 3415 1802 3464 est.

245 3493 495 3568 Erigitur
516 3510 735 3548 versare
753 3494 948 3549 abiens
979 3511 1120 3566 Opus
1140 3497 1556 3567 omnipotentis,

244 3584 614 3656 Complanare
635 3593 852 3656 petens,
887 3586 944 3641 fit
977 3603 1118 3658 opus
1144 3588 1464 3644 venerabile
1487 3588 1689 3644 Christi
1714 3607 1728 3644 :

246 3694 275 3723 α
323 3673 462 3727 Audi
491 3690 602 3740 me,
630 3689 806 3740 soror,
843 3674 1117 3746 incipiens
1137 3676 1386 3732 Anatolia
1416 3678 1582 3744 (181),
1613 3686 1667 3732 et
1696 3678 1814 3750 ipsa

243 3761 450 3816 Christi
487 3779 607 3817 sum
640 3763 867 3830 famula,
899 3779 963 3818 ac
985 3765 1112 3819 novi
1154 3764 1356 3840 legalia
1385 3765 1566 3820 vincla

242 3853 369 3908 Non
394 3852 659 3908 damnare
690 3855 884 3922 Deum,
926 3863 1148 3912 sanctos
1178 3857 1300 3912 haec
1327 3857 1510 3912 vincla
1563 3860 1884 3930 prophetas,

257 3947 389 4001 Hzec
416 3945 606 4000 iniisse
631 3954 816 4018 patres
844 3964 1077 4020 quorum
1102 3949 1398 4004 benedicta
1417 3965 1691 4026 propago;

253 4037 425 4102 Audi,
445 4053 534 4092 me
559 4045 612 4092 et
637 4039 851 4093 sociare
883 4040 1000 4095 viro
1026 4040 1118 4112 qui
1152 4040 1294 4095 celet
1325 4041 1502 4096 amice

252 4129 548 4182 Secretum
579 4128 744 4184 sociae
776 4129 976 4184 Christi
1010 4146 1113 4185 nec
1142 4131 1341 4202 prodat
1371 4131 1672 4200 alumnam,

255 4219 403 4283 Quin
438 4219 616 4274 faveat
637 4221 840 4276 nostris
868 4222 1084 4277 blandae
1115 4222 1344 4278 dulcore
1369 4223 1602 4279 maritae.
1650 4246 1672 4274 ι

257 4311 389 4367 Hzec
418 4311 516 4366 illa
542 4319 783 4380 texente,
813 4313 978 4368 refert
1010 4315 1295 4370 Anatolia:
1345 4335 1370 4366 ‹‹
1410 4316 1600 4383 Vince,

257 4403 297 4456 0
324 4401 581 4471 victoria,
615 4402 680 4455 ad
699 4402 804 4457 hoc
829 4403 1071 4458 Zabulon
1103 4404 1344 4459 Victoria
1372 4421 1501 4459 vere

258 4494 391 4548 Esse
411 4508 616 4564 queas;
645 4509 818 4549 vacuo
849 4493 1210 4566 Omnipotens
1241 4495 1568 4551 mortalibus
1606 4497 1734 4551 olim

257 4579 506 4634 Crescite
535 4579 816 4634 mandavit
846 4583 1075 4646 mundo,
1116 4583 1401 4655 multoque
1433 4583 1640 4653 replete

261 4671 479 4726 Fenore
511 4671 784 4736 tellurem,
818 4689 926 4742 qua
951 4673 1064 4741 jam
1106 4675 1271 4729 modo
1302 4675 1552 4747 germine
1585 4674 1748 4745 plena

263 4768 544 4831 Humano,
581 4765 825 4821 Christus
858 4775 1144 4840 postquam
1170 4769 1459 4824 descendit
1477 4769 1546 4823 ab
1569 4771 1738 4825 aethra
1765 4788 1780 4838 ;

257 4861 622 4931 Multiplicate
654 4861 842 4927 fidem,
867 4871 1077 4918 crescat
1108 4864 1352 4930 dilectio,
1385 4865 1618 4931 clamat;

260 4953 614 5023 Approperat
647 4969 900 5026 regnum,
933 4955 1103 5010 caelos
1133 4957 1364 5027 replete,
1389 4971 1709 5026 supernum.
1756 4978 1780 5008 υ

261 5047 414 5101 Talia
441 5054 568 5117 post
597 5047 796 5102 infert:
845 5076 864 5093 ιι
915 5050 1023 5124 Ego
1061 5067 1184 5122 quae
1218 5067 1315 5122 per
1334 5051 1547 5105 viscera
1583 5051 1780 5108 Christi

263 5134 729 5192 Ornamentorum
754 5139 994 5211 explicui
1019 5150 1133 5197 sata
1157 5143 1308 5197 lucra
1337 5158 1606 5210 meorum,

262 5225 442 5281 Cerno
469 5226 561 5282 die
585 5229 846 5298 juvenem
873 5231 928 5285 in
961 5234 1171 5288 somnis
1193 5233 1520 5289 diadematis
1541 5249 1676 5290 auro

261 5313 507 5381 Cultum,
541 5333 819 5389 purpurea
851 5331 1125 5395 gemmata
1155 5331 1210 5377 et
1238 5330 1387 5378 veste
1419 5322 1708 5385 nitentem,

260 5407 462 5479 Meque
494 5419 656 5466 tuens
686 5412 876 5469 hilaris
903 5424 1055 5489 grato
1083 5417 1163 5472 sic
1195 5433 1288 5473 ore
1320 5417 1600 5488 profatur:

272 5517 299 5542 α
341 5494 382 5550 0
409 5495 501 5566 pia
528 5496 820 5572 virginitas
833 5516 996 5572 quam
1019 5519 1166 5559 mors
1194 5505 1447 5562 evincere
1475 5509 1672 5577 nescit,

1828 4095 1840 4121 \

342 5665 493 5734 (181)
533 5665 763 5723 Videtur
793 5672 1091 5745 tegendum
1132 5675 1370 5730 Victoria

1892 3101 1942 3168 C

1981 2335 2007 2362 α
2053 2313 2322 2383 Perpetua
2353 2315 2487 2387 quin
2525 2323 2701 2371 morte
2740 2316 2885 2387 rapis
2918 2322 3008 2370 tua
3033 2316 3156 2383 jura
3185 2312 3516 2384 sequentes!

1983 2426 2006 2456 α
2053 2405 2090 2460 0
2124 2406 2269 2462 bona
2300 2408 2587 2483 virginitas
2609 2409 2960 2463 tenebrarum
2984 2408 3126 2463 facta
3160 2407 3424 2466 refutans.

1984 2519 2002 2546 σ
2051 2497 2277 2553 Sidereo
2302 2514 2522 2569 semper
2548 2498 2706 2573 degis
2736 2515 2860 2570 quae
2882 2498 3094 2553 lumine
3126 2493 3378 2567 compta!
3427 2517 3451 2542 ιι

1979 2589 2192 2644 Auditis
2224 2591 2428 2662 quibus
2458 2591 2661 2664 evigilo
2693 2590 2937 2662 ﬂetuque
2966 2590 3159 2664 rigata,

1981 2687 2151 2756 Inque
2184 2685 2498 2756 pavimento
2528 2687 2818 2742 Dominum
2850 2691 3122 2757 prostrato
3155 2682 3350 2755 fatigo;

1981 2779 2107 2833 Haec
2135 2779 2288 2847 mihi,
2324 2779 2417 2851 qui
2448 2781 2667 2844 tulerat,
2709 2779 2910 2835 referat
2937 2777 3256 2832 dulcissima
3277 2791 3494 2838 rursus,

1977 2869 2066 2925 Sic
2109 2878 2291 2926 stratae
2322 2871 2454 2925 mihi
2478 2872 2831 2943 prosequitur
2859 2869 3201 2941 gratissimus
3228 2867 3422 2922 isdem.

1983 2983 2006 3012 α
2051 2962 2349 3036 Virginitas
2390 2963 2564 3017 nitide
2595 2962 2800 3036 regalis
2827 2976 3071 3032 purpura
3103 2975 3340 3014 vernans

1982 3051 2076 3106 Est
2098 3069 2206 3123 qua
2237 3052 2331 3124 qui
2363 3052 2614 3107 induitur
2645 3051 2874 3122 reliquis
2910 3049 3260 3120 praestantior
3289 3047 3437 3112 exit;

1984 3127 2281 3222 Virginitas
2311 3147 2421 3202 divi
2447 3162 2663 3218 gemma
2679 3153 2761 3200 est
2792 3145 3037 3216 pretiosa
3064 3142 3286 3198 monilis

1981 3239 2278 3314 Virginitas
2300 3237 2448 3311 regis
2474 3236 2758 3306 inopinum
2788 3251 2990 3289 munus
3027 3234 3292 3296 habetur;

1979 3330 2260 3384 Thesauro
2288 3327 2518 3382 insidias
2542 3325 2759 3380 latitant
2777 3323 2910 3380 huic
2938 3323 3169 3380 tendere
3192 3322 3362 3388 fures,

1981 3418 2152 3482 Quem
2175 3423 2231 3471 tu
2257 3415 2495 3472 sollicito
2524 3415 2834 3489 advigilans
2865 3412 3133 3468 tutamine
3160 3427 3352 3471 serva;

1988 3505 2214 3561 Divitias
2241 3519 2462 3576 quoque
2495 3503 2679 3574 potius
2707 3503 2804 3557 has
2830 3502 3011 3557 noscis
3043 3502 3245 3555 habere
3269 3517 3282 3553 :

1987 3595 2097 3651 Hoc
2128 3602 2306 3650 tutare
2330 3593 2503 3667 magis
2525 3591 2678 3647 furva
2701 3607 2769 3646 ne
2793 3590 2986 3645 fraude
3005 3590 3280 3644 fatiscant.
3327 3612 3348 3637 ιν

1988 3685 2080 3739 His
2101 3685 2335 3756 aliisque
2365 3683 2473 3753 piis
2509 3682 2750 3736 animata
2775 3679 3102 3736 hortaminis
3133 3679 3292 3743 orsis,

1986 3773 2247 3828 Distrahit
2285 3787 2448 3827 omne
2488 3771 2659 3825 decus
2690 3768 2825 3823 varii
2846 3766 3083 3822 Victoria
3120 3767 3315 3824 cultus.

1987 3865 2396 3936 Quaesitumque
2427 3865 2538 3919 Deo
2581 3863 2816 3934 pretium
2849 3861 3078 3931 largitur
3107 3858 3318 3930 egenis.

1989 3961 2277 4033 Accipiunt
2303 3958 2492 4031 sponsi
2516 3967 2796 4030 pactarum
2816 3955 3052 4031 insignia
3071 3961 3246 4029 gesta,

1991 4053 2053 4106 Et
2079 4051 2337 4122 quoniam
2373 4048 2568 4103 Christi
2599 4052 2883 4119 nequeunt
2903 4047 3160 4117 laqueare
3187 4042 3492 4098 columbas.

1991 4142 2199 4196 Pellere
2222 4140 2590 4211 praecipitant,
2623 4137 2901 4208 Decioque
2940 4136 3155 4190 sinente
3189 4149 3287 4205 per
3304 4148 3430 4187 arva

1991 4230 2216 4301 Propria
2255 4230 2502 4302 legantes
2531 4228 2664 4282 arcti
2692 4226 2859 4280 modo
2892 4224 3162 4298 fragmina
3181 4221 3339 4293 panis

1990 4322 2085 4375 Vix
2106 4321 2192 4376 vel
2213 4336 2336 4375 sero
2364 4319 2583 4383 ferunt;
2616 4317 2715 4370 sed
2756 4331 2864 4370 non
2887 4314 3098 4384 jejunia
3121 4312 3382 4386 frangunt

1905 4405 1964 4474 Ι)
1993 4415 2134 4480 Quas
2159 4412 2356 4467 Christi
2382 4413 2657 4468 confortat
2684 4427 2872 4476 amor;
2903 4407 3189 4463 molimina
3221 4404 3368 4459 nulla

1995 4503 2295 4557 Proficiunt
2322 4501 2480 4555 taedis
2507 4501 2605 4554 has
2630 4500 2894 4554 inclinare
2922 4497 3005 4552 vel
3037 4497 3177 4560 aris;

1995 4595 2199 4648 Durant
2229 4593 2446 4649 invictae
2478 4598 2600 4664 post
2640 4593 2796 4662 plura
2823 4588 3095 4660 stupenda
3126 4592 3366 4657 patrata;

1992 4685 2303 4756 Martyrium
2333 4683 2538 4740 celebri
2568 4699 2692 4738 cum
2722 4681 3037 4754 virginitate
3061 4680 3338 4753 jugantes.

1993 4775 2129 4828 Lilia
2150 4775 2312 4828 mista
2337 4773 2477 4828 rosis
2503 4788 2534 4826 a
2562 4770 2774 4826 Christo
2803 4776 2948 4824 serta
2977 4776 3306 4839 capessunt;

1992 4867 2279 4941 Virgineos
2307 4865 2564 4936 equidem
2600 4864 2862 4934 praeclara
2892 4861 3124 4918 monilia
3153 4862 3317 4917 ﬂores

1991 4959 2198 5025 Junxit,
2223 4957 2316 5012 ubi
2334 4957 2576 5030 gladium
2600 4954 2838 5010 Victoria
2864 4955 3030 5010 corde
3057 4954 3285 5025 recepit.

1994 5051 2290 5104 Percussor
2309 5049 2486 5117 cujus,
2514 5047 2851 5115 Taliarchus,
2872 5046 3089 5101 vindice
3121 5046 3289 5116 lepra:

1993 5144 2308 5206 Percussus,
2336 5143 2603 5212 languore
2627 5141 2800 5206 brevi,
2834 5158 2927 5195 sex
2951 5141 3161 5196 scilicet
3181 5140 3323 5192 intra

1991 5233 2131 5287 Solis
2164 5249 2348 5286 amare
2379 5233 2543 5286 orbes
2577 5248 2776 5285 exesus
2805 5231 3083 5285 vermibus
3113 5227 3284 5281 efﬂat.

1989 5325 2227 5400 Virginis
2252 5333 2305 5380 at
2333 5325 2532 5399 pignus
2559 5332 2804 5380 curatum
2839 5338 3066 5377 munere
3097 5320 3286 5394 digno,

1988 5415 2150 5489 Virgo
2181 5416 2387 5470 decens
2413 5413 2600 5469 effulta
2631 5413 2736 5484 piis
2765 5414 3010 5468 Anatelia
3038 5411 3214 5477 factis,

1989 5509 2172 5564 Piceni
2211 5515 2501 5580 postquam
2528 5508 2730 5562 multos
2759 5513 2976 5562 curarat
3013 5504 3269 5571 anhelos,
