3958 6158
352 293 452 348 671
1110 295 1476 356 FLOZJOARDI
1517 299 1820 356 CANONICI
1863 299 2190 356 REMENSIS
2230 298 2570 356 OPUSCULA
2612 299 2930 354 METRICA.
3575 299 3674 352 672

354 421 722 494 Daemoneque
751 423 990 490 invasos,
1019 427 1278 500 lunaeque
1307 445 1531 485 recursa
1569 437 1854 502 paventes,
1991 436 2038 499 Α
2066 427 2354 483 Admissus
2379 429 2570 484 dextro
2602 434 2916 500 penetraret
2945 440 3132 481 mucro
3159 424 3468 480 sinistrum.

353 513 592 568 Venatur
619 514 764 570 varia
793 515 989 587 Tyrian
1022 519 1285 589 perducta
1316 519 1568 590 palaestra
1596 538 1613 575 :
2067 518 2301 592 Spiritus
2328 519 2619 576 Altithroni
2653 518 2952 573 thalamum
2985 515 3311 572 conscendit
3333 515 3535 579 amati;

354 603 484 656 Cum
506 614 763 674 serpente
787 622 1012 678 quoque
1033 608 1261 664 illaesam
1283 625 1389 665 nox
1421 611 1634 685 integra
1665 611 1892 677 clausit;
2067 611 2390 683 Suscipiunt
2429 611 2646 666 thecam
2669 609 2959 680 Tyrienses
2991 607 3217 679 cuspide
3242 605 3470 662 fossam.

354 694 470 749 Mox
511 696 690 767 ipsum
724 707 968 757 monstro
995 702 1352 778 anguilcgum
1403 713 1632 774 parente
1658 703 1965 759 vorandum
2070 706 2254 760 Audax
2286 705 2354 760 ad
2395 706 2664 760 Christum
2697 702 2984 778 anguifero
3016 717 3316 757 conversus
3336 701 3406 755 ab
3438 708 3580 762 astu,

350 783 508 839 Mane
540 788 679 858 rapit
710 788 1020 862 Christique
1053 791 1145 847 Dei
1174 793 1378 863 pietate
1398 800 1682 859 venustat;
2075 798 2108 848 A
2143 795 2396 848 claustris
2426 793 2649 849 rabidos
2675 793 2882 862 rapitur
2901 791 3013 861 jam
3047 790 3194 844 mitis
3221 792 3290 845 ad
3319 806 3516 845 enses:

352 877 563 948 Quique
592 879 770 950 palam
803 882 1096 938 Dominum
1131 883 1310 939 fassus
1346 901 1404 940 se
1436 886 1664 941 credere
1697 885 1969 941 Christum
2073 884 2191 940 Mox
2262 891 2430 956 caput
2501 882 2802 947 abscissus,
2880 889 3226 953 mortemque
3286 881 3572 953 trumphat
3639 887 3689 934 et

352 967 599 1024 Carceris
625 972 728 1026 hac
757 973 905 1028 clara
931 972 1035 1028 sub
1063 975 1226 1029 laude
1259 976 1557 1032 retruditur
1583 977 1792 1042 antris;
3377 971 3624 1044 ἰθυειιοει

353 1062 515 1135 Virgo
543 1062 632 1132 pia
660 1066 901 1121 extensis
933 1067 1191 1122 manibus
1219 1069 1349 1121 dum
1379 1075 1502 1123 vota
1533 1067 1836 1138 profundit,
2079 1066 2139 1121 Et
2169 1065 2430 1138 quoniam
2461 1065 2589 1121 hinc
2621 1063 2796 1136 patria
2834 1073 3044 1120 mactus
3074 1063 3398 1118 transfertur
3441 1063 3625 1118 Eoum.

353 1154 716 1231 Transfigitur
744 1153 890 1212 ferro
913 1157 1075 1224 latus,
1106 1165 1164 1212 ut
1193 1166 1602 1231 pet-utrumque
1625 1157 1853 1213 reclusae

1814 1257 2020 1315 CAPUT
2061 1257 2243 1314 XVIII.

1402 1365 1482 1422 De
1508 1365 1737 1424 sanctis
1765 1363 2123 1439 Pergentino
2153 1369 2206 1421 et
2237 1356 2637 1420 Laurentino.

357 1465 511 1521 Tunc
541 1465 904 1538 Pergeutinus
929 1466 1401 1541 Laurentinusque
1420 1469 1589 1535 beati,
2088 1469 2247 1530 Arva,
2277 1464 2411 1536 petit
2437 1481 2496 1520 se
2527 1470 2842 1518 sanctorum
2876 1462 2929 1516 in
2963 1460 3247 1534 Ianiosque
3278 1460 3544 1533 ferosque

356 1556 545 1628 Flagra
575 1555 721 1624 apud
745 1555 986 1610 Aretium
1020 1557 1176 1626 pueri
1218 1557 1418 1628 pietate
1451 1558 1694 1632 gemelli,
2085 1559 2376 1626 Censores,
2409 1559 2684 1613 delatores
2715 1565 2963 1628 nutuque
2997 1555 3280 1617 faventes;

356 1645 498 1699 Dura
531 1645 940 1716 triumpharunt
969 1646 1231 1701 miracula
1261 1664 1460 1720 magna
1489 1647 1765 1713 ferentes;
2088 1652 2335 1707 Exeritur
2355 1651 2560 1722 passim
2594 1649 2826 1705 Romani
2860 1649 2912 1702 in
2933 1649 3152 1703 climata
3182 1649 3336 1720 regni

358 1737 492 1790 Tum
525 1735 669 1790 ferro
698 1735 864 1789 laceri
891 1735 1052 1790 simul
1075 1753 1242 1791 aurea
1269 1753 1438 1810 regna
1471 1745 1802 1808 capessunt;
2089 1745 2230 1800 Ultio
2273 1753 2424 1815 peste
2453 1759 2678 1816 vagans,
2712 1749 3087 1813 corruptoque
3118 1756 3243 1796 aere
3274 1739 3484 1794 crudos

361 1830 558 1886 Moenia
587 1833 912 1903 corporibus
937 1833 1135 1889 ﬂorent
1156 1834 1444 1889 animabus
1473 1843 1527 1888 et
1558 1835 1750 1888 aethra.
2015 1865 2062 1931 Β
2089 1835 2334 1891 Infundit
2369 1834 2757 1906 pecudumque
2788 1831 3188 1905 hominumque
3237 1847 3459 1886 venena
3510 1845 3605 1900 per
3631 1845 3704 1883 ar-

363 1924 596 1994 IIaacque
627 1925 764 1979 nitet
795 1926 1017 1999 gemina
1047 1928 1296 1998 gaudens
1318 1927 1449 1982 urbs
1479 1927 1600 1982 luce
1631 1928 1868 1999 piorum.
2015 1921 2060 1931 “’
3511 1921 3640 1993 [ωδε

361 2017 424 2071 Et
454 2017 640 2072 multis
673 2019 870 2073 Decius
897 2020 1101 2074 sanctis
1131 2021 1225 2074 ubi
1251 2021 1454 2094 gaudia
1485 2022 1610 2076 vita:
2089 2020 2244 2075 Nulla
2282 2026 2440 2075 vacat
2470 2019 2644 2093 regio,
2671 2033 2783 2072 non
2811 2015 2940 2072 urbs
2973 2031 3198 2088 aspersa
3225 2029 3424 2070 cruore

361 2106 636 2177 Prieparat
666 2109 942 2173 aetherem,
985 2125 1127 2180 quos
1155 2110 1225 2164 de
1255 2111 1592 2165 cruciatibus
1623 2117 1770 2165 astra
2085 2111 2385 2177 Justorum,
2418 2117 2756 2181 cunctasque
2789 2107 2983 2163 domos
3005 2105 3322 2180 perstringit
3354 2114 3407 2161 et
3434 2104 3578 2176 ipsis

368 2196 574 2270 Dirigit,
610 2197 862 2252 indicens
893 2198 1172 2269 generalia
1202 2199 1470 2270 septimus
1495 2216 1648 2254 arma
2091 2203 2337 2257 Exantlat
2362 2201 2575 2258 meritis
2603 2217 2739 2257 nece
2767 2199 3173 2272 spectatoribus
3203 2197 3339 2253 actis
3364 2215 3378 2262 ;

366 2287 422 2339 In
453 2285 647 2340 Christi
682 2286 946 2357 populum
974 2287 1150 2342 rabidi
1183 2289 1474 2359 postbella
1512 2290 1768 2356 Neronis,
2087 2293 2159 2348 Ac
2189 2308 2290 2346 ceu
2323 2291 2585 2363 pestifero
2625 2291 2774 2345 trivit
2802 2289 3084 2361 quondam
3115 2303 3242 2342 aera
3273 2304 3401 2342 rura

361 2378 682 2434 Barbaricos
712 2378 858 2433 inter
886 2395 1093 2434 cuneos
1121 2380 1221 2435 luit
1247 2389 1366 2436 acta
1398 2398 1622 2449 cruore;
2089 2383 2306 2438 Grando
2331 2399 2500 2438 ruens
2530 2381 2708 2436 Pharii
2731 2379 2919 2434 divino
2944 2378 3174 2434 verbere
3204 2377 3372 2452 regis,

365 2469 429 2522 Et
457 2470 550 2541 qui
580 2477 904 2542 regnantem
937 2472 1106 2542 patris
1135 2473 1420 2545 genitique
1448 2473 1729 2529 tiucidans
1945 2465 1956 2472 ’
2091 2475 2358 2541 Cultores,
2391 2472 2894 2549 segetes,jumenta
2916 2479 2970 2526 et
2991 2477 3487 2540 pascuasternens,

363 2559 676 2618 Fraudibus
703 2561 978 2631 implicuit
1008 2561 1269 2616 famulum
1299 2579 1423 2618 cum
1457 2565 1611 2636 prole
1645 2564 1986 2636 Philippum,
2091 2568 2347 2622 {Ethereo
2376 2566 2607 2621 veniens
2628 2580 2789 2636 aequo
2822 2561 3115 2618 libramine
3139 2559 3323 2630 regnis

366 2652 673 2707 Mercedem
700 2653 933 2720 meritis,
965 2654 1181 2709 Christo
1204 2671 1327 2710 cum
1357 2655 1514 2710 Patre
1538 2656 1774 2722 ferente,
2090 2657 2346 2712 Aineadze
2380 2654 2552 2726 pestis
2580 2655 2747 2730 digna
2776 2652 2880 2708 sub
2912 2651 3066 2708 clade
3102 2650 3317 2722 tyranni

370 2741 479 2795 Rex
508 2757 678 2817 regno
707 2741 899 2814 procul
930 2752 1151 2798 evectus
1173 2760 1294 2798 cum
1324 2745 1477 2815 prole
1507 2753 1771 2817 receptat.
2093 2745 2284 2812 Urbes,
2326 2743 2610 2811 ruricolas,
2644 2742 2887 2814 pecudes
2913 2747 2969 2796 et
2999 2739 3202 2812 pabula
3229 2746 3434 2794 vastat.

372 2833 539 2904 quue
570 2851 762 2906 parum
800 2851 964 2890 cruor
992 2835 1185 2890 ulcisci
1220 2852 1319 2908 per
1349 2854 1585 2912 quaeque
1618 2838 1813 2913 rigavit

1638 3015 1958 3071 CAPITULA
1988 3015 2163 3070 LIBRI
2197 3012 2441 3080 QUINTI.

517 3113 639 3168 CAP.
743 3116 782 3168 l.
822 3145 874 3152 —
915 3118 989 3169 De
1009 3117 1212 3169 sanctis
1240 3117 1403 3170 Lucio
1432 3132 1580 3186 papa
1607 3122 1657 3172 et
1682 3118 1971 3186 Stephano.

731 3187 796 3239 Il.
829 3215 899 3254 -—_
925 3188 1000 3240 De
1025 3191 1217 3239 sancta
1245 3189 1507 3254 Eugenia.

736 3257 828 3310 III.
859 3251 924 3295 -’—-
951 3259 1028 3312 De
1046 3259 1250 3312 sanctis
1287 3251 1486 3328 Ruﬁna
1510 3262 1559 3313 et
1588 3259 1854 3315 Secunda.

736 3328 818 3381 IV.
855 3357 921 3366 —
952 3331 1027 3383 De
1054 3333 1237 3383 sancto
1267 3331 1424 3384 Simto
1459 3346 1610 3400 papa
1637 3336 1687 3384 et
1717 3335 1902 3386 sancto
1934 3331 2240 3387 Laurentio.

737 3399 777 3451 V
829 3427 897 3438 -——
921 3402 995 3454 De
1023 3404 1212 3454 sancto
1231 3399 1544 3471 Hippolyto.

733 3471 820 3523 VI.
854 3501 922 3510 —
949 3473 1025 3526 De
1053 3474 1256 3526 sanctis
1286 3474 1554 3527 Herennio
1592 3477 1642 3527 et
1672 3473 1946 3528 Abundio.

733 3540 843 3614 VII.
885 3573 940 3582 —
972 3545 1048 3596 De
1075 3543 1278 3597 ultione
1307 3544 1470 3614 hujus
1497 3547 1888 3614 persecutionis
1926 3546 1986 3598 in
2021 3544 2369 3597 Valerianum
2399 3545 2448 3596 et
2481 3556 2644 3608 regno
2673 3543 3054 3614 Romanorum.

735 3612 872 3666 VIII.
905 3643 972 3652 —
1001 3616 1078 3668 De
1099 3610 1474 3682 persecutione
1497 3610 1716 3672 Claudii
1743 3621 1794 3670 et
1821 3617 2022 3670 sanctis
2052 3617 2238 3678 Lucio,
2273 3615 2475 3678 Marco,
2506 3615 2659 3667 Petro
2680 3614 2730 3665 et
2759 3610 3070 3665 Theodorio.

735 3685 820 3738 IX.
853 3714 924 3723 ——
945 3687 1018 3738 De
1045 3684 1290 3740 ducent-is
1321 3690 1372 3741 et
1398 3690 1682 3755 sexaginta
1708 3688 1872 3742 simul
1897 3687 2252 3755 martyribus.

730 3755 790 3810 Χ.
828 3785 892 3794 -
925 3757 999 3811 De
1026 3760 1210 3812 sancto
1227 3759 1461 3814 Caesarie
1489 3764 1732 3828 martyre

1657 3861 1886 3920 CAPITU
1896 3863 1974 3918 LA
2007 3861 2182 3917 LIBRI
2213 3859 2425 3916 SEXTI.

518 3934 644 3988 Car.
745 3933 784 4006 Ir.
829 3961 893 3970 —
924 3935 998 3988 De
1035 3939 1221 3990 sancto
1244 3935 1409 3990 Felice
1430 3951 1598 4006 papa.

734 4005 799 4058 ll.
845 4033 907 4043 —
940 4006 1014 4058 De
1041 4009 1240 4060 sanctis
1267 4005 1535 4071 Basilicae,
1575 4005 1783 4062 Modali
1810 4011 1858 4061 et
1886 4007 2063 4061 sociis.

733 4077 822 4130 III.
857 4105 941 4146 -ί
955 4078 1026 4129 De
1063 4082 1250 4132 sancto
1279 4079 1542 4146 Agapeto.

735 4147 820 4201 IV.
852 4145 1024 4210 —fDe
1053 4164 1298 4217 repressa
1329 4145 1697 4217 persecutione
1728 4147 1965 4203 Claudii.

735 4219 794 4269 V.
828 4247 896 4256 —
923 4219 992 4272 De
1017 4222 1222 4274 sanctis
1243 4219 1544 4286 Chrysanto
1559 4222 1609 4272 et
1632 4221 1822 4274 Daria.

735 4290 821 4343 Vl.
858 4319 919 4329 -
950 4293 1023 4343 De
1049 4294 1231 4345 sancto
1262 4291 1396 4345 Gaio
1423 4305 1593 4358 papa.

731 4360 843 4422 VII,
874 4391 943 4399 —
980 4363 1056 4416 De
1077 4363 1282 4415 sanctis
1310 4361 1662 4416 Marcelliano
1690 4364 1740 4414 et
1769 4361 1953 4415 Marco
1982 4364 2148 4430 atque
2179 4359 2498 4414 Sebastiano

1621 4460 1930 4516 CAPITULA
1974 4459 2150 4516 LIBRI
2183 4458 2438 4514 SEPTIMI

525 4560 649 4614 CAP.
730 4561 770 4614 I.
804 4589 867 4598 —-
900 4562 973 4614 De
999 4564 1184 4614 smicto
1215 4559 1445 4616 Gabinio
1471 4564 1520 4614 et
1549 4559 1820 4615 Susanna.

736 4631 803 4685 II.
835 4660 902 4668 —
931 4634 1006 4687 De
1031 4635 1232 4686 sanctis
1261 4632 1442 4687 Primo
1478 4634 1528 4685 et
1555 4631 1842 4685 Feliciano.

739 4703 829 4756 III.
859 4731 930 4741 -—-
959 4705 1035 4757 De
1073 4707 1256 4757 sancto
1293 4705 1601 4757 Pancratio.

740 4773 822 4828 IV.
865 4803 932 4814 —
963 4776 1036 4828 De
1055 4776 1258 4829 sanctis
1296 4774 1524 4830 Claudio
1554 4775 1862 4828 Nicostrate
1890 4779 1941 4829 et
1969 4773 2147 4828 sociis.

739 4846 800 4899 V.
831 4875 900 4884 ——
919 4849 996 4900 De
1026 4848 1230 4900 sanctis
1261 4845 1450 4900 Severo
1479 4849 1528 4899 et
1555 4845 1865 4909 Severiano,

738 4917 824 4969 VI.
868 4945 932 4956 -—
955 4920 1031 4972 De
1055 4921 1238 4971 sancto
1276 4916 1515 4972 Genesio.

739 4987 848 5040 VII.
885 5018 952 5026 —
982 4990 1058 5042 De
1095 4992 1286 5042 sancta
1315 4989 1507 5042 Lucia.

740 5058 878 5112 VIII.
901 5088 973 5098 -—
1003 5062 1078 5114 De
1103 5060 1308 5114 sanctis
1339 5059 1653 5114 Marcellino
1683 5062 1733 5112 et
1757 5059 1929 5112 Petro.

743 5131 827 5185 IX.
859 5161 923 5170 —
955 5133 1032 5186 De
1060 5135 1259 5187 sanctis
1289 5130 1495 5185 duobus
1524 5130 1808 5184 Felicibus.

741 5201 800 5256 X.
835 5233 901 5242 —
931 5206 1009 5259 De
1035 5208 1220 5259 sancto
1249 5201 1591 5270 Chrysogono
1629 5205 1677 5256 et
1708 5201 2026 5256 Anastasia.

1250 5333 1746 5424 INCIPIT
1811 5327 2195 5416 LIBER
2263 5324 2871 5440 QUINTUS.

1792 5479 2003 5535 CAPUT
2033 5474 2315 5532 PRIMUM.

1489 5583 1564 5642 De
1592 5591 1797 5643 sancto
1827 5583 2007 5642 Lucio
2031 5595 2192 5657 papa
2229 5586 2282 5636 et
2311 5576 2631 5655 Stephano.

388 5700 587 5755 Lucius
623 5697 904 5770 expositos
932 5696 1184 5768 sequitur
1213 5692 1510 5764 splendore
1539 5691 1734 5748 sacrati
2102 5683 2374 5740 Maenibus
2399 5682 2616 5738 exuitur
2641 5678 2927 5770 patriaque
2957 5677 3253 5770 abducitur
3281 5677 3434 5770 exul:

389 5764 839 5857 Pontificesiuris
856 5764 1031 5854 cujus,
1059 5782 1442 5841 moderamine
1473 5782 1693 5856 fulgens
2114 5778 2371 5833 Servatur
2398 5770 2662 5844 profugus
2691 5769 2987 5840 salvusque
3021 5765 3311 5824 reducitur
3335 5764 3452 5821 urbi
3492 5781 3506 5816 τ
