3974 6146
429 199 538 253 67ὕ
1197 190 1564 247 FLODOARDI
1606 186 1908 243 CANONICI
1951 186 2277 242 REMENSIS
2320 187 2658 244 OPUSCULA
2699 188 3012 245 METRICA.
3597 208 3675 260 676

425 326 752 399 Martyribus
781 341 963 380 curam
995 321 1272 377 celebrem
1303 320 1486 374 fecere
1517 317 1894 373 Decembrem.

500 419 606 472 llos
628 416 807 470 crucis
840 411 1151 482 ins-quitur
1183 426 1278 480 per
1309 407 1496 462 munia
1519 406 1862 461 'l‘ertulianus

426 513 594 573 Quem
618 506 728 559 divi
751 505 1064 573 Stephanus
1089 501 1259 558 fontis
1279 500 1574 570 splendore
1600 504 1842 562 novarat,

429 597 535 650 Nec
557 611 706 649 mora
741 592 1119 664 presbyterum
1154 591 1302 661 larga
1333 587 1582 642 bonitate
1606 592 1864 640 sacraret.

430 691 522 744 Cui
563 696 741 744 castos
774 688 918 741 inter
947 685 1188 740 monitus
1219 693 1272 738 et
1301 683 1467 737 verba
1497 681 1692 736 salutis

429 780 701 832 (iwsorum
735 775 928 829 Christi
970 773 1290 844 perquirere
1330 786 1560 841 corpora
1575 769 1760 837 jussit,

431 873 529 928 Per
548 871 776 926 biduum
800 866 970 922 sacris
997 866 1082 919 vix
1116 864 1303 919 debita
1331 863 1566 917 solverat
1596 861 1726 928 aris,

428 969 633 1022 Tentus
661 970 715 1018 et
745 980 774 1016 a
803 960 981 1015 Marco
1013 965 1118 1013 stat
1150 957 1345 1011 ductus
1373 955 1692 1010 Valeriano:

429 1057 539 1111 lluc
566 1056 658 1110 ille
689 1061 972 1109 extensum
1006 1049 1229 1104 mactari
1253 1048 1451 1102 robore
1471 1046 1655 1111 tradit,

426 1146 660 1201 Creditur
686 1144 1026 1198 acclamans:
1071 1161 1100 1190 «
1142 1139 1330 1193 Grates
1359 1137 1456 1191 tibi
1481 1136 1683 1206 pendo,
1711 1133 1952 1207 benigne

421 1239 549 1292 Jesu
583 1236 789 1291 Christe
821 1234 985 1298 Deus,
1009 1231 1139 1302 quia
1165 1246 1249 1284 me
1281 1245 1391 1285 non
1431 1229 1631 1283 dividis
1662 1227 1843 1294 almis,

427 1330 490 1383 Ut
520 1328 652 1382 mihi
681 1327 794 1398 jam
833 1323 1093 1379 Dominus
1116 1323 1378 1396 jungatur
1404 1320 1706 1391 Olympius,
1747 1326 1867 1375 acto

427 1423 525 1488 Qui
557 1438 645 1476 me
675 1421 930 1491 martyrio
963 1417 1242 1488 praecessit
1265 1416 1333 1471 ad
1361 1417 1469 1470 alta
1501 1413 1836 1487 sequendus.
1878 1435 1902 1464 ι)

429 1513 551 1566 llaec
580 1511 711 1564 dum
731 1508 1046 1579 proclamat,
1080 1506 1233 1560 lateri
1264 1505 1598 1559 mandantur
1622 1505 1840 1576 utrique

425 1601 639 1672 Apponi
669 1599 923 1663 flammae,
965 1602 1336 1666 constansque
1364 1610 1428 1648 ea
1459 1593 1616 1648 laetus
1648 1605 1702 1648 et
1728 1594 1901 1648 inter:

435 1717 457 1745 α
499 1695 702 1748 Matura
728 1692 873 1763 quod
907 1689 1046 1762 agis,
1080 1687 1266 1753 miser,
1301 1695 1359 1741 ut
1387 1687 1686 1757 pernicius,
1721 1687 1918 1758 inquit,

427 1786 508 1839 Me
531 1786 634 1839 hoc
653 1784 867 1838 fervore
895 1783 1044 1836 leves
1072 1780 1449 1836 holocaustum
1476 1786 1529 1834 et
1554 1785 1797 1834 aromata
1815 1779 2047 1846 Christo,

429 1871 673 1928 Peccatis
703 1871 988 1946 gravidum
1018 1869 1168 1936 licet,
1193 1869 1298 1923 hoc
1319 1878 1500 1922 tamen
1523 1867 1745 1939 auspice
1768 1868 1984 1923 fultum.
2021 1890 2045 1913 »

432 1966 642 2021 Invidet
673 1966 758 2019 his
789 1964 987 2029 lanius,
1014 1961 1216 2032 ditfert,
1249 1961 1390 2032 rapit
1420 1960 1641 2034 ignibus
1671 1970 1837 2032 atque

427 2061 611 2116 Tradit
641 2058 889 2129 Sapricio
919 2057 1121 2111 trucior
1151 2057 1243 2127 qui
1279 2055 1525 2110 creditus
1557 2053 1716 2124 ipso;

430 2158 614 2212 Rebus
643 2156 698 2210 id
730 2155 823 2210 ille
855 2153 1066 2224 probat,
1090 2153 1234 2206 saxis
1265 2168 1387 2206 nam
1423 2152 1653 2222 proterit
1680 2166 1796 2216 ora,

432 2250 634 2320 Sicque
665 2248 760 2301 diu
791 2253 1012 2317 torquet
1042 2261 1270 2314 pensum
1302 2244 1651 2315 amburitque
1679 2249 1901 2298 catasta.

432 2339 656 2412 ignibus
683 2337 737 2391 in
769 2336 970 2390 mediis
996 2335 1183 2389 divino
1212 2341 1359 2389 tutus
1391 2336 1621 2400 honore,

435 2426 698 2480 I‘rwdicat
725 2441 845 2479 esse
871 2425 1041 2478 Deum
1075 2422 1230 2478 coelis
1259 2439 1427 2494 super
1449 2423 1634 2478 omnia
1663 2420 1952 2477 Christum.

432 2517 672 2573 Invictus
701 2516 904 2587 poenis,
928 2515 1022 2569 ubi
1049 2514 1226 2569 fertur
1240 2514 1550 2582 Valeriano,

432 2606 549 2661 Mox
581 2615 744 2676 caput
774 2603 987 2658 abscidi
1021 2603 1187 2658 celeri
1227 2619 1491 2658 mucrone
1513 2602 1759 2670 jubetur.

428 2693 681 2749 Termine
712 2692 996 2763 depositus
1020 2690 1273 2764 jugulum
1307 2691 1442 2762 petit
1471 2692 1674 2746 aethera
1700 2701 1906 2747 sectus.

431 2783 770 2855 Hymnidicis
800 2782 995 2854 prazsul
1017 2783 1328 2853 Stephanus
1361 2783 1502 2837 locat
1531 2798 1658 2838 ossa
1683 2783 1874 2838 Latina

432 2872 676 2944 Stipatus
706 2871 898 2926 cuneis
929 2871 1209 2942 scissaque
1238 2872 1487 2928 recondit
1525 2888 1715 2943 arena,

2079 1691 2128 1757 Β

2061 321 2115 389 Α
2143 317 2249 372 Sed
2279 320 2428 375 solo:
2480 341 2505 370 α
2541 319 2617 375 Tu
2645 337 2714 375 ne
2747 336 2808 374 es
2837 321 3164 392 Stephanus,
3195 323 3318 380 huic
3339 326 3623 399 Valerianus,

2145 411 2370 466 Publica
2400 413 2619 468 conaris
2644 413 2797 486 regni
2831 414 2924 484 qui
2965 422 3175 469 vertere
3199 416 3335 484 jura,

2143 503 2406 559 Suasibus
2436 513 2491 559 et
2523 506 2707 576 pravis
2737 506 3001 575 populum
3031 506 3354 579 monitisque
3381 512 3600 589 malignis

2143 593 2181 645 A
2212 592 2387 663 patrio
2411 591 2595 648 divum
2627 594 2780 669 cogis
2801 595 3112 651 discedetre
3139 597 3318 653 cultu?

2151 716 2208 724 —-
2239 685 2357 741 Non
2379 687 2661 758 equidem,
2686 688 2938 755 antistes,
2956 689 3102 744 nitor
3130 705 3238 744 rem
3254 701 3448 749 vertere
3475 699 3622 771 regni,

2149 775 2213 828 At
2244 791 2449 831 moneo
2481 793 2612 847 quo,
2646 776 2880 831 desertis
2908 777 3003 848 qui
3035 778 3088 832 in
3121 777 3242 834 fana
3273 781 3501 838 coluntur

2149 867 2518 932 Daemonibus,
2545 869 2835 923 Dominum
2856 869 3035 924 vivum
3051 887 3344 944 verumque
3366 885 3628 945 renoscant,

2149 955 2247 1020 Qui
2281 956 2404 1010 cteli
2436 964 2708 1028 terraeque
2733 956 2909 1023 Sator,
2944 957 3038 1028 qui
3071 974 3192 1012 cum
3224 958 3368 1015 Patre
3389 961 3593 1017 Christus

2151 1045 2409 1100 Flaminis
2437 1053 2492 1100 et
2515 1046 2691 1101 sancti
2725 1046 2926 1102 virtute
2959 1047 3012 1101 in
3036 1049 3235 1103 saecula
3264 1060 3458 1125 regnat,

2148 1134 2222 1190 Ne
2254 1146 2484 1207 pereant
2505 1137 2667 1192 simul
2692 1143 2898 1192 aeterna
2927 1153 3050 1193 cum
3082 1138 3326 1196 daemone
3356 1143 3546 1199 mulcta.
3583 1169 3602 1190 -

2148 1223 2468 1279 Valerianus
2499 1227 2568 1280 ad
2600 1226 2715 1280 haec
2745 1225 2927 1282 Martis
2957 1228 3219 1297 praecedit
3249 1230 3313 1284 ad
3341 1231 3496 1286 aedem

2148 1317 2301 1372 Hunc
2330 1318 2505 1373 minui
2531 1319 2732 1389 capite,
2764 1318 3005 1394 efﬁgiem
3038 1319 3092 1374 ni
3119 1321 3355 1378 numinis
3384 1333 3503 1380 oret.

2146 1406 2433 1478 Aspiciens
2463 1407 2662 1462 ductus
2691 1407 2948 1463 Mavortia
2978 1407 3105 1463 fana
3135 1409 3321 1465 beatus

2151 1499 2340 1571 Dirigit
2360 1500 2429 1553 ad
2459 1500 2659 1554 cwlum
2689 1500 2840 1555 visus
2869 1511 2924 1556 et
2952 1504 3140 1571 corda,
3173 1505 3456 1560 Tonantem

2151 1590 2240 1644 1118
2299 1606 2568 1661 poscens:
2619 1615 2634 1638 ι
2681 1592 2912 1648 Domine
2966 1595 3336 1666 omnipotens,
3391 1597 3525 1652 Pater
3567 1597 3686 1652 unice

3452 1685 3642 1757 [Christi,

2151 1770 2249 1835 Qui
2283 1770 2597 1827 destruxisti
2633 1770 2804 1827 variis
2835 1771 3169 1844 Babylonica
3200 1775 3381 1830 turrim

2114 1930 2122 1937 .
2152 1863 2394 1930 Fatibus,
2424 1879 2520 1919 ora
2555 1871 2762 1934 terens,
2793 1865 2896 1920 hoc
2919 1874 2976 1920 tu
3002 1881 3228 1938 quoque
3249 1867 3452 1922 destrue
3471 1867 3638 1933 fanum,

2153 1955 2265 2019 Qua
2292 1955 2619 2026 populorum
2653 1955 2850 2011 animae
2890 1957 3039 2012 cultu
3069 1959 3370 2029 perduntur
3397 1959 3577 2031 iniquo.
3612 1979 3630 2009 ι

2151 2044 2354 2100 Annuit
2384 2045 2744 2117 Omnipotens
2775 2048 2935 2118 votis,
2967 2049 3314 2122 tonitrusque
3342 2050 3532 2124 fragore

2150 2137 2468 2208 Respondet
2492 2140 2750 2210 precibus
2779 2157 2992 2196 summa
3023 2143 3089 2196 de
3120 2144 3266 2198 nube
3296 2159 3574 2210 coruscans,

2153 2229 2398 2284 Fulmina
2430 2230 2732 2299 dissiliunt,
2763 2240 2818 2287 et
2847 2233 3017 2288 Marte
3049 2235 3328 2306 potentior
3353 2236 3508 2290 aedem

2157 2323 2339 2378 Martis
2353 2325 2517 2382 humo
2530 2327 2742 2383 sternit.
2760 2328 2972 2384 Mavors
2987 2329 3232 2385 imbellis
3248 2332 3312 2385 ad
3329 2331 3588 2400 i8l3(183l2~t
3607 2330 3690 2383 Hac

2155 2419 2420 2474 Panditur
2447 2428 2501 2476 et
2528 2421 2748 2490 Christi,
2779 2423 2929 2479 Jovis
2972 2425 3088 2481 haec
3146 2442 3257 2482 non
3287 2426 3496 2482 fulmina
3523 2434 3640 2480 nutu.
3673 2447 3686 2472 ι

2152 2511 2453 2588 Diffugiunt
2482 2513 2765 2581 lanii,non
2795 2517 2897 2572 hos
2919 2517 3121 2573 fiducia
3153 2519 3334 2574 Martis

2153 2604 2442 2672 Continet;
2471 2605 2620 2661 haud
2648 2606 2807 2675 ﬁdos,
2836 2609 2980 2663 haud
3011 2625 3070 2664 se
3099 2618 3328 2679 tutatur,
3357 2611 3589 2666 alumnos.

2154 2696 2216 2750 At
2249 2695 2388 2751 liber
2419 2697 2508 2766 pia
2536 2712 2692 2751 sacra
2716 2697 2828 2753 Deo
2861 2697 3036 2752 libare
3056 2701 3318 2756 sacerdos

2154 2786 2493 2842 Christisona
2518 2789 2799 2843 exsultans
2825 2788 2960 2856 abit,
2993 2790 3346 2864 adgaudente
3373 2797 3572 2850 caterva,

2155 2879 2324 2942 Quam
2353 2878 2514 2934 factis
2544 2880 2816 2951 dictisque
2856 2897 3076 2954 regens,
3105 2898 3173 2938 ac
3201 2883 3390 2938 robore
3419 2881 3566 2936 multo

431 2963 721 3036 Presbyter
756 2964 967 3034 hacque
1016 2963 1194 3018 bonos
1245 2964 1388 3033 (182)
1441 2965 1672 3020 Faustus
1724 2965 2051 3038 Maurusque
2080 3008 2126 3043 ρ
2157 2969 2376 3025 Solatus
2406 2969 2679 3040 solidans,
2710 2971 2973 3041 mysteria
3000 2972 3284 3043 moenibus
3309 2974 3454 3026 alme

1730 3057 1978 3130 [recepti

429 3148 600 3210 Tunc,
633 3148 756 3202 aliis
787 3156 1001 3220 septem
1027 3148 1236 3217 junctis
1267 3149 1360 3220 qui
1389 3156 1637 3220 tempore
1662 3151 1717 3206 in
1747 3151 1865 3222 ipso

435 3236 634 3291 Caelica
664 3237 907 3307 martyrii
940 3238 1182 3292 subeunt
1204 3238 1505 3308 penetralia
1543 3239 1716 3296 lauro.

435 3327 525 3380 His
554 3326 794 3381 cinctum
824 3327 1045 3394 studiis,
1080 3328 1274 3383 missas
1293 3328 1360 3383 ad
1395 3328 1554 3383 busta
1586 3329 1801 3400 piorum

431 3415 488 3468 ln
530 3415 804 3485 Specubus
833 3416 1139 3483 celebrare,
1170 3433 1356 3472 sacros
1387 3418 1495 3472 huc
1522 3432 1721 3491 cogere
1749 3426 1946 3481 cretus.

2158 3059 2294 3112 Dum
2334 3059 2494 3113 laetus
2525 3059 2767 3114 celebrat
2792 3059 3308 3126 Lucinae,turbidus
3338 3061 3421 3114 ille

2160 3149 2482 3206 Valerianus
2513 3150 2626 3224 agit
2651 3167 2861 3206 cuneos
2883 3158 2938 3206 et
2967 3152 3108 3206 ovile
3143 3152 3392 3222 luporum

2157 3238 2388 3311 Agmine
2418 3238 2667 3306 vallatur,
2702 3239 2900 3306 nescit,
2932 3240 3063 3294 licet
3101 3240 3348 3311 undique
3377 3247 3561 3310 septus,

2159 3329 2351 3385 Pastor
2379 3328 2765 3402 magnanimus
2796 3328 2952 3382 rabie
2982 3329 3264 3400 trepidare
3296 3329 3569 3392 furentum;

2157 3424 2317 3478 Fixus
2344 3429 2400 3478 et
2421 3424 2666 3478 intentus
2696 3422 2889 3489 sacris,
2920 3423 3157 3480 Domino
3185 3425 3426 3495 auspice,
3456 3420 3586 3476 fortis

434 3507 719 3579 Lymphati
760 3524 1019 3582 proceres
1055 3509 1395 3582 Stephanum
1433 3511 1503 3564 ad
1546 3518 1823 3568 tormenta
1871 3513 2058 3584 requi-
2159 3519 2584 3592 [mpavidusque
2607 3519 2769 3574 litans
2793 3536 2893 3574 sua
2913 3535 2972 3575 se
2994 3536 3220 3592 quoque
3242 3519 3651 3587 muneraperstat.

1814 3603 1982 3674 imm:
2157 3611 2269 3667 Nec
2284 3612 2452 3667 sentit
2479 3611 2701 3666 rabidos
2719 3612 3001 3683 strepitus,
3035 3627 3142 3667 nec
3169 3619 3296 3667 vota
3318 3608 3540 3668 remittit,

431 3687 747 3758 Militieeque
778 3703 948 3742 manu
981 3695 1193 3759 raptum
1227 3696 1472 3756 tenuere,
1491 3689 1699 3764 jugatis

2161 3701 2594 3773 Intrepidusque
2620 3701 2909 3773 libensque
2932 3700 3078 3756 aries
3103 3708 3374 3756 mactatur
3399 3697 3459 3753 ad
3486 3711 3626 3759 aram,

433 3779 689 3834 Pluribus
719 3796 748 3834 e
777 3779 924 3835 clero
956 3780 1184 3835 senibus
1206 3779 1440 3852 ﬁdisque
1473 3783 1770 3850 ministris;
2164 3791 2349 3862 (Impia
2394 3805 2657 3862 sequens,
2692 3791 2843 3846 Hunc
2871 3807 3024 3844 sacra
3066 3807 3268 3846 manus
3297 3805 3414 3844 cum
3449 3785 3563 3841 sede
3595 3777 3701 3834 beati

436 3871 670 3928 Praesule
695 3873 1000 3929 Cmsareum
1015 3873 1174 3943 jusso
1201 3882 1492 3945 penetrare
1512 3875 1775 3943 tribunal,
2170 3881 2446 3954 Sanguine
2485 3896 2736 3952 respersa
2762 3881 2932 3952 patris
2959 3896 3085 3937 arce
3115 3877 3364 3937 recondit
3389 3879 3439 3932 in
3460 3877 3577 3946 ipsa.

1946 4009 2153 4066 CAPUT
2195 4011 2260 4066 11.

1787 4109 1864 4170 De
1890 4121 2101 4173 sancta
2133 4113 2429 4190 Eugenio.

435 4240 668 4294 Carbasa
693 4255 842 4296 nunc
875 4238 1116 4309 zephiris
1143 4237 1488 4306 inﬂantibus,
1529 4255 1658 4295 arva
1690 4240 1902 4313 Syenes

436 4335 622 4392 Visere
653 4336 1026 4405 Pellaeumque
1052 4333 1207 4401 juvat
1232 4332 1553 4406 contingere
1578 4333 1751 4402 littus,
1907 4403 1912 4406 _

433 4427 552 4481 Mox
584 4425 777 4496 rapido
799 4421 1052 4478 Ausonia:
1085 4427 1399 4494 repetamus
1426 4428 1485 4476 ut
1511 4422 1659 4478 edita
1696 4441 1893 4480 cursu:

431 4518 745 4589 Accipimus
772 4514 1049 4587 siquidem
1080 4515 1184 4571 hoc
1213 4522 1347 4570 aestu
1378 4515 1652 4590 praesigne
1694 4515 1887 4574 tulisse

429 4611 669 4682 Martyrii
701 4610 873 4665 decus
903 4609 1228 4682 Eugeniam,
1252 4625 1416 4680 quam
1444 4616 1596 4680 patre
1623 4610 1878 4683 Philippo

437 4703 594 4757 Urbis
623 4700 912 4757 Alexandri
944 4699 1209 4756 Praefecto
1240 4699 1464 4771 arvique
1496 4698 1708 4772 Canopi

431 4792 735 4848 Aineadum
763 4809 828 4846 ex
857 4791 1014 4861 apice
1038 4805 1327 4860 procerum
1348 4789 1441 4844 dat
1473 4787 1696 4844 Claudia
1716 4798 1910 4846 mater.

433 4883 566 4948 Quis
594 4883 891 4954 splendore
918 4881 1102 4938 nitens
1125 4882 1243 4936 haec
1257 4880 1505 4936 moribus
1533 4879 1699 4937 altior
1723 4896 1848 4936 esse

437 4972 633 5048 Deligit
657 4971 937 5028 excellens
962 4980 1112 5027 casto
1135 4969 1358 5041 pietatis
1385 4970 1617 5036 honore,

431 5062 560 5136 Quae
591 5077 807 5136 pagana
843 5060 973 5116 licet
1001 5059 1053 5116 vi
1080 5059 1213 5115 casti
1245 5058 1512 5122 numinis,
1539 5059 1649 5112 alta

429 5133 691 5219 Consule:
713 5152 893 5209 vincla
919 5151 1074 5207 Proci
1105 5151 1279 5227 geniti
1308 5151 1507 5206 virtute
1533 5150 1840 5224 perhorret,

431 5246 566 5300 Dum
600 5246 847 5318 sophicis
865 5246 1066 5301 ardens
1087 5244 1236 5300 curis
1257 5259 1577 5316 percurrere
1605 5259 1841 5317 quaeque

432 5342 617 5397 Certat
655 5343 867 5398 honore
887 5340 1056 5396 animi
1083 5338 1457 5395 conscendere
1493 5339 1548 5393 in
1587 5339 1737 5395 edita
1764 5340 1938 5408 Pauli,

429 5435 568 5501 Quae
599 5442 750 5493 tanto
775 5435 988 5492 fervore
1015 5433 1286 5506 capitjam
1319 5442 1503 5489 mente
1519 5433 1699 5500 beata,

499 5591 664 5660 (182)
703 5591 793 5644 Sic
820 5587 946 5660 cod.
981 5595 1233 5660 uterque.
1267 5589 1364 5660 An.
1393 5604 1490 5660 pro
1525 5591 1806 5660 Bonosius,

2161 4246 2224 4302 Ut
2257 4261 2476 4304 summo
2504 4245 2650 4321 regis
2681 4246 3021 4303 ﬁammescat
3047 4262 3236 4302 amore
3266 4243 3514 4317 superni;

2157 4339 2221 4394 At
2243 4336 2435 4394 Christi
2467 4337 2596 4410 quia
2613 4337 2928 4408 reppulerat
2955 4344 3113 4408 pater
3141 4336 3280 4390 urbe
3309 4333 3541 4397 clientes,

2159 4430 2298 4486 Cum
2325 4432 2490 4487 castis
2521 4431 2690 4487 sociis
2717 4431 2992 4503 castisque
3017 4429 3322 4496 sodalibus,
3345 4429 3503 4483 altum

2157 4521 2275 4575 Alta
2303 4535 2546 4592 sequens
2575 4520 2804 4575 rimatur
2835 4520 2956 4574 iter.
2993 4520 3153 4576 Proto
3183 4526 3351 4590 atque
3382 4511 3656 4588 Hyacinthe,

2076 4641 2136 4709 D
2158 4611 2340 4665 Ardua
2370 4625 2481 4681 quo
2503 4610 2683 4666 valeat
2710 4609 2915 4665 montis
2946 4616 3054 4664 tam
3085 4609 3358 4664 scandere
3385 4605 3528 4663 celsi.

2228 4707 2408 4761 Mente
2433 4706 2567 4778 polo
2597 4705 2792 4775 illapsa
2821 4711 3031 4777 patrem
3062 4704 3200 4776 petit
3239 4719 3365 4759 arva
3391 4700 3578 4760 videre.

2157 4795 2368 4851 Praedia
2390 4795 2709 4850 collustrare
2736 4793 2902 4860 sinat,
2926 4793 3222 4862 jocundior
3246 4792 3352 4847 isto

2157 4883 2366 4939 lntuitu
2396 4889 2457 4939 ut
2480 4883 2670 4939 redeat
2689 4897 2882 4939 menso
2913 4881 3160 4956 regionis
3182 4894 3420 4936 amoeno.

2158 4975 2309 5031 Cedit
2338 4976 2406 5031 ad
2419 4976 2538 5031 haec
2563 4975 2801 5049 genitor,
2825 4974 3166 5046 comitesque
3196 4974 3408 5028 haerere
3430 4968 3599 5025 ﬁdeles

2161 5065 2423 5139 lnjungit,
2455 5064 2735 5120 dominam
2765 5063 2917 5120 salvo
2940 5063 3167 5119 ductare
3186 5061 3422 5133 pudore,

2157 5156 2306 5224 Quia,
2339 5155 2490 5211 Pauli
2522 5155 2889 5210 instrumenta
2920 5155 3110 5228 legens
3139 5153 3271 5208 dum
3310 5152 3474 5206 fertur
3501 5147 3551 5200 in
3573 5153 3713 5217 agros,

2159 5245 2510 5301 Christicolas
2538 5245 2751 5301 melicis
2780 5245 3129 5301 modulantes
3152 5243 3381 5300 vocibus
3407 5237 3547 5294 audit

2157 5336 2558 5413 Psalmigraphi
2592 5337 2813 5393 laudes:
2857 5363 2880 5384 «ι
2926 5337 3127 5392 Omnes
3153 5336 3204 5390 di
3228 5334 3505 5389 daemones
3529 5326 3711 5382 Ethnon-

2157 5436 2222 5490 At
2248 5431 2516 5489 Dominus
2541 5431 2716 5486 ccelos
2734 5430 3113 5502 septemplicis
3145 5427 3322 5484 edidit
3359 5423 3517 5483 orbis.
3559 5439 3576 5467 ο

503 5658 655 5727 (183)
692 5660 787 5714 Hic
814 5658 1022 5715 desinit
1043 5658 1144 5714 ms.
1167 5658 1504 5717 bibliotheca
1530 5660 1742 5716 Sanctae
1765 5659 2053 5717 Genovefae
2084 5661 2251 5717 Paris.
