3958 6158
259 247 355 302 677
897 246 982 301 DE
1022 247 1274 302 CHRISTI
1313 245 1681 302 TRIUMPHIS
1725 247 1899 302 APUD
1941 247 2208 304 ITALIAM
2249 250 2426 309 LIBRI
2467 251 2597 311 XIV.
2639 286 2711 295 —
2749 255 2876 310 LIB.
2921 255 2978 311 V.
3237 349 3243 354 ἢ
3515 269 3622 322 678

258 369 584 425 Curriculum
618 369 709 424 illa
729 370 898 440 jubet
927 374 1247 438 consistere,
1270 372 1520 444 clamque
1551 373 1774 430 sodales

257 464 622 520 Conveniens:
667 491 691 510 α
739 464 984 536 Sophico
1022 473 1232 522 constat
1263 483 1358 522 vos
1391 469 1648 539 dogmate
1678 469 1876 534 claros,

256 556 584 628 Sudatisque
616 557 912 612 hominum
947 575 1163 614 mecum
1195 561 1466 630 permulta
1496 560 1774 615 studendo

257 650 440 722 Digna,
476 649 706 722 indigna
741 650 890 706 dolis
919 659 1154 724 astuque
1183 659 1401 724 reperta
1429 660 1698 719 catorum,

253 739 487 810 Scrupea
517 739 829 794 Aristotelis
851 741 1000 796 docti
1021 751 1238 797 vvrsuta
1261 743 1545 813 sophistae,

253 830 456 882 Sectam
483 828 852 899 Epicuraeam,
878 830 1003 884 miri
1034 828 1295 904 ﬁgmenta
1327 831 1588 897 Platonis,

255 917 558 973 Socraticos
579 917 830 972 monitus
861 925 915 973 et
939 920 1119 975 Stoica
1146 920 1280 992 quid
1313 921 1458 997 legat
1487 937 1604 988 ora,

253 1006 399 1070 Quod
431 1023 689 1077 sparsere
705 1007 895 1077 scphi,
928 1010 1076 1081 quod
1108 1019 1396 1067 cautavere
1429 1021 1628 1082 poetae,

255 1098 474 1153 Pellitur
500 1100 604 1155 hac
631 1101 742 1157 odo
767 1102 964 1158 Christi
989 1120 1098 1176 qua
1118 1104 1313 1160 concio
1337 1107 1560 1180 gaudet.

254 1188 712 1258 Accipimusnihil
748 1207 874 1246 esse
906 1192 1064 1259 deos,
1097 1193 1260 1249 simul
1287 1196 1471 1250 omnia
1493 1213 1634 1251 vana

255 1280 487 1336 Numina
514 1283 799 1354 responsis
831 1295 1144 1341 sanctorum
1175 1287 1510 1344 addiscimus
1538 1290 1716 1360 aptis:

255 1368 457 1422 Divinis
488 1369 654 1444 igitur
683 1371 1029 1428 credendum
1057 1382 1111 1429 et
1135 1392 1263 1431 vera
1293 1377 1556 1446 tenenda,

252 1457 308 1511 Ni
336 1459 517 1531 magis
545 1459 790 1516 oblectat
817 1472 1033 1517 mentes
1064 1481 1162 1534 per
1183 1463 1316 1520 falsa
1347 1467 1550 1537 perire.

249 1550 308 1603 At
334 1548 564 1618 sapiens
602 1551 886 1620 sapienter
916 1561 1041 1626 agat
1071 1553 1252 1623 decet,
1279 1555 1449 1628 impia
1471 1559 1674 1613 sanctis

250 1637 533 1712 Segreget,
567 1639 801 1695 utilibus
833 1649 1095 1714 prepcret
1114 1660 1407 1701 secernere
1439 1646 1625 1718 inepta

249 1729 479 1784 Iustitiae
506 1747 782 1787 summam
810 1733 1011 1790 subeat
1039 1751 1150 1807 quo
1178 1739 1398 1794 tramite
1428 1748 1656 1812 quarat.
1707 1763 1730 1792 ι

250 1821 383 1875 Dum
416 1823 551 1878 serit
582 1823 704 1878 haec
730 1825 898 1879 sociis
925 1827 1154 1882 rationis
1194 1828 1247 1882 in
1287 1847 1436 1898 arva,
1470 1838 1734 1902 parantur

247 1912 422 1968 Corda
441 1915 605 1968 trium
635 1915 841 1970 celsam
874 1917 953 1972 ire
985 1918 1150 1986 viam,
1171 1920 1312 1990 parit
1333 1921 1542 1977 innuba
1573 1924 1707 1980 casti

247 2002 548 2056 Consilium
573 2003 718 2058 voti:
751 2006 956 2074 pariter
984 2014 1177 2077 petere
1209 2009 1350 2064 alma
1371 2011 1517 2066 beati

245 2093 406 2148 Tecta
428 2093 619 2148 Heleni
645 2095 805 2166 cujus
828 2098 1150 2167 praestantia
1182 2099 1321 2155 facta
1354 2102 1625 2170 nitebant,

249 2181 510 2236 Restituit
539 2183 715 2236 visum
750 2185 912 2239 czecis
943 2193 1000 2240 et
1030 2185 1283 2244 daemone
1307 2192 1482 2262 captis

246 2272 441 2327 Sobria
471 2273 663 2342 corda,
713 2275 988 2331 adhibens
1016 2279 1385 2336 medicamina
1427 2284 1585 2353 plura
1615 2288 1876 2359 gravatis.

244 2365 396 2420 llunc
423 2366 556 2438 quia
572 2382 731 2422 sacra
762 2369 856 2424 Dei
888 2370 1250 2428 meditantem
1285 2375 1526 2434 invisere
1556 2381 1715 2449 nulli,

243 2451 431 2509 Sancti
461 2463 558 2510 aut
582 2464 741 2527 septa
770 2459 922 2513 senis
963 2460 1175 2516 licitum
1207 2475 1498 2534 penetrare
1534 2471 1755 2540 puellas,

245 2545 524 2605 Robustos
552 2550 772 2605 animos
802 2551 996 2607 habitu
1028 2553 1293 2630 insignire
1325 2559 1468 2614 virili

245 2637 408 2713 Virgo
440 2639 597 2714 legit.
630 2657 802 2696 vacua
829 2643 1043 2716 ignaris
1075 2645 1271 2703 lectica
1298 2652 1548 2721 vehatur,

250 2726 311 2782 Ut
328 2729 565 2800 reliquis
596 2730 881 2788 dominam
903 2732 1012 2789 ﬁde
1043 2737 1378 2796 comitentur
1398 2741 1628 2798 alumni.

245 2821 309 2873 At
339 2829 635 2890 reparatur
675 2822 873 2891 honos,
903 2833 1100 2900 arguta
1130 2827 1352 2900 incepta
1381 2842 1685 2906 geruntur:

246 2909 379 2966 Tres
410 2920 572 2968 caute
601 2917 739 2971 socii
767 2918 1050 2975 mundana
1071 2922 1316 2992 pericula
1338 2930 1584 2994 tranant;

247 3004 456 3062 Praesul
486 3008 648 3064 adest
678 3010 872 3067 laudes
900 3014 1120 3070 cinctus
1170 3017 1435 3075 reboante
1475 3031 1692 3079 caterva
1717 3041 1732 3090 ;

244 3100 329 3156 Fit
348 3103 436 3157 via
461 3112 622 3158 vecta
653 3106 782 3176 piis,
814 3118 1133 3164 sanctorum
1160 3112 1261 3167 iter
1281 3129 1446 3170 omne
1478 3125 1733 3186 paratur;

245 3189 574 3263 Suscipiunt
589 3195 831 3265 juvenes
863 3199 1049 3253 divina
1073 3202 1296 3258 oracula
1313 3204 1443 3272 laeti,

245 3280 689 3355 Auspiciumque
705 3285 806 3340 viae
841 3287 1082 3361 rcgitant
1107 3291 1176 3345 de
1203 3297 1442 3363 prtesule
1462 3299 1700 3368 plebem.

246 3371 655 3446 Accipiuntque
687 3382 897 3448 tropaea
935 3380 1037 3435 viri
1069 3399 1178 3454 quo
1211 3387 1468 3454 parvulus
1497 3391 1629 3448 olim

249 3461 491 3517 lmmuni
517 3473 737 3521 vectare
760 3467 886 3523 sinu
909 3474 1264 3530 consueverit
1286 3475 1470 3551 ignem

250 3552 594 3628 Cereamque
621 3574 845 3633 magum
866 3559 1103 3617 ﬂammis
1129 3572 1406 3624 exeruerit
1434 3570 1648 3645 algens.

247 3643 387 3700 Tres
415 3661 476 3700 se
502 3646 660 3719 virgo
693 3656 844 3704 notat
874 3650 1068 3707 fratres
1097 3654 1166 3708 ad
1196 3672 1350 3713 sacra
1378 3643 1570 3718 venire

247 3731 454 3788 Christi
474 3735 718 3805 postulat
744 3737 862 3792 hzec
891 3737 1010 3796 fieri
1029 3758 1250 3815 quoque
1277 3754 1406 3804 nota
1433 3748 1597 3809 beato

247 3822 592 3882 Praemonito
623 3828 680 3882 in
702 3831 933 3887 sommis
953 3835 1117 3904 patri,
1145 3837 1432 3910 signantur
1461 3845 1679 3901 adesse.

248 3915 351 3971 Ille
374 3933 554 3990 genus
579 3934 898 3994 nomenque
928 3940 1132 4000 rogans
1152 3931 1298 4001 capit
1326 3933 1460 3989 urbe
1484 3936 1738 4001 Quirites.

245 4005 672 4080 Germanosque
694 4009 882 4078 domo,
910 4012 1003 4068 dat
1033 4017 1257 4074 nomina
1283 4020 1438 4097 virgo
1471 4024 1727 4096 duorum,

245 4099 322 4154 Se
352 4099 662 4174 Eugenium
691 4119 1007 4161 memorans
1037 4111 1304 4168 secretius
1332 4129 1454 4170 esse
1483 4119 1789 4188 prehensos

247 4197 576 4268 Agnoscunt
606 4213 688 4264 se,
723 4201 1133 4274 praepositoque
1161 4220 1383 4264 manere
1405 4209 1673 4277 jubentur

248 4283 687 4358 Sacranturque,
714 4291 1162 4363 monasterioque
1188 4294 1455 4370 almisque
1478 4301 1742 4370 jugantur

249 4370 517 4428 Solamen
549 4375 796 4446 capiunt,
827 4379 1130 4436 certamina
1159 4399 1392 4458 quaeque
1421 4390 1668 4461 gerenda

248 4458 521 4517 Praedocti
565 4478 596 4517 a
623 4474 838 4532 sancto,
869 4468 956 4521 cui
996 4479 1194 4526 cuncta
1217 4458 1517 4532 recluserat
1545 4486 1754 4538 auctor.

327 4552 394 4605 At
414 4559 636 4609 temone
654 4553 760 4608 levi
791 4572 1079 4629 vacuoque
1101 4560 1341 4618 abeunte
1373 4567 1579 4624 veredo

247 4636 341 4692 Fit
365 4641 602 4711 gemitus
632 4643 838 4713 populo
869 4651 1049 4701 tantos
1080 4647 1266 4722 lugere
1296 4660 1556 4723 parentes

245 4731 525 4786 Amissam
554 4731 802 4788 sobolem
838 4746 945 4790 tam
977 4753 1103 4794 caro
1136 4740 1377 4816 pignore“
1399 4756 1610 4818 captos.

248 4819 556 4876 Discutitur
585 4823 759 4896 regio,
793 4823 925 4891 vici,
959 4842 1204 4896 nemora,
1245 4831 1472 4902 oppida,
1504 4846 1752 4908 montes;

249 4912 527 4984 Delphica
546 4915 841 4983 seitantur,
871 4933 1046 4971 vanus
1075 4920 1342 4992 rogitatur
1373 4940 1636 4999 aruspex;

251 5003 355 5059 Dis
384 5015 534 5077 rapta
560 5007 824 5062 asseritur
848 5008 1087 5081 coalique
1117 5023 1338 5086 recepta
1361 5020 1618 5087 remotis;

247 5096 509 5152 Creditur
535 5098 768 5153 obscure
788 5099 935 5170 quod
965 5108 1086 5170 post
1105 5103 1362 5160 credatur
1389 5117 1598 5179 aperte.

248 5182 361 5238 Dat
393 5193 542 5254 pater
571 5185 814 5261 efﬁgiem
842 5189 1020 5242 divam
1045 5189 1150 5244 sibi
1181 5194 1416 5250 collocat
1441 5212 1594 5269 auro,

246 5277 815 5355 Contentusgenitam
847 5299 972 5338 caro
1005 5301 1268 5355 pensasse
1301 5292 1546 5348 metallo.

245 5374 322 5424 At
346 5387 517 5427 mater
547 5372 856 5446 fratresque
894 5375 1104 5444 dolent,
1143 5394 1248 5434 nec
1276 5382 1484 5438 credita
1515 5388 1772 5446 credunt.

245 5463 420 5537 Virgo
450 5466 656 5521 decens
682 5467 981 5541 animoque
1013 5469 1310 5544 habituque
1333 5474 1506 5532 virilis
1532 5486 1586 5533 et
1614 5488 1738 5536 actu

245 5551 434 5608 Ccrtat
452 5569 593 5627 opus
621 5556 861 5625 Domini,
894 5559 1186 5616 meditatur
1213 5561 1470 5638 dogmata
1499 5565 1717 5640 Christi,

249 5645 406 5720 Lege
431 5647 560 5723 vigil
583 5665 806 5722 supera,
835 5653 1062 5710 memori
1085 5653 1217 5710 dum
1246 5663 1428 5713 mente
1459 5662 1712 5723 recondit

1904 380 1956 447 Α
1990 373 2125 430 Bina
2150 375 2245 432 Dei
2280 377 2411 436 bino
2451 382 2557 437 sibi
2590 389 2920 438 testamenta
2945 385 3047 440 sub
3073 403 3239 444 anno.

1986 465 2098 520 Nec
2127 470 2294 525 modo
2324 473 2572 528 neScitur
2601 473 2819 538 mulier,
2845 479 3108 532 sectanda
3134 481 3372 538 virorum

1985 553 2119 618 Quis
2153 558 2266 629 agit
2295 563 2560 636 egregiis,
2593 577 2758 632 quam
2793 563 3131 636 virginitate,
3162 572 3373 641 pudore

1986 647 2045 701 In
2074 654 2340 719 praecelsa
2373 655 2561 711 ferens
2590 656 2820 712 humilis
2851 660 3070 719 dilectio
3095 665 3301 734 ductat,

1985 739 2264 800 Laudibus
2298 746 2351 802 in
2385 747 2629 811 Domini,
2664 750 2944 820 precibus,
2980 755 3204 826 pietate,
3236 769 3540 821 vacantem.

1984 830 2047 883 At
2074 831 2242 900 prisci
2270 837 2505 892 comites
2537 836 2865 908 dignissima
2884 853 3038 915 gesta
3069 857 3370 920 sequentes

1991 922 2050 976 In
2082 929 2304 984 cunctis
2333 931 2580 986 dominae
2607 939 2863 1010 satagunt
2891 955 3086 1010 parcre
3117 943 3311 1002 beatae.

1990 1011 2191 1068 Haecin
2217 1025 2344 1072 vota
2372 1020 2521 1074 datis
2540 1018 2654 1085 jam
2687 1026 2846 1081 tertia
2875 1030 3114 1086 volvitur
3141 1042 3301 1089 restas

1989 1103 2378 1180 .Emeritusque
2408 1109 2518 1166 loci
2553 1119 2712 1181 pater
2741 1118 2848 1175 alta
2878 1123 2946 1176 ad
2979 1128 3205 1195 praemia
3235 1129 3449 1198 transit,

1989 1193 2261 1266 Quodque
2291 1200 2348 1255 in
2382 1217 2446 1257 se
2480 1204 2684 1263 melius
2713 1211 2938 1270 sibimet
2960 1233 3285 1290 praeponere
3311 1226 3526 1280 cunctis

1988 1285 2330 1359 Complacet,
2373 1294 2798 1375 Eugeniumque
2830 1285 3041 1382 legunt,
3077 1285 3205 1368 licet
3245 1314 3352 1371 ima
3391 1335 3632 1390 sequen-

1986 1444 2209 1503 Nisibus
2240 1461 2296 1504 et
2337 1453 2482 1507 totis
2511 1454 2814 1533 fugientem
2847 1485 3068 1528 sumere
3100 1450 3290 1532 fastus.
3410 1408 3561 1480 “om,

1983 1537 2227 1595 Tandem
2262 1546 2619 1618 cvangelicis
2643 1572 2841 1626 parens
2871 1560 3134 1621 instructa
3167 1569 3397 1639 prolatis

1986 1628 2214 1687 Culmen
2245 1650 2443 1732 pronﬂa
2472 1641 2619 1700 subit
2646 1652 2876 1707 monitis
2906 1659 3116 1714 servire
3137 1663 3395 1732 subacta;

1907 1773 1956 1839 Β
1986 1721 2222 1839 ἱυῦὀῗα
2253 1723 2575 1839 ρξ’ωίξθίιιλι·
2589 1741 2748 1810 quasi
2767 1748 2984 1803 servula
3015 1754 3231 1808 tramite
3251 1721 3464 1814 Christi.

1986 1814 2107 1918 Nonn
2149 1817 2528 1894 dominetur;
2563 1837 2616 1885 at
2642 1840 2701 1888 ut
2739 1840 2953 1894 cunctis
2986 1842 3396 1918 inserviatuna,

1985 1903 2182 1961 Infima
2213 1911 2563 2010 praepellens
2595 1923 2797 1980 renitet
2827 1929 3072 1998 subjecta
3114 1903 3398 2010 ministris;

1987 1996 2189 2070 Ultima
2223 1998 2506 2069 subjectis
2531 2013 2704 2068 servit
2730 1996 2940 2074 servire
2973 2027 3210 2093 parat-is;

1987 2086 2211 2144 lnterna
2235 2097 2583 2168 externaque
2611 2103 2797 2159 studet
2825 2123 3149 2170 succurrere
3180 2135 3341 2188 cura;

1988 2176 2268 2235 Laudibus
2301 2182 2356 2236 in
2390 2185 2612 2244 Domini
2641 2209 2868 2264 semper
2890 2200 3174 2276 jussisque
3203 2217 3462 2281 supernis

1986 2267 2199 2344 Degere
2230 2287 2356 2327 cum
2386 2277 2560 2332 sociis
2588 2283 2741 2336 omni
2765 2285 2963 2342 virtute
3006 2267 3246 2361 laborat;

1989 2360 2201 2416 Crescit
2227 2370 2280 2418 et
2311 2364 2366 2419 in
2398 2367 2558 2424 miris
2589 2373 2782 2428 animo
2815 2377 3085 2436 mirabilis
3109 2385 3241 2440 olim

1983 2820 2252 2880 Febribus
2280 2835 2398 2882 acta
2428 2829 2524 2884 diu
2556 2834 2812 2903 quaedam
2842 2837 3100 2896 Melantia
3129 2848 3307 2915 venit,

1983 2912 2116 2976 Quae
2145 2933 2272 2973 mox
2295 2918 2591 2978 incolumis
2613 2924 2846 2996 depulsa
2879 2939 3038 3000 peste
3067 2912 3328 3005 recessit;

1981 2999 2212 3060 Munera
2244 3014 2300 3062 at
2320 3007 2414 3062 illa
2444 3019 2601 3080 parat
2631 2999 2920 3073 medicinae
2953 3023 3201 3090 pendere
3229 3026 3410 3084 dono:

1984 3093 2146 3151 Mittit
2175 3099 2350 3171 gurda
2385 3104 2627 3173 scyphos
2654 3107 2846 3162 solidis
2873 3126 3120 3183 auroque
3142 3117 3410 3186 repletos.

2175 3159 2208 3171 ν
2449 3159 2501 3173 υ.
2875 3159 2958 3164 η-
2979 3159 3117 3183 νγ-
3142 3159 3182 3168 ..
3206 3159 3364 3186 rw...

1906 3159 1957 3229 Ο
1985 3182 2213 3256 Respuit
2235 3188 2353 3244 haec
2379 3190 2595 3246 Domini
2639 3211 2888 3272 praesago
2920 3198 3145 3256 ﬂamine
3176 3205 3364 3276 plena,

1987 3276 2058 3330 Ac
2070 3276 2235 3345 jubet
2265 3279 2512 3355 indignis
2543 3283 2768 3354 tribuat,
2802 3292 3178 3349 marcentibus
3203 3298 3385 3363 addat,

2058 3369 2120 3420 At
2149 3376 2344 3424 contra
2384 3371 2538 3427 dirus
2572 3377 2940 3434 medicamina
2973 3398 3240 3454 prospera
3268 3404 3500 3460 serpens

1979 3460 2145 3517 Tetra
2171 3480 2388 3520 venena
2419 3468 2632 3540 coquit,
2664 3471 2930 3528 salvatam
2963 3492 3199 3548 corpore
3228 3490 3412 3540 mente

1984 3553 2223 3611 Perdere
2255 3558 2628 3630 praecipitans,
2661 3578 2802 3635 Opus
2832 3565 3132 3625 obscurare
3155 3571 3488 3648 benignum,

1984 3645 2043 3700 In
2076 3647 2220 3703 bona
2242 3665 2352 3705 non
2375 3660 2638 3721 reputans
2658 3653 2935 3713 Christum
2967 3661 3112 3716 mala
3129 3645 3348 3722 vertere
3377 3679 3622 3727 suetumv

1983 3736 2115 3791 Nam
2145 3748 2335 3795 sanata
2367 3741 2708 3799 salutiferam
2740 3746 2870 3802 dum
2899 3749 3095 3805 sedula
3134 3753 3282 3822 visit,

1985 3827 2270 3884 Assultans
2299 3829 2408 3885 alio
2435 3832 2647 3903 rapitur
2676 3835 2944 3908 languore
2978 3838 3202 3908 furoris,

1989 3913 2389 3990 Egregiamque
2420 3925 2584 3976 tuens
2612 3926 2844 3980 lormam
2891 3933 3078 3998 aptum
3113 3932 3288 4003 Spirat
3328 3936 3613 4007 ephebum

1991 4007 2311 4076 Pellicibus,
2345 4025 2605 4084 caecoque
2633 4015 2942 4073 miserrima
2975 4021 3221 4092 carpitur
3258 4025 3387 4101 igne

1992 4097 2108 4162 Quo
2142 4098 2319 4170 pressi
2351 4099 2560 4170 plures.
2595 4103 2830 4162 Pretiosi
2863 4109 3124 4179 ponderis
3153 4097 3314 4171 oﬁ'ert

1985 4201 2141 4262 Dona
2171 4187 2347 4245 levem
2382 4189 2604 4260 spirans
2625 4194 2870 4252 animum
2901 4198 3003 4254 hac
3026 4200 3237 4258 vincire
3258 4211 3469 4264 catena.

1988 4281 2184 4339 Omnia
2206 4284 2294 4340 eui
2327 4301 2532 4356 supero
2563 4306 2801 4347 cernens
2829 4294 3054 4350 sordere
3085 4298 3296 4373 vigore,

1991 4377 2173 4434 Uritur
2213 4379 2340 4436 hinc
2361 4383 2583 4455 gravius
2607 4385 2874 4458 furiisque
2903 4391 3103 4463 agitata
3133 4396 3365 4454 recludit

1898 4449 1959 4520 D
1985 4467 2154 4532 Quem
2186 4468 2330 4524 male
2357 4472 2682 4542 concipiens
2712 4476 2898 4532 animo
2933 4481 3252 4539 confoverat
3280 4500 3470 4545 aestum

1983 4559 2095 4614 Nec
2124 4559 2355 4614 sufferre
2382 4561 2574 4617 valens
2606 4571 2787 4621 tantos
2816 4570 3088 4626 secretius
3125 4574 3304 4647 ignes,

1983 4653 2179 4708 Pandit
2207 4660 2400 4725 aperta
2431 4655 2558 4710 sinu
2594 4667 2804 4716 vastare
2837 4661 3096 4721 incendia
3126 4677 3338 4726 vestes:

1984 4743 2294 4800 Produntur
2319 4746 2556 4802 ﬂammae
2577 4766 2592 4813 ;
2613 4749 2836 4818 juvenis
2867 4765 3127 4812 censetur
3169 4759 3319 4817 inani

1990 4835 2237 4910 Frugalis
2262 4837 2412 4893 cultu
2441 4839 2619 4896 macie
2638 4842 2927 4900 tabescere
2958 4863 3116 4916 vana,

1989 4932 2210 5003 Accepti
2241 4932 2461 4988 decoris
2473 4935 2780 5004 juvenilem
2811 4941 3045 5012 perdere
3070 4945 3292 5018 ﬂorem,

1988 5025 2097 5081 Ceu
2127 5027 2312 5083 tristes
2343 5029 2486 5085 Deus
2515 5033 2776 5104 accipiat,
2809 5038 2985 5095 modo
3009 5043 3212 5114 gaudia
3241 5046 3454 5115 charos,

1986 5119 2326 5178 Temnentes
2349 5124 2546 5181 habeat
2575 5125 2979 5189 delectamenta
3012 5153 3241 5207 perosos

1986 5211 2237 5288 Colligat,
2271 5223 2365 5270 aut
2394 5215 2681 5273 hominum
2709 5223 3043 5280 cruciatibus
3068 5228 3210 5283 altor
3234 5231 3430 5288 alatur.

1986 5305 2332 5378 lngratisque
2361 5307 2620 5364 tributori
2652 5311 2841 5367 videre
2873 5315 3106 5383 tributa;

1983 5397 2124 5462 Quin
2149 5398 2334 5452 videat
2365 5401 2666 5473 credatque
2697 5403 2805 5460 sibi
2837 5406 3125 5464 solaminis
3155 5427 3279 5469 esse

1982 5485 2305 5542 Concessam
2333 5489 2566 5557 meritis,
2599 5494 2847 5566 requiem
2877 5493 3152 5568 ﬁnemque
3185 5502 3458 5573 laborum,

1979 5577 2202 5635 Laetitiae
2226 5579 2456 5648 sociam,
2479 5583 2756 5656 rebusque
2786 5586 3012 5644 accedat
3029 5591 3268 5660 opimis:

1981 5669 2185 5745 Largiri
2211 5671 2476 5728 Dominus
2506 5688 2671 5744 quam
2709 5683 2764 5733 et
2792 5691 2927 5748 Opes
2968 5688 3024 5736 et
3061 5689 3293 5762 sanguis
3330 5689 3602 5751 adornet:
