3962 6140
215 192 318 250 681
855 201 938 256 DE
978 185 1232 258 CHRISTI
1273 203 1634 261 TRIUMPIIIS
1672 202 1845 262 APUD
1887 201 2152 265 ITALIAM
2190 211 2368 274 LIBRI
2408 219 2540 278 XIV.
2580 255 2651 267 —
2693 227 2819 290 LIB.
2861 232 2920 288 V.

209 313 446 385 Fraude,
476 317 663 374 viros:
691 320 956 378 simulans
983 326 1182 392 socios,
1216 337 1508 385 comuntur
1528 330 1692 386 ovina

206 402 359 460 Pelle
385 405 524 478 lupi,
547 409 830 482 celerique
859 413 987 470 dato
1009 416 1299 473 conamine
1331 417 1528 487 fructu,

205 494 308 559 Qui
337 499 559 555 veniant
588 503 860 573 pandunt,
886 508 1145 577 precibus
1174 511 1424 583 votisque
1445 520 1724 568 vacantem

202 585 528 648 Percutiunt
552 592 767 650 Patrem
797 599 1028 672 vestigia
1049 600 1172 655 diva
1192 609 1541 674 sequentem.

199 679 267 734 At
297 684 539 754 populus
569 688 794 744 monitis
823 697 1082 761 structus,
1116 694 1408 749 virtutibus
1433 703 1646 763 auctus,

199 768 299 834 Qui
325 789 427 844 per
455 790 583 832 eum
601 778 768 834 caecis
794 779 973 836 visum
996 782 1275 855 larvisque
1297 785 1574 855 repulsam

197 861 422 921 Viderat
453 866 664 935 inferri,
696 873 920 948 stringit
939 875 1214 947 traditque
1245 878 1485 933 latrones

196 950 418 1009 Latroni
451 960 732 1030 :geritille
758 978 890 1018 suos
913 965 1231 1022 sinuamine
1258 984 1459 1032 mores,

196 1045 374 1118 thue
402 1067 528 1107 reos
558 1055 726 1125 capit.
748 1065 810 1113 ut
837 1066 1024 1130 gratos
1055 1062 1282 1119 dimittit
1303 1066 1530 1122 amicos.

191 1135 446 1212 Martyris
473 1158 598 1199 ossa
628 1151 1024 1206 monasterium
1060 1154 1210 1224 quod
1239 1155 1391 1226 virgo
1425 1170 1642 1229 pararat

189 1225 327 1282 Filia
342 1230 652 1304 virginibus
680 1237 896 1308 recipit,
919 1257 1030 1312 quo
1061 1241 1286 1299 Claudia
1314 1225 1488 1301 mater

187 1319 534 1394 Pauperibus
561 1328 832 1404 fessisque
859 1335 949 1390 via
975 1337 1065 1406 pia
1091 1338 1311 1395 domata
1336 1341 1547 1410 condit,

187 1414 401 1473 Predia
441 1420 680 1494 delegat,
705 1425 889 1498 dignis
911 1445 1001 1484 res
1031 1431 1226 1487 usibus
1251 1441 1420 1504 aptat.

187 1503 276 1560 His
308 1507 384 1562 ita
414 1509 724 1582 dispositis,
763 1516 990 1573 Romam
1007 1520 1210 1576 natalia
1231 1503 1404 1596 regna

185 1592 316 1649 Cum
348 1600 530 1670 gnatis
557 1605 762 1674 repetit
789 1607 1015 1664 robusta
1043 1618 1098 1665 et
1124 1592 1339 1686 virgine
1360 1624 1545 1688 gnata.

179 1685 429 1746 Praefecti
456 1696 676 1766 genitos
701 1700 850 1770 capit
877 1685 1254 1774 applaudente
1282 1685 1508 1765 senatus

184 1778 418 1847 Laetitia,
454 1785 619 1843 claris
639 1798 695 1844 et
721 1791 1026 1850 honoribus
1051 1795 1430 1856 afﬂeitauctos
1463 1819 1478 1867 ;

181 1869 505 1928 Candidulis
527 1891 728 1934 ornare
755 1881 853 1936 Dei
883 1883 974 1938 hic
1001 1901 1225 1957 quoque
1252 1887 1483 1945 ﬂoribus
1504 1890 1683 1948 aulam

180 1957 436 2033 Undique
458 1964 703 2021 collectis
733 1984 844 2024 non
875 1981 1052 2028 cessat
1074 1974 1228 2050 virgo
1249 1976 1440 2044 virilis,

175 2046 431 2122 Dumque
458 2055 590 2109 serit
615 2056 808 2114 nitidis
837 2062 1132 2118 candentia
1160 2046 1275 2120 lilia
1305 2071 1485 2137 sertis,

175 2139 461 2218 Sanguine
491 2151 662 2222 regali
694 2153 907 2212 accedit
936 2156 1164 2214 Bassilla
1190 2162 1476 2232 renidens,

172 2233 304 2298 Quae
332 2237 538 2296 fructus
572 2259 824 2315 respersa
854 2248 944 2319 pie
958 2248 1252 2325 fragrantis
1278 2256 1450 2312 odore

174 2324 307 2382 Tam
326 2329 504 2387 dulcis
525 2334 646 2390 visu
675 2337 889 2394 decoris
914 2324 1146 2417 ﬂagrare
1170 2344 1332 2403 beato

181 2414 365 2489 Caepit
396 2438 411 2486 ;
443 2429 498 2477 at
527 2423 976 2484 obsistitdiversa
994 2414 1276 2502 professio
1308 2435 1505 2494 Christi
1536 2457 1550 2507 ;

173 2504 284 2560 Sed
315 2518 470 2580 rogat
496 2511 705 2569 institui
736 2517 885 2572 cultu
914 2526 1021 2574 tam
1044 2536 1210 2578 suave
1240 2523 1486 2582 reﬂantis

175 2597 443 2667 Nectaris,
468 2603 677 2661 allectis
701 2607 1219 2680 intercurrentibus,
1254 2631 1410 2674 orsos

172 2686 418 2745 Mascula
442 2692 627 2768 virgos
659 2697 850 2754 hilaris
887 2708 1137 2758 votorum
1167 2722 1401 2764 munere
1433 2718 1610 2782 notos,

169 2779 380 2836 Alfatur
405 2785 658 2853 comites,
689 2791 902 2864 accingi
933 2794 1000 2848 ad
1031 2795 1153 2863 jura
1185 2798 1353 2855 duelli

167 2873 390 2931 laudat
419 2878 742 2952 honoriferi,
772 2888 1024 2944 condicta
1057 2891 1123 2945 ad
1156 2894 1347 2949 munia
1387 2899 1551 2955 tradit

170 2966 454 3025 Praeclara:
484 2973 601 3030 haec
628 2976 860 3035 Domino
900 2981 1098 3039 dandae
1124 3001 1224 3056 per
1251 2987 1396 3043 dona
1419 2993 1638 3062 puellae.

169 3058 418 3132 Suscipit
446 3062 539 3119 illa
559 3066 708 3122 velut
738 3067 991 3138 famulos,
1018 3084 1312 3134 veneratur
1339 3058 1505 3136 utalti
1545 3073 1550 3076 ’

167 3149 408 3226 Legatos
434 3155 652 3212 Domini
680 3175 804 3214 cum
835 3164 994 3234 queis
1019 3167 1087 3221 ad
1119 3184 1276 3225 sacra
1303 3175 1547 3243 supremi

164 3240 334 3298 Nocte
367 3243 572 3316 dieque
586 3263 786 3305 vacans
817 3253 995 3310 cultus
1023 3265 1250 3314 ornatur
1279 3261 1471 3318 herilis

164 3329 514 3388 Culminibus
541 3335 776 3406 decoris,
805 3349 1106 3416 sanctoque
1140 3348 1207 3401 ad
1237 3358 1425 3407 sancta
1452 3360 1646 3411 vocato

163 3419 459 3478 Perﬁcitur
487 3441 628 3496 papa
658 3429 895 3502 divaque
921 3437 1231 3493 renascitur
1268 3442 1417 3497 unda
1449 3460 1464 3508 ;

162 3509 304 3565 Lilia
331 3520 548 3570 secreto
583 3517 694 3585 jam
723 3520 926 3591 saepius
963 3524 1086 3579 alba
1117 3527 1384 3603 jugantur
1416 3550 1430 3587 :

158 3601 426 3679 Iungitur
455 3601 711 3680 Eugeniae
736 3613 968 3681 pulchro
991 3601 1213 3674 Bassilla
1243 3622 1466 3693 decore,

156 3693 390 3752 .‘Eterno
421 3698 603 3768 potius
635 3702 899 3772 splendor
935 3709 1148 3766 radiare
1189 3714 1390 3783 nitore,

156 3783 523 3860 Virgineique
554 3791 705 3845 chori
732 3793 896 3850 celsae
925 3811 1296 3870 apprOperare
1317 3807 1594 3878 magistrae

151 3874 235 3931 Fit
267 3878 408 3933 clari
437 3887 610 3937 cattus
639 3883 877 3953 decoris,
909 3887 1204 3965 fragrantia
1233 3894 1340 3952 late

154 3965 471 4042 Spargitur,
502 3979 668 4043 atque
689 3974 800 4044 poli
831 3979 1092 4046 praecelsa
1122 3984 1324 4054 palatia
1349 3988 1546 4058 replet,

155 4056 312 4113 Unde
335 4061 554 4117 micans
580 4063 721 4119 lucis
751 4068 912 4124 rutilo
945 4069 1155 4146 fulgore
1182 4088 1453 4145 coruscat,

151 4149 367 4206 Emicat
394 4152 536 4208 alma
573 4156 776 4212 ducum
807 4168 1103 4230 penetrans
1132 4165 1346 4224 interna
1386 4171 1639 4244 duorum,

145 4243 332 4314 Atque
367 4251 608 4301 aeternus
635 4248 814 4306 honos
839 4260 1047 4310 aeterno
1081 4257 1286 4315 lumine
1314 4262 1494 4336 gliscit
1521 4283 1535 4334 ;

141 4330 414 4387 Alterutri
437 4336 659 4391 comitis
691 4337 747 4393 fit
774 4341 1023 4411 proxima
1050 4353 1180 4402 nota
1209 4330 1433 4407 corona.

143 4422 374 4479 Interea
399 4425 661 4499 Eugeniae
688 4430 844 4487 Iactis
873 4434 1002 4490 dum
1037 4453 1161 4493 rore
1199 4440 1447 4513 rigantur

141 4512 399 4570 lllustres
422 4518 649 4591 genita,
681 4522 862 4578 mellis
895 4525 1120 4582 Bassilla
1143 4512 1356 4587 cibatur

139 4600 382 4659 Nectare
413 4605 667 4676 depacto.
693 4610 1003 4669 Produntur
1025 4627 1181 4690 gesta
1213 4623 1388 4677 sodali

135 4689 438 4763 Pompeio,
471 4695 588 4766 qui,
613 4697 850 4754 sollicita
877 4702 1007 4757 dum
1033 4689 1215 4763 mente
1248 4712 1478 4782 requirit

134 4781 387 4858 Virginis
404 4786 731 4858 alloquium,
767 4791 826 4846 tit
856 4797 1110 4853 onustior
1137 4815 1233 4855 ore
1257 4810 1452 4876 negato

136 4875 402 4934 Pondere
433 4879 688 4951 fervoris,
721 4901 982 4960 caecoque
1007 4891 1326 4950 incenditur
1353 4897 1481 4970 igne
1515 4917 1530 4954 :

133 4967 368 5026 Fatibus
396 4973 632 5029 eximias
659 4986 851 5051 gregat
873 4981 1184 5056 allegatque
1217 4967 1451 5058 puellas,

133 5060 267 5125 Quae
301 5063 470 5119 simul
503 5067 725 5124 ambitae
755 5071 1038 5130 debellent
1067 5084 1288 5147 pectora
1321 5090 1493 5152 pactae
1523 5102 1538 5153 ;

133 5149 254 5215 Illa,
285 5153 443 5208 velut
471 5156 637 5211 turris
667 5163 940 5216 constanti
979 5165 1174 5221 robore
1202 5149 1336 5236 tuta,

129 5243 365 5313 Spicula
393 5248 568 5304 missa
599 5253 722 5308 terit
753 5257 919 5312 nullis
951 5275 1170 5317 cessura
1201 5265 1476 5334 pharetris
1507 5287 1521 5336 ;

132 5334 277 5398 Quin
314 5339 465 5410 capit
493 5341 744 5413 hostiles,
779 5349 1091 5423 placatque,
1115 5334 1699 5428 adigitquecatervas.

131 5426 291 5493 Quae,
326 5432 494 5486 simul
535 5450 771 5506 aspersaa
801 5439 912 5496 divi
944 5444 1238 5503 dulcedine
1268 5451 1428 5519 roris,

131 5517 470 5579 Desciscunt
488 5528 656 5582 armis
683 5541 846 5603 atque
875 5533 1124 5606 improba
1155 5539 1299 5596 bella
1321 5517 1628 5615 remittunt,

129 5606 552 5686 Barbaricoque
583 5617 710 5674 duci
731 5621 938 5679 servire
964 5623 1034 5680 ad
1062 5626 1253 5686 frivola
1279 5637 1554 5692 temnunt.

477 5776 760 5844 PATROL.
809 5782 1137 5850 CXXXV.

3447 252 3554 310 682

1857 329 1910 398 Α
1937 328 2167 388 Tollitur
2192 335 2246 391 in
2278 339 2430 397 diros
2450 343 2674 412 juvenis
2711 368 2941 410 rancore
2971 355 3209 430 furores,

1935 421 2047 478 Nec
2077 425 2502 507 pigetAugustis
2533 438 2762 498 miseras
2791 445 3005 516 plorare
3035 421 3290 524 querelas
3315 475 3331 525 ;

1936 515 2184 576 Cernitur
2212 531 2588 597 autsponsum
2623 539 2843 594 tandem
2886 543 3112 603 Bassilla
3140 565 3401 620 resumat,

1930 605 2035 661 Aut
2057 609 2311 685 jugulum
2343 632 2616 687 spernens
2649 624 3123 703 legumdependat
3155 605 3400 714 honori:

1929 691 2226 767 Eugeniam
2254 703 2339 757 vel
2371 708 2696 768 numinibus
2721 732 2875 774 sacra
2905 724 3151 792 pandere
3171 730 3365 802 jussis,

1927 782 2020 839 Vel
2049 788 2230 865 subigi
2260 797 2442 865 poenis
2467 809 2522 856 et
2558 807 2730 862 atroci
2757 782 2935 868 morte
2963 817 3166 886 perire.

1995 876 2216 937 Diversa
2245 898 2540 961 assurgunt
2568 903 2859 955 ventorum
2881 901 3104 964 ﬂamina
3137 916 3272 970 turri

1925 961 2166 1024 Robusto
2197 971 2398 1031 innixae
2431 978 2599 1050 lapidi
2630 998 2645 1050 ;
2682 985 2907 1046 Bassilla
2945 961 3152 1055 relictis

1923 1051 2188 1113 Suasibus
2215 1065 2515 1135 appetitur,
2549 1071 2780 1130 diversae
2811 1081 3180 1157 conditiones,

1919 1141 2142 1215 Elates,
2177 1165 2360 1220 sexus,
2392 1158 2541 1212 varia
2573 1159 2937 1224 instrumenta
2976 1172 3250 1247 laborum,

1917 1232 2166 1294 Machina
2197 1245 2349 1300 nulla
2379 1248 2559 1318 valet;
2596 1252 2808 1314 Christo
2835 1260 2951 1318 haec
2980 1232 3398 1333 eﬂ'ultaresistit

1918 1325 2149 1388 Immoto
2173 1339 2384 1394 cunctis
2409 1343 2614 1414 animo,
2648 1364 3027 1430 sponsumque
3058 1380 3162 1420 nec
3190 1383 3323 1426 aure

1914 1421 1976 1475 Ni
2006 1422 2277 1485 Christum
2301 1434 2558 1506 admittit,
2593 1443 2679 1497 cui
2710 1421 3070 1517 pectora-fida
3093 1471 3354 1530 reservat,

1910 1515 2006 1571 Ast
2044 1519 2135 1574 ubi
2170 1527 2246 1578 tot
2269 1526 2473 1584 nimbis
2496 1515 2805 1599 jaculorum
2847 1543 3048 1603 invicta
3077 1515 3359 1622 probatur:

1910 1605 2125 1667 Furtivo
2142 1619 2419 1685 appetitur
2445 1623 2574 1680 dum
2603 1628 2692 1684 lux
2731 1635 2930 1692 natalis
2957 1605 3208 1711 apertum

1827 1698 1881 1768 Β
1903 1695 2151 1757 Decutiat
2171 1701 2398 1776 ferrum,
2429 1709 2598 1785 inque
2615 1717 2917 1780 domestica
2946 1695 3101 1801 septa
3120 1736 3454 1811 triumphum

1908 1786 2042 1811 υ---
2089 1807 2131 1811 --
2189 1794 2222 1811 ο.
2273 1806 2282 1811 ρ
2651 1809 2660 1811 μ

1906 1786 2049 1846 Ense
2080 1794 2247 1865 capit,
2269 1806 2540 1875 terraeque
2573 1809 2700 1879 polo
2739 1786 3024 1884 permittat
3055 1786 3347 1901 honorem,

1903 1881 2022 1940 Mox
2052 1891 2228 1946 sancti
2253 1896 2483 1954 comites
2503 1900 2685 1976 dignae
2717 1881 2811 1980 pia
2836 1912 2982 1972 dona
3011 1922 3286 1994 magistra:

1904 1970 2064 1994 οη.-
2098 1984 2131 1994 ν.
2276 1982 2288 1994 .
2394 1987 2404 1994 -

1903 1970 2225 2046 Captantur,
2257 1982 2498 2043 dominae
2527 1970 2810 2054 velluntur
2823 1970 3273 2077 pignere‘ih’acta;

1991 2066 2252 2139 despecta
2271 2077 2337 2130 ad
2367 2077 2492 2136 fana
2521 2083 2788 2159 Iovisque
2816 2062 3106 2156 trauhuntur
3125 2104 3192 2158 ad
3233 2123 3375 2166 aras.

1900 2150 2036 2264 :Iinc
2063 2160 2177 2231 regi
2208 2177 2410 2234 supero
2442 2170 2573 2227 dum
2614 2150 2739 2233 vota
2770 2150 3017 2251 patentia
3037 2188 3221 2264 legant

1897 2239 2123 2346 Labitur
2159 2259 2287 2306 ante
2318 2256 2490 2323 pedes
2519 2269 2672 2320 actus
2698 2239 2898 2326 virtute
2924 2239 3165 2346 super‘na

1897 2327 1996 2392 Qui
2025 2332 2164 2390 deus
2193 2341 2335 2394 orari
2366 2345 2510 2400 cultu
2534 2355 2828 2411 mandatur
2859 2327 3070 2434 iniquo,

1901 2421 2141 2481 Solvitur
2168 2429 2226 2484 in
2266 2432 2454 2492 cinere
2483 2441 2775 2518 pulvisque
2805 2452 3069 2521 probatur
3096 2458 3298 2520 inanis.

1901 2515 2076 2574 Corde
2105 2523 2209 2578 sub
2239 2527 2478 2588 obscuro
2507 2515 2745 2596 Nicetius
2774 2515 2983 2604 artibus
3011 2551 3159 2610 istud

1898 2607 2132 2680 Deputat
2163 2618 2448 2690 athraciis,
2485 2626 2832 2706 victoresque
2865 2655 2998 2697 ense
3028 2646 3234 2704 recisos

1901 2702 2088 2780 Regna
2120 2711 2520 2785 triumphantes
2551 2723 2620 2777 ab
2659 2702 2836 2801 agone
2863 2734 2929 2788 ad
2959 2739 3152 2796 coelica
3182 2702 3368 2804 mittit.

1968 2796 2101 2854 Tum
2132 2804 2266 2871 petit
2298 2806 2591 2881 Eugenium
2625 2796 2950 2894 religatque,
2984 2829 3250 2905 efﬂagitat
3276 2846 3423 2897 artes

1900 2883 2236 2947 Christicolae
2267 2897 2466 2967 quibus
2492 2901 2659 2961 innisi
2691 2913 3073 2988 magicamque
3094 2883 3329 2996 er'elet;

2026 2980 2061 2996 ,ι
2107 2982 2118 2992 .
2335 2989 2345 2996 .

1899 2977 1995 3034 Illa
2022 2980 2119 3036 Dei
2148 2989 2345 3042 summi
2379 2996 2658 3061 praeconia
2677 2977 2904 3071 mystica
2936 3007 3140 3080 libans,

1827 3051 1878 3122 ί)
1896 3075 2162 3137 Prazdicat
2190 3084 2310 3141 haec
2339 3088 2685 3151 Zoroastraeis
2716 3059 2930 3170 potiora
2953 3054 3166 3182 figuris.

1889 3171 2054 3237 Queis
2079 3179 2333 3249 stupidus
2362 3196 2717 3263 mentemque
2740 3195 2897 3272 nigra
2937 3171 3172 3281 caligine
3203 3215 3399 3284 tectus,

1890 3259 2036 3284 ιι-..-
2068 3266 2213 3284 Aeas”
2280 3278 2288 3284 ·
2469 3274 2481 3284 ⁸
2527 3276 2543 3284 “
2631 3280 2673 3284 ‘-

1890 3259 2038 3318 Hanc
2067 3266 2361 3336 praefectus
2396 3274 2482 3346 agi
2511 3276 2604 3332 dat
2628 3259 2934 3343 Venatricis
2961 3259 3204 3352 ad

1887 3347 2278 3426 Truncarique.
2312 3359 2432 3415 deae
2462 3363 2548 3418 vel
2577 3368 2889 3428 sacriﬁcare
2920 3376 3126 3449 Dianae,

1888 3440 1984 3496 Illa
2014 3461 2206 3515 preces
2232 3450 2372 3506 ccelo
2411 3453 2539 3509 dum
2565 3457 2752 3533 dirigit
2776 3471 2904 3520 ante
2936 3440 3196 3530 sacellum

1889 3532 2110 3590 Delubri
2140 3542 2325 3597 tremit
2354 3543 2462 3599 ima
2493 3532 2718 3606 vibrans
2759 3554 3078 3618 fundamina
3108 3566 3290 3625 tellus.

1889 3625 2001 3681 Nec
2028 3631 2235 3700 gentile
2264 3649 2478 3692 sacrum
2509 3647 2841 3701 venerandae
2873 3651 2941 3704 ad
2972 3655 3136 3711 verba
3174 3662 3372 3729 puellae

1887 3715 2039 3772 Stare
2071 3721 2276 3789 valens,
2308 3726 2606 3796 splendore
2641 3734 3120 3801 velutdissolvitur
3145 3752 3359 3826 umbra,

1891 3800 2163 3826 ,κ’-,μμ-
2468 3816 2528 3826 _-
2559 3818 2572 3826 .
2630 3820 2640 3826 _

1890 3800 2284 3881 CycIOpeaaque
2316 3824 2481 3870 ruunt
2505 3816 2725 3877 fabricae
2755 3829 3040 3896 quasisole
3069 3800 3283 3896 favillae.

1885 3895 2162 3955 Acclamat
2189 3904 2424 3974 populus
2453 3919 2695 3968 sanctam
2728 3932 2742 3982 ;
2775 3895 2904 3988 pars
2933 3927 3169 3997 nequior
3197 3942 3368 3992 atram

1878 3986 2128 4046 lnfremit
2157 4006 2282 4047 esse
2314 4011 2526 4071 magam
2559 4018 2572 4054 :
2606 4017 2736 4060 saxo
2757 3986 2838 4063 sic
2867 4011 3006 4067 colla
3024 3986 3255 4084 iubetur

1876 4081 2070 4139 Pressa
2100 4085 2216 4141 dari
2248 4087 2438 4148 ﬂuvio.
2467 4093 2574 4150 Sed
2599 4113 2708 4154 non
2740 4100 3058 4181 immergier
3087 4116 3253 4174 undis

1877 4173 2250 4251 Terrestrique
2278 4182 2421 4238 valet
2437 4187 2677 4245 caelestis
2697 4173 2969 4263 ponderev
2979 4203 3143 4260 subdi
3170 4224 3185 4262 :

1878 4262 2118 4322 Solvitur
2142 4277 2196 4324 at
2226 4286 2428 4342 supera
2455 4262 2760 4352 saxumque
2789 4287 3042 4346 avellitur
3070 4293 3180 4352 alta

1878 4351 1939 4408 Vi
1966 4354 2262 4415 Salvatoris
2291 4381 2307 4416 :
2343 4365 2548 4436 regitur
2576 4351 2842 4428 secretius
2871 4384 3034 4450 atque

1924 4405 1938 4408 -
1972 4405 2200 4413 -..η--.η
2217 4405 2261 4415 ...ν
2291 4405 2305 4416 .
2343 4405 2536 4436 ινδ-ναι
2576 4405 2842 4428 ουυιυιιυδ
2871 4405 3034 4450 atque

1791 4405 1854 4476 D
1882 4444 2108 4521 Navigio
2141 4451 2332 4508 victrix
2357 4456 2538 4529 agitur
2563 4476 2731 4532 super
2755 4480 2979 4538 aequora
3007 4474 3134 4533 divo
3168 4496 3182 4546 ;

1883 4535 2126 4610 Quaeque
2156 4559 2350 4599 manus
2381 4547 2600 4605 Petrum
2633 4557 2910 4624 quondam
2964 4580 3066 4634 per
3103 4573 3308 4630 caerula
3337 4582 3494 4649 rexit,

1883 4626 2171 4649 D_______9_,,,
2317 4635 2365 4649 οι
2437 4638 2448 4649 ι
2497 4647 2503 4649 Α

1881 4626 2180 4704 Eugeniam
2213 4635 2405 4705 rapido
2437 4638 2607 4696 latent
2638 4659 2708 4698 ne
2738 4626 3150 4723 gurgite-vexit.

1880 4719 2162 4777 Clauditur
2186 4723 2374 4797 ignitis
2402 4729 2555 4803 virgo
2583 4719 2939 4796 invictissiina
2959 4743 3187 4805 thermis
3213 4769 3228 4821 ;

1873 4807 1982 4864 Sed
2013 4808 2234 4885 fugiunt
2263 4814 2519 4886 ﬂammae,
2553 4831 2781 4881 cunctus
2807 4828 3126 4908 dejungitur
3149 4807 3349 4915 ardor;

1873 4898 2234 4974 Admissaque
2252 4907 2428 4981 magis
2456 4907 2708 4970 fornaces
2736 4916 2948 4993 virgine
2971 4898 3175 5000 fi'igeut

1873 4989 2040 5055 Quam
2071 4994 2292 5053 nivibus
2321 4998 2474 5070 lapso
2502 5005 2700 5061 arctois
2727 5008 2773 5062 si
2795 5009 3029 5072 ﬂumine
3050 5036 3273 5090 pressae.

1875 5085 2100 5159 Ignibus
2130 5091 2439 5168 absumptis
2468 5099 2870 5178 debellatisque
2891 5085 3144 5184 caminis,

1874 5177 2090 5251 Accipit
2117 5181 2377 5243 immunis
2407 5192 2700 5250 tenebrosa
2720 5177 2995 5270 ergastula
3021 5205 3232 5266 victrix.

1876 5272 2106 5331 Lumine
2145 5277 2387 5336 discluso
2419 5285 2605 5340 multis
2634 5305 2867 5364 escaque
2896 5296 3092 5354 diebus
3126 5318 3140 5354 :

1874 5369 1938 5421 At
1968 5376 2179 5438 pactam
2221 5370 2438 5430 interno
2468 5379 2706 5451 coelique
2731 5385 2910 5441 nitore
2938 5389 3230 5449 micantem

1878 5455 2028 5511 Haud
2059 5458 2189 5514 sinit
2211 5463 2452 5518 externis
2479 5482 2719 5537 sponsus
2749 5474 2959 5532 latitare
2991 5480 3258 5549 tenebris,

1875 5549 2120 5605 Luminis
2149 5554 2350 5610 emisso
2393 5557 2648 5617 refovens
2673 5565 2912 5623 caelestis
2931 5586 3150 5630 amceno
3187 5595 3202 5644 ;

1876 5641 2139 5716 Huncque
2170 5645 2313 5703 diem
2339 5657 2543 5720 praeter
2569 5653 2660 5710 lux
2690 5656 2860 5715 altera
2890 5662 3127 5722 mittitur
3155 5641 3328 5740 orbis,

3087 5828 3171 5895 22
