3974 6146
414 267 521 340 Q83
1175 255 1543 311 FLODOARDI
1585 253 1892 309 CANONICI
1933 251 2266 309 REMENSIS
2305 249 2641 306 OPUSCULA
2677 245 2988 303 METRICA.
3650 243 3750 298 684

416 395 607 451 Visitat
643 397 699 448 et
736 389 899 444 fidam
931 387 1176 442 Christus
1203 385 1409 440 solatur
1427 383 1680 450 amicam,

416 490 785 557 {Ethereoquc
812 481 1232 538 cibatdilectam
1276 495 1416 550 pane
1447 477 1731 544 clientem,

419 581 647 650 Quoque
676 575 782 630 sibi
813 571 987 628 societ
1014 570 1250 626 thalamo
1271 584 1440 638 super
1468 575 1612 621 astra
1639 565 1844 622 revelat

420 675 766 746 lnstituitque
806 671 950 725 diem
978 683 1086 739 qua
1117 666 1277 720 terris
1311 664 1495 719 editus
1526 663 1655 719 olim

416 766 637 840 Virgine
666 761 917 837 virginea
941 758 1094 813 venit
1119 755 1361 832 gaudere
1390 754 1605 809 marita.

420 856 642 911 Fatibus
668 849 910 906 immotis
933 853 1039 903 stat
1064 844 1390 916 pollicitatio
1417 842 1566 916 regis
1594 860 1609 909 ;

423 950 762 1016 Decretaque
790 941 882 996 die
902 942 1057 1011 jusso
1087 951 1352 992 mucrone
1372 933 1593 990 satelles

424 1039 690 1096 Horridus
718 1041 1071 1107 approperat,
1105 1029 1360 1101 ferroque
1387 1029 1455 1083 ad
1488 1043 1655 1101 regna
1698 1025 1897 1097 puellae

423 1139 617 1194 Pandit
646 1137 749 1190 iter
783 1149 796 1200 ;
828 1131 1029 1188 coelum
1062 1129 1154 1184 illa
1184 1127 1320 1198 petit
1347 1124 1716 1200 gaudentibus
1741 1123 1877 1177 aulae

424 1228 723 1302 Spiritibus
739 1239 974 1296 supera,
1010 1237 1118 1294 qua
1147 1220 1313 1274 missa
1340 1219 1431 1273 die
1461 1233 1617 1272 mera
1647 1223 1805 1270 terra:

428 1321 538 1375 Lux
569 1326 723 1373 ortus
740 1312 1034 1386 spleudore
1064 1309 1148 1364 sui
1182 1306 1546 1379 psallentibus
1595 1305 1780 1358 aethrae

428 1409 752 1486 Agminibus
770 1420 1002 1461 summae
1035 1403 1272 1472 divoque
1306 1399 1545 1471 aspersit
1571 1397 1804 1452 honore.

426 1507 664 1582 Virginis
695 1501 902 1579 egregii
937 1501 1148 1555 thecam
1184 1511 1419 1567 rapuere
1440 1492 1762 1566 prepinqui,

428 1581 538 1652 Nec
566 1582 756 1666 procul
782 1591 918 1647 urbe
946 1589 1035 1644 via
1063 1585 1287 1658 proprie
1310 1599 1547 1656 posuere
1578 1581 1768 1636 Latina

428 1689 643 1760 Cespite
674 1691 988 1742 sanctorum
1019 1679 1206 1735 multis
1234 1692 1344 1750 quo
1374 1677 1535 1731 busta
1566 1679 1803 1746 pararat.

431 1784 594 1855 Cujus
632 1781 701 1836 ad
733 1776 1024 1849 exsequias
1052 1774 1204 1847 luget
1229 1771 1358 1825 dum
1387 1768 1613 1824 Claudia
1642 1775 1835 1833 mater,

431 1875 600 1927 Gnata
641 1869 746 1941 piis
772 1865 1026 1922 comitata
1046 1861 1228 1917 choris
1254 1858 1525 1914 solamina
1556 1855 1732 1911 defert
1758 1873 1772 1922 ;

431 1962 692 2018 Vestibus
726 1967 780 2015 et
817 1956 980 2013 rutilo
1011 1952 1214 2008 auratis
1245 1965 1368 2022 qua
1401 1955 1619 2018 compta
1646 1946 1825 2001 nitore

436 2059 701 2116 Laetitiam
732 2052 891 2110 matri
914 2061 1284 2120 mansuraque
1315 2043 1517 2122 gaudia
1544 2049 1722 2115 portat
1751 2059 1765 2108 ;

2062 389 2108 452 Α
2136 379 2462 450 Imperitans
2484 375 2724 450 gaudere
2750 374 2911 428 simul
2939 371 3232 445 proditque
3260 376 3541 441 receptam

2136 472 2294 527 Lucis
2319 487 2379 525 se
2409 468 2682 534 thalamis,
2713 474 3027 521 sanctorum
3050 469 3204 535 patre
3229 468 3456 517 senatus

2138 559 2375 614 Sedibus
2406 556 2666 628 applicito
2693 553 2912 624 superis
2939 552 3193 623 apicique
3219 550 3449 619 perenni
3489 565 3505 612 ;

2137 651 2553 724 Designansque
2583 648 2730 702 diem
2753 662 2861 718 qua
2889 644 2960 699 sit
2988 643 3225 714 petitura
3255 642 3507 712 polorum

2137 740 2275 794 Pace
2307 739 2418 809 pia,
2453 736 2676 791 mandat
2705 735 2875 789 decus
2899 746 3179 787 asservare
3209 745 3508 800 supernum

2141 829 2446 882 Aolmoneat
2474 825 2668 882 fratres
2697 839 2838 896 quos
2864 823 3038 894 possit
3062 819 3268 875 habere
3289 818 3529 874 sodales.

2144 922 2255 976 Lux
2286 919 2531 976 moni‘us
2555 917 2812 974 comitata
2835 915 3001 970 micat
3029 911 3331 985 splendore
3360 909 3602 965 caducos

2146 1016 2492 1086 Exsuperans
2518 1011 2803 1083 nimioque
2842 1010 3114 1064 hebetans
3143 1006 3449 1062 vibramine
3479 1004 3652 1058 visus.
3727 1063 3729 1065 1

2147 1103 2417 1160 Caelicolae
2445 1119 2566 1159 cum
2593 1104 2713 1158 luce
2744 1102 2856 1156 Deo
2884 1098 3262 1155 modulamina
3299 1094 3444 1150 ferre

2149 1197 2384 1252 Vocibus
2415 1195 2584 1250 auditi
2605 1193 2840 1259 melicis,
2872 1208 2976 1248 nec
3005 1191 3074 1246 ab
3106 1206 3202 1246 ore
3234 1188 3480 1244 ferendis

2147 1285 2382 1352 Mortali,
2417 1283 2660 1338 Christus
2686 1288 3007 1351 tantumque
3035 1285 3089 1333 et
3111 1276 3347 1348 Spiritus
3373 1275 3552 1329 almus

2149 1377 2444 1447 Accipitur.
2477 1376 2748 1450 Regressa
2772 1374 2994 1428 domum
3029 1374 3123 1425 dat
3143 1369 3370 1424 Claudia
3395 1369 3578 1441 gnatis

2149 1470 2408 1526 Sollicitae
2436 1469 2665 1524 fratrum
2698 1467 2946 1524 caelestia
2966 1467 3120 1535 jussa
3149 1464 3379 1530 sororis,

2149 1565 2325 1634 Atque
2352 1562 2440 1617 die
2462 1569 2681 1617 ostensa
2712 1561 2854 1616 coelo
2884 1559 3115 1614 fruitura
3146 1557 3374 1612 recedit.

2151 1655 2322 1720 Quam
2349 1654 2553 1727 genitae
2593 1652 2765 1726 geniti
2797 1650 3094 1714 associant,
3127 1648 3306 1724 legata
3336 1646 3531 1702 ﬁdeles

2150 1745 2309 1800 Iussa
2334 1745 2524 1800 colunt
2549 1744 2817 1818 dignique
2846 1743 3098 1814 polorum
3125 1755 3356 1795 munere
3377 1739 3608 1804 vivunt;

2152 1795 2308 1800 ην---
2340 1795 2521 1800 _-____-
2556 1795 2811 1818 πο--ηῄ

2076 1795 2126 1863 Β
2154 1837 2437 1908 Lucraque
2467 1842 2722 1892 curantes
2751 1834 3039 1906 acquirere
3070 1832 3205 1886 ditia
3234 1830 3466 1896 Christo,

2153 1927 2358 1981 Damna
2384 1931 2578 1998 parant
2619 1924 2816 1990 Erebo,
2848 1923 3178 1980 densissima
3209 1921 3398 1978 fenora
3427 1921 3573 1974 «(EID

1935 2141 2144 2197 CAPUT
2184 2140 2275 2195 111.

1590 2274 1670 2333 De
1697 2273 1922 2334 sanctis
1955 2270 2193 2345 Rufﬁna
2232 2277 2283 2328 et
2322 2268 2618 2328 Secunda.

440 2454 712 2514 Ruffmam
742 2452 846 2508 hoc
872 2449 1023 2504 bello
1054 2445 1304 2517 capimus
1331 2443 1648 2515 pariterque
1661 2437 1970 2512 Secundam

439 2551 628 2625 Regna
654 2546 944 2604 hominum
972 2541 1170 2596 vicisse
1199 2537 1278 2610 pii
1299 2535 1513 2610 fulgore
1534 2531 1822 2602 triumphi,

439 2622 754 2711 Desponsos
785 2650 1015 2708 quarum
1045 2631 1239 2687 cuneis
1261 2627 1572 2682 desciscere
1603 2622 1801 2678 Christi

441 2710 684 2784 Pessima
712 2724 813 2780 sub
845 2721 1030 2777 dubiis
1051 2717 1309 2774 monitrix
1335 2714 1572 2771 formido
1608 2710 1810 2786 coegit.

444 2818 820 2875 llincinfensa:
850 2813 1050 2870 animis
1080 2818 1363 2883 pactorum
1392 2807 1604 2862 fmdera
1632 2809 1886 2858 temnunt

445 2915 814 2986 Degenerum,
844 2916 1144 2976 turpesque
1175 2902 1368 2974 legunt
1395 2899 1565 2954 vitare
1605 2894 1846 2952 sodales.

445 3005 772 3064 Prediolum
791 3015 1063 3078 aggressa:
1090 2997 1202 3054 voti
1216 2995 1433 3063 solatia,
1464 3007 1720 3066 magnam

443 3098 694 3155 Nobilius
724 3095 897 3150 multo
929 3093 1234 3147 decernunt
1271 3087 1530 3158 linquere
1565 3086 1809 3140 Romam.

445 3190 834 3259 Sublimesque
867 3182 1092 3239 humilis
1117 3181 1219 3236 sub
1247 3179 1430 3235 culmo
1458 3178 1662 3251 degere
1696 3173 1823 3230 tecti

446 3284 646 3337 Aurato
675 3293 868 3334 mersae
891 3290 1055 3347 quam
1085 3271 1333 3328 culmine
1363 3269 1417 3324 in
1443 3268 1580 3323 urbe
1609 3280 1852 3320 manere.

449 3369 745 3440 Explorant
775 3369 1140 3438 releguntque
1167 3359 1350 3433 fugam
1384 3355 1572 3412 comiti
1607 3351 1906 3409 Archisilao

451 3462 634 3517 Eversi
665 3466 719 3516 et
748 3473 967 3514 causam
997 3453 1154 3520 socii,
1196 3452 1290 3524 qui
1319 3465 1472 3506 more
1503 3447 1787 3506 columbas

2163 2434 2432 2498 Quaesitor
2461 2452 2474 2489 :
2511 2455 2537 2487 α
2569 2434 2734 2490 Pares
2755 2433 3000 2490 insanior
3029 2450 3154 2491 esse
3183 2449 3396 2490 sorore.
3433 2454 3458 2484 υ

2163 2526 2260 2580 Illa
2295 2544 2308 2580 :
2346 2546 2368 2578 «
2401 2527 2509 2583 Nec
2539 2527 2734 2582 insana
2753 2533 2838 2581 est
2866 2541 3044 2593 soror,
3069 2526 3215 2581 haud
3248 2526 3497 2582 insanior
3523 2526 3676 2596 ipsa;

2165 2617 2357 2673 Christi
2389 2619 2490 2674 sed
2519 2619 2666 2674 cultu
2681 2617 2901 2674 Domini
2933 2617 3315 2674 connectimur
3339 2617 3520 2672 ambae
3551 2635 3568 2684 ;

2163 2706 2431 2781 Congruit
2458 2713 2513 2762 et
2542 2707 2748 2778 pariter
2775 2706 2915 2762 caedi
2945 2723 3084 2779 quas
3112 2705 3430 2779 culpaligat
3456 2723 3553 2776 par

2163 2798 2279 2864 Quo
2304 2799 2474 2854 simul
2503 2813 2765 2853 ornemur
2789 2797 2986 2852 Christi
3021 2804 3080 2852 ut
3099 2797 3264 2853 simul
3291 2797 3435 2851 alma
3464 2796 3718 2852 fatemur.
3741 2817 3762 2845 ι

2162 2887 2362 2959 Sicque
2395 2887 2560 2943 fidem
2592 2897 2847 2960 prompta
2877 2903 3136 2960 superam
3160 2888 3291 2942 dum
3316 2887 3483 2942 laude
3509 2894 3771 2949 retexunt,

2162 2983 2348 3039 Tradit
2369 3000 2464 3039 eas
2493 2983 2739 3039 tenebris
2766 2983 3088 3056 fumumque
3111 2981 3417 3054 limumque
3436 2982 3714 3037 ministrat

2167 3078 2455 3148 Improbus
2483 3087 2705 3133 exactor
2738 3095 2751 3132 :
2785 3077 2881 3132 sed
2913 3083 3157 3133 aromata
3181 3083 3427 3132 stercore
3451 3084 3682 3150 surgunt

2090 3200 2140 3268 Ο
2166 3168 2529 3240 Nectare-ique
2558 3168 2716 3224 locus
2738 3168 2870 3223 ﬂatu
2893 3169 3137 3240 repletur
3166 3167 3356 3224 odoris
3383 3185 3399 3233 ;

2174 3261 2417 3316 Vincitur
2444 3261 2737 3317 obscurum
2763 3261 2942 3316 rutilae
2963 3259 3271 3316 vihramine
3293 3259 3453 3315 lucis.

2170 3354 2306 3408 Tum
2327 3353 2497 3422 jussze
2523 3353 2654 3408 inde
2684 3353 2803 3424 rapi
2829 3352 3168 3423 thermisque
3188 3351 3515 3406 ardentibus
3533 3350 3647 3405 indi

2171 3446 2306 3500 Dum
2339 3446 2500 3501 simul
2517 3452 2726 3501 enectae
2758 3446 2864 3501 hoc
2891 3445 3048 3500 missi
3079 3443 3292 3516 fervore
3323 3452 3586 3515 putantur

452 3553 743 3624 Accipitris
768 3550 1042 3622 sequitur,
1071 3546 1466 3616 volucrumque
1512 3542 1774 3596 advectus
1803 3552 2070 3610 equorum
2173 3541 2413 3614 Corpora
2441 3541 2535 3612 qui
2560 3539 2774 3606 tollant,
2805 3539 2904 3595 sed
2932 3554 3124 3612 pressa
3157 3537 3415 3604 incendia
3446 3544 3676 3594 cernunt

453 3641 727 3714 Praecipiti
753 3638 974 3712 prendit
994 3636 1272 3711 fugientes
1309 3632 1529 3706 agmine
1559 3630 1748 3685 nidum
1772 3645 1786 3695 ;

453 3732 595 3798 Quas
623 3743 888 3786 revocans
913 3725 1076 3782 Urbis
1094 3722 1354 3796 praefecto
1381 3737 1446 3776 ac
1476 3719 1690 3793 legibus
1719 3714 1878 3773 offert

454 3826 688 3890 Donato,
719 3821 933 3877 clausas
962 3816 1184 3892 gemino
1224 3814 1320 3887 qui
1351 3818 1762 3884 separatantro,

457 3915 628 3970 Corde
655 3911 999 3968 cohaerentes
1029 3923 1142 3963 uno
1171 3904 1321 3980 quod
1345 3903 1652 3960 dissociare

455 4011 578 4062 Arte
607 4006 751 4061 valet
775 4003 947 4058 nulla.
977 4001 1102 4056 Post
1131 4000 1249 4054 hrec
1276 3998 1408 4052 dum
1433 3996 1590 4052 tertia
1617 3992 1798 4048 reddit

459 4101 569 4156 Lux
601 4101 876 4155 elementa
896 4110 1148 4166 operum,
1169 4097 1371 4163 praesto
1403 4088 1511 4142 sibi
1543 4085 1768 4141 mandat
1791 4083 2004 4150 haberi,

458 4194 860 4265 Excipiensque
892 4190 1045 4262 prius
1071 4185 1449 4258 penetralibus
1477 4182 1690 4253 appetit
1727 4180 1869 4235 orsis

457 4285 730 4342 Ruftinam
765 4302 828 4339 τα
863 4279 1163 4346 illecebris,
1193 4285 1325 4332 natu
1348 4291 1472 4331 cum
1504 4272 1729 4340 nobilis,
1754 4271 1954 4343 inquit,

460 4379 703 4444 Eniteas,
733 4391 832 4431 cur
855 4372 1084 4428 serviles
1112 4376 1323 4425 sectare
1353 4365 1592 4430 labores.

461 4471 705 4526 Nexibus
733 4475 792 4524 ut
817 4467 978 4523 malis
1005 4465 1265 4541 gravibus
1293 4459 1508 4532 captiva
1531 4457 1728 4514 sedere

462 4560 659 4615 Libera
686 4573 850 4631 quam
873 4565 1027 4632 grato
1056 4553 1260 4609 ﬂorens
1291 4550 1533 4623 gaudere
1565 4548 1762 4604 marito
1787 4547 1817 4601 7
1839 4568 1864 4598 ι

461 4649 663 4704 Reddit
690 4647 844 4722 virgo
879 4663 893 4700 :
934 4663 961 4696 α
995 4644 1110 4698 Duo
1142 4657 1366 4714 prorsus
1397 4639 1633 4695 hortaris
1656 4639 1885 4709 inepta;

461 4737 805 4795 Omnimodis
835 4734 1068 4791 dubium
1085 4733 1332 4787 incertus
1354 4729 1626 4801 promittis
1651 4735 1706 4784 et
1731 4743 1935 4795 unum;

461 4832 628 4888 Sacra
656 4830 812 4885 litare
833 4827 1001 4897 jubes
1031 4839 1196 4898 pcena
1224 4821 1383 4894 queis
1413 4827 1643 4894 perpete
1673 4820 1900 4891 plectar.

463 4921 701 4979 Pendere
725 4932 913 4973 amore
932 4915 1036 4971 viri
1070 4915 1168 4969 das
1192 4910 1526 4985 virginitatis
1553 4910 1841 4974 honorem,

457 5013 700 5085 Tamque
729 5009 960 5066 adversa
987 5006 1146 5079 sequi
1179 5003 1435 5060 durantia
1463 5001 1667 5077 gaudia
1697 4998 1895 5067 nectis,

461 5107 536 5161 De
567 5111 676 5160 tete
711 5103 976 5176 ignorans
995 5115 1065 5154 an
1094 5095 1333 5154 crastina
1361 5101 1614 5165 tempora
1639 5106 1850 5147 cernas.
1887 5109 1912 5141 ι

463 5200 558 5254 His
586 5214 752 5270 super
771 5198 916 5252 hanc
947 5207 1150 5266 praeses
1178 5189 1318 5246 credi
1345 5187 1701 5258 admittique.
1739 5183 2046 5240 Secundam

464 5289 736 5360 Praecipit.
773 5288 870 5342 llla
901 5284 1098 5340 videns
1126 5280 1315 5355 ﬂagris
1351 5278 1618 5336 recubare
1647 5290 1895 5332 sororem
1927 5291 1941 5328 :

470 5400 490 5429 α
518 5377 673 5444 Quod
695 5376 850 5444 facis,
892 5373 1188 5435 exclamat,
1222 5369 1396 5424 divini
1420 5365 1665 5422 numinis
1693 5379 1843 5431 osor,

464 5467 619 5532 Quod
667 5465 824 5534 facis,
848 5479 881 5520 ο
913 5462 1151 5518 trucium
1181 5458 1474 5525 scelerate,
1521 5455 1654 5527 quid
1691 5461 1777 5509 est
1807 5452 1956 5526 quod
1986 5452 2087 5508 ho-

1794 5545 2018 5617 [norans

2175 3633 2308 3704 Igne
2337 3632 2434 3687 Dei
2458 3631 2776 3703 blandoque
2803 3630 3013 3686 alacres
3041 3630 3228 3704 algore
3253 3645 3493 3686 sorores.

2174 3722 2445 3792 Adstupet
2471 3721 2558 3776 his
2579 3720 2748 3792 judex
2778 3719 3144 3791 victricesque
3175 3735 3337 3774 amne
3359 3719 3624 3793 tegendas

2175 3813 2318 3867 Dece
2330 3810 2442 3866 rnit
2479 3809 2698 3882 Tyberi,
2721 3825 2852 3865 saxo
2874 3825 2997 3882 quae
3036 3809 3176 3865 colla
3205 3817 3524 3884 gravantur.

2092 3902 2095 3904 ’
2182 3899 2466 3956 Fluctibus
2496 3899 2776 3954 abduntur
2807 3916 2822 3964 ;
2850 3898 2936 3953 vix
2970 3904 3291 3972 transegere
3317 3896 3421 3953 sub
3441 3897 3605 3953 undis

2184 3991 2338 4048 Horae
2361 3991 2652 4047 dimidium
2683 4000 2738 4047 et
2767 3990 3128 4047 referuntsua
3144 3990 3393 4063 pondera
3410 3990 3566 4046 laetas

2183 4083 2427 4153 Quaeque
2446 4081 2624 4137 ierant
2655 4080 2820 4136 nuda“:
2852 4086 3173 4156 tegumento
3202 4081 3383 4135 vestis
3403 4080 3461 4134 in
3489 4079 3664 4134 undas

2179 4171 2432 4227 Vestibus
2461 4177 2666 4227 ornata;
2697 4177 2990 4244 emergunt
3018 4169 3360 4225 immunibus
3397 4185 3581 4235 amne,

2180 4259 2452 4314 Christum
2485 4259 2774 4316 laudantes
2806 4258 3124 4331 clarumque
3162 4258 3411 4314 celeuma
3440 4265 3726 4314 canentes.

2182 4353 2442 4428 Cognitor
2467 4353 2552 4407 his
2581 4351 2815 4423 pavidus
2844 4352 3032 4408 comiti
3062 4351 3270 4423 pietate
3297 4349 3502 4407 fatetur

2182 4444 2381 4498 Harum
2412 4458 2471 4498 se
2500 4443 2704 4498 victum
2735 4441 2951 4516 magica
2988 4457 3090 4496 seu
3120 4439 3314 4496 fraude
3344 4441 3630 4497 subactum

2189 4532 2388 4588 Reddit
2412 4540 2467 4588 et
2487 4531 2736 4588 addictas
2759 4532 2880 4602 ipso
2907 4531 2995 4586 vel
3021 4529 3209 4600 judice
3237 4529 3503 4584 muletam

2189 4622 2476 4694 Accipiant
2499 4635 2728 4678 censore
2760 4635 2875 4675 sua:
2907 4619 2994 4675 vel
3021 4618 3220 4674 vadere
3248 4618 3484 4689 possint.

2181 4711 2524 4768 Archesilaus
2553 4727 2648 4768 eas
2674 4710 2751 4765 nil
2778 4709 3062 4765 emollitus
3087 4709 3155 4764 ad
3194 4715 3341 4776 acta,

2180 4808 2392 4865 Abduci
2411 4821 2722 4874 nemorum,
2750 4805 3084 4876 mandatque
3114 4803 3173 4858 in
3203 4802 3368 4858 lustra
3400 4809 3686 4874 perempta

2181 4900 2384 4957 Pabula
2411 4897 2680 4954 silvicolis
2709 4897 2853 4952 mitti
2884 4895 3224 4967 alitibusque
3254 4893 3521 4966 ferisque.

2179 4994 2360 5051 Gratia
2383 4994 2480 5049 sed
2512 4991 2730 5049 Domini
2757 5005 2928 5046 caesas
2955 5004 3058 5046 nec
3082 4988 3141 5044 in
3165 4987 3356 5044 abdita
3385 4988 3589 5060 linquit

2180 5085 2486 5143 Plautillam
2517 5084 2842 5156 accipimus,
2874 5083 3031 5153 cujus
3054 5083 3174 5139 haec
3200 5097 3326 5138 rure
3351 5087 3586 5152 patrata,

2188 5176 2490 5232 Matronum
2520 5173 2652 5230 visae
2678 5173 2768 5229 cui
2797 5181 2927 5230 sunt
2953 5172 3200 5228 residere
3227 5177 3420 5243 parato

2188 5265 2484 5320 Gemmatze
2513 5264 2569 5318 in
2591 5263 2854 5330 thalamo,
2875 5271 2931 5318 et
2967 5260 3080 5316 sibi
3111 5259 3238 5317 talia
3261 5259 3418 5330 jussa
3434 5258 3674 5315 ferentes
3695 5275 3712 5310 :

2187 5375 2218 5406 ι)
2251 5356 2449 5411 Desine
2479 5353 2720 5426 ﬂagitiis,
2748 5368 2930 5421 cessa,
2957 5350 3230 5417 Plautilla,
3261 5349 3515 5406 scelestis
3541 5367 3557 5415 ;

2190 5444 2436 5501 Cultibus
2458 5445 2613 5501 idolii
2636 5445 2856 5517 iamque
2889 5441 3060 5515 impia
3088 5443 3276 5499 vivere
3301 5441 3496 5514 linque
3525 5459 3539 5496 :

2188 5537 2252 5592 Et
2283 5536 2517 5591 credens
2548 5533 2759 5590 Christo
2779 5532 3061 5606 propriam
3093 5548 3208 5587 rem
3235 5531 3413 5588 visere
3449 5544 3631 5604 perge.

473 5646 658 5705 Invide
689 5661 1032 5721 germanam,
1049 5659 1140 5700 me
1163 5639 1448 5715 indignam
1468 5638 1575 5694 hoc
1589 5635 1832 5693 culmine
1851 5634 2012 5691 ducis
2023 5631 2088 5688 ?»
2189 5631 2538 5704 COrporaque
2559 5627 2853 5687 inveniens
2877 5627 3076 5685 loculis
3103 5626 3179 5682 ibi
3209 5625 3437 5684 condito
3458 5629 3660 5682 nostra.
3687 5644 3718 5673 ι
