3974 6146
463 283 566 339 687
1231 266 1601 325 FLODOARDI
1643 263 1944 321 CANONICI
1987 260 2312 319 REMENSIS
2353 258 2689 315 OPUSCULA
2729 254 3035 311 METRICA.

465 416 662 472 Curant
690 407 984 481 exsequiis,
1015 403 1279 471 Quiriacae
1306 409 1359 458 et
1388 400 1648 457 conditur
1675 414 1825 470 agro.

463 507 716 583 Iungitur
741 518 804 558 ac
831 499 1036 556 sanctis
1065 494 1379 553 Crescentia
1408 493 1559 549 cmde
1589 489 1900 561 triumphis.

461 598 772 654 Traduntur
792 590 936 665 passi
965 599 1098 646 tunc
1125 585 1380 643 Claudius
1408 591 1574 655 atque
1603 583 1874 647 Severus;

463 688 735 744 Virtutum
771 681 956 739 eximii
983 680 1275 734 decoratur
1303 676 1514 730 honore
1553 673 1866 743 sepulcrum

465 781 685 844 Levitaa,
714 777 1130 844 innumeraeque
1159 769 1344 825 nitens
1369 766 1666 840 splendore
1690 763 1921 819 medela:

463 870 709 930 Miriﬁcis
745 869 925 924 radiat
954 862 1318 921 reverendum
1351 858 1600 916 crebrius
1625 857 1782 923 actis,

468 967 530 1023 Et
549 975 989 1037 quaquaversum
1020 955 1209 1012 decori
1251 955 1369 1009 loca
1396 951 1648 1022 martyris
1669 949 1797 1004 almi

470 1058 738 1122 Eduntur,
770 1049 1087 1108 veneranda
1117 1047 1324 1102 micant
1351 1043 1690 1099 monimenta
1719 1038 1932 1094 salutis.

468 1151 557 1206 Sic
583 1149 704 1218 ejus
733 1143 924 1216 templi
958 1142 1088 1196 dum
1115 1139 1323 1195 fabrica
1357 1137 1511 1208 lapsa
1541 1133 1757 1188 Brionis

470 1242 779 1301 Restruitur
816 1252 1082 1309 caesaeque
1121 1235 1305 1290 trabes
1328 1240 1383 1288 et
1410 1232 1564 1305 tigna
1590 1236 1870 1300 parantur,

469 1337 638 1394 Trabs
673 1335 896 1390 inventa
921 1329 1104 1385 brevis
1131 1326 1341 1382 meritis
1373 1323 1695 1397 producitur
1726 1320 1908 1389 hujus,

469 1428 644 1498 Atque
675 1423 818 1479 favet
845 1420 987 1476 votis
1009 1417 1126 1474 visa
1159 1424 1241 1470 est
1271 1431 1392 1487 quae
1420 1411 1592 1467 futilis
1619 1411 1811 1473 arbos;

470 1519 686 1576 Robore
716 1523 874 1573 tensa
902 1527 1070 1585 opere
1095 1511 1370 1581 variaeque
1392 1523 1627 1578 repensa
1647 1504 1877 1560 medel-(e

469 1605 694 1665 Proﬁcit
719 1606 868 1661 haec:
899 1601 1121 1658 fabricae
1152 1597 1281 1653 ﬁdei
1309 1612 1531 1670 quoque
1563 1593 1780 1666 proficit
1811 1597 2016 1655 auctae;

471 1698 692 1757 Proﬁcit
723 1693 970 1772 indiguis
1000 1691 1250 1748 tribuens
1289 1689 1380 1760 pia
1406 1689 1551 1744 dona
1579 1685 1803 1760 vigoris.

2103 402 2150 468 Α
2179 393 2287 447 Sed
2312 408 2412 447 nec
2441 389 2906 445 Mediolanensem
2935 384 3118 439 minor
3157 381 3351 437 extulit
3389 379 3585 436 urbem

2181 484 2379 539 Levita:
2408 481 2615 556 egregii
2645 480 2835 543 virtus,
2867 476 2964 531 ubi
2995 474 3184 530 nobile
3205 471 3470 541 templum

2183 576 2416 631 Nomine
2440 572 2635 628 sacrati
2663 579 2921 642 superato
2952 566 3204 637 martyris
3229 565 3360 638 igne

2185 666 2419 722 Cristalli
2449 665 2673 721 calicem
2699 663 2952 734 specioso
2991 663 3277 714 stemmate
3301 669 3560 719 servans;

2183 757 2460 832 Sanguine
2491 754 2679 809 divino
2710 754 2856 809 claro
2888 751 2957 806 de
2982 764 3110 805 vase
3139 747 3374 803 clientes

2184 847 2412 904 Potabat
2439 845 2562 903 caeli
2593 845 2779 916 specie
2809 841 3056 899 coelestia
3073 838 3362 912 praebens;

2184 937 2339 1003 Quod
2368 935 2626 990 manibus
2653 935 2867 1004 lapsum
2896 946 3102 986 sacram
3135 925 3381 983 tollentis
3409 924 3480 980 ad
3506 940 3657 978 aram

2130 1084 2136 1090 .
2184 1032 2473 1088 Frustatim
2503 1029 2676 1084 nimio
2699 1029 3011 1098 dispersum
3036 1025 3304 1099 fragmine
3334 1021 3519 1077 cessit.

2185 1124 2445 1190 Pallidus,
2475 1120 2761 1186 exanimis,
2791 1135 2961 1190 pavor
2981 1116 3152 1172 inﬁcit
3180 1131 3275 1171 ora
3302 1113 3564 1178 ministri,

2188 1219 2288 1284 Qui
2319 1227 2436 1273 sata
2465 1217 2639 1273 frusta
2667 1217 2859 1290 legens
2887 1213 3044 1268 altari
3073 1211 3324 1282 martyris
3354 1207 3551 1273 infert;

2189 1309 2252 1363 Et
2277 1307 2454 1363 fidens
2482 1309 2680 1362 virtute
2709 1305 2804 1360 Dei
2837 1303 2966 1358 ﬁdei
2989 1319 3140 1357 arma
3169 1299 3444 1371 capessit:

2189 1403 2443 1458 Excubiis
2471 1402 2725 1474 precibus
2754 1399 3010 1471 lacrymis
3039 1399 3177 1452 dans
3206 1404 3452 1467 tempora
3482 1392 3661 1448 noctis

2187 1497 2347 1551 Aram
2377 1511 2540 1550 mane
2571 1495 2727 1566 petit,
2749 1510 2844 1548 vas
2874 1491 3059 1547 damni
3088 1491 3331 1545 immune
3362 1487 3624 1550 resumit;

2191 1587 2361 1659 quue
2392 1585 2706 1658 ﬁdejsolida
2730 1584 3024 1640 solidatum
3056 1589 3281 1654 pectore
3317 1579 3492 1646 fulcit,

2196 1680 2256 1735 Et
2284 1679 2505 1736 cumulo
2535 1677 2666 1734 ﬁdei
2695 1676 2937 1732 cumulat
2963 1675 3235 1732 solemnia
3260 1673 3395 1730 voti.

1988 1824 2194 1880 CAPUT
2243 1824 2303 1878 V.

1788 1959 1867 2018 De
1907 1967 2113 2018 sancto
2156 1953 2494 2034 Hippolyto.

477 2098 734 2172 Martyris
771 2096 985 2154 exuviis
1005 2094 1213 2153 celebri
1247 2091 1599 2149 decoramine
1624 2090 1847 2157 functis,

478 2193 801 2266 Hippolytus
826 2191 1036 2263 rapitur
1063 2189 1191 2246 tosti
1223 2187 1371 2259 quod
1401 2186 1645 2241 membra
1671 2183 1917 2259 magistri

480 2286 713 2362 Legerit,
745 2283 1021 2353 arguitur;
1066 2282 1260 2338 Christi
1287 2295 1415 2336 mox
1446 2295 1613 2334 verna
1643 2283 1915 2349 repertus.

481 2374 816 2431 Verberibus
844 2373 1117 2446 quatitur;
1142 2370 1283 2426 ﬁdus
1313 2369 1579 2440 fortisque
1608 2366 1872 2438 probatus

482 2466 703 2539 Antiqui
727 2465 1006 2539 Hippolyti
1030 2465 1288 2519 mulctam
1312 2461 1556 2534 perferre
1570 2459 1814 2532 iubetur.

487 2558 870 2631 Christiloquaa
901 2555 1089 2612 famuli
1121 2562 1286 2610 sectae
1317 2568 1538 2608 rumore
1565 2549 1736 2606 notati

484 2653 790 2721 Ducuntur,
821 2651 1054 2708 Domino
1095 2650 1164 2705 ad
1185 2655 1417 2704 mortem
1439 2645 1646 2702 servire
1672 2643 1876 2718 parati;

481 2747 828 2806 Confessoris
853 2762 950 2804 eos
979 2747 1121 2802 inter
1149 2743 1444 2802 concordia
1473 2741 1676 2806 nutrix,

481 2837 792 2909 Promptior
815 2843 874 2892 ut
901 2834 1132 2907 reliquis
1162 2834 1293 2888 fidei
1325 2832 1537 2888 fervore
1558 2829 1795 2895 videtur,

483 2925 735 2981 Culmina
753 2925 933 2998 prima
961 2923 1112 2979 subit
1141 2921 1439 2993 plumbatis
1467 2920 1635 2974 incita
1659 2917 1784 2973 caeli
1807 2933 1822 2981 ;

483 3017 691 3074 Caetera
718 3033 845 3074 mox
875 3015 1030 3074 fortis
1059 3014 1388 3070 famulorum
1417 3013 1641 3068 inventa
1670 3017 1927 3074 caterva;

2119 2092 2173 2160 Β
2197 2088 2415 2144 Iactura
2443 2087 2676 2144 cervicis
2705 2086 2822 2142 heri
2845 2101 3012 2156 super
3039 2085 3242 2140 aethera
3265 2082 3425 2156 bigas

2204 2182 2547 2250 Praecedunt,
2577 2181 2830 2237 metaturi
2862 2180 3095 2236 Domino
3125 2178 3296 2233 ardua
3326 2175 3505 2251 regni.

2204 2278 2300 2334 Ille
2325 2279 2518 2334 decem
2550 2284 2716 2349 atque
2747 2292 2942 2332 novem
2983 2273 3200 2329 famulis
3228 2273 3295 2327 ad
3323 2273 3506 2327 sidera
3529 2268 3709 2324 missis

2205 2367 2589 2438 Subsequitur,
2613 2366 2966 2437 completque
2988 2363 3071 2418 sui
3105 2363 3418 2436 integritate
3450 2357 3734 2414 secundam

2203 2459 2487 2516 Perfectus
2511 2460 2733 2527 seriem,
2756 2460 2928 2515 coelos
2949 2473 3050 2529 per
3065 2471 3298 2526 scrupea
3325 2461 3535 2509 vectus.

2205 2554 2374 2619 Quem
2398 2553 2527 2609 saevi
2558 2554 2782 2626 rapiunt
2802 2554 2980 2626 passis
3009 2553 3080 2608 ad
3109 2549 3299 2608 caslica
3329 2546 3535 2618 plantis

2206 2643 2565 2717 Cornipedes,
2594 2651 3012 2717 monstrantque
3042 2643 3228 2716 polum
3259 2639 3452 2694 callem
3492 2637 3576 2692 ine
3606 2651 3694 2705 per
3718 2649 3791 2687 ar-

3583 2727 3730 2798 [cum.

2208 2829 2272 2885 Et
2309 2827 2525 2884 tribulis
2545 2827 2735 2883 tritum
2759 2826 2988 2881 mittunt
3007 2839 3174 2895 super
3187 2823 3395 2878 aethera
3413 2827 3672 2875 mactum.

2205 2917 2456 2973 Justinus
2487 2916 2700 2971 laceros
2726 2915 2890 2970 variis
2920 2912 3244 2985 appulsibus
3273 2917 3425 2966 artus

2102 3065 2103 3068 η
2209 3003 2447 3078 Colligit,
2475 3004 2817 3076 emeritoque
2842 3003 2995 3075 pium
3023 3001 3294 3073 dependit
3321 3000 3609 3055 honorem.

1953 3152 2164 3209 CAPUT
2214 3153 2301 3208 VI.

1605 3291 1684 3351 De
1708 3289 1936 3351 sanctis
1969 3287 2269 3347 Herennio
2299 3293 2353 3345 et
2381 3283 2679 3346 Abundio.

483 3416 744 3490 Tuncque
773 3412 1065 3486 intercepti
1095 3411 1336 3468 subeunt
1365 3408 1677 3465 Herennius
1707 3414 1874 3479 atque

487 3509 664 3568 Ofﬁcii
695 3523 923 3567 consors
951 3505 1130 3562 felicis
1157 3502 1447 3560 Abundius
1476 3503 1722 3558 aethram.

488 3607 725 3663 Euectos
747 3604 1006 3676 idemque
1037 3617 1215 3670 sacer,
1256 3599 1513 3656 sordente
1543 3599 1731 3654 cloaca

486 3696 765 3772 Hippolyti
796 3695 926 3769 quia
965 3693 1199 3750 nutricis
1229 3692 1362 3748 hinc
1399 3691 1647 3747 membra
1685 3689 1946 3752 levarant,

488 3793 750 3867 Proripit,
779 3792 1106 3865 illustraque
1131 3790 1302 3847 sacris
1331 3785 1738 3863 sacrajpignora
1767 3787 1962 3843 thecis.

2130 3408 2179 3478 C
2207 3411 2319 3467 Nec
2340 3411 2566 3485 longum
2597 3407 2864 3480 sepelitur
2902 3405 2969 3459 ab
3003 3405 3107 3460 hoc
3133 3401 3452 3476 Tryphonia
3483 3399 3739 3474 quondam

2205 3505 2432 3560 Funesti
2461 3504 2660 3574 conjux
2691 3501 2860 3568 Decii,
2895 3515 3039 3571 qua,
3071 3497 3223 3553 fonte
3253 3497 3396 3568 piata

2206 3597 2362 3664 Divo,
2385 3613 2508 3652 cum
2540 3593 2729 3670 genita
2765 3592 2982 3664 superis
3005 3589 3282 3646 terrestria
3311 3588 3499 3663 regnis

2209 3689 2317 3745 Nec
2345 3705 2500 3745 mora
2531 3693 2828 3760 permutat,
2865 3701 3112 3756 veroque
3141 3683 3364 3738 nitescit
3393 3684 3620 3744 honore,

2211 3785 2360 3840 Inter
2387 3791 2512 3840 vota
2538 3797 2764 3855 precum
2793 3780 2958 3837 celeri
2988 3785 3146 3848 capta
3176 3777 3395 3852 agmine
3428 3775 3638 3830 malum.

1985 3919 2192 3977 CAPUT
2236 3920 2350 3976 VII.

1344 4062 1424 4122 De
1451 4063 1685 4122 ultione
1714 4062 1784 4122 in
1821 4060 2212 4121 Valerianum
2248 4065 2300 4117 et
2329 4072 2512 4134 regno
2543 4055 2971 4115 Romanorum.

492 4204 659 4262 Multa
686 4219 786 4278 per
813 4201 1116 4259 [Eneadum
1147 4204 1465 4255 sanctorum
1491 4197 1667 4252 millia
1687 4213 1917 4269 regnum

494 4299 620 4354 Haec
649 4302 942 4368 postquam
973 4305 1240 4346 succensa
1267 4287 1368 4343 feri
1399 4286 1615 4342 fervore
1643 4285 1901 4342 draconis

493 4385 797 4460 Suppliciis
818 4382 887 4437 ad
907 4393 1078 4452 regna
1101 4377 1220 4432 lues
1246 4375 1495 4432 ccelestia
1519 4375 1689 4442 misit,

494 4481 666 4537 Letho
685 4494 750 4535 ac
773 4473 1062 4548 suppliciis
1098 4471 1320 4548 gravius
1347 4471 1452 4528 fert
1489 4471 1733 4528 dedecus
1758 4478 1970 4539 auctor,

496 4575 560 4631 Et
583 4572 678 4646 qui
707 4569 895 4627 servili
922 4566 1124 4624 multos
1149 4565 1251 4621 sub
1272 4565 1395 4640 lege
1415 4571 1618 4621 rotarat

494 4664 736 4720 Vertitur
760 4659 946 4718 officio
967 4657 1155 4714 servili
1184 4672 1247 4712 ac
1274 4661 1436 4727 turpe
1465 4654 1707 4728 capessit

497 4753 814 4819 Servitium,
843 4757 1037 4822 captus
1060 4746 1395 4819 Babylonica
1417 4761 1586 4821 regno
1613 4751 1900 4819 regentem

501 4845 849 4904 Romulidum
875 4841 1136 4915 princeps
1149 4838 1356 4911 plantis
1377 4846 1436 4894 ut
1457 4839 1619 4893 dorsa
1647 4845 1902 4912 gravatus

497 4939 761 4993 Incurvus
796 4931 1046 4988 sustollat
1069 4944 1214 5002 equo
1253 4927 1577 4999 pensamine
1600 4927 1791 5000 digno.

496 5024 820 5082 Luminibus
838 5021 1010 5076 miser
1028 5017 1242 5074 effossis
1267 5034 1377 5090 quo
1403 5015 1724 5072 Valerianus

496 5119 795 5178 Consenuit
824 5117 1016 5188 plexus
1042 5113 1196 5186 prius
1225 5118 1286 5167 ut
1316 5110 1499 5166 ﬁxisse
1530 5110 1786 5182 probaret

497 5215 568 5270 Se
594 5227 799 5270 caecum
830 5210 1088 5266 tenebras
1117 5215 1173 5264 et
1209 5205 1363 5262 furva
1391 5205 1599 5278 pericla
1626 5209 1897 5260 secutum.

495 5308 565 5360 At
590 5319 700 5360 non
727 5301 1014 5358 sufﬁciens
1044 5307 1125 5356 tot
1153 5298 1346 5354 funere
1377 5297 1618 5352 millibus
1649 5295 1802 5359 actis,

496 5396 817 5451 Sanctorum
847 5389 1070 5464 probris
1106 5404 1277 5444 unum
1306 5391 1470 5456 caput
1499 5385 1648 5439 hisce
1679 5382 1991 5450 subactum,

498 5487 636 5542 Dum
662 5486 830 5541 variis
850 5499 1015 5541 cruor
1042 5480 1252 5537 effusus
1279 5477 1602 5549 regionibus
1631 5477 1805 5544 orbis,

496 5575 614 5630 Non
633 5574 852 5630 modico
880 5573 931 5628 in
954 5586 1129 5629 saevos
1155 5568 1346 5625 ulcisci
1382 5565 1653 5640 sanguine
1671 5565 1869 5637 poscit.

497 5669 751 5740 Undique
776 5667 924 5725 enim
955 5667 1092 5724 laxis
1110 5670 1344 5740 surgunt
1369 5677 1511 5721 nova
1539 5661 1728 5734 praelia
1754 5659 1953 5717 frenis:

2215 4195 2311 4260 Ac,
2340 4192 2512 4251 veluti
2543 4191 2824 4265 quondam
2854 4187 3068 4245 Pelusia
3095 4203 3221 4243 rura
3247 4185 3493 4252 locustae,

2218 4286 2521 4343 Barbaricas
2548 4285 2792 4340 Romana
2813 4289 3007 4356 tegunt
3036 4281 3109 4336 ita
3135 4279 3376 4336 culmina
3403 4284 3609 4350 gentes,

2216 4377 2471 4433 Germani
2504 4375 2714 4431 Italiam
2753 4381 2876 4444 post
2913 4371 3139 4427 Rhetica
3170 4386 3295 4424 rura
3324 4369 3622 4440 pererrant,

2130 4499 2188 4568 D
2214 4469 2459 4568 Haecque.
2484 4467 2919 4568 Alamannorum.
2945 4462 3221 4568 terebrata
3249 4468 3305 4516 et
3336 4459 3507 4568 Gallia
3535 4458 3651 4512 trita

2214 4557 2568 4624 Turbinibus,
2604 4555 2834 4622 Pontus,
2875 4551 3193 4608 Macedonia
3222 4565 3411 4620 pressa
3441 4548 3677 4602 Getarum

2214 4651 2517 4717 Fluctibus,
2550 4650 2718 4720 inque
2741 4646 2923 4701 Asiam
2954 4645 3057 4700 hac
3087 4643 3383 4715 p0pulatur
3403 4639 3604 4696 Graecia
3630 4635 3811 4708 plaga;

2214 4744 2405 4798 Ablata
2420 4740 2642 4814 penitus
2670 4740 2835 4795 Dacia
2861 4743 3126 4810 quantum
3156 4735 3378 4790 abserat
3407 4735 3544 4788 Ister

2213 4835 2457 4888 Sarmata
2482 4829 2822 4886 Pannoniam
2854 4828 3077 4883 incursu
3107 4824 3365 4899 profligat
3398 4823 3624 4888 eodem;

2214 4929 2512 5000 Euphratis
2532 4927 2763 4982 Mediam
2795 4925 3085 4980 ﬂuviorum
3117 4939 3182 4978 ac
3207 4921 3386 4996 Tigris
3416 4921 3674 4976 alumnam

2216 5019 2491 5091 Diripiunt
2521 5017 2702 5073 Parthi
2722 5017 3043 5087 Syriamque
3075 5013 3340 5069 abradere
3365 5011 3545 5077 missi;

2215 5112 2614 5182 Germanisque
2636 5107 2946 5184 peregrinis
2978 5107 3235 5177 Hispania
3263 5105 3431 5173 cedit,

2219 5205 2281 5260 Et
2307 5219 2376 5258 ne
2409 5211 2523 5259 tuta
2560 5203 2718 5273 quies
2747 5201 2894 5255 intus
2926 5216 3025 5271 per
3052 5199 3264 5255 viscera
3296 5197 3454 5272 regni

2216 5293 2450 5348 Securos
2479 5292 2609 5353 alat,
2637 5291 3029 5361 immunesque
3060 5288 3247 5344 fovere
3277 5294 3504 5358 putetur

2219 5382 2348 5438 Fors
2376 5381 2614 5453 aliquos,
2645 5380 2794 5435 bella
2824 5379 3058 5435 interius
3088 5375 3274 5433 civilia
3301 5377 3432 5433 totis

2217 5475 2796 5532 Fervescuntlatebris
2824 5475 3148 5548 largumque
3181 5471 3392 5528 eﬁ‘usus
3417 5470 3614 5542 ubique

2217 5568 2492 5623 Plurimus
2519 5567 2826 5625 Aineadnm
2853 5582 3037 5634 cruor,
3067 5564 3458 5621 insistentibus
3487 5561 3610 5634 ipsis

2217 5660 2604 5734 Barbarieque,
2638 5660 2695 5716 in
2725 5675 2787 5716 se
2815 5659 3042 5736 sanguis
3074 5672 3214 5730 quos
3250 5661 3522 5729 sparserat
3544 5651 3692 5708 almus
