3974 6146
188 317 300 373 689
827 311 912 366 DE
952 309 1208 367 CHRISTI
1247 311 1608 368 TRIUMPHIS
1648 314 1821 370 APUD
1863 313 2131 369 lTALlAM
2172 312 2350 368 LIBRI
2388 313 2519 368 XIV.
2560 343 2630 354 —
2669 313 2796 370 LIB.
2837 314 2900 368 V.
3428 313 3536 371 690

188 445 300 500 Sed
329 447 455 499 data
486 460 591 515 pax
614 442 780 513 justis
805 457 996 514 pacem
1029 441 1352 498 confoderat
1379 444 1530 500 orbis
1837 449 1891 520 Α
1914 446 2203 518 Oppressis
2231 445 2432 516 passim
2462 445 2707 502 trucibus
2735 463 2836 518 per
2864 447 3064 518 probra
3090 447 3358 519 tyrannis,

186 538 580 609 Bellorumque
616 535 784 592 trucis
811 537 1006 608 sapitis
1033 537 1257 610 ignibus
1277 545 1439 593 aestus
1913 536 2184 610 Lugubris
2211 542 2339 591 ante
2360 534 2606 607 quidem,
2638 535 2794 590 ﬂoret
2819 537 2909 608 pia
2937 535 3132 592 concio
3162 535 3386 592 tandem

187 628 330 683 Pace
357 627 537 682 nitent
570 625 780 698 populi,
814 627 1142 682 decorentur
1169 627 1357 683 munia
1379 627 1596 695 Christi,
1913 627 2192 684 Laudibus
2221 627 2389 700 inque
2419 626 2514 683 Dei
2537 626 2782 701 gaudent
2810 627 2961 683 nullo
2993 627 3200 699 impete
3230 626 3403 695 tunsi,

1642 781 1866 850 ,CAPUT
1914 781 2054 838 VIII.

689 915 765 974 De
786 917 1197 994 persecutione
1229 914 1476 980 Claudii
1505 925 1560 978 et
1586 921 1812 980 sanctis
1839 917 2019 979 Lucio
2047 926 2101 978 et
2128 917 2348 990 Marco,
2381 915 2553 976 Petro
2591 922 2645 974 et
2679 914 3021 978 Theodosio.

188 1052 453 1108 Claudius
482 1051 764 1106 exstinctae
798 1048 1042 1105 rediviva
1081 1048 1338 1105 incendia
1369 1050 1602 1107 ﬂammae
1917 1052 2186 1118 Quattuor
2208 1050 2472 1107 hosinter
2498 1049 2694 1106 validae
2721 1049 2934 1107 fervore
2973 1049 3104 1107 ﬁdei

189 1144 378 1198 Donec
406 1150 462 1196 et
490 1141 741 1197 obtectos
769 1138 1018 1194 reﬂando
1036 1139 1336 1210 {resuscitat
1365 1140 1526 1216 ignes
1559 1158 1573 1195 :
1917 1140 2115 1196 Lucius
2141 1147 2195 1195 et
2224 1141 2455 1206 Marcus,
2479 1140 2692 1205 Petrus,
2724 1137 3065 1196 Theodosius
3103 1141 3212 1196 alte

190 1235 295 1301 Qui
320 1233 469 1289 Decii
505 1233 737 1304 prolem,
771 1230 896 1287 divo
925 1232 1166 1288 Iordane
1195 1232 1422 1304 piatam,
1915 1233 2222 1308 Flagrando
2253 1249 2377 1288 mox
2409 1232 2681 1288 ensiferos
2709 1249 3006 1304 properare
3038 1240 3260 1290 tuentur
3287 1255 3302 1303 ;

186 1328 664 1396 Temnentemque
696 1325 894 1392 minas,
927 1325 1170 1381 monitus
1196 1332 1251 1381 et
1281 1326 1435 1395 jussa
1465 1325 1681 1398 profani
1917 1327 2152 1381 Poscunt
2182 1325 2518 1397 praeproperi
2549 1325 2742 1396 primis
2771 1326 2972 1382 caelum
3003 1327 3204 1383 ictibus
3227 1328 3308 1384 ire
3343 1347 3357 1383 :

187 1415 425 1469 Felicem
458 1413 629 1469 crudo
662 1413 875 1488 peragit
897 1429 1160 1468 mucrone
1199 1413 1452 1485 Cyrillam
1914 1416 2062 1480 Quos
2090 1423 2145 1472 et
2169 1415 2416 1471 Justinus
2446 1415 2672 1470 tumulis
2691 1422 3048 1488 sanctamque
3071 1417 3324 1490 Cyrillum

186 1505 395 1560 Militiae
424 1503 632 1575 plures,
661 1520 800 1575 quos
823 1503 972 1559 fonte
1010 1513 1305 1560 novaverat
1333 1506 1478 1563 almo
1912 1505 2181 1560 Praeterea
2219 1505 2419 1561 multos
2447 1505 2662 1561 cinctus
2694 1505 2902 1577 pietate
2927 1513 3198 1582 receptat,

185 1596 486 1651 Successor
522 1594 657 1649 Sixti
680 1594 996 1666 Dionysius,
1024 1601 1196 1650 arctat
1222 1601 1276 1650 et
1311 1602 1428 1651 atra
1913 1596 2313 1671 Confessorque
2343 1614 2586 1672 sequens
2613 1614 2842 1656 consors
2878 1599 3177 1657 adhibetur
3203 1601 3452 1659 honoris.

185 1684 455 1740 Bidentes
485 1683 664 1740 rabidi
691 1683 910 1755 perimit
939 1690 1216 1755 praecepta
1245 1683 1469 1740 furoris.

1693 1811 1902 1868 CAPUT
1946 1812 2038 1868 IX.

1115 1944 1194 2004 De
1221 1943 1494 2006 ducentis
1522 1952 1575 2004 et
1607 1947 1928 2022 sewaginta
1955 1947 2145 2007 simul
2181 1949 2572 2026 martyribus.

174 2076 375 2132 Fertur
407 2078 676 2136 ducentos
707 2081 970 2136 eruendis
998 2081 1199 2157 glareis
1824 2085 1877 2153 B
1906 2081 2154 2138 Gaudere
2185 2083 2414 2154 pulchra
2439 2090 2661 2156 praestat
2689 2086 2964 2150 Asterium
2994 2087 3114 2146 face

171 2167 464 2239 Simulque
495 2170 779 2242 sexaginta
801 2171 996 2226 ductos
1025 2177 1311 2243 martyres,
1902 2170 2049 2226 Sudo
2080 2171 2278 2242 puellae
2304 2173 2555 2230 restituto
2595 2173 2826 2242 lumine,

173 2256 271 2312 Hic
301 2273 397 2312 rex
426 2259 576 2330 gravi
607 2259 794 2315 labore
822 2270 952 2316 tunc
984 2262 1255 2317 exercitos
1902 2262 2089 2316 Plures
2128 2261 2379 2316 tenebris
2410 2263 2530 2318 luce
2559 2279 2732 2334 agens
2763 2265 2866 2321 hac
2893 2266 3120 2336 liberos,

171 2349 394 2403 Turmis
426 2350 627 2420 petitos
659 2358 713 2405 et
743 2351 956 2426 sagittis
984 2352 1203 2408 saucios
1901 2353 2080 2423 Ipsam
2107 2355 2763 2428 patremque,conjugem
2795 2372 2860 2411 ac
2885 2356 3242 2416 domesticos.

175 2438 256 2493 Ad
286 2455 463 2510 regna
495 2439 619 2494 cmli
658 2457 689 2495 a
717 2441 983 2496 servitute
1023 2450 1208 2497 terrea
1900 2443 2036 2498 Tum
2057 2444 2376 2499 verberatus
2405 2461 2507 2500 nec
2534 2445 2799 2501 subactus
2829 2445 3071 2504 fustibus

175 2531 411 2585 Vinctus
440 2533 661 2587 coronis
699 2533 961 2588 extulisse
991 2539 1256 2604 tempora.
1902 2537 2062 2594 Truci
2086 2539 2325 2610 capessit
2355 2547 2542 2596 sectus
2570 2557 2705 2597 ense
2733 2542 2985 2599 caalicam

178 2619 383 2675 Horum
413 2620 588 2676 tulere
616 2621 864 2676 membra
893 2622 1230 2692 serviccelici
1903 2625 2155 2682 Mercede
2183 2628 2382 2698 capitis
2411 2646 2573 2702 quam
2593 2632 2801 2702 paravit
2828 2633 3056 2709 regiam.

175 2709 383 2764 Marius
422 2710 515 2781 pia
537 2710 726 2783 jugale
756 2711 962 2766 Martha
988 2711 1250 2783 praeditus
1905 2719 2042 2775 Hinc
2068 2719 2400 2776 exhibentur
2429 2721 3022 2782 advenaeillustrissimi

173 2801 502 2891 Iunctisque
533 2803 672 2858 votis
701 2802 931 2857 Audifax
953 2811 1008 2858 et
1027 2804 1303 2872 Abbacuc,
1902 2815 2130 2887 Actique
2160 2815 2366 2891 ﬂagris,
2399 2824 2552 2890 terga
2579 2819 2706 2873 caesi
2729 2818 2951 2887 robore,

175 2890 424 2981 Quorum
455 2898 712 2981 notantur
736 2899 864 2981 apta
882 2891 1307 2981 caelisnomina,
1905 2903 2040 2978 Regi
2071 2890 2312 2975 superno
2343 2913 2468 2961 vota
2496 2906 2737 2963 reddunt
2772 2909 2984 2981 gloriae,

175 2979 456 3034 Orationis
484 2980 658 3054 gratia
685 2979 781 3051 qui
810 2995 877 3034 ex
908 2979 1122 3050 persida

1904 2997 2023 3053 Mox
2041 2997 2167 3071 igne
2197 2999 2324 3054 tosti
2353 3007 2409 3055 et
2437 3014 2622 3076 ungue
2653 2979 2994 3058 fossiiferrea

173 3071 570 3169 apostolorum
598 3079 868 3169 venerat-1t
893 3071 967 3169 ‘ad
990 3071 1201 3169 limina
1674 3137 1680 3150 ,
1905 3091 2069 3147 Pensi
2095 3100 2320 3160 catasta,
2352 3071 2668 3169 gratia-Deo
2697 3094 2858 3152 litant

174 3163 398 3258 {0311118
426 3163 547 3258 φῙῐί
575 3163 1187 3258 Ποδίιίξδίῐηξδάνθηωτ
1905 3181 2212 3254 Christique
2234 3163 2383 3238 clara
2407 3184 2463 3238 in
2495 3185 2658 3240 laude
2697 3185 2806 3240 laeti
2839 3194 3196 3258 concrepant.

173 3256 400 3311 Honore
428 3256 631 3330 dignus
667 3256 764 3328 qui
795 3255 1005 3311 nitebat
1039 3257 1348 3328 presbyter,

1904 3273 2156 3328 Manibus
2196 3274 2388 3329 recisis
2410 3275 2784 3349 inclytumque
2817 3277 2871 3332 in
2901 3255 3146 3335 dedecus

172 3346 456 3419 Cultuque
478 3347 712 3403 honesto
741 3347 1068 3422 colligentes
1099 3347 1289 3402 linteis

1832 3406 1878 3439 ρ
1904 3366 1982 3419 Ad
2013 3365 2153 3421 colla
2174 3366 2354 3433 nexis,
2381 3346 2586 3422 territis
2606 3346 2978 3439 spectaculum

363 3406 382 3419 .
872 3406 905 3422 υ
1904 3406 1982 3419 ..υ
2013 3406 2153 3421 cm...
2176 3406 2354 3433 ..υωη
2383 3406 2586 3422 .-.......
2607 3406 2632 3422 ο
2676 3406 2979 3424 υυιαυιμυ...

169 3439 388 3510 Εῐηρίίε
425 3455 581 3494 sacra
607 3456 730 3495 055a
754 3439 1053 3495 condidere
1082 3439 1307 3494 salaria-
1831 3406 1881 3476 Ο
1901 3454 2059 3511 Ducti
2088 3471 2187 3526 per
2215 3455 2414 3512 Urbem
2446 3457 2601 3513 triste
2627 3406 2761 3514 dant
2799 3460 3121 3527 Quiritibus,

169 3535 331 3588 Tunc
361 3542 417 3588 et
445 3534 733 3599 Quirinum
764 3549 949 3588 amore
971 3533 1171 3588 Christi
1201 3533 1294 3606 qui
1327 3533 1519 3608 vigens
1901 3548 1993 3603 Sic
2012 3547 2153 3603 colla
2181 3549 2318 3604 secti
2356 3566 2526 3624 regna
2555 3551 2828 3608 scandunt
2865 3552 3059 3610 οωιίοδ

169 3626 668 3696 Proscriptionem,
701 3626 890 3702 ﬂagra,
923 3626 1122 3693 vincla,
1155 3626 1368 3696 funera,

1903 3640 2075 3710 Caput
2105 3655 2299 3695 cruore
2327 3639 2534 3696 Martha
2558 3643 2763 3714 gaudet
2795 3643 3032 3720 tingere,

169 3719 380 3788 Spreto
417 3717 753 3788 triumphum
785 3733 980 3788 passus
1010 3718 1164 3773 hoste
1195 3727 1506 3790 sumpserat
1533 3736 1548 3786 ;
1900 3731 2030 3796 Quze
2059 3747 2238 3785 mersa
2266 3731 2489 3803 lympha
2516 3734 2714 3789 omium
2746 3736 2815 3790 ab
2835 3717 3001 3791 undis
3021 3737 3227 3811 expetit
3260 3757 3274 3794 :

169 3812 347 3877 Quem
378 3811 507 3865 dum
541 3818 758 3866 tenetur
779 3811 1320 3888 foverantergastulo
1901 3820 2012 3875 Nec
2041 3827 2189 3875 tanta
2219 3821 2444 3876 adactos
2475 3823 2625 3878 caede
2657 3824 2818 3878 mites
2853 3825 3057 3882 sufﬁcit

166 3903 360 3957 Tiberi
396 3909 671 3959 revectum
703 3904 954 3959 Pontiani
984 3905 1322 3960 interserunt
1902 3914 2041 3980 Quin
2082 3930 2151 3968 ne
2178 3915 2448 3986 sepulcris
2475 3925 2790 3974 muneraret
2819 3919 3057 3976 charitas

175 3992 385 4056 Bustis,
420 3992 620 4048 decore
651 4008 760 4064 quo
791 3993 1023 4048 decebat
1051 4002 1364 4065 martyrem.
1903 4006 2068 4078 Regis
2089 4005 2240 4061 litata
2262 4006 2670 4081 conﬂagrarunt
2693 4026 2946 4082 corpora.

173 4085 310 4139 Post
340 4085 488 4139 hunc
515 4086 774 4155 prehensi
806 4102 928 4141 cum
959 4085 1249 4140 Valentino
1283 4086 1336 4139 in
1369 4086 1534 4142 domo
1902 4096 2174 4150 Semiusta
2203 4096 2373 4152 fertur
2401 4114 2527 4153 ossa
2553 4100 2649 4154 sed
2681 4100 2932 4158 Felicitas

175 4180 334 4236 Ultro
366 4189 678 4247 manentes,
706 4197 812 4252 qua
851 4179 1045 4235 beatus
1083 4180 1174 4262 hic
1194 4197 1350 4236 sacer
1904 4185 2170 4256 Rapuisse
2188 4185 2321 4242 diris
2350 4189 2654 4244 occulenda
2681 4189 2749 4245 ab
2781 4191 3004 4266 ignibus

175 4271 560 4329 Confessionis
575 4273 794 4328 clausus
823 4274 978 4328 almae
1007 4274 1182 4347 gloria
1902 4279 2192 4352 Bustisque
2223 4281 2444 4354 proprio
2472 4283 2786 4341 condidisse
2814 4285 3021 4357 praedio

170 4362 403 4416 Animas
429 4362 697 4428 sacrabat,
729 4362 875 4417 clara
899 4361 1036 4416 dans
1064 4361 1352 4429 miracula,
1905 4367 2043 4424 Pure
2075 4370 2312 4427 lcvatant
2336 4372 2644 4449 conjugans
2671 4375 2996 4450 viraginem.

173 4451 345 4515 Queis
373 4450 636 4508 caecitatis
667 4460 884 4507 erutum
917 4450 1156 4523 caligine

1703 4585 1912 4641 CAPUT
1949 4588 2014 4644 X.

1379 4722 1458 4781 De
1498 4733 1704 4784 sancto
1750 4722 2005 4786 Caesario
2045 4737 2335 4805 martyre.

171 4855 531 4924 Tempestate
560 4853 662 4907 sub
695 4853 813 4919 hac,
847 4854 1034 4910 divino
1056 4855 1282 4912 numine
1305 4857 1524 4925 ductus,
1825 4871 1884 4941 D
1904 4861 2143 4920 Latoidae
2165 4880 2275 4921 non
2300 4864 2452 4935 jussa
2480 4864 2682 4931 ferens,
2711 4865 2883 4923 fundo
2909 4868 3020 4924 ruit
3051 4868 3204 4924 aedes

178 4943 452 4998 Caesarius
479 4940 823 4998 Terracinam
855 4943 1152 4998 devenerat
1180 4945 1392 5010 urbem.
1827 4940 1858 4941 ί
1905 4956 2228 5014 Pontiﬁcem
2255 4958 2460 5029 pariter
2488 4957 2782 5015 Firminum
2808 4962 3060 5032 amplexa
3087 4962 3283 5020 ruinis.

175 5035 573 5106 Saxicolasque
604 5035 798 5089 videns
824 5036 954 5090 dum
979 5044 1162 5092 mente
1190 5038 1474 5112 redarguit
1503 5040 1632 5108 alta,
1905 5049 2072 5104 Sacra
2099 5051 2527 5121 triumphantem
2557 5052 2796 5124 populus
2818 5070 2889 5109 ne
2918 5053 3083 5110 laude
3113 5060 3342 5110 coronet

177 5127 441 5196 Principe
473 5125 734 5193 Firmino,
767 5127 922 5182 divos
943 5131 1519 5200 tutante,prehensus,

1907 5143 2027 5198 Mox
2050 5143 2223 5218 nigris
2253 5145 2430 5200 victor
2459 5145 2648 5200 divum
2671 5146 2972 5202 retruditur
2999 5146 3193 5213 antris,

177 5223 524 5294 Carcereque
553 5222 820 5288 inclusus,
855 5224 1068 5294 probris
1096 5224 1362 5298 afﬂigitur
1391 5233 1565 5281 actus.
1908 5231 2023 5296 Qua
2051 5234 2284 5290 Domino
2306 5235 2532 5303 junctus
2559 5243 2673 5292 toto
2696 5235 2966 5290 mansisse
2990 5235 3093 5290 sub
3115 5249 3263 5290 anno

177 5314 428 5384 Suscipit
458 5313 758 5381 addictum,
791 5322 916 5386 post
948 5315 1051 5371 ista
1081 5317 1337 5372 Leontius
1368 5325 1531 5387 atque
1907 5324 2120 5392 Fertur,
2154 5332 2208 5381 et
2236 5327 2368 5381 hinc
2390 5327 2614 5398 plenum
2638 5327 2996 5400 suppletdum
3012 5324 3243 5398 Cynthia
3267 5338 3495 5380 cursum

181 5408 452 5462 Invictum
485 5423 742 5462 sermone
765 5407 1006 5479 probans
1037 5408 1253 5464 feritate
1294 5410 1514 5466 lacescit
1542 5427 1555 5464 :
1909 5417 2176 5474 Redditus
2201 5419 2332 5476 inde
2363 5419 2480 5476 foro
2510 5421 2768 5492 precibus
2795 5420 2924 5476 dum
2958 5417 3196 5474 transilit
3224 5424 3372 5473 astra

179 5503 316 5557 Nam
353 5519 463 5573 prae
502 5502 775 5558 curriculo
807 5519 1044 5576 pergens
1063 5505 1174 5576 agit
1202 5504 1269 5559 ad
1300 5521 1452 5560 sacra
1483 5504 1674 5560 Phaabi
1909 5508 2153 5565 Luminis
2181 5511 2424 5566 ambitur
2448 5512 2633 5568 subito
2656 5512 2869 5585 fulgore
2890 5511 3115 5582 superni
3148 5528 3163 5578 ;

181 5592 448 5647 Vestibus
475 5592 742 5648 intectum
771 5601 895 5664 post
936 5601 1086 5666 terga
1118 5611 1423 5666 manusque
1455 5595 1750 5651 revinctum

1576 5604 1757 5651 “Clum
1790 5610 1806 5660 ἱ
1909 5603 2158 5662 Externis
2185 5608 2276 5664 lux
2304 5608 2414 5663 lata
2440 5608 2615 5664 oculis
2644 5609 2860 5663 interna
2881 5606 3145 5678 perintrat

180 5689 301 5749 QUO
327 5684 460 5738 dum
491 5684 823 5756 Ρθτνοηίεηδ
849 5684 1080 5741 Domino
1112 5685 1201 5756 ρὶε
1227 5691 1352 5740 νοίδ
1381 5684 1640 5752 refundit,
1907 5698 2080 5756 Corda
2105 5699 2280 5756 virum
2314 5718 2328 5756 :
2357 5714 2557 5772 supero
2580 5699 2874 5772 splendore
2900 5698 3159 5756 Leontius
3178 5704 3374 5765 auctus
