3958 6158
478 281 576 335 691
1239 275 1608 331 FLODOARDI
1651 275 1954 330 CANONICI
1997 273 2322 329 REMENSIS
2364 271 2698 330 OPUSCULA
2741 271 3049 327 METRICA.
3692 279 3781 334 692

481 405 710 460 Credere
736 418 795 458 se
823 401 1005 473 prodit
1033 402 1435 473 chlamidisque
1464 401 1701 457 obnubit
1723 401 1924 456 amictu
2117 402 2166 470 Α
2197 400 2330 453 Dum
2361 398 2563 453 multos
2587 397 2793 453 cultum
2819 414 2851 452 a
2881 397 3039 454 vanis
3067 398 3337 453 convertit
3357 398 3426 452 ad
3466 398 3658 454 almum

479 496 818 550 Praebentem
847 491 993 548 nudo
1021 491 1333 564 spectacula
1361 507 1594 562 corpore
1623 491 1805 565 vulgo.
2197 491 2491 562 Presbyter
2511 491 2749 545 aethereo
2779 489 2907 545 felix
2938 505 3076 561 quos
3097 489 3246 544 fonte
3267 490 3528 555 novabat,

479 585 587 639 Nec
607 597 779 647 mora,
808 581 1038 637 diluitur
1065 581 1301 651 divaque
1323 579 1627 635 renascitur
1657 580 1825 642 unda,
2201 581 2408 636 Efferus
2436 581 2702 652 zequivoci
2738 581 2939 652 pietate
2967 580 3228 636 Leontius
3265 581 3460 636 ambos

479 678 610 733 Viue
638 685 692 732 et
721 693 875 732 sacra
907 676 1033 746 piae,
1059 675 1277 730 Juliano
1306 675 1494 738 dante,
1529 689 1826 745 capessens
2199 674 2353 745 Rapti
2396 673 2777 728 inconcussam
2809 673 3026 744 stringit
3053 672 3321 744 genitoris
3349 673 3417 727 ad
3442 689 3640 737 arcem,

481 770 632 825 Fusis
661 784 787 824 mox
818 769 1076 840 preCibus
1092 767 1259 822 celeri
1292 767 1429 837 petit
1458 766 1662 821 aethera
1691 767 1852 821 saltu.
2201 763 2331 819 Inde
2362 763 2480 819 foro
2512 763 2718 818 inducti
2744 763 3011 834 nulloque
3039 763 3217 836 rigore
3253 763 3468 818 subacti

480 865 863 935 Presbyterum
927 871 1175 918 sanctum
1230 862 1506 916 Iulianum
1557 859 1873 934 almumque
1933 861 2099 915 mini-
2197 856 2328 910 Tum
2361 854 2606 910 tenebris
2635 854 2790 920 trusi,
2818 853 2948 908 dum
2984 853 3126 908 ferre
3157 853 3404 908 litamina
3431 861 3696 919 temnunt,

1867 951 2025 1023 [trum
2203 948 2490 1019 Excipiunt
2512 963 2673 1002 enses
2697 947 3047 1020 migrantque
3069 946 3137 1001 ad
3163 946 3340 1000 sidera
3373 946 3485 1001 laeti
3520 965 3536 1012 ;

483 1045 771 1100 Czesarium
805 1046 1065 1116 princeps
1081 1045 1199 1113 ejus
1215 1061 1374 1101 sacco
1401 1045 1572 1100 insuit
1591 1046 1743 1100 urbis
2199 1045 2438 1112 Corpora
2467 1040 2715 1096 ﬂuminei
2740 1040 2982 1111 lymphis
3010 1045 3234 1110 exposta
3263 1039 3465 1094 lavacri

485 1134 772 1201 Luxurius,
806 1134 1190 1204 parricidalem
1221 1134 1378 1206 quasi
1409 1151 1629 1189 sumere
1661 1134 1918 1189 mulctam
2201 1133 2276 1186 Ad
2305 1149 2453 1187 mare
2477 1132 2810 1197 concedunt,
2839 1131 3122 1185 custodem
3155 1130 3360 1201 quippe
3394 1130 3615 1184 fidelem

487 1222 839 1287 Promeritos,
870 1223 1083 1296 gremio
1109 1223 1312 1294 sumpti
1336 1223 1430 1294 qui
1458 1223 1514 1277 in
1546 1223 1741 1278 caerula
1768 1223 1921 1293 ponti
2201 1225 2296 1278 Cui
2317 1240 2441 1279 sese
2473 1224 2678 1279 dedant
2706 1222 3009 1295 quaerentia
3030 1239 3260 1277 munera
3289 1223 3525 1297 dignum
3556 1240 3568 1274 :

485 1317 560 1370 Ne
578 1317 744 1371 maris
776 1317 1067 1372 ebiberent
1098 1317 1296 1372 ﬂuctus
1326 1317 1660 1389 lymphantis
1687 1333 1904 1372 amaros
2201 1316 2435 1380 Quartus
2463 1316 2530 1370 ad
2565 1315 2619 1376 id
2651 1315 2836 1386 Capua
2859 1315 3156 1386 perductus
3182 1315 3248 1369 ab
3277 1315 3412 1369 urbe
3438 1315 3689 1371 sacerdos

484 1405 794 1460 Vorticibus
821 1407 1092 1460 scandunt
1120 1407 1364 1462 Thetidis
1392 1407 1638 1463 coelestia
1669 1406 1916 1462 summis.
2201 1408 2496 1463 Littoribus
2527 1408 2704 1482 legata
2731 1409 2876 1462 levat
2905 1409 3305 1478 commissaque
3335 1406 3549 1478 perfert

486 1499 740 1554 Littoreis
765 1501 970 1568 thecas,
1001 1500 1298 1556 reddentcs
1327 1501 1475 1556 illico
1505 1501 1706 1570 arenis,
2202 1499 2480 1555 Curriculo
2503 1500 2716 1554 sublata
2745 1515 2947 1564 casam,
2989 1499 3170 1568 capita
3198 1508 3365 1570 atque
3391 1496 3672 1568 requirens

489 1590 756 1646 Eusebius
780 1608 916 1664 quas
946 1593 1078 1647 inde
1111 1593 1236 1663 pius
1267 1593 1522 1648 monachi
1555 1593 1734 1647 bonus
1765 1597 1887 1646 actu
2204 1590 2439 1659 Invenit,
2471 1591 2703 1662 haecque
2725 1591 2834 1646 sibi
2859 1606 2918 1645 se
2939 1590 3082 1645 ultro
3115 1590 3411 1660 pandentia
3445 1589 3614 1643 sumit

491 1685 631 1738 Dans
661 1691 820 1738 terrae
849 1691 1049 1739 terram
1073 1684 1274 1739 dictam
1304 1701 1476 1756 prOpe
1507 1684 1757 1740 condidit
1779 1683 1970 1736 urbem
2134 1753 2167 1756 Η
2206 1685 2518 1754 Junctaque
2541 1683 2866 1753 corporibus
2895 1698 3002 1754 qua
3018 1682 3249 1756 pignora
3271 1690 3461 1736 sancta
3479 1682 3731 1745 locarunt,

488 1778 722 1841 Quorum
752 1777 820 1830 ad
851 1777 1010 1831 busta
1025 1793 1218 1848 preces
1244 1753 1476 1833 Domino
1509 1793 1572 1831 ac
1593 1777 1803 1847 jejunia
1833 1775 2031 1841 libans,
2132 1753 2179 1818 Β
2208 1753 2500 1828 Ductorum
2524 1773 2748 1827 tumulis
2778 1771 3000 1828 scollata
3025 1753 3273 1828 recondit
3301 1771 3576 1827 honestis.

1334 1979 1824 2068 INCIPIT
1911 1978 2302 2065 LIBER
2395 1909 2944 2064 SEXTUS.

1890 2155 2096 2210 CAPUT
2146 2154 2430 2209 PRIMUM.

1763 2291 1840 2349 De
1874 2300 2078 2352 sancto
2125 2291 2314 2351 Felice
2352 2307 2534 2368 papa.

490 2429 639 2484 Felix
671 2430 726 2483 in
756 2428 1029 2483 cathedrae
1055 2427 1330 2498 applicitis
1361 2426 1740 2483 moderamine
1771 2427 1917 2482 Petri
2211 2427 2579 2501 Quadraginta
2605 2426 2857 2497 duosque
2880 2425 3065 2480 ferunt
3103 2425 3405 2497 polyandra
3441 2426 3648 2480 locasse

490 2521 826 2581 Succedens,
861 2519 1003 2574 bene
1022 2525 1198 2593 gestat
1223 2534 1387 2586 onus,
1407 2520 1550 2575 bene
1573 2526 1766 2575 tractat
1819 2519 2104 2585 honorem,
2209 2516 2365 2572 Caede
2396 2522 2710 2579 coronatos,
2742 2513 3001 2568 manibus
3030 2530 3168 2585 quos
3196 2515 3312 2585 ipse
3345 2515 3677 2579 recondens,

490 2611 713 2682 Mystica
740 2612 1048 2666 decernens
1072 2611 1338 2666 victorum
1369 2613 1439 2666 ad
1470 2612 1635 2667 busta
1660 2611 1802 2666 litari
2209 2605 2531 2676 Martyribus
2559 2604 2726 2676 digno
2761 2603 3022 2674 cultuque
3055 2602 3234 2658 affecit
3263 2603 3528 2658 honesto.

490 2704 662 2774 Atque
693 2713 986 2759 coronatus
1025 2703 1261 2774 fusoque
1291 2719 1485 2759 cruore
1517 2703 1886 2774 triumphans,
2208 2703 2315 2758 Nec
2337 2717 2509 2765 mora,
2538 2702 2867 2770 conjunctus
2896 2699 3135 2755 victores
3164 2698 3376 2753 evibrat
3409 2699 3582 2764 inter,

490 2795 659 2857 Quem
676 2793 1120 2863 jubetimpendi,
1150 2793 1460 2863 impensum
1495 2801 1660 2865 caput
1690 2795 1810 2865 ipse
1825 2794 2099 2850 decorem.
2204 2794 2453 2848 Testibus
2473 2800 2526 2848 et
2549 2793 2702 2849 testis
2731 2793 3071 2849 convertitur
3100 2801 3293 2846 auctus
3326 2792 3564 2847 honore.

493 2885 807 2940 Euticianus
839 2902 962 2940 cum
1003 2883 1300 2956 ofﬁcioque
1322 2885 1544 2958 ﬁdeque
1575 2894 1819 2953 secutus,
2208 2885 2330 2953 Ipse
2357 2882 2558 2954 quibus
2587 2882 2798 2938 loculos
2823 2882 3013 2937 habitu
3046 2881 3287 2936 contexit
3318 2897 3551 2936 amoeno

490 2981 844 3050 Nequaquam
876 2980 1134 3034 inferiore
1155 2981 1339 3037 studet
1369 2980 1588 3053 pietatis
1613 2996 1799 3035 amore
2149 3047 2182 3053 η
2207 2974 2509 3028 Occurrunt
2527 2973 2637 3028 laeti
2665 2973 2816 3029 socio
2847 2989 3014 3027 aurea
3038 2987 3205 3046 regna
3237 2972 3447 3042 petenti

492 3067 731 3124 Glisccre
765 3069 818 3123 in
849 3068 1130 3136 emeritos,
1164 3086 1288 3124 nam
1323 3086 1420 3142 per
1437 3070 1654 3125 diversa
1682 3075 1962 3124 trecentos
2137 3047 2185 3113 (ἶ
2209 3067 2460 3138 Luceque
2479 3066 2832 3138 conspicuam
2863 3065 3072 3120 ducunt
3103 3055 3386 3139 gratanter
3419 3064 3476 3118 in
3503 3063 3697 3118 aulam.

2003 3203 2209 3258 CAPUT
2259 3204 2325 3258 Il.

1516 3327 1596 3385 De
1621 3327 1848 3386 sanctis
1883 3324 2163 3395 Basilide,
2202 3324 2476 3386 Mandali
2502 3332 2553 3383 et
2590 3326 2789 3384 sociis.

489 3465 638 3519 Tunc
659 3465 958 3534 imperator
981 3463 1238 3520 incitatus
1261 3464 1517 3519 manibus
2206 3463 2458 3519 Basilidis
2488 3464 2592 3519 isto
2622 3464 2998 3535 Mandalisque
3032 3465 3262 3520 traditur

497 3554 822 3608 Aurelianus
853 3561 1026 3609 castra
1054 3554 1200 3628 regis
1229 3554 1424 3620 coclici,
2204 3554 2455 3625 Tripodis
2483 3555 2759 3627 simulque
2789 3556 2873 3610 his
2901 3556 3094 3611 decem
3125 3555 3396 3612 sodalium

490 3644 677 3698 Edicta
708 3645 921 3698 cudens
941 3659 1120 3699 nonus
1147 3643 1552 3717 indignissima.
2208 3647 2393 3703 Romae
2423 3647 2758 3718 triumphum
2792 3656 2949 3703 nacta
2972 3649 3142 3704 virtus
3171 3650 3382 3720 impetu
3418 3671 3434 3704 :

488 3736 744 3804 Vexabat,
775 3736 1029 3792 evitanda
1067 3744 1284 3791 certans
1315 3736 1520 3808 prazlia.
2211 3737 2303 3791 Via
2331 3745 2580 3808 receptos
2599 3753 2739 3809 quos
2769 3737 2950 3793 ferunt
2981 3739 3216 3794 Aurelia.

1990 3865 2200 3920 CAPUT
2247 3865 2340 3921 Ill.

1839 3990 1912 4048 De
1953 3997 2159 4050 sancto
2202 3989 2477 4066 Agapito.

490 4133 752 4208 Agapitus
766 4132 1162 4188 Praenestinum
1192 4131 1407 4186 fervore
1426 4131 1530 4186 sub
1560 4132 1678 4202 ipso
2209 4132 2304 4188 Ille
2337 4133 2511 4188 inter:
2539 4153 2565 4184 α
2594 4133 2813 4188 Frustra
2842 4133 3113 4204 sapientia
3139 4149 3278 4187 vana
3308 4133 3533 4188 laborat

491 4224 728 4279 Illustrat
756 4224 954 4278 virtute
984 4225 1162 4279 solum
1199 4241 1211 4276 :
1245 4223 1337 4293 qui
1364 4223 1487 4278 luce
1517 4223 1663 4277 beati
2212 4215 2271 4276 In.
2299 4221 2469 4290 fumo,
2498 4237 2699 4294 prmses
2738 4229 2846 4276 tua.
2885 4243 2911 4270 η
2945 4221 3220 4276 Turbidus
3240 4221 3336 4276 ille
3365 4222 3611 4293 profatis

2207 4313 2372 4368 Vexat
2404 4313 2532 4368 item
2561 4312 2766 4380 crudis,
2801 4313 2949 4368 lanio
2980 4313 3309 4377 alternante,
3344 4312 3614 4387 ﬂagellis,

2212 4407 2382 4477 lnque
2413 4407 2585 4461 vicem
2617 4406 3147 4461 sibimetsuccedere
3179 4412 3442 4476 quattuor
3474 4406 3657 4461 addit.

490 4313 726 4368 Functus
760 4313 1067 4382 l’orphorii,
1092 4310 1324 4367 celebris
1351 4311 1556 4382 pietate
1583 4312 1830 4387 magistri

490 4405 551 4459 Ut
583 4405 750 4460 fontis
777 4403 1040 4473 liquidam
1058 4405 1252 4459 sitiens
1273 4403 1553 4459 desiderat
1583 4405 1786 4459 undam

2124 4358 2182 4426 D

486 4493 722 4564 Martyrii
758 4507 1033 4547 summum
1066 4492 1218 4548 ﬁbris
1239 4493 1466 4549 ardebat
1493 4494 1780 4549 honorem.
2208 4495 2344 4551 Hinc
2374 4502 2621 4550 ventrem
2657 4495 2901 4566 profudit
2921 4495 2972 4550 ei
3004 4493 3305 4549 ferventior
3334 4495 3511 4559 unda,

487 4586 584 4639 Vix
613 4593 775 4641 natus
803 4592 924 4657 post
951 4588 1198 4659 quinque
1227 4587 1416 4641 decem
1442 4587 1816 4659 compleverat
1854 4603 2030 4643 annos
2203 4587 2482 4661 Frangunt
2513 4585 2784 4653 maxillas,
2825 4584 3047 4639 laudem
3071 4583 3419 4657 perfringere
3454 4583 3664 4639 Christi

486 4681 800 4752 Sceptriferi
818 4681 988 4750 jussis
1013 4688 1068 4737 et
1107 4689 1289 4736 tentus
1314 4682 1384 4736 ob
1417 4682 1620 4752 inclyta
1651 4681 1848 4736 Christi
2201 4676 2307 4730 Sed
2335 4675 2485 4730 nulla
2507 4683 2621 4730 arte
2642 4677 2826 4730 valent
2844 4673 3057 4728 Satanae
3078 4681 3380 4742 superante
3415 4673 3663 4726 ministri

488 4773 613 4835 Quae
645 4787 754 4826 non
778 4772 1024 4826 cessabat
1066 4771 1340 4842 praeconia
1365 4787 1625 4843 spargere
1647 4771 1810 4826 dictis
1835 4789 1848 4826 :
2201 4767 2293 4819 Ast
2319 4781 2388 4819 ne
2412 4765 2694 4838 sacrilegis
2726 4765 2948 4838 longum
2971 4763 3234 4817 subsanet
3268 4762 3507 4817 inultum

488 4860 681 4915 Crudis
705 4860 1009 4935 subrigitur
1039 4860 1522 4934 nervisﬂagrisque
1541 4861 1749 4915 severis
1783 4879 1796 4926 ;
2200 4853 2460 4930 COgnitor
2489 4854 2746 4908 athletam
2775 4852 2971 4907 Christi
3001 4851 3140 4905 dans
3169 4848 3338 4904 effera
3371 4856 3548 4918 tutus,

486 4949 728 5004 Invictus
758 4949 977 5003 tandem
1010 4948 1155 5004 lasso
1189 4965 1390 5003 czesore
1417 4951 1683 5020 probatus
2209 4948 2333 5002 Haec
2365 4946 2506 5000 inter
2535 4946 2717 5000 subito
2737 4945 2970 5017 caligine
2998 4942 3238 5016 cingitur
3256 4950 3399 5009 atra,

485 5040 712 5096 Censori
738 5038 1008 5094 Antiocho
1041 5038 1202 5093 datur
1230 5040 1594 5110 appellendus
1619 5041 1685 5095 ad
1709 5057 1851 5109 aras,
2209 5039 2392 5110 Deque
2424 5034 2683 5091 tribunali
2711 5034 2965 5089 recidens
2993 5034 3194 5088 virtute
3223 5032 3524 5087 subactum

485 5134 708 5206 Spurcis
732 5133 826 5205 qui
859 5132 1083 5188 latebris
1106 5139 1374 5204 antroque
1414 5133 1664 5207 nigrante
1695 5145 1978 5208 receptum
2207 5135 2459 5206 Martyris
2485 5133 2721 5188 addiscit
2759 5131 2972 5186 delatus
2999 5129 3197 5185 robore
3230 5130 3436 5192 inanis,

486 5225 784 5289 Quatriduo
815 5224 1278 5294 tenetimpastum
1318 5232 1649 5297 sumptuque
1678 5236 1995 5295 carentem;
2207 5228 2480 5299 Lectoque
2512 5225 2828 5297 applicitus,
2853 5223 2993 5278 tristi
3013 5222 3092 5277 sic
3109 5222 3305 5276 funere
3340 5221 3598 5288 functus,

483 5317 771 5373 Exhibitus
800 5318 1032 5388 posthac
1061 5317 1318 5372 ardentes
1341 5319 1545 5373 vertice
1569 5336 1796 5390 prunas,
2207 5321 2426 5376 Plenam
2461 5319 2587 5374 felle
2617 5319 2855 5373 animam
2884 5331 3084 5371 vacuas
3112 5313 3315 5369 emittit
3348 5316 3406 5369 in
3428 5331 3628 5370 auras.

479 5409 720 5481 Suscipit
749 5409 1004 5464 exultans
1032 5411 1186 5465 testis
1223 5418 1520 5486 gratesque
1553 5413 1868 5484 rependens
2204 5413 2334 5469 Acta
2361 5414 2479 5467 haec
2512 5411 2786 5466 Caesareas
2810 5409 3093 5479 stupidant
3121 5407 3250 5462 dum
3273 5407 3535 5478 protinus
3570 5424 3741 5463 aures

479 5503 672 5558 Omnia
699 5503 940 5558 servanti
968 5519 1138 5576 seque
1161 5504 1276 5560 haec
1308 5505 1362 5560 in
1389 5504 1536 5562 bella
1566 5507 1787 5561 levanti.
2204 5508 2326 5577 Ipse
2355 5503 2595 5560 leoninis
2621 5504 2770 5559 dicat
2796 5501 3080 5557 haustibus
3103 5515 3224 5554 esse
3258 5499 3578 5554 vorandum

478 5594 722 5649 Creditur
748 5594 878 5649 inde
913 5594 1097 5671 ﬂagris
1119 5596 1322 5664 nudus,
1357 5598 1719 5672 suspenditur
1745 5605 1867 5654 acto
2200 5599 2473 5653 Victorem
2509 5597 2738 5651 humani
2761 5612 2859 5667 per
2886 5600 3031 5649 tanta
3056 5599 3262 5662 tropaea
3291 5591 3493 5647 furoris

479 5683 556 5737 Ad
589 5690 785 5738 terram
817 5684 1022 5755 capite,
1047 5701 1110 5740 ac
1134 5683 1284 5742 fumo
1310 5686 1666 5758 perfunditur
1690 5688 1800 5743 acri
2201 5687 2390 5743 Mitent
2414 5686 2581 5743 corda
2608 5685 2764 5753 ferae,
2799 5691 3048 5742 naturam
3080 5698 3291 5756 ponere
3321 5680 3603 5758 gaudent,
