3958 6158
267 241 367 298 693
621 278 625 281 -
883 238 971 292 DE
1011 237 1272 294 CHRISTI
1313 235 1680 292 TRIUMPHIS
1720 237 1894 293 APUD
1936 237 2209 295 ITALIAM
2247 240 2425 296 LIBRI
2464 242 2597 298 XIV.
2637 271 2708 283 —-
2746 239 2878 296 LIB.
2919 239 3006 295 Vl.
3511 247 3620 302 694

257 368 660 437 Mansuetaaque
693 369 887 430 ruunt,
910 363 1081 420 vincti
1113 370 1168 418 et
1206 361 1433 436 vestigia
1457 362 1722 418 lambunt.
1910 368 1961 435 Α
1989 363 2064 420 Ac
2091 380 2234 422 nova
2265 373 2381 422 tum
2416 367 2622 433 loculo,
2662 353 2851 421 divina
2881 374 3064 422 mente
3093 376 3302 440 parato,

258 463 511 517 Securum
539 471 672 530 ergo
705 454 855 510 feras
877 455 1024 511 inter
1052 455 1226 530 magis
1251 470 1373 510 esse
1399 453 1656 511 dolentes
1765 497 1768 499 Α
1992 455 2146 511 Ilicet
2173 457 2396 514 invento
2425 457 2667 530 pretiosa
2698 456 2929 512 monilia
2958 461 3224 519 condunt.

259 553 462 628 Flagitii
496 550 866 606 fabricatores
901 548 1240 620 scelerisque
1269 547 1524 614 clientes,
1991 550 2104 604 Hoc
2125 549 2272 606 inter
2295 559 2573 608 tormenta
2598 551 2766 604 Deum
2796 550 2921 608 laeto
2952 569 3047 610 ore
3078 555 3285 612 fatente

258 649 498 705 Belluina
529 663 694 719 quam
728 646 878 700 inter
917 645 1173 702 homines
1193 644 1407 700 feritate
1439 643 1704 710 furentes,
1990 638 2107 702 QUO
2130 640 2339 714 regitur
2361 641 2662 706 Christum,
2694 638 2917 709 quidam
2945 659 3010 698 ex
3030 646 3336 702 astantibus
3365 647 3479 704 illic

257 741 322 794 De
352 737 540 792 medio
571 743 768 791 testem
803 736 981 790 multa
1017 735 1218 791 virtute
1242 735 1531 806 probatum
1724 762 1728 767 -
1985 727 2196 784 Clamat
2223 731 2571 788 Anastasius:
2617 749 2648 780 ι
2685 729 2824 786 Vere
2852 749 3086 808 magnus
3117 738 3260 793 Deus
3290 739 3410 810 ipse

256 827 560 898 Abripiunt,
590 825 784 896 procul
807 824 1116 891 abducunt,
1139 825 1280 880 colla
1311 825 1455 880 ultro
1491 823 1736 879 litantem
1985 821 2191 876 Praeter
2219 839 2346 878 eum
2380 823 2587 879 nullus.
2633 841 2662 872 ιο
2703 823 2873 882 Dictis
2901 828 3242 900 stupefactus
3271 837 3326 886 et
3353 847 3547 886 amens

255 918 594 975 Celsithrono
621 916 831 972 feriunt
858 916 1117 988 ferroque
1139 915 1207 970 ad
1232 915 1415 970 sidera
1446 915 1663 971 tollunt.
1985 913 2210 968 Nuntiat
2228 916 2482 989 Augusto
2515 912 2805 971 seductum
2832 919 3085 992 martyris
3112 927 3230 976 arte

257 1012 629 1081 DeprOperant
661 1018 944 1080 noctuque
977 1009 1168 1082 legunt
1196 1016 1406 1063 sacrata
1435 1006 1630 1062 ﬁdeles
1985 1000 2198 1056 Pmses
2237 1000 2617 1068 Anastasium,
2641 1017 2807 1074 quem
2839 1022 2964 1062 mox
2988 1007 3148 1077 jubet
3176 1008 3272 1064 ille
3299 1009 3480 1080 perire

256 1099 494 1155 Membra
527 1098 748 1170 sibique
782 1111 1011 1170 suaque
1040 1097 1252 1152 vehunt
1280 1096 1547 1152 tutamina
1586 1095 1735 1168 plebi
1990 1091 2194 1164 Sicque
2227 1093 2384 1165 pium
2415 1093 2593 1150 caelos
2621 1094 2710 1167 pia
2741 1095 2847 1155 fert
2875 1097 3150 1158 confessio
3189 1106 3406 1158 testem.

1770 1243 1984 1300 CAPUT
2025 1243 2108 1298 IV.

1371 1352 1447 1410 De
1474 1367 1741 1428 repressa
1765 1348 2184 1427 persecutione
2215 1347 2502 1410 Claudii.

255 1498 358 1552 Nec
399 1497 624 1568 longum
661 1493 886 1549 turbare
910 1493 1072 1548 datur
1102 1493 1296 1550 Christi
1321 1495 1543 1569 agmina
1569 1513 1738 1565 saevo,
1911 1501 1963 1570 Β
1986 1497 2100 1550 Nec
2134 1509 2291 1550 mora
2327 1495 2520 1552 Caesar
2540 1498 2644 1557 iter
2669 1518 2900 1575 carpens
2929 1505 3072 1577 perit
3102 1506 3310 1578 impete
3337 1509 3530 1565 turbae.

257 1589 349 1654 Qui
378 1603 507 1642 mox
543 1587 686 1641 inter
715 1585 1026 1641 acerbisoni
1061 1585 1358 1656 primordia
1389 1581 1526 1642 belli.
1993 1587 2112 1642 Non
2133 1586 2413 1676 hominis?
2433 1605 2536 1658 pro
2565 1593 2703 1651 velle
2725 1597 2966 1666 probans
2997 1599 3189 1654 saevire
3213 1599 3426 1676 ﬂagella

258 1681 386 1735 Dum
423 1679 592 1734 dictat
619 1678 792 1750 leges,
826 1677 940 1732 fera
966 1677 1097 1732 dum
1127 1678 1347 1733 decreta
1385 1688 1660 1746 recenset,
1994 1679 2054 1732 In
2088 1675 2332 1731 famulos
2356 1673 2569 1737 Christi
2598 1700 2800 1756 supero
2819 1703 2978 1762 mage
3017 1689 3242 1745 numine
3274 1673 3424 1746 ferri.

255 1770 594 1826 Turbinibus
621 1769 795 1858 nigris
824 1775 1009 1858 actum
1026 1785 1130 1858 per
1161 1768 1347 1858 nubila
1376 1769 1583 1826 fulmen
1992 1768 2150 1858 Pacis
2177 1768 2314 1858 item
2351 1772 2504 1828 suda
2533 1774 2731 1832 Christi
2758 1795 2961 1850 sponsa
2991 1782 3154 1838 unica
3174 1784 3380 1858 gaudet

258 1859 475 1915 Proruit
514 1865 642 1913 ante
678 1857 851 1928 pedes
881 1856 1075 1912 feralia
1105 1857 1243 1912 scita
1268 1859 1524 1926 serentis,
1993 1857 2132 1913 Hinc
2162 1856 2318 1928 nullo
2349 1860 2573 1919 terrore
2602 1866 2782 1935 palam
2809 1870 3108 1926 conterrita
3136 1856 3292 1940 le'thi,

252 1952 519 2008 Omnibus
546 1949 789 2006 horriﬁci
822 1950 1054 2021 trepidis
1081 1949 1377 2006 formidine
1402 1955 1586 2017 visus;
1990 1953 2230 2029 Legibus
2272 1969 2418 2011 ense
2448 1958 2598 2026 dato,
2629 1961 2810 2018 donec
2841 1963 3214 2022 Diocletianus

255 2046 406 2100 lIaud
438 2060 602 2099 secus
631 2043 864 2116 [Egypto
895 2042 1107 2098 dudum
1141 2043 1377 2117 caligine
1408 2061 1600 2115 pressa
1988 2048 2268 2102 Accensus
2294 2044 2480 2118 furiis,
2523 2051 2754 2108 Bellona
2781 2061 3025 2111 armatus
3053 2057 3277 2126 Averni,

253 2136 547 2192 Horrendze
575 2135 753 2191 noctis
783 2136 1065 2206 stupuisse
1094 2134 1348 2190 feruntur
1375 2137 1580 2192 alumni
1988 2137 2248 2195 Producit
2277 2138 2532 2196 ﬂammas
2557 2143 2984 2218 Acherontaque
3014 2150 3192 2222 vergit
3221 2151 3276 2206 in
3308 2153 3522 2210 orbem.

248 2228 545 2285 Servantes
575 2227 758 2283 Pharii
790 2227 1038 2283 crudelia
1063 2226 1216 2296 jussa
1247 2228 1463 2299 tyranni

1775 2329 1990 2385 CAPUT
2031 2331 2092 2386 V.

1392 2435 1467 2494 De
1493 2439 1718 2496 sanctis
1750 2435 2134 2514 Clu~ysantho
2165 2449 2216 2498 et
2250 2439 2456 2501 Πανία.

253 2596 307 2648 In
338 2591 614 2665 quosdam
646 2589 886 2645 furuisse
909 2588 1042 2644 licet
1072 2605 1164 2644 rex
1189 2589 1558 2647 Numerianus
1901 2583 1951 2649 Ο
1981 2573 2212 2665 Munere
2243 2575 2524 2646 Ρτεθουηίε
2564 2577 2812 2646 Prelioso
2837 2579 3305 2640 νθεῑίῦυεότηᾶιε

249 2663 532 2747 Tradatur,
577 2681 749 2738 multo
782 2681 1086 2751 palmarum
1118 2681 1361 2737 culmine
1397 2691 1634 2739 mactum
1662 2685 1808 2756 (184)
1993 2663 2268 2721 Ῑιινθὴίίυτ
2291 2666 2443 2723 cenae
2463 2667 2642 2724 Πίῑίάο
2661 2669 2962 2740 splendore
2988 2684 3256 2731 ve"1131919-

255 2777 382 2832 Cum
409 2775 585 2832 sociis
611 2780 862 2830 sanctum
902 2773 999 2844 qui
1039 2772 1205 2828 mittit
1233 2775 1289 2828 in
1328 2783 1472 2830 astra
1501 2774 1880 2848 Chrysantnm.
1987 2757 2509 2848 ξλΡΡιιοίῑωίῙθΡίάίε
2533 2760 2779 2816 animum
2813 2761 3031 2818 monile
3059 2767 3260 2834 Puella?

255 2867 528 2921 Terrenus
547 2863 770 2935 generis
788 2877 1120 2934 proavorum
1147 2869 1436 2919 stemmate
1466 2865 1598 2922 clari

1986 2845 2224 2902 Lusibus
2247 2847 2434 2903 electa:
2463 2849 2727 2921 vultuque
2759 2851 3066 2923 habituque
3095 2853 3315 2912 decem
3351 2875 3362 2912 :

252 2955 450 3009 Auctor
477 2951 879 3006 Alexandrinus
899 2959 1017 3006 erat
1046 2950 1321 3007 Polemius
1351 2953 1438 3008 isti

1987 2939 2247 2997 Infarcire
2279 2941 2472 3012 dapes,
2503 2943 2796 3013 opulentas
2826 2961 3039 3016 ponere
3068 2964 3324 3015 mensas;

252 3046 347 3110 Qui
373 3044 625 3118 genitum
656 3043 856 3099 studiis
886 3044 1026 3098 dans
1057 3043 1412 3100 liberioribus
1441 3045 1520 3100 uti
1987 3032 2215 3090 Carcere
2244 3052 2366 3106 quae
2387 3035 2642 3110 graviora
2672 3036 2859 3093 ferens
2889 3038 3191 3096 immobilis
3216 3042 3400 3098 obstat

257 3141 459 3196 lmbuit
493 3148 548 3194 et
568 3139 828 3210 sophicos
856 3139 1060 3194 callere
1080 3154 1180 3210 per
1217 3139 1404 3195 abdita
1443 3140 1617 3197 fucos.
1984 3123 2078 3178 Vir
2105 3123 2287 3179 valido
2318 3123 2459 3179 ﬁxus
2487 3123 2656 3195 lapidi
2689 3125 3011 3198 Chris‘oque
3039 3129 3326 3186 ϐοδεετθηε

257 3232 304 3286 Is
329 3233 462 3287 dum
493 3231 764 3287 sollicitus
785 3231 1080 3287 multorum
1115 3231 1337 3288 inventa
1368 3233 1600 3289 revolvit

1987 3215 2212 3272 Coenum
2244 3215 2495 3282 delicias,
2520 3232 2732 3290 angues
2759 3226 3132 3291 reputansque
3164 3223 3395 3291 puellas,

252 3325 493 3380 Tandem
527 3323 835 3396 evangelici
857 3323 1075 3379 scandit
1099 3324 1432 3381 solidamina
1454 3333 1662 3397 portus,

1985 3309 2182 3365 Oscula
2211 3316 2265 3364 et
2294 3310 2605 3380 amplexus,
2637 3311 2815 3382 clypei
2836 3314 2988 3368 velut
3025 3329 3132 3369 aere
3161 3317 3411 3390 sagittas,

251 3417 655 3486 Doctoremque
686 3420 869 3468 catum
903 3414 1043 3489 legis
1071 3421 1361 3487 sectaequre
1399 3417 1713 3488 requirens,
1984 3397 2297 3453 Πίδουιίθηδ
2334 3397 2503 3452 armis
2527 3397 2724 3452 valida?
2764 3399 3100 3472 Objecmque
3135 3401 3284 3472 ﬁdei,

253 3507 668 3578 Carpophorum
701 3503 930 3577 reperit,
961 3513 1113 3561 casto
1136 3506 1230 3578 qui
1264 3506 1390 3578 jure
1423 3508 1703 3574 sacerdos,

1670 3525 1703 3574 ι,
1982 3490 2186 3544 Sternit
2223 3489 2433 3560 sepitas
2468 3496 2632 3546 cantu
2663 3491 2915 3562 sapiente
2943 3491 3233 3549 colubras:

252 3596 430 3652 (.ivica
453 3596 582 3665 jura
600 3611 822 3659 cavens,
857 3609 1143 3650 nemorum
1174 3597 1382 3667 spelaea
1409 3596 1648 3654 fovebat.

1539 3598 1648 3654 bat.
1982 3579 2152 3635 Victis
2182 3579 2420 3635 nobilior
2451 3579 2644 3649 primis
2671 3581 2900 3638 rationis
2925 3589 3098 3638 acuta;

248 3687 362 3752 Quo
388 3687 532 3742 duce
555 3685 758 3741 siderei
793 3685 1012 3741 modico
1041 3686 1146 3741 sub
1165 3693 1411 3759 tempore
1438 3688 1591 3744 callis

1979 3671 2225 3739 Fatibus,
2259 3671 2531 3742 exquisita
2559 3673 2733 3740 venit,
2758 3675 3070 3744 speciosior
3096 3691 3213 3744 ore,

249 3775 447 3831 Nactus
474 3776 601 3842 iter,
625 3775 874 3849 graditur
901 3775 1109 3830 clivosa
1133 3792 1234 3847 per
1260 3777 1430 3832 ardua
1458 3777 1620 3845 liber,
1977 3763 2242 3838 Coniugio
2275 3764 2433 3818 θεῖ’ίᾶ
2459 3765 2611 3820 velut
2648 3765 2913 3822 SOCianda
2939 3767 3147 3831 SOdali:

250 3865 642 3979 intrepidqque
673 3864 853 3979 pa‘lam
886 3864 1156 3920 Christum
1192 3881 1448 3966 sermone
1474 3866 1694 3979 fatetur.
1895 3911 1949 3979 Ι)
1977 3857 2302 3979 ΞόἲῐθῚάυῐη
2330 3858 2807 3979 ι’θὶὶάθιιραῐξίίξιιθ
2838 3860 3066 3963 deisque
3096 3860 3479 3979 Chrlysa‘i'itum.

252 3955 444 4010 Fertur
476 3954 532 4008 id
564 3953 632 4008 ad
667 3959 898 4024 patrem,
932 3969 1219 4024 procerum
1250 3956 1344 4027 qui
1369 3956 1494 4024 jura
1525 3956 1871 4025 tremiscens,
1895 3949 1949 3979 υ
1979 3949 2200 4016 Crescit,
2233 3966 2296 4005 ea
2317 3949 2617 4010 subeunte.
2645 3951 2830 4008 datum
2863 3952 3012 4007 varia
3035 3961 3150 4009 arte
3182 3954 3426 4010 duellum
3453 3973 3466 4009 :

253 4043 467 4100 Claudit
497 4045 553 4099 in
577 4044 816 4100 obscuro
838 4043 968 4100 faedi
999 4047 1366 4116 spurcaminis
1390 4056 1548 4105 antro
1977 4039 2269 4104 NObililas.
2297 4038 2539 4110 ερθοίθε,
2567 4039 2768 4111 lepida?
2803 4039 3062 4095 facundia
3093 4040 3318 4116 lingua

257 4140 631 4212 Afﬁciensque
661 4149 810 4196 arcto
837 4149 1084 4215 gnatum,
1122 4142 1334 4212 jejuuia
1361 4143 1523 4199 εοινίι
1981 4133 2311 4205 lmpugnant
2336 4129 2519 4186 valido
2551 4139 2892 4189 temnentem
2920 4140 3116 4189 cuncta
3133 4134 3342 4190 renisu.

255 4233 415 4286 Grata
443 4232 605 4297 cibo;
633 4232 834 4304 gaudet
856 4233 1079 4302 juvenis
1103 4235 1332 4306 quaesita
1361 4235 1598 4302 subisse,
1977 4221 2159 4276 Gratia
2179 4235 2367 4292 quem:
2400 4218 2644 4292 ﬁdeique
2672 4237 2864 4293 Pecus:
2895 4221 3166 4292 sapientia
3197 4239 3324 4278 νεΐᾶ

256 4323 525 4387 Gratatur,
559 4321 722 4379 favet.
753 4320 1002 4389 assultat,
1034 4323 1438 4393 complectitur,
1465 4325 1657 4393 ambit,
1974 4315 2246 4380 Cinxerat,
2281 4313 2624 4380 alterutrum,
2657 4314 2906 4371 adversis
2932 4313 3250 4388 conﬂigitur
3269 4316 3436 4372 armis

253 4412 454 4483 Sicque
481 4412 577 4467 diu
608 4427 667 4466 se
691 4411 934 4467 exerceri
968 4413 1410 4484 promptissimus
1439 4423 1620 4487 Optat;
1975 4406 2071 4460 Illa
2100 4406 2236 4461 deos
2265 4404 2485 4476 Ρΐωῖθΐι
2513 4405 2702 4462 ἀὶνίηο
2721 4407 2842 4478 iure
2869 4406 3156 4470 COlendOS.

255 4504 581 4578 Suggeritur
609 4501 845 4573 genitori
877 4501 1042 4556 ardor
1070 4501 1351 4575 genitique
1385 4504 1658 4576 voluptas,
1978 4496 2080 4550 Iste
2103 4496 2264 4551 docet
2293 4496 2526 4551 miseros
2553 4496 2792 4568 divoque
2823 4497 3001 4552 nitore
3033 4507 3314 4565 vacantes,

253 4592 330 4647 De
358 4607 517 4648 cruce
550 4591 796 4663 pendere
829 4599 886 4646 et
908 4589 1123 4659 jejunia
1146 4591 1302 4646 laetus
1334 4592 1499 4649 inire.
1977 4587 2146 4659 quue
2174 4586 2372 4658 probat
2401 4588 2546 4643 veris
2574 4589 2888 4660 patulisque
2917 4589 3175 4645 edisserit
3203 4591 3362 4646 actis.

251 4686 697 4744 Christicolarum
729 4686 944 4741 animos
971 4685 1066 4740 tali
1106 4685 1208 4740 sub
1237 4701 1387 4742 more
1417 4694 1622 4755 suetos,
1976 4675 2135 4748 Virgo
2167 4675 2337 4746 probe
2369 4675 2575 4730 cedens
2595 4675 2821 4731 rationis
2850 4677 3104 4733 acumine
3125 4679 3346 4735 tandem

253 4775 436 4831 Gloria
462 4776 624 4848 queis
652 4783 707 4830 et
737 4776 918 4830 honor
949 4775 1051 4830 hoc
1071 4790 1317 4831 crescere
1342 4777 1468 4848 jure
1502 4783 1744 4848 putatur,
1977 4769 2170 4824 Christi
2209 4769 2350 4824 victa
2372 4769 2506 4844 jugo
2536 4771 2752 4826 accedit
2781 4761 3112 4828 submittere
3142 4773 3281 4829 colla
3312 4793 3324 4828 :

257 4867 398 4932 Quin
427 4866 671 4922 studium
701 4871 896 4931 vertat,
929 4863 1066 4919 tales
1097 4880 1208 4919 non
1241 4865 1407 4920 haece
1439 4868 1772 4936 premendos
1978 4863 2272 4938 Virginitas
2291 4863 2562 4919 servanda
2593 4863 2792 4935 placet,
2827 4864 3126 4937 fictumque
3153 4867 3342 4922 subire

259 4959 400 5032 Lege
421 4958 594 5025 viros,
637 4955 953 5027 contempla
982 4955 1137 5020 ferat,
1170 4956 1336 5011 vitata
1361 4967 1616 5029 reponat,
1979 4953 2230 5029 Conjugii
2270 4955 2442 5010 multo
2473 4956 2772 5011 decorandi
2812 4957 3043 5029 pignore
3067 4973 3294 5014 nomen.

260 5051 480 5106 Deliciis
517 5050 759 5126 subigat,
792 5047 1070 5106 connubia
1093 5048 1239 5104 clara
1271 5060 1545 5120 procuret,
1980 5049 2230 5104 Abluitur
2255 5065 2412 5106 sacro
2439 5051 2640 5119 conjux
2672 5050 3002 5122 baptismate
3024 5053 3203 5126 virgo,

263 5143 497 5199 Nexibus
525 5144 616 5198 his
637 5143 826 5210 nodet,
845 5142 1022 5198 trahat
1047 5142 1150 5197 hac
1180 5142 1235 5195 in
1261 5150 1386 5197 vota
1412 5150 1623 5198 catena.
1981 5142 2180 5214 Sicque
2212 5159 2374 5214 pares
2404 5153 2556 5200 casto
2589 5145 2789 5200 Christi
2821 5145 3123 5201 vincimine
3149 5145 3324 5216 juncti

257 5235 419 5290 Audit
439 5245 492 5291 at
513 5235 632 5307 ipse
672 5235 856 5290 libens
886 5235 1126 5290 monitus
1155 5240 1208 5289 et
1233 5235 1386 5302 jussa
1418 5235 1660 5303 facessit,
1977 5234 2212 5309 Gignere
2242 5235 2456 5291 calesti
2485 5252 2596 5290 non
2618 5244 2832 5293 cessant
2861 5237 3052 5292 fenore
3079 5243 3275 5308 gnatos

261 5323 480 5379 Instruit
509 5333 564 5379 et
585 5325 877 5391 thalamos,
909 5322 1099 5379 amicit
1135 5323 1373 5380 triclinia
1400 5325 1580 5389 cunis,
1975 5325 2324 5396 Multiplices,
2357 5327 2616 5400 cogitque
2657 5328 2832 5384 virum
2863 5328 2950 5399 pia
2980 5336 3160 5382 castra
3197 5327 3596 5401 Chrysanthus,

264 5411 511 5469 Protinus
536 5422 590 5468 et
620 5413 867 5486 genitum
893 5413 1184 5486 squallenti
1216 5429 1435 5470 carcere
1463 5423 1678 5484 raptum
1976 5412 2264 5468 Femineas
2302 5413 2461 5469 Daria
2475 5415 2673 5472 densat
2693 5417 2794 5472 sub
2823 5416 2981 5489 signa
3011 5423 3279 5473 catervas.

339 5585 1080 5662 (184."glnmarginecodicjs
1111 5588 1133 5641 1
1169 5588 1361 5643 eadem
1388 5604 1552 5642 manu
1584 5587 1879 5656 scriptum:
1925 5610 1949 5634 «
1993 5588 2232 5642 Mactum
2254 5593 2468 5642 veteres
2499 5588 2726 5644 Romani
2760 5593 2960 5643 vocunt
2984 5594 3224 5658 auctum,
3279 5617 3303 5637 υ
3347 5595 3454 5644 etc.

271 5657 546 5726 Scauczn,
577 5658 673 5713 lib.
712 5657 750 5724 ιζ
782 5657 945 5729 epist.
978 5657 1067 5714 20.
