3962 6140
441 213 552 270 695
1211 215 1580 272 FLODOARDI
1625 214 1931 274 CANONICI
1971 216 2300 275 REMENSIS
2339 219 2678 276 OPUSCULA
2717 221 3028 278 METRICA.
3630 240 3713 298 695

514 349 746 427 Agmina
775 347 933 418 plura
960 345 1156 400 videns
1185 345 1360 400 hostis
1387 351 1498 400 tota
1523 345 1666 401 Urbe
1694 346 1842 403 coire

445 444 504 498 In
534 437 900 496 Christisacra
911 434 1037 506 jura
1065 433 1242 502 ducis,
1272 435 1588 506 claramque
1617 435 1891 506 repulsam

443 535 614 592 Indici
645 532 864 607 penitus
892 529 1088 602 priscis
1125 529 1343 602 arisque
1367 529 1628 606 jugisque

441 626 630 684 Livida
659 625 768 681 tela
785 623 1013 680 vibrans
1038 621 1159 677 diro
1193 622 1392 678 excitat
1410 622 1618 694 impete
1647 624 1854 690 turbas,

441 723 614 793 Inque
643 718 765 792 pios
793 722 978 772 movet
1002 721 1216 770 atroces
1255 716 1450 771 ardore
1479 715 1749 771 tumultus

441 813 598 869 Urbis
616 819 746 866 tunc
770 807 1152 880 praefecturam
1184 805 1465 862 Celerinus
1489 809 1704 882 agebat,

441 903 543 970 Qui
582 903 684 959 hos
708 899 926 957 cuidam
956 899 1103 972 legat
1129 906 1312 954 tentos
1342 899 1409 954 ad
1441 898 1611 974 ﬂagra
1641 900 1858 956 tribuno
1888 917 1902 965 ;

441 997 698 1054 Claudius
711 994 842 1052 huic
878 1009 1083 1050 nomen
1107 993 1200 1064 qui
1230 993 1580 1066 septuaginta
1610 993 1948 1066 Chrysantho

439 1092 689 1148 Tortores
717 1089 990 1144 adhibens
1019 1087 1203 1143 crudis
1232 1087 1538 1161 astringere
1568 1087 1754 1143 nervis

442 1180 597 1234 Hunc
617 1177 834 1252 satagit,
875 1176 975 1232 sed
1004 1182 1110 1230 stat
1141 1175 1326 1230 subito
1351 1175 1553 1230 virtute
1579 1175 1792 1230 solutus

441 1273 668 1327 Siderea
687 1269 952 1340 nulloque
977 1267 1111 1340 jugo
1143 1267 1250 1322 sibi
1279 1267 1464 1323 vinela
1493 1267 1813 1334 cohaerent;

442 1362 740 1437 Stringitur
767 1362 896 1416 hinc
917 1359 1085 1416 validi
1125 1360 1336 1415 nodoso
1369 1359 1567 1415 robore
1597 1360 1770 1432 cippi,

439 1458 654 1514 Tertius
683 1458 772 1513 hic
800 1471 1016 1512 morsus
1041 1471 1166 1510 crus
1197 1462 1254 1510 ut
1276 1454 1540 1510 divaricet
1564 1463 1766 1527 actum,

441 1551 612 1625 Ligna
637 1550 733 1606 sed
755 1550 812 1605 in
833 1557 1053 1604 tenuem
1071 1548 1220 1618 cippi
1253 1549 1494 1604 resoluta
1522 1548 1762 1607 favillam

440 1641 552 1696 Nec
587 1639 721 1706 vim,
753 1654 858 1693 nec
889 1637 1105 1708 pondus
1126 1637 1351 1693 valuere
1382 1637 1629 1720 jpdicere
1650 1648 1872 1698 sancto:

441 1732 672 1787 Putente
702 1730 830 1785 inde
863 1731 1042 1784 lavant
1067 1735 1237 1784 artem
1268 1729 1552 1799 depellere
1579 1731 1747 1787 mictu

439 1823 738 1888 Sudantes,
769 1821 826 1877 in
848 1829 1162 1877 nectareum
1195 1821 1291 1876 sed
1325 1837 1516 1876 versus
1545 1823 1772 1879 odorem

442 1910 775 1986 Belligerum
804 1909 928 1966 laeto
950 1908 1197 1982 fragrans
1215 1908 1513 1980 spiramine
1535 1910 1771 1979 mulcet;

444 2002 578 2057 Inde
609 2017 802 2057 recens
832 2007 986 2071 rapto
1017 2000 1174 2056 vituli
1197 2001 1301 2056 sub
1333 2009 1547 2076 tergore
1571 2009 1726 2059 sutus

442 2093 738 2170 Stringitur
775 2093 1168 2166 urgendusque
1195 2092 1296 2147 faci
1329 2093 1488 2148 datur
1514 2094 1861 2165 Hyperionis,

438 2187 570 2243 Iura
597 2186 698 2241 sed
729 2184 942 2260 ignorat
983 2184 1224 2240 Phoebus
1245 2185 1512 2257 ponitque
1542 2187 1808 2261 vigorem,

440 2279 502 2334 In
531 2279 688 2334 testis
709 2286 918 2333 tantum
949 2277 1115 2332 validi
1143 2277 1448 2348 tepefactus
1475 2279 1728 2346 amictus,

439 2373 551 2428 Nec
580 2371 748 2428 sentit
777 2370 988 2426 fervere
1019 2371 1181 2426 cultis
1210 2370 1501 2427 mitissima
1530 2373 1741 2429 solem:

440 2462 682 2518 Artnbus
701 2468 761 2517 ut
787 2461 1030 2516 detracta
1062 2476 1294 2515 manens
1325 2477 1391 2516 ex
1421 2477 1650 2533 corpore
1683 2463 1852 2520 robur

441 2553 603 2610 Forte
631 2543 858 2609 trahens
886 2559 1076 2606 sancto
1096 2551 1263 2607 cessit
1293 2551 1381 2606 cui
1413 2551 1883 2622 Cynthiusardor;

442 2646 577 2702 Inde
607 2659 916 2715 manusque
945 2642 1231 2714 pedesque
1260 2643 1548 2698 subactum
1598 2653 1652 2700 et
1673 2645 1813 2701 colla
1855 2647 2065 2703 catenis

443 2737 686 2794 Carceris
707 2737 965 2807 injiciunt
1000 2735 1259 2792 barathro
1285 2737 1555 2809 caecisque
1585 2737 1846 2794 latebris:

441 2828 554 2884 Nec
581 2842 752 2896 mora,
781 2826 1068 2882 solvuntur
1095 2827 1279 2881 cuncti
1305 2826 1602 2882 nodamina
1622 2826 1774 2894 ferri,

442 2916 554 2971 Lux
575 2915 749 2970 micat
767 2914 1074 2968 innumeris
1102 2913 1324 2968 radians
1352 2922 1411 2969 ut
1439 2915 1649 2970 consita
1674 2916 1908 2986 lychnis.

441 3003 710 3076 Supplicii
730 2999 971 3057 artifices
983 3001 1230 3057 referunt
1256 3003 1375 3057 haec
1405 3009 1601 3057 cuncta
1622 3003 1846 3059 tribuno

441 3097 540 3153 Ille
564 3095 670 3152 sibi
699 3095 1000 3152 exhibitum
1035 3109 1326 3151 nemoroso
1356 3095 1584 3150 verbere
1606 3095 1742 3150 caedi

440 3187 681 3253 Mandat,
713 3193 770 3240 at
795 3184 1070 3256 applicitae
1093 3183 1427 3257 rigidissima
1450 3184 1670 3240 brachia
1701 3184 1851 3242 silvte

442 3279 666 3334 Laedere
691 3277 938 3334 membra
964 3285 1186 3347 pavent,
1211 3278 1360 3332 lento
1386 3293 1450 3333 ac
1479 3278 1802 3334 ﬂaccescere
1832 3279 1990 3351 lapsu

442 3367 723 3441 Incipiunt
747 3386 761 3435 ;
793 3382 1014 3423 omnem
1036 3367 1205 3438 inque
1245 3380 1440 3422 manus
1467 3383 1702 3439 posuere
1729 3369 1985 3443 rigorem.

443 3460 700 3516 Claudius
731 3459 832 3514 ista
852 3466 1011 3514 tuens
1024 3465 1274 3514 sanctum
1306 3459 1502 3515 tellure
1532 3461 1700 3516 levari

438 3550 884 3622 Pmcipit‘atque
914 3548 1046 3620 tegi,
1069 3548 1418 3623 genibusque
1445 3551 1756 3607 advolvitur
1785 3568 1950 3611 orans

439 3642 622 3713 Seque
647 3654 886 3711 suosque
916 3637 1010 3709 pia
1038 3645 1354 3694 sanctorum
1387 3638 1509 3712 lege
1540 3641 1767 3696 sacrari.

440 3733 562 3788 Mox
592 3729 960 3786 catechizatus
987 3729 1201 3786 divinas
1228 3729 1430 3801 excipit
1454 3731 1651 3797 undas,

441 3824 692 3881 Pluribus
721 3821 998 3896 applicitis
1015 3822 1238 3895 paribus
1263 3823 1524 3896 sociaque
1547 3824 1742 3899 jugali,

443 3918 639 3975 Hilaris
662 3917 872 3988 junctis
902 3917 1126 3992 genitis,
1156 3917 1250 3990 qui
1285 3918 1526 3985 Maurus,
1551 3919 1732 3989 lason,

438 4009 705 4064 Militibus
732 4007 936 4079 pariter
954 4022 1176 4078 quoque
1207 4008 1555 4082 septuaginta
1579 4010 1803 4083 jugatis.

440 4102 533 4156 llis
557 4099 665 4157 sibi
695 4099 961 4170 subjectis
987 4098 1286 4170 multisque
1313 4099 1648 4155 haerentibus
1675 4103 1848 4158 auctis

438 4193 807 4250 Numerianus
835 4199 894 4246 ut
915 4196 1036 4245 acta
1064 4187 1232 4262 capit,
1263 4187 1689 4262 vitreo'aequore
1715 4194 1880 4258 subdi

441 4281 655 4358 Ingenti
679 4279 1010 4351 implicitum
1039 4294 1169 4333 saxo
1197 4278 1412 4334 fervore
1442 4278 1724 4336 tribunum

440 4369 904 4442 Deputatinsano,
938 4375 1050 4422 tum
1081 4367 1430 4442 septuaginta
1449 4367 1668 4444 jugatos

439 4465 658 4522 Jasonis
685 4471 741 4521 et
769 4463 940 4520 Mauri
967 4463 1173 4534 pariter
1200 4463 1380 4534 capita
1410 4481 1544 4521 ense
1577 4467 1768 4525 recidi.

439 4555 678 4628 Antiqua
707 4554 925 4609 latitans
952 4559 1070 4608 erat
1099 4559 1212 4608 arte
1242 4553 1530 4610 cuniculus
1559 4555 1672 4612 illic

443 4653 559 4718 Qua
594 4649 721 4708 caesi
745 4657 932 4719 testes,
966 4665 1128 4722 quem
1161 4650 1501 4706 noctusorde
1525 4651 1770 4709 levantes

444 4741 778 4798 Christicolae
807 4741 998 4797 multis
1036 4741 1350 4799 decorando
1377 4743 1677 4800 monilibus
1697 4756 1912 4803 ornant.

443 4831 660 4906 Colligit
689 4829 882 4886 Ililaris
913 4830 1222 4906 genitorum
1256 4831 1506 4887 membra
1535 4833 1740 4888 tribuni

443 4921 729 4994 Exsequiis
746 4919 1034 4992 perfuncta
1055 4921 1186 4994 piis,
1217 4922 1312 4977 ubi
1342 4930 1470 4978 vota
1500 4923 1844 4994 profundens

445 5010 893 5082 Continuansque
915 5026 1108 5082 preces
1136 5019 1376 5067 arctatur
1403 5011 1473 5067 ad
1503 5020 1623 5066 acta
1645 5012 1909 5083 profanis.

443 5102 582 5158 Dum
607 5101 842 5158 trahitur
867 5101 1044 5172 poscit
1061 5118 1122 5156 se
1147 5101 1377 5172 implere
1399 5102 1713 5172 precamina
1736 5104 1988 5172 mittant;

442 5191 643 5265 Sicque
669 5191 901 5267 gradum
931 5189 1104 5264 signis
1132 5188 1330 5245 Christi
1369 5190 1500 5245 dum
1533 5191 1761 5262 mystica
1790 5195 1958 5251 sumit

439 5285 617 5356 Atque
644 5283 1027 5358 genuﬂectens
1058 5282 1267 5354 palmas
1292 5282 1362 5338 ad
1391 5282 1574 5338 sidera
1589 5284 1802 5354 pandit,

439 5371 664 5427 Ethera
694 5387 819 5427 cum
851 5371 1111 5445 precibus
1147 5372 1365 5428 scandit
1410 5374 1608 5429 coelum
1641 5374 1844 5447 accipit
1871 5392 2056 5434 orans.

439 5462 568 5517 Tam
599 5461 784 5518 subito
815 5461 1023 5533 stupidi
1057 5469 1304 5534 raptores
1330 5462 1440 5518 fine
1460 5463 1670 5534 rapina

443 5557 574 5621 Quae
601 5556 1007 5613 comitabantur
1034 5557 1263 5613 famulas
1291 5557 1361 5612 ad
1400 5557 1598 5613 funera
1622 5558 1914 5631 linquunt;

2080 353 2133 421 Α
2159 350 2561 423 Basilicamque
2587 368 2774 424 super,
2808 369 2906 425 pro
2940 369 3096 425 posse
3126 357 3180 411 in
3213 357 3441 414 culmina
3468 363 3653 421 tollunt.

2228 457 2443 511 Interea
2471 457 2745 531 Augustus
2772 457 3006 515 truciorc
3028 459 3240 516 furebat
3262 461 3316 516 in
3348 462 3477 519 altos

2157 560 2462 635 Signiferos
2492 561 2600 627 ira;
2629 562 2798 619 trudit
2816 563 3069 634 squalore
3088 561 3476 634 Chrysanthum

2155 651 2401 709 Carceris
2421 651 2734 720 honorifici,
2758 669 2866 726 qua
2892 660 3134 709 stercora
3162 652 3307 708 ﬂuxa
3331 654 3529 709 cloacas

2156 752 2491 808 Extenuant:
2524 755 2738 810 Dariam
2768 757 3076 812 meretricia
3099 764 3254 829 septa
3273 770 3552 832 receptant.

2156 845 2479 921 Suggeritur
2516 848 2702 906 clauso
2733 851 2827 904 sed
2861 851 2948 904 lux
2983 851 3171 907 divina
3198 853 3538 925 Chrysantho,

2154 935 2402 990 Balsama
2424 937 2704 1009 respirans
2737 939 2941 1010 pariter
2970 939 3270 1014 fragrantia
3299 942 3477 999 fertur.

2156 1025 2403 1081 Evadens
2425 1042 2644 1081 caveam
2672 1029 2840 1084 Dariae
2866 1029 2952 1085 leo
2984 1030 3218 1086 mittitur
3245 1033 3415 1087 audax

2154 1114 2409 1170 Servator
2437 1115 2652 1172 decoris
2684 1119 2993 1190 cellamque
3025 1119 3308 1194 ingressus
3333 1122 3545 1178 honorat

2156 1202 2431 1270 Orantem,
2465 1211 2698 1259 astratus
2723 1206 3052 1278 placidoque
3074 1207 3257 1283 rigore
3287 1215 3479 1277 tuetur,

2156 1292 2406 1364 Dumque
2428 1292 2610 1348 ferunt
2642 1293 2850 1349 Christo
2882 1297 3067 1366 plures
3095 1305 3408 1353 reverenter
3432 1300 3657 1356 honorem

2156 1389 2398 1444 Mirificis
2430 1390 2628 1460 trepidi
2663 1391 2816 1458 visis,
2848 1392 3138 1463 praefectus
3169 1394 3226 1448 in
3256 1395 3372 1466 ipso

2156 1478 2401 1533 Fornicis
2431 1479 2614 1552 ignem
2645 1480 2798 1534 aditu
2828 1481 3000 1535 multa
3033 1482 3193 1537 trabe
3221 1484 3461 1555 praacipit
3485 1485 3563 1540 edi
3589 1505 3600 1540 ε

2153 1565 2342 1622 Bellua
2371 1567 2665 1624 raucisono
2697 1568 2933 1624 ﬂammis
2963 1571 3247 1642 pavefacta
3281 1573 3452 1647 rugitu

2084 1674 2135 1743 Β
2159 1664 2485 1720 Perturbare
2512 1665 2716 1736 locum,
2746 1667 3018 1741 cui'virgo
3050 1670 3384 1726 animosior:
3427 1694 3450 1721 ι
3488 1672 3568 1727 Exi

2159 1754 2383 1820 Secure,
2412 1753 2690 1826 emigrans
2721 1754 2873 1810 nullo
2903 1757 3105 1812 Iaadore
3135 1765 3351 1825 tenore,

2158 1841 2380 1897 Liberet
2411 1841 2502 1896 ille
2531 1842 2754 1913 quidem
2786 1852 2838 1898 te
2866 1845 2922 1898 in
2955 1860 3043 1900 me
3073 1859 3241 1918 quem
3269 1846 3412 1902 mitis
3437 1847 3657 1903 honoras.
3691 1872 3708 1895 -

2157 1932 2440 1988 Exhibitus
2463 1934 2694 2004 posthac
2722 1935 2982 2005 praefecto
3014 1943 3238 2008 aptatur
3266 1939 3462 2010 equino

2159 2024 2274 2079 Sub
2303 2025 2456 2081 trabe
2490 2033 2762 2083 tormento
2795 2035 3051 2098 porrecta
3092 2028 3337 2086 immane
3388 2029 3709 2101 Chrysanthus.

2161 2125 2408 2180 Machina
2423 2125 2520 2180 sed
2544 2125 2762 2200 refugit,
2789 2128 3107 2200 rapiturque
3140 2129 3200 2183 in
3225 2129 3394 2185 ﬂabra
3413 2131 3606 2186 minutis

2159 2216 2445 2272 Dissiliens
2476 2216 2684 2283 frustis,
2708 2226 3044 2294 sparguntur
3073 2220 3298 2276 vincula
3320 2222 3527 2293 passim,

2161 2311 2465 2383 Lampades
2484 2312 2782 2384 applicitae,
2816 2313 3049 2385 depulso
3081 2314 3302 2384 ardore,
3332 2316 3575 2392 gelantur.

2160 2408 2226 2464 At
2265 2406 2569 2475 Celerinus,
2610 2423 2677 2463 eo
2704 2423 3010 2465 concussus
3040 2410 3213 2465 corda
3241 2418 3476 2482 stupore,

2165 2509 2325 2566 Gesta
2356 2510 2522 2566 refert
2548 2510 2797 2567 domino.
2827 2511 3057 2588 magicis
3087 2513 3183 2584 qui
3218 2513 3489 2570 fraudibus
3510 2521 3610 2569 acta

2165 2599 2520 2670 Dependens,
2554 2607 2736 2656 castos
2767 2601 3008 2672 pretioso
3040 2600 3154 2656 fine
3179 2602 3397 2675 jugales

2165 2687 2440 2744 Grandine
2472 2688 2723 2764 saxigero
2754 2689 3033 2764 submerg’i
3066 2690 3510 2757 mandatarenis;

2161 2775 2400 2832 'I'ramite
2430 2792 2540 2848 quo
2572 2777 2694 2833 ραδιὶ
2727 2778 3065 2850 Stephanum
3096 2795 3270 2850 super
3299 2780 3401 2834 alta
3436 2779 3584 2834 secuti

2164 2869 2417 2926 Lacteolo
2446 2887 2718 2944 roseoque
2752 2872 2982 2928 innexas
3009 2872 3145 2929 ﬂore
3167 2874 3427 2948 gemellas

2162 2965 2457 3022 Stemmata
2489 2975 2754 3040 perpetuo
2797 2969 2945 3024 rutili
2985 2986 3248 3026 meruere
3278 2986 3518 3035 coronas;

2087 3053 2136 3123 C
2160 3054 2445 3128 Largoque
2484 3072 2584 3127 per
2605 3056 2843 3129 populos
2873 3057 3004 3112 dum
3041 3066 3316 3134 spargunt
3354 3061 3488 3115 dona
3512 3059 3667 3114 salutis

2164 3143 2363 3215 Crypta
2384 3160 2549 3216 supra
2575 3147 2816 3201 tumulos
2849 3145 2995 3202 claro
3028 3146 3329 3204 fabricatur
3357 3150 3571 3215 honore;

2164 3231 2279 3296 Quo
2310 3233 2440 3287 dum
2472 3249 2619 3304 saepe
2648 3235 2759 3289 coit
2792 3235 2973 3290 votiva
3005 3235 3323 3308 frequentia
3350 3237 3534 3310 plebis,

2160 3321 2459 3376 Eneadum
2491 3323 2600 3377 dux
2634 3339 2778 3379 sava
2795 3323 3055 3392 fremens,
3082 3326 3402 3383 celebrante
3428 3336 3612 3383 caterva

2160 3412 2403 3485 Mystica,
2437 3415 2550 3469 voti
2579 3414 2761 3471 aditus
2791 3417 2970 3471 claudi
2999 3416 3158 3488 jubet
3182 3433 3280 3473 ora
3313 3419 3482 3475 levato

2158 3501 2394 3570 Pariete,
2415 3503 2850 3577 conclusumque
2883 3506 3058 3577 premi
3079 3513 3238 3562 vasto
3271 3525 3464 3584 aggere
3487 3507 3715 3580 templum,

2155 3596 2353 3669 Sicque
2385 3606 2570 3654 manet
2589 3598 2718 3653 dum
2745 3601 2913 3654 cruda
2942 3601 3063 3671 pios
3088 3601 3373 3658 tribulatio
3394 3599 3556 3656 tundit

2155 3689 2497 3761 Sculptilium
2529 3690 2687 3761 pulsa
2709 3692 2887 3746 donec
2916 3692 3056 3748 Urbs
3086 3694 3251 3750 sorde
3283 3695 3457 3767 piatur

2158 3780 2221 3837 Et
2251 3781 2462 3838 Christo
2487 3799 2640 3837 sacra
2664 3783 2842 3850 busta,
2866 3785 2978 3840 Deo
3011 3793 3321 3860 retegente,
3353 3792 3602 3842 notantur.

2158 3872 2374 3928 Restitit
2401 3878 2455 3928 at
2483 3873 2733 3946 quaedam
2775 3875 2945 3930 sacris
2972 3876 3173 3932 intecta
3207 3876 3447 3933 fenestra

2159 3965 2274 4030 Qua
2297 3973 2610 4020 sanctorum
2638 3965 2936 4037 inspectari
2967 3976 3335 4025 monumenta
3361 3969 3564 4025 licebat:

2158 4055 2366 4111 Visitur
2390 4065 2675 4132 argentum
2709 4058 2812 4112 hac
2838 4057 2985 4114 intus
3015 4060 3161 4132 quod
3186 4062 3314 4116 vina
3343 4060 3490 4115 litare

2159 4157 2320 4212 Plebs
2341 4156 2471 4214 olim
2496 4158 2774 4227 intulerat,
2800 4159 3098 4231 clausaque
3124 4161 3403 4216 resederat
3423 4157 3552 4214 aula.

2160 4247 2267 4303 Hac
2290 4247 2534 4320 quidam,
2551 4249 2740 4318 jussus
2771 4250 2979 4321 specie,
3015 4251 3341 4322 penetralia,
3369 4249 3552 4323 praeda:

2158 4337 2290 4410 Spe,
2323 4337 2535 4409 irrepit,
2562 4337 2880 4412 rapiturque
2909 4356 3070 4410 rapax
3103 4341 3356 4412 rapiente
3384 4339 3582 4412 rapina;

2074 4426 2134 4497 D
2160 4429 2250 4486 Sic
2275 4437 2461 4502 raptus
2491 4429 2712 4502 rapiens
2736 4440 2887 4486 extra
2919 4448 3216 4505 prorepere
3249 4433 3418 4499 nisus,

2158 4525 2309 4581 Haud
2335 4526 2479 4582 valet
2500 4541 2785 4602 egressum
2810 4526 3066 4584 introitus
3086 4529 3329 4600 reperire
3361 4525 3567 4600 reperti,

2155 4616 2494 4674 Circumiens
2523 4625 2635 4675 tota
2662 4635 2909 4692 gyroque
2939 4628 3171 4696 vagante
3203 4621 3458 4678 laborans

2162 4706 2332 4765 Nocte
2371 4726 2474 4765 nec
2503 4709 2792 4766 inveniens
2821 4711 3028 4766 aditum
3062 4727 3172 4783 quo
3203 4712 3437 4767 claustra
3467 4701 3721 4778 relinquati

2159 4799 2295 4852 Dum
2327 4797 2467 4853 lucis
2495 4799 2673 4870 spatio
2703 4800 2904 4856 caelum
2932 4800 3275 4874 nigresceret
3302 4809 3421 4857 acto

2159 4894 2342 4949 Exitus
2373 4894 2502 4950 hinc
2534 4911 2747 4951 rursum
2777 4903 2984 4967 petztur
3024 4912 3352 4968 rursumque
3381 4901 3610 4970 negatur,

2166 4994 2332 5050 Nocte
2363 5003 2549 5051 notata
2576 4996 2665 5051 die
2696 4999 2808 5052 tcta
2847 5005 3118 5052 cataracta
3146 4996 3382 5061 recedit;

2165 5087 2254 5143 Sic
2280 5087 2458 5143 tribus
2487 5088 2700 5143 elusum
2718 5089 2830 5158 jam
2863 5089 3118 5144 noctibus
3136 5105 3282 5164 aegra
3312 5087 3493 5163 fatigat

2165 5175 2304 5232 Cura
2326 5177 2590 5249 laborque
2617 5194 2848 5245 vacans;
2879 5179 3060 5233 reddit
3082 5178 3172 5234 lux
3197 5178 3352 5233 tertia
3368 5181 3551 5232 cuncto

2159 5264 2288 5321 Jura
2310 5265 2448 5336 foro,
2482 5283 2683 5338 pueros
2705 5267 2895 5322 ferulis
2910 5268 3218 5340 vulgusque
3244 5265 3456 5337 plateis,

2159 5356 2491 5429 Diversoque
2521 5373 2673 5412 reum
2703 5356 3004 5412 certamine
3025 5372 3211 5412 carcer
3243 5354 3454 5410 adurit:

2160 5449 2297 5505 Hinc
2335 5449 2532 5520 pudor,
2566 5449 2692 5503 inde
2732 5448 2906 5503 fames
2948 5447 3168 5520 rapiunt
3199 5449 3405 5502 incerta
3431 5442 3716 5500 trahentem;

2161 5541 2300 5607 Quid
2329 5540 2416 5596 cui
2447 5548 2729 5612 praeponat
2758 5540 2988 5594 libratur
3017 5539 3124 5594 vita
3157 5538 3391 5609 pudore:

446 5647 537 5704 Hae
566 5649 847 5709 dominam
875 5659 1120 5711 extremo
1159 5649 1490 5708 famulantur
1517 5662 1767 5721 munere,
1815 5653 1992 5710 condu

2161 5633 2225 5688 At
2255 5631 2531 5688 cruciantc
2563 5631 2707 5688 fame
2731 5647 2900 5705 panso
2934 5632 3105 5688 decus
3136 5628 3322 5686 interit
3350 5641 3465 5690 ore,
