3962 6140
215 351 324 405 697
847 346 929 401 DE
969 344 1231 400 CHRISTI
1270 345 1630 402 TRIUMPIIIS
1670 347 1840 402 APUD
1883 345 2147 402 ITALIAM
2190 344 2365 399 LIBRI
2407 345 2537 398 XIV.
2580 374 2649 382 —
2690 343 2811 396 LIB.
2859 342 2942 394 VI.

221 483 521 559 Egrediens
548 481 792 546 tandem,
828 479 1032 552 populo
1064 469 1348 550 spectante
1389 478 1590 534 fatetur

219 576 534 651 Flagitium,
568 580 855 644 pressante
877 572 1099 646 probro,
1133 587 1246 628 non
1278 588 1387 628 zere
1416 579 1691 647 gravatus.

1862 488 1911 552 Α
1938 480 2202 534 Damasus
2229 483 2288 532 ut
2318 475 2520 531 factum
2548 475 2713 549 longo
2745 480 2868 545 post
2890 480 3136 543 tempore
3167 467 3355 535 sumit,

1939 568 2158 642 Obtegit
2185 583 2247 623 os
2277 566 2434 632 aedis,
2466 580 2618 620 sacra
2646 563 2834 619 limina
2864 560 3117 617 versibus
3135 566 3316 615 ornat.

1737 726 1946 781 CAPUT
1991 726 2075 781 VI.

1517 832 1592 890 De
1633 838 1835 890 sancto
1880 829 2024 890 Gaio
2061 844 2241 906 papa.

219 968 378 1024 Sedis
397 966 717 1040 apostolica
749 965 912 1022 Gaius
951 976 1072 1039 post
1102 967 1496 1038 Eutychianum

219 1062 471 1117 Culmina
491 1060 737 1126 sortitus,
771 1059 1147 1116 moderamine
1168 1067 1357 1115 tractat
1380 1061 1614 1115 honesto
1648 1079 1662 1125 ;

218 1153 353 1207 Nam
385 1151 856 1225 statuitgradibus
877 1168 1169 1206 scansuros
1209 1152 1354 1206 celsa
1375 1152 1582 1219 subire,

216 1240 461 1295 Saltibus
490 1257 519 1294 a
549 1240 700 1295 nullo
730 1241 984 1295 Ecclesiae
1007 1241 1317 1311 superarier
1344 1256 1547 1305 arcem,

218 1332 429 1387 Militiae
462 1332 655 1386 Christi
691 1333 985 1402 primatum
1019 1339 1076 1386 ut
1108 1348 1269 1387 nemo
1301 1339 1552 1402 capessat

215 1424 282 1478 Ni
309 1423 563 1478 tirocinio
586 1439 684 1494 per
711 1423 928 1496 singula
953 1424 1138 1478 munia
1164 1432 1368 1498 surgat.

215 1517 312 1570 His
333 1516 567 1587 aliisque
596 1516 776 1570 nitens
796 1523 1110 1570 sanctorum
1134 1516 1390 1571 ductibus
1415 1517 1581 1571 altum

216 1605 383 1659 Sacra
413 1604 671 1660 columba
703 1604 860 1675 petit,
881 1621 1082 1675 supera
1108 1605 1164 1658 in
1189 1604 1405 1679 fastigia
1437 1604 1627 1673 fertur,

213 1693 480 1766 Augetur,
512 1691 728 1757 colitur,
760 1697 970 1758 vernat,
995 1691 1259 1759 munitur,
1281 1699 1514 1760 amatur,

214 1784 487 1859 Regmina
511 1784 721 1850 dilatat,
747 1785 1056 1852 decoratur,
1089 1784 1495 1856 magniﬁcatur.

215 1877 440 1932 Lividus
457 1877 743 1948 antiquum
777 1877 1015 1949 nigranti
1047 1877 1173 1932 felle
1199 1894 1471 1933 venenum

210 1970 424 2042 Anguis
455 1968 791 2023 inexhaustae
814 1969 1016 2024 mentis
1048 1976 1198 2025 torvo
1227 1971 1443 2043 agmine
1472 1970 1720 2037 volvens,

212 2060 472 2135 Suggerit
501 2076 650 2114 arma
678 2059 818 2115 dolis
840 2061 1163 2132 animosque
1190 2062 1442 2116 accendit
1469 2062 1538 2116 ab
1564 2062 1699 2117 atris

213 2150 387 2207 Cociti
420 2152 652 2219 facibus,
685 2153 992 2224 suadetque
1023 2152 1326 2209 domestica
1348 2154 1517 2222 bella,

213 2247 388 2302 Fratri
415 2245 582 2301 frater
609 2254 667 2302 ut
698 2247 940 2301 invideat
969 2262 1311 2318 carpeusque
1334 2249 1587 2313 lacessat,

210 2338 484 2405 Mordeat,
513 2339 750 2406 incuset,
781 2338 958 2394 civilis
981 2338 1183 2394 ferveat
1205 2340 1388 2395 ardor.

213 2427 307 2484 Sic
336 2430 517 2504 magis
555 2429 859 2502 inspiciens
894 2438 1121 2485 externa
1149 2431 1396 2504 pericula
1425 2447 1588 2504 posse

1856 1834 1908 1902 B

1715 2583 1919 2638 CAPUT
1958 2585 2066 2639 VII.

1029 2690 1109 2750 De
1135 2693 1358 2751 sanctis
1387 2690 1802 2762 Marcelliano,
1841 2696 1893 2748 et
1923 2689 2140 2761 Marco,
2179 2698 2356 2765 atque
2382 2685 2749 2746 Sebastiano.

219 2824 315 2879 llis
346 2824 601 2880 incitatos
637 2825 774 2880 orbe
792 2830 906 2881 toto
937 2825 1157 2882 fomites

215 2912 528 2967 Comitatur
552 2921 705 2968 atrox
735 2912 955 2968 ﬂamma
986 2915 1182 2970 Christi
1213 2932 1312 2986 per
1340 2923 1479 2985 sata,

217 3004 414 3059 Solum
446 3020 669 3060 vacasse
697 3006 848 3061 caede
874 3006 1084 3061 nullum
1116 3009 1375 3076 creditur,

217 3095 438 3159 Quanto
463 3095 651 3150 minus
681 3096 925 3152 Romana
946 3096 1078 3152 belli
1119 3097 1375 3153 incendia

217 3185 490 3240 Haustum
516 3185 728 3240 cruoris
758 3185 1012 3241 nesciere
1040 3187 1262 3242 moenia.

218 3274 320 3329 Hic
349 3274 744 3344 comprehensi
767 3275 1113 3331 destinantur
1143 3277 1379 3334 vinculis

219 3367 444 3423 Gemini
476 3377 769 3437 parentum
799 3369 945 3424 clara
976 3369 1171 3425 fratres
1200 3370 1428 3436 lumina,

213 3459 607 3516 Marcellianus
634 3468 802 3533 atque
830 3462 1063 3530 Marcus,
1104 3463 1278 3520 nobili

213 3549 314 3604 Sat
342 3549 519 3619 stirpe
547 3549 694 3604 celsa
725 3552 1093 3621 provehentes
1117 3560 1425 3610 stemmata.

213 3638 315 3693 Eis
329 3637 612 3710 simulque
633 3640 848 3694 traditis
883 3641 1181 3698 clientibus

213 3729 610 3797 Sebastianus,
638 3731 722 3785 vir
745 3732 857 3787 Deo
875 3732 1250 3803 plenissimus,

212 3825 337 3878 Sub
368 3824 598 3879 militari
619 3831 772 3880 veste
788 3827 1040 3897 quamvis
1069 3828 1314 3894 abditus,

215 3920 448 3975 Honore
488 3920 689 3987 clarus,
721 3921 948 3994 regibus
973 3923 1346 3995 gratissimus,

209 4013 362 4088 Juge
393 4012 696 4067 exhibebat
725 4013 782 4067 in
807 4013 928 4068 dies
956 4014 1213 4070 solatium

211 4101 493 4158 Consulta
513 4101 738 4157 firmans
768 4102 1075 4158 vividorum
1109 4111 1416 4174 pectorum,

210 4193 342 4257 Quo
375 4191 581 4245 blanda
607 4191 837 4256 calcent,
867 4192 1005 4246 dura
1033 4199 1279 4248 temnant
1299 4194 1506 4263 saeculi,

211 4283 256 4337 Ρ
259 4283 406 4336 luxu
438 4281 679 4337 labantis
709 4297 831 4353 quae
859 4282 1388 4353 fasttcuntpulveris.

211 4372 322 4426 His
349 4372 485 4426 dum
517 4371 754 4426 calorem
782 4375 984 4428 mentis
1012 4374 1179 4428 armis
1208 4373 1471 4429 roborant

207 4466 520 4536 Minasque
549 4463 730 4519 stabili
759 4471 814 4520 et
843 4464 1011 4539 ﬂagra
1031 4467 1195 4521 corde
1221 4475 1527 4536 transeunt,

211 4554 437 4627 Capitis
464 4554 676 4609 subacti
705 4555 814 4611 laeti
845 4562 978 4610 eunt
1006 4557 1316 4624 sententia,

206 4646 440 4700 Pariter
466 4644 726 4719 genitrix,
755 4645 1021 4720 conjuges
1047 4661 1111 4701 ac
1140 4645 1326 4711 liberi,

204 4735 332 4792 Eos
359 4749 554 4789 amore
595 4746 1006 4806 prosequuntur
1033 4737 1222 4792 nexili.

204 4828 346 4893 Quo
378 4825 442 4880 ﬁt
467 4825 679 4881 dierum
700 4832 759 4881 ut
787 4827 1080 4899 impetrent
1101 4831 1354 4886 inducias

203 4920 499 4977 Praefecto
531 4921 600 4974 ab
641 4920 803 4976 Urbis
841 4923 1105 4979 tredecim
1135 4925 1445 4982 Chromatio
1477 4943 1491 4992 ;

202 5009 562 5065 Reddantur
593 5009 702 5064 aris
734 5018 792 5065 ut
815 5011 1117 5085 iungantur
1147 5014 1384 5088 legibus,

199 5099 535 5157 Pulsantur
561 5115 695 5174 ergo
718 5101 1072 5171 plurimarum
1105 5103 1324 5160 ﬂatibus

198 5198 506 5248 Auramm
539 5210 552 5246 :
584 5209 684 5248 eos
704 5194 877 5248 amica
908 5196 1062 5250 turba
1091 5198 1356 5254 concutit.

197 5287 373 5354 Quid
405 5286 578 5352 saxei,
601 5287 736 5358 quid
773 5297 1132 5359 perseverent
1161 5291 1323 5347 ferrei
1357 5310 1371 5358 ;

195 5379 451 5433 Patrem
482 5376 762 5443 abdieent,
791 5385 1066 5434 tormenta
1084 5381 1242 5435 matri
1283 5390 1616 5452 praeparent,

194 5467 465 5521 Demant
485 5463 595 5517 sibi
625 5463 764 5535 ipsis
789 5467 1102 5536 respuendo
1134 5468 1352 5540 gaudia,

194 5563 627 5633 Spernantque
649 5560 815 5615 vitam
841 5562 1209 5634 deserantque
1229 5563 1463 5637 gloriam

189 5655 551 5724 Necemque
577 5654 797 5726 templis
825 5664 1091 5726 appetant
1119 5656 1407 5714 aﬂ'ectibus
1434 5658 1464 5712 ‘I

191 5753 274 5804 At
308 5761 389 5801 se
415 5753 678 5817 parentes
702 5746 938 5804 ﬁliorum
970 5749 1212 5805 dulcium

1939 2823 2254 2880 Meminisse
2276 2824 2543 2896 pandant,
2571 2821 2661 2876 vel
2694 2821 2842 2876 citati
2871 2818 3203 2891 pulsibus(?)

1940 2920 2057 2977 Mox
2075 2927 2251 2974 mater
2289 2919 2453 2973 intrat
2481 2934 2540 2972 se
2571 2917 2838 2972 misellam
2861 2915 3150 2970 clamitans

1939 3011 2127 3068 Soluta
2157 3027 2324 3067 canos
2352 3007 2667 3064 exhibendo
2699 3007 2925 3071 lacteos,
3203 3001 3216 3010 '

1938 3103 2390 3166 Pectusiretecta,
2421 3101 2524 3155 fert
2555 3099 2789 3170 papillas
2820 3097 3091 3168 pendulas

1867 3222 1915 3289 Ο
1941 3191 2217 3262 Lacrymis
2242 3197 2495 3245 retexens
2521 3189 2779 3257 cjulando
2810 3185 3132 3258 crepundia,

1948 3285 2194 3338 Pressam
2229 3300 2329 3338 nec
2355 3283 2482 3337 ullis
2512 3281 2848 3337 conferenda
2875 3296 2934 3334 se
2957 3281 3117 3334 malis

1946 3375 2346 3440 Tribulatione,
2377 3383 2574 3445 Sponte
2615 3374 2820 3428 lethum
2861 3373 3066 3428 liberos

1949 3463 2116 3534 Sequi
2158 3470 2428 3534 petentes,
2455 3478 2595 3533 quos
2619 3463 2876 3516 tulissent
2916 3460 3134 3514 barbari

1948 3554 2284 3625 Sequeretur
2309 3554 2485 3606 audax
2516 3569 2617 3623 per
2639 3558 2883 3606 catervas
2912 3549 3169 3611 hosticas,

1947 3644 2096 3698 Novo
2124 3643 2388 3713 applicari
2413 3642 2712 3715 pugionem
2743 3639 2959 3703 funere,

1947 3737 2198 3791 Gladium
2217 3734 2440 3806 neganti
2473 3734 2581 3788 vim
2613 3731 2735 3786 neci
2760 3731 2935 3784 diram
2967 3729 3100 3784 inici

1947 3833 2120 3885 Senes
2150 3837 2406 3900 parentes
2428 3828 2726 3882 liberorum
2756 3827 3064 3880 ultroneam

1945 3924 2205 3992 Spectare
2236 3927 2491 3986 mortem,
2527 3918 2656 3973 ﬁliis
2685 3917 3027 3988 superstites.

1949 4017 2072 4071 llaec
2103 4016 2232 4070 dum
2263 4021 2539 4077 seruntur,
2581 4019 2694 4066 tum
2725 4026 2893 4065 senex
2915 4017 2970 4064 et
3007 4009 3207 4063 debilis

1947 4109 2106 4164 Pater
2133 4109 2202 4162 ab
2235 4107 2462 4178 sequela
2491 4105 2832 4160 servulorum
2863 4103 3155 4157 adducitur

1947 4203 2046 4268 Qui
2079 4202 2302 4274 pulvere
2330 4209 2494 4272 caput
2524 4199 2861 4254 sordidando
2892 4213 3187 4270 cygneum,

1954 4292 2277 4362 Hujusmodi
2306 4308 2479 4367 aegras
2502 4291 2695 4361 implet
2715 4305 2874 4344 auras
2899 4288 3126 4344 vocibus
3160 4304 3173 4341 :

1954 4409 1980 4432 α
2004 4385 2130 4439 Vale
2160 4385 2386 4439 daturus
2415 4384 2558 4438 ultro
2590 4383 2800 4438 lethum
2828 4380 3166 4436 adeuntibus

1949 4478 2163 4533 Accedo
2189 4477 2390 4550 gnatis,
2423 4492 2545 4547 quae
2567 4491 2692 4531 meo
2713 4491 3032 4547 paraveram

1867 4591 1926 4660 Ι)
1948 4570 2007 4623 In
2039 4569 2336 4624 liberorum
2358 4567 2688 4639 praebiturus
2710 4566 2925 4660 fune-ra.

1951 4661 2009 4714 Et
2039 4673 2162 4729 quae
2199 4663 2428 4728 repente
2459 4662 2606 4720 nata,
2639 4655 2808 4730 gnati,
2837 4653 3050 4708 insania

1949 4748 2144 4801 Amare
2169 4755 2425 4812 mortem,
2459 4745 2595 4816 proh
2623 4744 2781 4799 dolor
2809 4743 2822 4798 l
2853 4759 2951 4798 vos
2971 4743 3226 4808 addocet,

1952 4840 2096 4904 Quos
2128 4837 2411 4892 imbuebat
2432 4837 2688 4891 eminens
2716 4836 2914 4908 peritia

1955 4935 2016 4989 Et
2044 4933 2339 5007 singularis
2368 4932 2569 4986 mentis
2599 4932 2836 4987 ornabat
2861 4929 3059 5006 vigor?

1955 5023 2121 5078 Vobis
2149 5023 2281 5094 quid
2310 5022 2553 5093 appetita
2580 5021 2756 5077 solum
2788 5021 2843 5074 in
2884 5019 3162 5090 prosperis

1956 5113 2197 5168 Adversa
2237 5112 2387 5167 nulla
2415 5128 2580 5184 quam
2606 5111 2787 5166 timeri
2808 5109 3136 5179 nonjubent
3166 5109 3193 5161 τ

1959 5201 2172 5267 Venite,
2205 5207 2408 5272 patres,
2440 5196 2700 5254 inhibere
2719 5195 2864 5265 talia,

1957 5293 2247 5367 Contingat
2276 5309 2518 5364 unquam
2551 5307 2620 5346 ne
2652 5293 2761 5362 pati
2793 5307 2891 5346 vos
2920 5290 3067 5344 talia.

1953 5386 2215 5451 Juvenes,
2237 5384 2450 5449 adeste,
2482 5383 2609 5438 ﬂete
2630 5389 2827 5455 Sponte
2858 5381 3105 5453 perditos
3137 5397 3151 5443 ;

1955 5473 2231 5546 Lacrymis
2261 5474 2430 5546 rigata
2463 5472 2758 5544 praeferant
2785 5471 3081 5544 caliginem

1955 5567 2082 5622 Seni
2114 5582 2311 5638 perosa
2333 5567 2596 5622 destituto
2629 5566 2857 5630 lumina,

1955 5659 2119 5713 Ferro
2148 5658 2297 5712 feriri
2332 5674 2400 5712 ue
2441 5657 2969 5713 ducesconsiderem

1955 5748 2126 5824 [Egrw
2155 5755 2415 5816 senectae,
2447 5748 2581 5804 ﬂere
2597 5765 2736 5821 quos
2758 5764 2867 5804 non
2890 5747 3102 5828 pertuli

3439 335 3545 390 698

1933 968 2160 1024 Sumere
2189 973 2512 1038 proventum
2535 972 2821 1036 postquam
2839 961 3031 1018 intima
3052 960 3261 1015 viscera
3275 958 3475 1025 turbat,

1933 1061 2335 1135 Languidulum
2361 1060 2414 1114 in
2435 1060 2631 1130 vulgus
2661 1058 2940 1112 robustum
2973 1054 3199 1110 suscitat
3225 1053 3438 1106 hostem

1931 1150 2199 1206 Tartareis
2229 1166 2448 1204 armans
2475 1147 2712 1203 ﬂammis
2744 1144 3163 1200 Diocletianum.

1935 1243 1994 1298 In
2026 1241 2220 1296 Christi
2247 1240 2480 1295 famulos
2503 1246 2673 1294 totum
2702 1236 2795 1308 qui
2835 1236 3074 1290 concitat
3103 1233 3291 1287 orbem
3326 1247 3339 1284 :

1937 1338 1999 1393 Et
2027 1336 2156 1409 quia
2189 1335 2484 1390 nonnullos
2514 1332 2799 1389 constabat
2829 1329 3068 1385 fascibus
3093 1327 3232 1383 altos

1941 1429 2130 1484 Militia
2146 1428 2341 1491 claros,
2375 1427 2551 1498 primo
2584 1426 2684 1480 hos
2712 1423 3013 1494 depellere,
3048 1419 3231 1495 ﬂagris

1933 1522 2028 1578 Vel
2055 1532 2244 1578 censet
2270 1519 2473 1594 subigi,
2506 1526 2678 1574 totum
2709 1533 2832 1572 mox
2855 1516 3011 1570 saevit
3039 1515 3094 1569 in
3133 1528 3331 1586 agmen
3367 1530 3380 1566 :

1933 1611 2077 1666 Scita
2103 1611 2267 1677 dicat,
2299 1610 2518 1664 decreta
2548 1614 2720 1674 notat,
2741 1611 3015 1677 praecepta
3043 1604 3306 1678 resignat,

1934 1703 2296 1760 Ecclesiarum
2327 1702 2464 1756 aulae
2493 1700 2735 1770 lapidem
2767 1705 3085 1754 evertantur
3113 1695 3183 1749 ad
3211 1695 3405 1758 imum,

1933 1793 2222 1863 Scripturaa
2247 1807 2463 1861 superae
2493 1790 2614 1844 diro
2647 1794 2942 1843 exurantur
2970 1788 3024 1841 in
3053 1785 3180 1859 igne
3211 1803 3225 1838 :

1935 1883 2176 1949 Quilibet
2203 1881 2406 1956 insigni
2438 1887 2688 1936 nostrum
2718 1878 2973 1934 suffultus
3001 1878 3218 1934 honore

1935 1975 2184 2030 Culmine
2221 1974 2437 2029 sublato
2469 1989 2669 2028 nomen
2711 1971 3018 2043 praetendat
3048 1970 3214 2023 inane
3253 1987 3268 2023 :

1936 2067 2225 2121 Servorum
2256 2067 2303 2120 si
2342 2065 2466 2137 quis
2507 2065 2717 2120 Christo
2747 2062 3065 2117 famularier
3092 2067 3244 2132 cptet

1936 2157 2027 2212 Sic
2054 2143 2277 2212 maneat
2295 2158 2516 2228 penitus
2545 2173 2642 2228 spe
2672 2156 2943 2210 libertatis
2969 2154 3246 2224 adempta,

1938 2246 2120 2301 Primo
2153 2247 2270 2301 haec
2299 2247 2572 2320 legantur,
2603 2255 2729 2316 post
2756 2245 2884 2299 hinc
2911 2243 3148 2299 truciora
3178 2247 3478 2296 seruntur:

1936 2336 2194 2392 Ecclesiae
2227 2352 2483 2408 proceres
2522 2334 2697 2409 redigi
2727 2335 2829 2388 sub
2860 2334 3041 2388 vincla
3059 2339 3354 2387 monentur

1939 2428 2389 2500 Omnimodisque
2421 2425 2567 2501 adigi
2596 2423 2775 2497 pinnis
2803 2423 2872 2478 ad
2911 2438 3065 2478 sacra
3086 2421 3373 2490 iubentur.
