3962 6140
489 262 595 317 699
1249 263 1619 320 FLODOARDI
1662 265 1968 323 CANONICI
2009 264 2342 322 REMENSIS
2383 266 2721 324 OPUSCULA
2757 265 3067 322 METRICA.

483 384 806 456 Ferulisque
829 386 1109 456 quondam
1133 387 1462 458 vapulanter
1487 389 1696 445 horrui.
1737 415 1759 438 »ι

482 475 646 531 Natos
678 475 920 531 ferentes
951 487 1365 550 prosequuntur
1393 481 1662 556 conjuges

483 567 890 641 Obtutibusque
915 578 1070 645 grata
1098 572 1331 646 pignora
1366 574 1643 649 ingerunt,

485 664 725 729 Quorum
767 666 1083 738 relinquant
1112 685 1170 723 se
1202 677 1500 740 querentes
1526 671 1761 727 fastibus

481 756 727 830 Jugalem
757 773 1000 813 amorem
1029 760 1189 830 queis
1221 767 1482 831 putentur
1509 764 1762 834 perdere,

486 847 747 903 Dominos
776 850 1064 906 domorum
1083 867 1148 906 ac
1178 851 1416 908 ﬁliorum
1449 871 1588 926 quos
1619 856 1855 927 probent

484 938 572 994 Sic
601 939 924 996 lancinatori
955 943 1099 998 ultro
1133 944 1270 999 tradi
1303 948 1603 1017 gaudeant,

483 1031 754 1098 Spernant
787 1037 1040 1099 parentes
1068 1039 1234 1104 atque
1263 1034 1469 1091 amicos
1499 1037 1769 1105 nesciant,

485 1117 698 1173 Pellant
718 1120 940 1176 maritas
969 1122 1338 1196 abdicentque
1371 1125 1578 1183 liberos

487 1209 593 1263 Has
624 1209 770 1265 inter
796 1228 958 1268 auras
978 1216 1387 1290 coniugumque
1409 1219 1675 1291 lacrymas

486 1297 560 1352 Ac
591 1299 903 1355 nesciorum
936 1303 1224 1377 pignorum
1257 1307 1498 1378 suspiria

487 1393 666 1448 Animi
701 1396 899 1451 resolvi
933 1399 1264 1456 militantum
1295 1411 1601 1474 caperant,

491 1489 643 1544 Laso
674 1490 922 1547 dolorem
951 1497 1346 1552 contrahentes
1364 1505 1607 1569 pectore.

489 1577 690 1631 Horum
723 1577 918 1634 beatus
945 1581 1087 1636 altor
1117 1583 1244 1640 huic
1271 1589 1586 1657 spectaculo

489 1667 846 1724 Sebastianus
869 1671 1086 1728 militari
1118 1677 1396 1732 schemate

491 1760 689 1815 Latens
714 1762 910 1819 adesse
950 1781 1061 1820 non
1101 1767 1266 1823 inane
1294 1770 1524 1826 duxerat
1557 1790 1571 1837 ;

496 1851 808 1924 Vidensque
839 1855 966 1909 belli
1009 1856 1156 1913 fasce
1186 1859 1360 1936 frangi
1392 1862 1618 1931 milites,

471 1941 808 2019 .Perrumpit
835 1960 1034 2017 agmen
1063 1947 1351 2003 concionis
1379 1949 1584 2020 livida,

496 2029 730 2085 Medium
764 2034 1026 2088 tumultus
1063 2052 1122 2090 se
1153 2036 1414 2112 ingerens
1451 2041 1718 2110 victoria,

501 2119 1058 2192 Lassosque'adortus
1088 2125 1174 2181 his
1203 2138 1402 2199 petens
1436 2133 1781 2204 palastrides
1810 2153 1824 2193 :

505 2237 520 2262 ι
561 2211 600 2268 Ο
639 2215 842 2271 milites
861 2217 1060 2274 virtute
1083 2221 1198 2290 jam
1231 2222 1514 2283 fortissimi

498 2303 536 2359 Ο
564 2305 737 2376 pralii
765 2309 1004 2364 caelestis
1026 2310 1454 2385 instructissimi,

499 2393 699 2450 Palma
726 2395 914 2471 vigore
937 2400 1139 2455 mentis
1161 2401 1284 2457 alta
1317 2407 1570 2475 proximi,

499 2484 587 2539 Sic
619 2501 767 2540 nunc
791 2503 1025 2543 coronas
1054 2490 1262 2547 frivolis
1292 2494 1518 2566 ineptiis

500 2571 660 2628 Juvat
681 2589 959 2646 perennes
986 2581 1312 2650 nugularum
1342 2599 1551 2655 ponere
1585 2605 1598 2641 :

503 2667 632 2736 Sed,
666 2684 874 2739 quaso,
904 2670 1078 2727 discat
1105 2672 1369 2732 fortitudo
1411 2678 1624 2735 mitium

504 2758 608 2814 Per
635 2775 732 2815 vos
763 2759 872 2816 ﬁde
899 2764 1112 2833 potiore
1150 2769 1368 2824 cunctis
1399 2771 1593 2826 instrui

505 2848 680 2904 Armis
701 2850 880 2923 rigore
898 2867 1021 2923 qua
1041 2864 1300 2924 parantur
1319 2857 1499 2916 ferreo
1530 2879 1545 2927 ;

505 2939 755 2995 Victoria
786 2942 958 2999 nolite
987 2954 1182 3002 vestra
1213 2948 1451 3024 insignia

506 3031 609 3085 Per
639 3031 841 3086 blanda
873 3034 1104 3105 perdere
1135 3035 1463 3096 feminarum
1486 3059 1788 3115 murmura,

509 3119 689 3175 Hostis
720 3120 934 3178 subacti
962 3123 1104 3180 colla
1134 3142 1202 3181 ne
1233 3128 1513 3200 dimittite,

507 3209 721 3263 Calcate
761 3208 907 3264 bella
933 3227 1004 3266 ne
1028 3226 1318 3287 resurgant
1347 3218 1554 3288 vivida,

509 3300 623 3354 Neu
653 3301 794 3356 victa
818 3302 978 3358 vobis
1008 3320 1067 3360 se
1095 3307 1310 3383 erigant
1339 3311 1580 3370 victricia
1607 3333 1621 3370 :

515 3394 663 3450 Licet
693 3395 855 3464 hujus
883 3401 1094 3471 eXperti
1125 3419 1247 3458 acre
1273 3403 1428 3461 fortis
1458 3410 1707 3479 pralium

510 3486 762 3557 Repetita
786 3490 923 3546 scite
950 3492 1174 3549 duriora
1202 3497 1451 3566 vulnera,

511 3579 648 3643 Quin
678 3580 917 3654 gloriosa
945 3584 1091 3639 celsa
1122 3584 1253 3642 belli
1283 3589 1527 3646 culmina

510 3671 709 3727 Amore
741 3673 904 3746 longe
918 3681 1100 3732 terreo
1131 3662 1428 3750 sustollite‘,

511 3759 622 3816 Nec
647 3763 998 3832 parvulorum
1021 3766 1244 3825 ﬂetibus
1272 3770 1538 3844 deponite
1572 3793 1587 3841 ;

511 3854 644 3910 Nam
676 3856 940 3932 lugubres
969 3876 1176 3937 angore
1208 3882 1350 3936 quos
1379 3871 1667 3926 attenditis

513 3947 764 4004 Gaudere
803 3958 994 4019 staret,
1027 3965 1456 4030 noscerentqua
1486 3964 1748 4032 noscitis;

513 4039 720 4113 Nempe
750 4043 1026 4100 astimant
1065 4047 1169 4103 hoc
1198 4064 1320 4104 esse
1351 4052 1527 4108 solum
1559 4055 1780 4113 vincere

514 4131 667 4196 Quod
699 4136 987 4205 temporali
1020 4137 1146 4206 jure
1177 4142 1384 4197 mundo
1412 4143 1634 4212 vivitur,

515 4227 629 4291 Quo
652 4227 939 4288 desinente
970 4232 1080 4287 vita
1117 4235 1267 4289 nulla
1297 4237 1589 4307 splendeat
1618 4259 1631 4295 :

517 4318 733 4374 Scirent
753 4321 901 4376 enim
933 4323 980 4377 si
1011 4326 1204 4380 mortis
1233 4343 1296 4383 ac
1336 4331 1607 4389 molestia

514 4409 775 4466 Securam
804 4411 854 4467 ei
872 4413 928 4467 in
958 4431 1067 4487 qua
1093 4426 1287 4492 regnat
1307 4421 1710 4496 immortalitas,

516 4502 590 4557 Ac
615 4504 950 4574 sempiterna
971 4519 1381 4570 commorantur
1408 4518 1611 4590 gaudia

516 4591 809 4649 Vobiscum
840 4595 908 4650 ad
939 4596 1087 4653 illam
1118 4613 1403 4659 currerent
1425 4607 1778 4684 pertingere;

521 4683 628 4740 Hac
653 4684 808 4741 ﬂocci
834 4703 1026 4757 pensa,
1057 4683 1648 4764 concupiscerenteam

520 4774 577 4828 ln
608 4776 979 4849 gratulatione
1001 4796 1125 4851 qua
1151 4782 1272 4856 jugi
1287 4801 1538 4854 manens,

517 4859 750 4917 Omnino
783 4863 988 4924 habere
1005 4869 1180 4926 nescit
1216 4888 1458 4946 unquam
1489 4879 1820 4937 terminum:

519 4952 690 5026 Luget
719 4959 833 5024 (sic)
868 4957 996 5014 inde
1026 4961 1134 5016 vita
1162 4966 1342 5035 qualis
1368 4967 1473 5024 ista
1502 4975 1762 5039 transeat,

519 5045 690 5110 Quam
719 5046 877 5118 falsa,
909 5068 1073 5124 quam
1104 5054 1318 5124 dolosa,
1360 5076 1522 5130 quam
1563 5062 1852 5121 celerrima

522 5135 855 5206 Malesuada,
888 5142 1059 5209 vafra,
1091 5145 1425 5218 circulatrix,
1463 5152 1694 5223 perﬁda,

522 5226 648 5291 Qua
673 5227 794 5284 dira
817 5247 1016 5302 pravos
1035 5233 1258 5291 invehat
1282 5253 1382 5307 per
1418 5240 1672 5306 crimina.

522 5322 638 5387 Quo
665 5323 960 5398 diligentes
987 5329 1172 5395 ducat,
1205 5338 1260 5386 et
1285 5333 1418 5405 quid
1449 5349 1723 5412 praparet

518 5414 738 5471 Eterna
762 5431 1048 5489 procreata
1077 5439 1226 5480 mors
1253 5433 1312 5481 ut
1336 5444 1403 5483 ex
1428 5445 1494 5486 ea

523 5505 659 5562 Huic
695 5507 997 5566 servientes
1017 5512 1143 5582 jure
1169 5516 1336 5572 sumit
1361 5521 1577 5592 perpeti

522 5592 590 5649 Ut
617 5594 870 5652 exsulare
898 5602 1268 5674 prot0plastos
1296 5607 1474 5682 egerit

2119 396 2174 464 Α
2199 391 2333 447 Vita
2362 391 2625 463 perennis
2652 390 2946 447 destitutos
2976 392 3172 463 patria.

2202 482 2323 537 Haec
2343 498 2460 550 vos,
2493 482 2678 550 amici,
2711 480 2874 552 fallit,
2906 482 3049 538 istos
3074 482 3272 540 ludere

2199 574 2372 629 Vitam
2402 580 2656 645 petentes
2681 589 2826 646 quos
2853 581 3170 630 manentem
3203 575 3395 632 sistitis
3428 595 3443 643 ;

2204 665 2327 721 Hac
2355 682 2453 721 vos
2480 673 2737 736 parentes
2767 666 2836 720 ad
2865 665 3126 723 decorem
3148 667 3405 724 calicum

2204 758 2406 814 Gnatos
2435 767 2633 813 euntes
2671 758 2924 813 detinere
2956 760 3204 834 suggerit
3238 778 3252 815 :

2207 850 2333 904 Hac
2359 850 2625 924 conjuges
2656 849 2868 905 honore
2907 849 3114 906 blando
3143 860 3446 924 martyrum

2206 939 2429 995 Lethale
2462 947 2650 995 mente
2681 939 2824 995 ferre
2851 941 2998 1014 cogit
3024 942 3307 1012 poculum,

2201 1031 2435 1086 Assensa
2464 1031 2622 1087 vobis
2647 1031 2810 1104 queis
2836 1032 3095 1088 adessent
3134 1042 3403 1107 tempora,

2195 1125 2312 1180 Jam
2348 1125 2591 1196 separari
2622 1125 2945 1201 contigisset
2983 1127 3281 1198 perpetim,

2201 1217 2368 1273 Vobis
2394 1233 2498 1274 nec
2527 1217 2651 1273 illos
2681 1224 2886 1274 aeterna
2913 1217 3056 1274 inter
3085 1221 3322 1277 tormina

2206 1309 2452 1380 Unquam
2483 1308 2690 1364 deinde
2716 1308 3008 1364 cederetur
3037 1309 3240 1377 visere,

2205 1401 2618 1460 lncredulorum
2651 1400 2749 1458 ubi
2779 1402 2999 1458 ﬂamma
3023 1403 3201 1475 carpit
3228 1411 3472 1477 pectora,

2213 1495 2389 1550 Edunt
2419 1495 2689 1550 dracones
2717 1493 2866 1550 labia
2903 1495 3400 1567 blasphemantium

2212 1588 2414 1643 Vorant
2447 1586 2706 1654 colubra,
2741 1585 3081 1657 perﬁdorum
3112 1590 3343 1658 viscera,

2214 1676 2420 1746 Strepit
2448 1675 2707 1744 ejulatus,
2737 1674 2899 1730 ﬂetus
2919 1676 3011 1732 hic
3037 1683 3093 1732 et
3121 1678 3400 1743 dissonus,

2135 1737 2185 1806 Β
2214 1737 2452 1842 Plangor
2477 1737 2796 1842 gementum
2829 1783 2993 1840 quem
3024 1769 3251 1842 exigunt
3279 1737 3541 1827 incendia

2214 1859 2504 1930 Panaque
2532 1857 2683 1912 nullo
2710 1856 2968 1912 ﬁnienda
2999 1859 3255 1927 termino,

2213 1947 2376 2002 Ustus
2400 1946 2730 2001 cremandus
2760 1946 2892 2000 dum
2921 1956 3156 2002 novatur
3188 1949 3408 2005 millies.

2217 2037 2338 2091 Hac
2365 2051 2495 2109 ergo
2517 2041 2570 2090 et
2593 2036 2728 2092 istos
2744 2037 3050 2093 transilisse
3080 2038 3332 2110 linquite,

2214 2129 2394 2185 Vitare
2425 2135 2480 2184 et
2510 2129 2616 2201 ipsi
2655 2136 2842 2184 mente
2869 2138 3026 2185 cauta
3053 2130 3305 2202 pendite,

2217 2219 2434 2290 Hosque
2473 2217 2543 2272 ad
2581 2232 2814 2274 coronas
2843 2218 3147 2275 destinatas
3184 2220 3410 2289 mittite,

2216 2305 2327 2360 Nec
2355 2313 2702 2376 separantur,
2737 2305 2883 2362 absit
2909 2306 2997 2362 hic
3022 2307 3183 2363 vobis
3215 2309 3380 2366 timor
3411 2328 3424 2364 :

2221 2395 2435 2450 Vadunt
2472 2411 2664 2466 parare
2695 2395 2829 2468 quin
2852 2395 3052 2451 domus
3077 2396 3130 2450 in
3159 2397 3363 2453 athera

2221 2487 2439 2542 Manere
2454 2487 2740 2543 vobiscum
2769 2495 2935 2560 atque
2965 2489 3072 2543 lati
3104 2489 3288 2546 vivere

2223 2577 2322 2632 Ubi
2355 2577 2694 2648 sempiterna
2733 2578 3079 2651 gratulentur
3106 2576 3317 2650 gloria:

2181 2707 2184 2711 ι
2222 2667 2380 2733 Quod
2403 2668 2450 2722 si
2480 2668 2678 2724 domus
2701 2669 2793 2723 hic
2825 2667 3133 2742 diliguntur
3152 2675 3344 2725 terrea

2221 2755 2391 2821 Quam
2423 2762 2551 2811 sunt
2579 2755 2819 2827 petenda
2849 2763 3055 2812 structa
3078 2757 3299 2813 domata
3324 2757 3532 2830 obryzo

2219 2846 2484 2901 Praclara
2513 2845 2747 2922 gemmis
2776 2845 2987 2921 fulgide
3015 2847 3367 2903 stellantibus

2221 2942 2334 3007 Qua
2362 2957 2472 2997 non
2500 2941 2670 2997 decor
2689 2943 2980 2998 marcescit
3006 2960 3250 3016 unquam
3283 2944 3510 3014 ﬂorens,

2221 3035 2424 3090 Nemus
2449 3034 2660 3090 virente
2690 3050 2751 3090 se
2781 3050 2937 3091 coma
2963 3052 3246 3109 nunquam
3279 3038 3429 3094 exuit

2143 3109 2193 3178 C
2221 3127 2372 3183 Rivis
2401 3127 2665 3183 decenter
2693 3127 2916 3202 irrigata
2943 3127 3162 3185 molleis
3189 3148 3206 3194 ;

2226 3219 2321 3274 Hic
2347 3235 2630 3291 nunquam
2661 3233 2940 3275 amanum
2971 3226 3124 3291 prata
3147 3221 3387 3292 perdunt
3416 3221 3652 3285 ﬂoscida,

2226 3315 2388 3370 Grato
2419 3330 2721 3386 perennem
2756 3316 2927 3372 odore
2946 3316 3114 3372 vitam
3147 3315 3339 3372 ﬂantia

2227 3406 2434 3461 Lumen
2463 3405 2585 3461 sine
2613 3405 2832 3472 umbra,
2863 3421 2968 3461 nec
2997 3405 3143 3461 diem
3167 3420 3275 3462 nox
3305 3407 3560 3462 terminat

2227 3495 2588 3550 Serenitatem
2622 3511 2902 3567 nunquam
2934 3494 3252 3550 inumbrant
3281 3495 3488 3560 nubila,

2225 3583 2582 3639 Securitatem
2612 3583 2764 3638 nulla
2799 3590 3060 3656 rumpunt
3088 3583 3344 3655 improba

2225 3675 2404 3746 Dapes
2433 3673 2682 3730 celebres
2711 3673 2864 3728 nulla
2901 3673 3103 3729 sistunt
3140 3673 3318 3729 tristia

2226 3771 2502 3834 Lamenta,
2536 3769 2735 3837 luctus,
2765 3768 3024 3838 ejulatus,
3056 3767 3250 3825 sibilus

2227 3865 2345 3921 Non
2375 3863 2674 3920 audiuntur
2694 3863 2805 3930 hic,
2837 3877 2942 3917 nec
2969 3877 3210 3933 unquam
3242 3869 3618 3934 perstrepunt:

2232 3953 2538 4018 Horrenda,
2579 3957 2740 4018 tetra,
2773 3949 2999 4006 sordida
3029 3958 3122 4006 aut
3153 3949 3423 4006 deformia

2230 4047 2349 4101 Non
2376 4043 2467 4099 hic
2494 4041 2754 4098 videntur
2775 4057 2790 4106 ;
2811 4039 3184 4112 pulchritudo,
3218 4039 3530 4105 amanitas,

2232 4135 2504 4208 Splendor
2541 4149 2776 4188 serenus
2792 4146 2856 4188 ac
2877 4131 3081 4197 nitens,
3111 4129 3425 4187 formositas

2233 4229 2431 4285 Oculos
2459 4225 2646 4282 fovent
2670 4225 2791 4280 hac
2819 4239 3037 4295 semper
3065 4223 3396 4280 intuentium
3421 4241 3434 4278 :

2233 4317 2390 4382 Quod
2410 4314 2578 4372 corda
2607 4321 2766 4370 vexet
2794 4313 2933 4368 nihil
2974 4313 3202 4369 resultat
3227 4313 3451 4368 auribus

2234 4404 2334 4460 Ubi
2375 4403 2699 4478 angelorum
2728 4403 2851 4458 lata
2882 4401 3126 4474 psallunt
3165 4417 3374 4476 organa
3405 4418 3419 4456 :

2231 4497 2325 4553 Hic
2355 4496 2554 4570 fulgur,
2577 4501 2671 4550 aut
2693 4509 2974 4564 coruscus,
3005 4502 3098 4550 aut
3116 4495 3357 4550 tonitrua

2229 4593 2519 4665 Nunquam
2547 4591 2816 4646 nitentem
2851 4589 3212 4646 verberamnt
3239 4590 3445 4646 aethera
3473 4607 3487 4654 ;

2231 4680 2544 4738 Amaritudo
2577 4679 2728 4735 nulla
2749 4686 2970 4755 gustum
3010 4678 3233 4735 conﬁcit
3263 4695 3279 4745 ;

2229 4767 2469 4844 Virgulta
2497 4767 2736 4843 gignunt
2761 4768 3172 4824 cinnamomum
3195 4767 3557 4823 etbalsamum

2237 4861 2474 4927 Quorum
2501 4875 2754 4932 saporem
2781 4865 2934 4934 grata
2955 4859 3058 4916 fert
3088 4859 3422 4935 fragrantia;

2236 4952 2355 5007 Non
2371 4951 2483 5006 ulla
2519 4957 2734 5006 stercus
2759 4965 2887 5005 esca
2917 4949 3086 5024 cogit,
3126 4949 3367 5005 nectaris

2238 5043 2610 5118 Digestionem
2641 5057 2753 5098 non
2770 5040 3126 5114 agitrefectio
3161 5059 3175 5107 ;

2238 5137 2304 5194 Ut
2335 5153 2460 5192 cum
2483 5137 2634 5192 bono
2665 5141 2965 5205 pascuntur
2993 5149 3154 5188 aures
3180 5131 3376 5188 nuntio

2235 5229 2403 5285 Nares
2435 5227 2605 5284 odore
2641 5228 2826 5282 lumen
2845 5232 3071 5298 aspectu
3097 5225 3331 5296 Optimo.

2235 5325 2389 5391 Quod
2419 5324 2656 5397 quisque
2682 5338 2902 5379 sumere
2932 5321 3126 5388 ambit,
3159 5321 3246 5376 hic
3266 5335 3393 5376 mox
3432 5314 3685 5392 percipit:

2234 5421 2544 5476 Frustratur
2571 5418 2851 5490 appetitus
2879 5417 2992 5474 illic
3021 5415 3234 5472 nemini
3270 5433 3284 5470 :

2235 5509 2365 5565 lstic
2386 5508 2610 5564 rebellis
2628 5508 2724 5581 qui
2754 5507 3032 5563 illecebris
3062 5504 3288 5572 exstitit,

2235 5601 2296 5657 Et
2323 5600 2594 5674 quidquid
2621 5600 2714 5658 hic
2741 5598 2952 5656 dimisit
2975 5597 3175 5654 affectu
3203 5597 3320 5664 Dei,

3705 273 3790 330 700
