3974 6146
284 269 383 323 701
906 271 990 325 DE
1029 271 1288 328 CHRISTI
1328 273 1688 330 TRIUMPHIS
1729 275 1900 332 APUD
1939 277 2206 334 ITALIAM
2246 279 2422 338 LIBRI
2461 285 2588 341 XIV.
2629 316 2699 326 —
2738 287 2863 343 LIB.
2907 287 2992 342 VI.

288 397 703 468 Multiplieatum
733 408 1108 471 consequetur
1135 403 1366 458 centies.
1392 421 1417 454 η

287 491 420 545 Vitae
449 497 714 557 creatum,
746 501 921 548 morte
947 494 1106 562 juxta
1132 496 1362 561 consita,

288 579 576 633 Hominem
603 580 796 635 timere
823 581 980 649 cujus
1007 589 1162 637 antra
1192 584 1412 654 debeat,

285 671 421 724 Vitae
449 670 644 726 futurae
673 671 833 743 quale
865 689 1095 748 regnum
1128 692 1376 747 quaerere

287 759 392 814 Cur
417 761 506 814 hic
535 761 786 831 voluptas
801 763 871 816 sit
900 763 1175 819 domanda
1207 765 1478 836 corporis,

285 850 436 905 Bona
464 851 779 921 respuenda
809 868 931 924 qua:
959 853 1181 910 Creator
1210 855 1406 922 edidit,

283 938 565 994 Narrando
599 956 857 1011 promens
885 941 1032 998 clara
1063 944 1257 1000 doctor
1279 946 1508 1013 lumina,

281 1027 448 1082 Veras
474 1044 610 1099 opes
641 1037 696 1084 et
722 1046 850 1084 vera
891 1033 1084 1102 pandit
1107 1035 1307 1106 gaudia
1351 1054 1364 1090 :

283 1117 362 1171 Ab
405 1117 493 1172 his
511 1118 580 1172 ad
608 1118 699 1172 illa
729 1135 839 1191 quo
872 1121 1140 1196 migretur
1163 1127 1378 1182 tramite

283 1209 597 1281 ﬂorumque
626 1211 819 1266 amicis
858 1214 990 1285 quid
1019 1224 1242 1286 paretur
1272 1226 1480 1290 postea.

279 1304 450 1368 Quam
485 1310 622 1358 tetra
654 1305 764 1359 sint
793 1311 1082 1374 tormenta,
1111 1325 1274 1380 quam
1299 1313 1567 1379 crudelia,

276 1392 475 1447 Sinant
502 1392 697 1447 beatos
727 1394 842 1450 haec
871 1411 1065 1452 cavere
1105 1406 1369 1471 martyres

276 1489 559 1543 Patienter
586 1491 690 1545 ista
718 1489 788 1545 ob
814 1491 905 1545 illa
927 1490 1076 1548 ferre
1115 1495 1211 1564 qui
1251 1496 1429 1552 sciant
1457 1516 1471 1564 ;

275 1578 572 1633 Vertantur
601 1579 656 1632 in
689 1579 984 1651 tranquilla
1011 1582 1212 1655 gaudia
1243 1583 1496 1656 lacryma:
1526 1604 1541 1652 ;

270 1671 508 1737 Jamjam
549 1670 834 1742 quiescant
856 1673 1179 1729 desinentes
1208 1678 1472 1751 plangere

274 1761 530 1832 Regnare
563 1775 704 1832 quos
734 1761 1012 1817 constabit
1053 1764 1162 1819 alto
1191 1767 1433 1822 culmine

273 1855 606 1927 Christoque
626 1856 850 1924 junctos
873 1864 1093 1928 sceptra
1114 1860 1239 1914 coeli
1269 1877 1490 1918 sumere
1523 1881 1538 1930 ;

274 1947 420 2011 Quin
451 1947 521 2002 ad
556 1962 789 2003 coronas
809 1964 866 2003 se
894 1951 1163 2020 petendas
1191 1953 1450 2022 excitent,

271 2038 609 2109 llostemque
649 2045 854 2108 partam
881 2040 1050 2095 inisse
1091 2040 1300 2097 foveam
1334 2047 1608 2102 noverint.

269 2127 398 2182 Haec
428 2129 557 2182 dum
587 2128 782 2184 beatus
808 2129 970 2184 miles
997 2132 1133 2204 Agni
1165 2133 1386 2189 disserit

265 2217 371 2282 Qui
403 2208 633 2272 militem
657 2233 752 2272 ore
783 2217 1102 2289 proferebat
1131 2223 1342 2290 saeculi,

264 2311 514 2366 Firmare
539 2313 713 2386 signis
743 2315 890 2370 dicta
920 2332 1181 2386 supremo
1212 2317 1356 2373 Patri

270 2402 480 2467 Placet,
512 2417 743 2459 corusco
776 2404 1088 2478 fulgurante
1115 2408 1353 2476 caelitus,

267 2493 644 2548 llluminando
677 2479 1074 2566 disputatorem
1111 2513 1270 2552 suum

263 2582 390 2638 Mox
414 2582 736 2638 ccelicorum
766 2584 987 2640 visitatu
1018 2585 1222 2640 civium

265 2672 525 2727 Gaudens
555 2673 791 2740 renidet,
825 2681 978 2730 veste
1018 2677 1436 2746 praeclarissima

261 2763 606 2835 Juvenisque
637 2764 856 2839 fulgens
883 2769 1131 2822 osculum
1165 2768 1271 2824 fert
1303 2771 1572 2840 pollicens

264 2854 362 2908 Sui
387 2870 688 2924 perennem
728 2857 959 2931 gratiam
1001 2860 1284 2914 consortii.

338 2945 469 3011 Zoe,
503 2946 787 3002 Nicostrati
823 2964 974 3015 uxor,
1016 2949 1071 3003 in
1105 2950 1263 3018 cujus
1294 2951 1461 3006 domu

269 3041 378 3095 lsta
403 3049 459 3096 et
487 3047 753 3114 geruntur
780 3057 877 3097 ore
909 3057 1002 3097 sex
1030 3043 1216 3099 clauso
1244 3044 1414 3099 silens

263 3130 524 3185 Manebat
553 3131 711 3185 annis
739 3146 927 3202 pressa
955 3131 1005 3188 vi
1034 3133 1382 3206 aegritudinis
1414 3151 1427 3187 :

267 3220 401 3285 Quae
432 3228 622 3276 mente
649 3236 783 3276 sana
813 3221 944 3276 dum
961 3223 1202 3293 capessit
1222 3223 1390 3289 edita,

262 3312 449 3367 Tuens
480 3313 707 3382 superni
741 3320 949 3368 tantum
993 3314 1256 3370 honorem
1289 3315 1535 3384 luminis,

261 3402 497 3473 Stupore
528 3402 683 3456 tertis
714 3403 828 3472 (sic)
852 3404 1195 3475 exprobrans
1228 3421 1394 3460 manu
1421 3406 1606 3462 innuit

265 3492 424 3556 Quod
457 3498 566 3545 tam
597 3492 806 3562 patenti
837 3494 1005 3548 corda
1034 3509 1144 3548 non
1163 3493 1298 3548 dent
1329 3493 1518 3550 famini

267 3583 329 3638 Et
361 3583 623 3637 advoluta
645 3583 771 3654 quis
796 3583 940 3639 valet
964 3591 1118 3658 rogat
1156 3585 1324 3640 notis.

262 3675 652 3741 Sebastianus,
684 3681 743 3729 ut
768 3675 914 3746 capit
943 3676 1149 3732 silentii

261 3766 490 3834 Causas,
515 3786 541 3816 ι
573 3767 707 3841 Ego,
734 3766 935 3840 inquit,
966 3783 1126 3823 verus
1154 3783 1278 3823 esse
1310 3769 1357 3823 si
1385 3769 1581 3840 probo,

259 3860 471 3915 Servus
488 3859 770 3926 Tonantis,
810 3875 938 3915 vera
976 3861 1023 3915 si
1053 3867 1181 3916 sunt
1206 3861 1394 3917 omnia

256 3957 298 4010 Α
333 3971 426 4010 me
456 3955 650 4022 relata,
684 3957 802 4011 haec
822 3956 1059 4012 credidit
1089 3973 1210 4028 qua:
1241 3956 1468 4025 femina,

256 4049 490 4104 Solutor
517 4049 638 4117 ejus
667 4050 843 4104 solvat
871 4065 966 4105 ora
985 4050 1276 4123 Zachariae.
1327 4075 1347 4101 ι

257 4143 546 4198 Exclamat
575 4143 678 4199 hac
704 4143 809 4198 sub
838 4159 973 4200 voce
1002 4145 1106 4201 Zoe
1135 4146 1419 4221 gratulans

256 4234 570 4306 Gratesque
598 4250 850 4308 pangens
879 4251 944 4290 ac
977 4236 1291 4291 medentem
1333 4237 1640 4307 praedicans

255 4327 484 4381 Vidisse
515 4334 720 4382 testans
748 4328 816 4382 ab
848 4329 1106 4398 supernis
1134 4331 1391 4405 angelum

253 4417 488 4472 Missum
521 4417 776 4472 volumen
816 4420 1064 4475 attulisse
1089 4422 1343 4477 coelieum

251 4508 562 4579 Virumque
580 4524 749 4578 pansa
770 4508 1069 4564 luminasse
1108 4513 1332 4586 pagina,

257 4601 353 4655 His
376 4601 682 4671 adstupens
702 4603 784 4658 vir
816 4605 936 4674 ejus
968 4605 1371 4680 indulgentiam

255 4691 510 4745 Astratus
537 4691 665 4746 almi
691 4693 900 4768 ﬂagitat
930 4696 1194 4770 vestigiis,

255 4778 461 4832 Christi
487 4779 720 4834 clientes
748 4783 897 4853 quod
927 4793 1210 4856 gravasset
1233 4783 1488 4852 nexibus,

254 4870 563 4942 Mariusque
589 4871 772 4928 baccis
802 4881 1100 4946 occupatas
1120 4877 1388 4936 eximens.

255 4963 479 5034 Rogare
506 4971 728 5019 sanctos
768 4964 926 5020 liberi
955 4968 1280 5024 recederent

253 5052 392 5106 Sese
425 5051 646 5107 beatum
679 5061 735 5108 et
757 5055 1097 5125 expiandum
1131 5072 1477 5129 prosequens

253 5142 465 5197 Horum
500 5157 720 5198 recessu
751 5145 798 5199 si
825 5153 1131 5201 mereretur
1169 5148 1300 5217 pati.

257 5253 278 5280 ι
313 5232 434 5297 Quo
467 5231 580 5300 ﬁet,
620 5235 776 5291 aiunt
814 5238 1058 5308 expediti
1093 5247 1382 5313 martyres,

251 5323 599 5382 Perfectione
629 5335 810 5385 vestra
836 5337 986 5386 tanta
1007 5331 1052 5386 si
1087 5331 1225 5388 fides

251 5415 454 5487 Cespit,
485 5419 666 5474 velitis
696 5437 795 5491 pro
826 5425 1094 5478 necandis
1123 5431 1179 5479 ut
1199 5426 1358 5495 mori,

251 5506 369 5569 Qua
401 5505 584 5562 fronte
617 5515 766 5565 tanto
791 5511 1031 5567 roborati
1067 5520 1313 5584 tempore

255 5597 564 5652 Prodemus
592 5601 846 5657 haustum
879 5603 1156 5674 passionis
1186 5609 1421 5678 propriae

256 5687 396 5744 Nam
427 5691 580 5764 larga
611 5694 806 5749 Christi
834 5704 1050 5754 constat
1076 5699 1359 5756 affluentia

1941 410 1991 477 Α
2016 406 2233 464 Potiora
2263 409 2518 480 praebens
2547 429 2708 484 quam
2736 423 2957 489 rogatur
2990 432 3220 472 munera

2015 501 2115 566 Qui
2146 509 2252 558 tam
2287 522 2547 577 supremo
2579 524 2676 562 vos
2705 509 2947 565 nitentes
2972 512 3216 566 culmine

2015 595 2375 652 Perfectionis
2407 597 2573 654 addet
2602 599 2921 656 eminentia.
2960 622 2984 652 ιι

2014 683 2138 738 Haec
2167 694 2332 756 atque
2365 685 2521 756 plura
2550 685 2678 740 dum
2712 687 2998 757 profantur
3029 689 3216 760 inclyti

2011 775 2242 842 Fratres,
2274 784 2531 848 parentes
2568 788 2731 850 atque
2753 780 2910 835 amici
2931 779 3152 851 perfida:

2012 871 2382 928 l‘ersuasionis
2408 872 2592 928 flendo
2633 875 3057 943 paenitudinem,

2008 963 2169 1030 Parti,
2196 964 2330 1040 jugo
2372 980 2591 1035 coepere
2623 964 2816 1022 Christi
2843 983 3094 1038 promere
3128 987 3141 1022 :

2005 1052 2122 1106 Sibi
2151 1060 2340 1109 sancta
2379 1054 2517 1108 tradi
2547 1072 2742 1130 urgere
2772 1057 3182 1128 primiscrinius
3217 1101 3232 1126 ,

2006 1146 2362 1202 Sebastianus
2389 1149 2536 1203 hunc
2567 1148 2818 1204 redactos
2855 1149 3091 1204 vinculis

2003 1235 2170 1290 lubet
2197 1253 2448 1312 gregare,
2479 1237 2644 1292 simul
2675 1244 2970 1308 capessant
3000 1238 3249 1310 mystica,

2007 1324 2235 1394 Stupere
2263 1325 2603 1381 Nicostratus
2632 1333 2690 1382 ut
2721 1327 2962 1404 rentibus

2005 1415 2184 1471 Pressi
2215 1417 2406 1473 subire
2433 1435 2582 1473 sacra
2608 1419 2824 1489 possint
2856 1419 3063 1484 munia,

2001 1509 2156 1582 Capit
2185 1527 2440 1582 supernae
2469 1513 2753 1588 dignitatis
2785 1515 3074 1584 praesulem

1999 1601 2104 1657 Pro
2134 1602 2435 1658 liberandis
2466 1613 2638 1660 morte
2673 1606 3055 1675 peccatoribus

1998 1693 2303 1750 Mortalium
2335 1713 2397 1750 se
2427 1698 2725 1753 contulisse
2756 1697 3039 1753 obtutibus
3071 1717 3086 1766 ;

1921 1785 1971 1852 Β
1996 1783 2052 1838 Id
2088 1785 2376 1840 tradidisse
2408 1786 2648 1841 credulis
2669 1787 2988 1858 mysterium

2000 1875 2180 1930 Funes
2203 1875 2406 1932 resolvi
2438 1892 2548 1948 quo
2573 1878 2820 1933 valerent
2845 1878 3161 1933 criminum.

1997 1966 2156 2022 Paret
2185 1982 2401 2022 reorum
2427 1969 2690 2024 obsessor
2715 1985 2911 2025 omnes
2940 1986 3267 2046 aggregans,

1997 2059 2142 2123 Quos
2179 2059 2450 2114 allocutus
2480 2060 2638 2115 miles
2666 2062 2844 2116 almus
2872 2061 3085 2116 invenit

1996 2148 2287 2220 Promptos
2309 2150 2552 2220 supremi
2584 2150 2835 2206 servituti
2868 2151 3153 2221 principis.

1997 2237 2329 2309 Polycarpus
2350 2238 2550 2294 exhinc
2575 2239 2873 2294 advocatus
2906 2239 3194 2310 presbyter

1996 2328 2206 2384 Gaudet
2235 2330 2442 2386 tuendo
2472 2330 2624 2386 lucra
2653 2331 2830 2386 divini
2863 2332 3048 2388 horrei

1997 2423 2343 2496 Hortansque
2365 2425 2507 2481 divis
2536 2425 2736 2482 imbuit
2754 2425 3061 2497 profatibus

1997 2513 2150 2568 Casto
2176 2514 2473 2571 sacrandos
2504 2523 2838 2587 praestruens
2854 2516 3088 2586 jejunio.

1996 2602 2118 2658 Haec
2143 2619 2276 2678 ergo
2311 2604 2650 2660 Nicostratus
2678 2613 2736 2661 ut
2766 2605 2868 2661 fert
2893 2605 3081 2661 omnia

1997 2692 2206 2748 Patrata
2246 2693 2740 2750 Commentariensi
2761 2694 3002 2750 Claudio.

1993 2785 2112 2840 Mox
2141 2785 2234 2840 ille
2262 2794 2476 2860 gnatos,
2511 2797 2664 2858 peste
2692 2788 2843 2842 varia
2873 2788 3185 2860 languidos,

1996 2874 2236 2938 Quorum
2269 2874 2442 2930 ﬂuore
2465 2883 2656 2931 venter
2681 2893 2854 2932 unum
2886 2877 3185 2949 turgidum,

1995 2963 2277 3034 Frequens
2300 2964 2580 3034 leprosum
2623 2965 2754 3020 fecit
2783 2966 2938 3020 ulcus
2967 2965 3223 3032 alterum,

1999 3054 2255 3126 Adducit,
2287 3056 2400 3111 imo
2430 3072 2490 3111 se
2514 3055 2678 3111 fidem
2705 3057 2806 3111 sub
2828 3064 3049 3128 pectore

1915 3171 1965 3240 Ο
2001 3151 2211 3208 Tenere
2241 3151 2444 3222 fassus,
2487 3154 2729 3210 Christus
2758 3155 2954 3210 horum
2984 3155 3158 3230 gloria

1993 3243 2148 3308 Quod
2178 3243 2505 3300 imminente
2527 3244 2720 3300 mortis
2741 3261 2770 3299 a
2797 3245 3045 3316 periculo

1995 3333 2266 3388 Restituet
2296 3334 2420 3390 illos
2447 3336 2682 3391 sanitate
2714 3335 2946 3390 reddita.

1993 3424 2139 3489 Quos
2160 3425 2290 3480 dum
2333 3427 2527 3481 beatus
2549 3426 2698 3481 fonte
2729 3427 3062 3498 Polycarpus
3092 3442 3248 3482 sacro

1995 3514 2197 3590 Tingit,
2231 3515 2480 3571 residunt
2504 3516 2655 3571 nulla
2682 3515 2862 3572 morbi
2890 3517 3162 3590 stigmata.

3511 291 3619 346 702

1996 3607 2140 3662 Felix
2173 3615 2433 3663 notantur
2469 3617 2636 3682 atque
2667 3608 2864 3664 Felicis
2892 3609 3054 3664 simul
3088 3610 3147 3681 [Γ.
3194 3608 3607 3680 Felicissimus],

1996 3695 2296 3752 Feliciores
2316 3699 2428 3766 jam
2461 3700 2573 3770 pati
2601 3699 2948 3770 parentibus,

1995 3785 2123 3842 Post
2145 3786 2276 3842 inde
2295 3787 2705 3858 Tranquillinus
2734 3803 2882 3860 aeger
2903 3787 3152 3853 artubus,

1992 3874 2326 3932 Marcelliani
2354 3876 2538 3933 fratris
2565 3886 2730 3949 atque
2770 3883 3041 3948 prosator,

1991 3968 2127 4023 Dum
2165 3985 2224 4024 se
2255 3967 2455 4023 fatetur
2481 3969 2647 4025 corde
2681 3983 2820 4040 puro
2847 3969 3076 4024 credere

1988 4065 2049 4118 Et
2075 4069 2202 4135 post
2231 4063 2503 4118 lavacrum
2524 4062 2571 4116 si
2601 4061 2735 4129 luet,
2757 4077 2868 4117 non
2897 4062 3136 4126 desinat,

1991 4153 2137 4207 Litus
2163 4159 2376 4208 sacrato
2403 4151 2704 4223 sospitatur
2722 4152 3005 4225 unguine;

1991 4243 2151 4299 Liber
2177 4243 2367 4299 dolore
2396 4244 2695 4316 podagrico
2725 4259 2789 4299 ac
2817 4242 3146 4316 chiragrico,

1993 4334 2058 4388 Ut
2094 4333 2377 4389 absolutus
2396 4341 2589 4408 stagna
2626 4337 2767 4389 saltu
2798 4334 3145 4406 irrumperet,

1992 4425 2189 4481 Verum
2213 4426 2497 4492 invocans,
2530 4443 2696 4497 quem
2725 4428 2966 4482 mundus
2995 4428 3231 4500 ignorat,
3259 4428 3451 4483 Deum.

1900 4495 1954 4562 Β
2059 4517 2188 4573 Post
2218 4519 2364 4572 hunc
2395 4495 2565 4572 amici
2589 4519 2876 4574 diluuntur
2903 4495 3198 4592 pignorum
3238 4537 3251 4573 :

1992 4609 2429 4676 Crescentianus,
2451 4611 2661 4679 Justus,
2701 4612 2952 4668 Urbanus
2983 4629 3228 4685 quoque,

1991 4698 2201 4766 Vitalis,
2237 4699 2630 4769 Euthycianus,
2662 4707 2821 4756 aucto
2845 4701 3096 4757 Aristone
3130 4705 3150 4768 ς’

1989 4787 2200 4843 Deinde
2230 4789 2571 4844 Nicostratus
2592 4797 2647 4844 et
2669 4788 2963 4857 Castorius,

1986 4880 2357 4952 Sequiturque
2398 4881 2922 4939 Commentariensis
2950 4883 3229 4940 Claudius.

1985 4975 2089 5030 Zoe
2128 4976 2330 5032 dehinc
2358 4983 2413 5030 et
2437 4976 2808 5048 Symphorosa
2842 4994 2906 5034 ac
2933 4978 3139 5042 Martia,

1983 5068 2410 5124 Vernaculorum
2437 5077 2492 5123 et
2513 5069 2672 5123 turba
2701 5068 3080 5140 primiscrinii,

1985 5159 2116 5214 Cum
2143 5158 2401 5214 carcerali
2432 5159 2502 5214 de
2531 5160 2711 5235 rigore
2741 5161 2934 5217 liberis

1985 5249 2186 5306 Omnes
2224 5252 2480 5322 quaterni
2514 5252 2701 5308 decies
2739 5260 2905 5326 atque
2932 5253 3139 5325 septies

1985 5342 2080 5398 Pio
2108 5343 2305 5398 sacrati
2337 5343 2487 5399 fonte
2513 5342 2710 5400 Christi
2742 5346 2797 5400 in
2824 5345 3101 5400 laudibus.

1985 5435 2182 5490 Noctes
2212 5435 2410 5491 diebus
2439 5438 2766 5508 cepulantes
2797 5437 3069 5493 ambiunt.

1986 5527 2148 5584 Ferro
2179 5544 2434 5600 supernae
2463 5530 2777 5586 consecrari
2811 5529 2976 5586 curiae

1987 5620 2276 5676 Dilationis
2317 5622 2574 5694 expedito
2602 5630 2875 5694 tempore,

1987 5709 2223 5766 Vocante
2250 5710 2658 5783 Tranquillinus
2687 5717 2743 5767 et
2764 5711 3093 5773 Chromatio.
