  <div class='ocr_page' id='page_1' title='image "/cluster/home/n/w/nwhite01/storage/ocr_20150623/135/hvd.32044054759956/357.png"; bbox 0 0 3962 6140; ppageno 0'>
   <div class='ocr_carea' id='block_1_1' title="bbox 406 293 2931 389">
    <p class='ocr_par' dir='ltr' id='par_1_1' title="bbox 406 293 2931 389">
     <span class='ocr_line' id='line_1_1' title="bbox 406 293 2931 389; baseline -0 -39"><span class='ocrx_word' id='word_1_1' title='bbox 406 294 512 351; x_wconf 87' lang='lat'>703</span> <span class='ocrx_word' id='word_1_2' title='bbox 994 316 1011 327; x_wconf 70' lang='grc' dir='ltr'><strong><em>ο</em></strong></span> <span class='ocrx_word' id='word_1_3' title='bbox 1122 295 1491 352; x_wconf 86' lang='lat' dir='ltr'>FLODOARDI</span> <span class='ocrx_word' id='word_1_4' title='bbox 1532 297 1835 389; x_wconf 80' lang='lat' dir='ltr'>CANONICI</span> <span class='ocrx_word' id='word_1_5' title='bbox 1876 297 2207 355; x_wconf 79' lang='lat' dir='ltr'>REMENSIS</span> <span class='ocrx_word' id='word_1_6' title='bbox 2248 296 2582 355; x_wconf 88' lang='lat' dir='ltr'>OPUSCULA</span> <span class='ocrx_word' id='word_1_7' title='bbox 2623 293 2931 351; x_wconf 81' lang='lat' dir='ltr'>METRICA.</span> 
     </span>
    </p>
   </div>
   <div class='ocr_carea' id='block_1_2' title="bbox 407 419 1561 493">
    <p class='ocr_par' dir='ltr' id='par_1_2' title="bbox 407 419 1561 493">
     <span class='ocr_line' id='line_1_2' title="bbox 407 419 1561 493; baseline 0 -17"><span class='ocrx_word' id='word_1_8' title='bbox 407 419 595 476; x_wconf 79' lang='lat' dir='ltr'>Grates</span> <span class='ocrx_word' id='word_1_9' title='bbox 615 420 928 491; x_wconf 83' lang='lat' dir='ltr'>rependens</span> <span class='ocrx_word' id='word_1_10' title='bbox 969 420 1200 475; x_wconf 84' lang='lat' dir='ltr'>redditis</span> <span class='ocrx_word' id='word_1_11' title='bbox 1226 437 1326 493; x_wconf 90' lang='lat' dir='ltr'>pro</span> <span class='ocrx_word' id='word_1_12' title='bbox 1350 420 1561 488; x_wconf 90' lang='lat' dir='ltr'>liberis,</span> 
     </span>
    </p>
   </div>
   <div class='ocr_carea' id='block_1_3' title="bbox 409 511 1671 583">
    <p class='ocr_par' dir='ltr' id='par_1_3' title="bbox 409 511 1671 583">
     <span class='ocr_line' id='line_1_3' title="bbox 409 511 1671 583; baseline 0.002 -17"><span class='ocrx_word' id='word_1_13' title='bbox 409 512 618 578; x_wconf 83' lang='lat' dir='ltr'>Quibus</span> <span class='ocrx_word' id='word_1_14' title='bbox 643 511 837 567; x_wconf 80' lang='lat' dir='ltr'>astruit</span> <span class='ocrx_word' id='word_1_15' title='bbox 865 527 924 568; x_wconf 90' lang='lat' dir='ltr'>se</span> <span class='ocrx_word' id='word_1_16' title='bbox 956 512 1256 579; x_wconf 86' lang='lat' dir='ltr'>redditum,</span> <span class='ocrx_word' id='word_1_17' title='bbox 1289 513 1440 583; x_wconf 92' lang='lat' dir='ltr'>ipsos</span> <span class='ocrx_word' id='word_1_18' title='bbox 1465 521 1521 568; x_wconf 91' lang='lat' dir='ltr'>et</span> <span class='ocrx_word' id='word_1_19' title='bbox 1542 513 1671 581; x_wconf 88' lang='lat' dir='ltr'>sibi,</span> 
     </span>
    </p>
   </div>
   <div class='ocr_carea' id='block_1_4' title="bbox 408 599 1573 672">
    <p class='ocr_par' dir='ltr' id='par_1_4' title="bbox 408 599 1573 672">
     <span class='ocr_line' id='line_1_4' title="bbox 408 599 1573 672; baseline 0.002 -18"><span class='ocrx_word' id='word_1_20' title='bbox 408 599 794 672; x_wconf 83' lang='lat' dir='ltr'>Adgaudethis</span> <span class='ocrx_word' id='word_1_21' title='bbox 821 600 1113 672; x_wconf 82' lang='lat' dir='ltr'>praefectus</span> <span class='ocrx_word' id='word_1_22' title='bbox 1138 608 1191 656; x_wconf 91' lang='lat' dir='ltr'>et</span> <span class='ocrx_word' id='word_1_23' title='bbox 1212 601 1389 656; x_wconf 90' lang='lat' dir='ltr'>ferant</span> <span class='ocrx_word' id='word_1_24' title='bbox 1413 602 1573 671; x_wconf 88' lang='lat' dir='ltr'>jubet</span> 
     </span>
    </p>
   </div>
   <div class='ocr_carea' id='block_1_5' title="bbox 408 691 1651 767">
    <p class='ocr_par' dir='ltr' id='par_1_5' title="bbox 408 691 1651 767">
     <span class='ocr_line' id='line_1_5' title="bbox 408 691 1651 767; baseline 0.002 -21"><span class='ocrx_word' id='word_1_25' title='bbox 408 691 502 746; x_wconf 88' lang='lat' dir='ltr'>Dis</span> <span class='ocrx_word' id='word_1_26' title='bbox 528 692 707 760; x_wconf 83' lang='lat' dir='ltr'>thura,</span> <span class='ocrx_word' id='word_1_27' title='bbox 737 692 834 748; x_wconf 91' lang='lat' dir='ltr'>sed</span> <span class='ocrx_word' id='word_1_28' title='bbox 867 692 1061 749; x_wconf 85' lang='lat' dir='ltr'>Christi</span> <span class='ocrx_word' id='word_1_29' title='bbox 1092 695 1246 750; x_wconf 90' lang='lat' dir='ltr'>audit</span> <span class='ocrx_word' id='word_1_30' title='bbox 1274 701 1334 751; x_wconf 91' lang='lat' dir='ltr'>ut</span> <span class='ocrx_word' id='word_1_31' title='bbox 1355 695 1651 767; x_wconf 76' lang='lat' dir='ltr'>praeconia,</span> 
     </span>
    </p>
   </div>
   <div class='ocr_carea' id='block_1_6' title="bbox 408 780 1526 840">
    <p class='ocr_par' dir='ltr' id='par_1_6' title="bbox 408 780 1526 840">
     <span class='ocr_line' id='line_1_6' title="bbox 408 780 1526 840; baseline 0.004 -4"><span class='ocrx_word' id='word_1_32' title='bbox 408 780 617 837; x_wconf 86' lang='lat' dir='ltr'>Clamat</span> <span class='ocrx_word' id='word_1_33' title='bbox 644 781 927 838; x_wconf 88' lang='lat' dir='ltr'>subactum</span> <span class='ocrx_word' id='word_1_34' title='bbox 956 783 1254 840; x_wconf 90' lang='lat' dir='ltr'>liberorum</span> <span class='ocrx_word' id='word_1_35' title='bbox 1294 785 1526 840; x_wconf 69' lang='lat' dir='ltr'>insania:</span> 
     </span>
    </p>
   </div>
   <div class='ocr_carea' id='block_1_7' title="bbox 407 873 1604 945">
    <p class='ocr_par' dir='ltr' id='par_1_7' title="bbox 407 873 1604 945">
     <span class='ocr_line' id='line_1_7' title="bbox 407 873 1604 945; baseline 0.003 -18"><span class='ocrx_word' id='word_1_36' title='bbox 407 873 604 929; x_wconf 87' lang='lat' dir='ltr'>Errore</span> <span class='ocrx_word' id='word_1_37' title='bbox 622 880 844 945; x_wconf 85' lang='lat' dir='ltr'>captum</span> <span class='ocrx_word' id='word_1_38' title='bbox 877 876 1024 930; x_wconf 88' lang='lat' dir='ltr'>haud</span> <span class='ocrx_word' id='word_1_39' title='bbox 1065 876 1275 932; x_wconf 83' lang='lat' dir='ltr'>emisse</span> <span class='ocrx_word' id='word_1_40' title='bbox 1304 877 1604 933; x_wconf 88' lang='lat' dir='ltr'>erroribus.</span> 
     </span>
    </p>
   </div>
   <div class='ocr_carea' id='block_1_8' title="bbox 408 961 1667 1038">
    <p class='ocr_par' dir='ltr' id='par_1_8' title="bbox 408 961 1667 1038">
     <span class='ocr_line' id='line_1_8' title="bbox 408 961 1667 1038; baseline 0.005 -22"><span class='ocrx_word' id='word_1_41' title='bbox 408 962 474 1017; x_wconf 89' lang='lat' dir='ltr'>At</span> <span class='ocrx_word' id='word_1_42' title='bbox 500 961 602 1017; x_wconf 90' lang='lat' dir='ltr'>iste</span> <span class='ocrx_word' id='word_1_43' title='bbox 635 963 769 1034; x_wconf 92' lang='lat' dir='ltr'>quid</span> <span class='ocrx_word' id='word_1_44' title='bbox 808 963 877 1018; x_wconf 92' lang='lat' dir='ltr'>sit</span> <span class='ocrx_word' id='word_1_45' title='bbox 897 979 1052 1020; x_wconf 89' lang='lat' dir='ltr'>error</span> <span class='ocrx_word' id='word_1_46' title='bbox 1080 966 1331 1036; x_wconf 88' lang='lat' dir='ltr'>apprime</span> <span class='ocrx_word' id='word_1_47' title='bbox 1363 966 1667 1038; x_wconf 84' lang='lat' dir='ltr'>explicans,</span> 
     </span>
    </p>
   </div>
   <div class='ocr_carea' id='block_1_9' title="bbox 408 1050 1773 1127">
    <p class='ocr_par' dir='ltr' id='par_1_9' title="bbox 408 1050 1773 1127">
     <span class='ocr_line' id='line_1_9' title="bbox 408 1050 1773 1127; baseline 0.007 -22"><span class='ocrx_word' id='word_1_48' title='bbox 408 1050 576 1115; x_wconf 86' lang='lat' dir='ltr'>Quam</span> <span class='ocrx_word' id='word_1_49' title='bbox 600 1051 801 1127; x_wconf 81' lang='lat' dir='ltr'>dogma</span> <span class='ocrx_word' id='word_1_50' title='bbox 832 1062 1077 1110; x_wconf 88' lang='lat' dir='ltr'>nostrum</span> <span class='ocrx_word' id='word_1_51' title='bbox 1112 1071 1298 1112; x_wconf 86' lang='lat' dir='ltr'>errore</span> <span class='ocrx_word' id='word_1_52' title='bbox 1324 1057 1395 1112; x_wconf 91' lang='lat' dir='ltr'>sit</span> <span class='ocrx_word' id='word_1_53' title='bbox 1434 1057 1773 1114; x_wconf 88' lang='lat' dir='ltr'>liberrimum</span> 
     </span>
    </p>
   </div>
   <div class='ocr_carea' id='block_1_10' title="bbox 406 1142 1359 1204">
    <p class='ocr_par' dir='ltr' id='par_1_10' title="bbox 406 1142 1359 1204">
     <span class='ocr_line' id='line_1_10' title="bbox 406 1142 1359 1204; baseline 0.007 -7"><span class='ocrx_word' id='word_1_54' title='bbox 406 1142 640 1199; x_wconf 81' lang='lat' dir='ltr'>Ratione</span> <span class='ocrx_word' id='word_1_55' title='bbox 670 1144 807 1200; x_wconf 92' lang='lat' dir='ltr'>lucis</span> <span class='ocrx_word' id='word_1_56' title='bbox 837 1152 955 1201; x_wconf 90' lang='lat' dir='ltr'>orat</span> <span class='ocrx_word' id='word_1_57' title='bbox 985 1146 1359 1204; x_wconf 87' lang='lat' dir='ltr'>invictissima.</span> 
     </span>
    </p>
   </div>
   <div class='ocr_carea' id='block_1_11' title="bbox 406 1235 1497 1311">
    <p class='ocr_par' dir='ltr' id='par_1_11' title="bbox 406 1235 1497 1311">
     <span class='ocr_line' id='line_1_11' title="bbox 406 1235 1497 1311; baseline 0.007 -22"><span class='ocrx_word' id='word_1_58' title='bbox 406 1236 501 1290; x_wconf 79' lang='lat' dir='ltr'>Ast</span> <span class='ocrx_word' id='word_1_59' title='bbox 529 1235 621 1307; x_wconf 87' lang='lat' dir='ltr'>qui</span> <span class='ocrx_word' id='word_1_60' title='bbox 654 1236 960 1308; x_wconf 88' lang='lat' dir='ltr'>triumphos</span> <span class='ocrx_word' id='word_1_61' title='bbox 991 1240 1257 1294; x_wconf 76' lang='lat' dir='ltr'>destinavi</span> <span class='ocrx_word' id='word_1_62' title='bbox 1289 1242 1497 1311; x_wconf 88' lang='lat' dir='ltr'>percito</span> 
     </span>
    </p>
   </div>
   <div class='ocr_carea' id='block_1_12' title="bbox 409 1322 1445 1403">
    <p class='ocr_par' dir='ltr' id='par_1_12' title="bbox 409 1322 1445 1403">
     <span class='ocr_line' id='line_1_12' title="bbox 409 1322 1445 1403; baseline 0.008 -20"><span class='ocrx_word' id='word_1_63' title='bbox 409 1328 640 1403; x_wconf 87' lang='lat' dir='ltr'>Signare</span> <span class='ocrx_word' id='word_1_64' title='bbox 662 1347 823 1387; x_wconf 90' lang='lat' dir='ltr'>curru</span> <span class='ocrx_word' id='word_1_65' title='bbox 846 1331 1056 1389; x_wconf 86' lang='lat' dir='ltr'>fervido</span> <span class='ocrx_word' id='word_1_66' title='bbox 1074 1350 1171 1389; x_wconf 83' lang='lat' dir='ltr'>axe</span> <span class='ocrx_word' id='word_1_67' title='bbox 1198 1322 1445 1403; x_wconf 59' lang='lat' dir='ltr'>volvere,</span> 
     </span>
    </p>
   </div>
   <div class='ocr_carea' id='block_1_13' title="bbox 409 1421 1595 1498">
    <p class='ocr_par' dir='ltr' id='par_1_13' title="bbox 409 1421 1595 1498">
     <span class='ocr_line' id='line_1_13' title="bbox 409 1421 1595 1498; baseline 0.007 -22"><span class='ocrx_word' id='word_1_68' title='bbox 409 1421 606 1478; x_wconf 91' lang='lat' dir='ltr'>Omitto</span> <span class='ocrx_word' id='word_1_69' title='bbox 636 1430 692 1478; x_wconf 92' lang='lat' dir='ltr'>et</span> <span class='ocrx_word' id='word_1_70' title='bbox 721 1424 823 1479; x_wconf 90' lang='lat' dir='ltr'>ista</span> <span class='ocrx_word' id='word_1_71' title='bbox 852 1426 1215 1493; x_wconf 70' lang='lat' dir='ltr'>transvolans,</span> <span class='ocrx_word' id='word_1_72' title='bbox 1256 1434 1309 1482; x_wconf 90' lang='lat' dir='ltr'>et</span> <span class='ocrx_word' id='word_1_73' title='bbox 1340 1428 1595 1498; x_wconf 89' lang='lat' dir='ltr'>plurima.</span> 
     </span>
    </p>
   </div>
   <div class='ocr_carea' id='block_1_14' title="bbox 408 1509 1422 1586">
    <p class='ocr_par' dir='ltr' id='par_1_14' title="bbox 408 1509 1422 1586">
     <span class='ocr_line' id='line_1_14' title="bbox 408 1509 1422 1586; baseline 0.007 -22"><span class='ocrx_word' id='word_1_74' title='bbox 408 1509 702 1567; x_wconf 74' lang='lat' dir='ltr'>Praefectus</span> <span class='ocrx_word' id='word_1_75' title='bbox 722 1511 875 1567; x_wconf 91' lang='lat' dir='ltr'>illum</span> <span class='ocrx_word' id='word_1_76' title='bbox 905 1514 1152 1570; x_wconf 88' lang='lat' dir='ltr'>sessione</span> <span class='ocrx_word' id='word_1_77' title='bbox 1174 1516 1422 1586; x_wconf 82' lang='lat' dir='ltr'>proxima</span> 
     </span>
    </p>
   </div>
   <div class='ocr_carea' id='block_1_15' title="bbox 409 1602 1449 1678">
    <p class='ocr_par' dir='ltr' id='par_1_15' title="bbox 409 1602 1449 1678">
     <span class='ocr_line' id='line_1_15' title="bbox 409 1602 1449 1678; baseline 0.006 -21"><span class='ocrx_word' id='word_1_78' title='bbox 409 1602 475 1658; x_wconf 91' lang='lat' dir='ltr'>Ut</span> <span class='ocrx_word' id='word_1_79' title='bbox 494 1603 832 1659; x_wconf 87' lang='lat' dir='ltr'>audiendum</span> <span class='ocrx_word' id='word_1_80' title='bbox 864 1605 1132 1662; x_wconf 84' lang='lat' dir='ltr'>dimoveri</span> <span class='ocrx_word' id='word_1_81' title='bbox 1163 1609 1449 1678; x_wconf 84' lang='lat' dir='ltr'>postulans</span> 
     </span>
    </p>
   </div>
   <div class='ocr_carea' id='block_1_16' title="bbox 408 1697 1523 1771">
    <p class='ocr_par' dir='ltr' id='par_1_16' title="bbox 408 1697 1523 1771">
     <span class='ocr_line' id='line_1_16' title="bbox 408 1697 1523 1771; baseline 0.004 -18"><span class='ocrx_word' id='word_1_82' title='bbox 408 1697 693 1771; x_wconf 88' lang='lat' dir='ltr'>Noctuque</span> <span class='ocrx_word' id='word_1_83' title='bbox 714 1700 941 1756; x_wconf 89' lang='lat' dir='ltr'>mittens</span> <span class='ocrx_word' id='word_1_84' title='bbox 971 1702 1202 1757; x_wconf 87' lang='lat' dir='ltr'>advocat</span> <span class='ocrx_word' id='word_1_85' title='bbox 1231 1703 1523 1771; x_wconf 86' lang='lat' dir='ltr'>secretius,</span> 
     </span>
    </p>
   </div>
   <div class='ocr_carea' id='block_1_17' title="bbox 409 1789 1526 1865">
    <p class='ocr_par' dir='ltr' id='par_1_17' title="bbox 409 1789 1526 1865">
     <span class='ocr_line' id='line_1_17' title="bbox 409 1789 1526 1865; baseline 0.004 -22"><span class='ocrx_word' id='word_1_86' title='bbox 409 1789 654 1861; x_wconf 80' lang='lat' dir='ltr'>Aurique</span> <span class='ocrx_word' id='word_1_87' title='bbox 683 1807 884 1865; x_wconf 90' lang='lat' dir='ltr'>magna</span> <span class='ocrx_word' id='word_1_88' title='bbox 905 1792 1248 1862; x_wconf 64' lang='lat' dir='ltr'>praeferendo</span> <span class='ocrx_word' id='word_1_89' title='bbox 1278 1794 1526 1865; x_wconf 85' lang='lat' dir='ltr'>pondera</span> 
     </span>
    </p>
   </div>
   <div class='ocr_carea' id='block_1_18' title="bbox 417 1879 1531 1957">
    <p class='ocr_par' dir='ltr' id='par_1_18' title="bbox 417 1879 1531 1957">
     <span class='ocr_line' id='line_1_18' title="bbox 417 1879 1531 1957; baseline 0.005 -24"><span class='ocrx_word' id='word_1_90' title='bbox 417 1879 561 1934; x_wconf 87' lang='lat' dir='ltr'>Petit</span> <span class='ocrx_word' id='word_1_91' title='bbox 589 1880 801 1936; x_wconf 89' lang='lat' dir='ltr'>revelet</span> <span class='ocrx_word' id='word_1_92' title='bbox 832 1882 956 1953; x_wconf 88' lang='lat' dir='ltr'>quis</span> <span class='ocrx_word' id='word_1_93' title='bbox 986 1882 1134 1957; x_wconf 87' lang='lat' dir='ltr'>viget</span> <span class='ocrx_word' id='word_1_94' title='bbox 1161 1883 1531 1940; x_wconf 86' lang='lat' dir='ltr'>medicamina</span> 
     </span>
    </p>
   </div>
   <div class='ocr_carea' id='block_1_19' title="bbox 413 1968 1437 2040">
    <p class='ocr_par' dir='ltr' id='par_1_19' title="bbox 413 1968 1437 2040">
     <span class='ocr_line' id='line_1_19' title="bbox 413 1968 1437 2040; baseline 0.007 -17"><span class='ocrx_word' id='word_1_95' title='bbox 413 1968 536 2040; x_wconf 88' lang='lat' dir='ltr'>Ipse</span> <span class='ocrx_word' id='word_1_96' title='bbox 562 1975 621 2024; x_wconf 93' lang='lat' dir='ltr'>ut</span> <span class='ocrx_word' id='word_1_97' title='bbox 640 1971 830 2026; x_wconf 89' lang='lat' dir='ltr'>salutis</span> <span class='ocrx_word' id='word_1_98' title='bbox 854 1971 940 2026; x_wconf 90' lang='lat' dir='ltr'>his</span> <span class='ocrx_word' id='word_1_99' title='bbox 960 1979 1200 2028; x_wconf 85' lang='lat' dir='ltr'>resumat</span> <span class='ocrx_word' id='word_1_100' title='bbox 1218 1973 1437 2030; x_wconf 90' lang='lat' dir='ltr'>robora.</span> 
     </span>
    </p>
   </div>
   <div class='ocr_carea' id='block_1_20' title="bbox 412 2057 1652 2135">
    <p class='ocr_par' dir='ltr' id='par_1_20' title="bbox 412 2057 1652 2135">
     <span class='ocr_line' id='line_1_20' title="bbox 412 2057 1652 2135; baseline 0.006 -23"><span class='ocrx_word' id='word_1_101' title='bbox 412 2079 438 2111; x_wconf 74' lang='lat' dir='ltr'>cr</span> <span class='ocrx_word' id='word_1_102' title='bbox 473 2057 641 2122; x_wconf 83' lang='lat' dir='ltr'>Scito,</span> <span class='ocrx_word' id='word_1_103' title='bbox 675 2059 853 2131; x_wconf 86' lang='lat' dir='ltr'>inquit</span> <span class='ocrx_word' id='word_1_104' title='bbox 880 2059 1005 2127; x_wconf 91' lang='lat' dir='ltr'>iste,</span> <span class='ocrx_word' id='word_1_105' title='bbox 1038 2062 1133 2116; x_wconf 88' lang='lat' dir='ltr'>Dei</span> <span class='ocrx_word' id='word_1_106' title='bbox 1165 2060 1405 2118; x_wconf 85' lang='lat' dir='ltr'>furorem</span> <span class='ocrx_word' id='word_1_107' title='bbox 1438 2063 1652 2135; x_wconf 86' lang='lat' dir='ltr'>perpeti</span> 
     </span>
    </p>
   </div>
   <div class='ocr_carea' id='block_1_21' title="bbox 418 2148 1571 2230">
    <p class='ocr_par' dir='ltr' id='par_1_21' title="bbox 418 2148 1571 2230">
     <span class='ocr_line' id='line_1_21' title="bbox 418 2148 1571 2230; baseline 0.006 -26"><span class='ocrx_word' id='word_1_108' title='bbox 418 2148 612 2206; x_wconf 86' lang='lat' dir='ltr'>Christi</span> <span class='ocrx_word' id='word_1_109' title='bbox 641 2159 898 2222; x_wconf 89' lang='lat' dir='ltr'>putantes</span> <span class='ocrx_word' id='word_1_110' title='bbox 929 2154 1287 2210; x_wconf 89' lang='lat' dir='ltr'>nundinalem</span> <span class='ocrx_word' id='word_1_111' title='bbox 1319 2157 1571 2230; x_wconf 77' lang='lat' dir='ltr'>gratiam,</span> 
     </span>
    </p>
   </div>
   <div class='ocr_carea' id='block_1_22' title="bbox 412 2240 1515 2318">
    <p class='ocr_par' dir='ltr' id='par_1_22' title="bbox 412 2240 1515 2318">
     <span class='ocr_line' id='line_1_22' title="bbox 412 2240 1515 2318; baseline 0.008 -24"><span class='ocrx_word' id='word_1_112' title='bbox 412 2240 545 2295; x_wconf 90' lang='lat' dir='ltr'>Fide</span> <span class='ocrx_word' id='word_1_113' title='bbox 574 2242 755 2312; x_wconf 90' lang='lat' dir='ltr'>parari</span> <span class='ocrx_word' id='word_1_114' title='bbox 781 2258 904 2314; x_wconf 70' lang='lat' dir='ltr'>quae</span> <span class='ocrx_word' id='word_1_115' title='bbox 928 2245 1094 2313; x_wconf 90' lang='lat' dir='ltr'>valet,</span> <span class='ocrx_word' id='word_1_116' title='bbox 1126 2261 1236 2301; x_wconf 93' lang='lat' dir='ltr'>non</span> <span class='ocrx_word' id='word_1_117' title='bbox 1263 2248 1464 2318; x_wconf 87' lang='lat' dir='ltr'>obryzo</span> <span class='ocrx_word' id='word_1_118' title='bbox 1500 2265 1515 2314; x_wconf 92' lang='lat'><strong>;</strong></span> 
     </span>
    </p>
   </div>
   <div class='ocr_carea' id='block_1_23' title="bbox 413 2326 1601 2407">
    <p class='ocr_par' dir='ltr' id='par_1_23' title="bbox 413 2326 1601 2407">
     <span class='ocr_line' id='line_1_23' title="bbox 413 2326 1601 2407; baseline 0.007 -24"><span class='ocrx_word' id='word_1_119' title='bbox 413 2326 615 2386; x_wconf 87' lang='lat' dir='ltr'>Credas</span> <span class='ocrx_word' id='word_1_120' title='bbox 640 2333 805 2388; x_wconf 92' lang='lat' dir='ltr'>modo</span> <span class='ocrx_word' id='word_1_121' title='bbox 828 2332 980 2388; x_wconf 87' lang='lat' dir='ltr'>illum</span> <span class='ocrx_word' id='word_1_122' title='bbox 1008 2334 1260 2391; x_wconf 85' lang='lat' dir='ltr'>sanitatis</span> <span class='ocrx_word' id='word_1_123' title='bbox 1291 2336 1601 2407; x_wconf 67' lang='lat' dir='ltr'>praesulem,</span> 
     </span>
    </p>
   </div>
   <div class='ocr_carea' id='block_1_24' title="bbox 412 2425 1458 2501">
    <p class='ocr_par' dir='ltr' id='par_1_24' title="bbox 412 2425 1458 2501">
     <span class='ocr_line' id='line_1_24' title="bbox 412 2425 1458 2501; baseline 0.006 -22"><span class='ocrx_word' id='word_1_124' title='bbox 412 2425 545 2481; x_wconf 75' lang='lat' dir='ltr'>Vitae</span> <span class='ocrx_word' id='word_1_125' title='bbox 563 2426 832 2495; x_wconf 89' lang='lat' dir='ltr'>datorem,</span> <span class='ocrx_word' id='word_1_126' title='bbox 861 2429 1139 2501; x_wconf 89' lang='lat' dir='ltr'>sospitatis</span> <span class='ocrx_word' id='word_1_127' title='bbox 1160 2428 1458 2501; x_wconf 61' lang='lat' dir='ltr'>praeﬁcem,</span> 
     </span>
    </p>
   </div>
   <div class='ocr_carea' id='block_1_25' title="bbox 415 2515 1505 2595">
    <p class='ocr_par' dir='ltr' id='par_1_25' title="bbox 415 2515 1505 2595">
     <span class='ocr_line' id='line_1_25' title="bbox 415 2515 1505 2595; baseline 0.006 -25"><span class='ocrx_word' id='word_1_128' title='bbox 415 2515 664 2573; x_wconf 89' lang='lat' dir='ltr'>Gaudere</span> <span class='ocrx_word' id='word_1_129' title='bbox 692 2518 877 2591; x_wconf 88' lang='lat' dir='ltr'>quibis</span> <span class='ocrx_word' id='word_1_130' title='bbox 905 2519 1118 2593; x_wconf 87' lang='lat' dir='ltr'>integra</span> <span class='ocrx_word' id='word_1_131' title='bbox 1146 2537 1270 2576; x_wconf 91' lang='lat' dir='ltr'>cum</span> <span class='ocrx_word' id='word_1_132' title='bbox 1301 2521 1505 2595; x_wconf 88' lang='lat' dir='ltr'>gaudio</span> 
     </span>
    </p>
   </div>
   <div class='ocr_carea' id='block_1_26' title="bbox 416 2606 1582 2684">
    <p class='ocr_par' dir='ltr' id='par_1_26' title="bbox 416 2606 1582 2684">
     <span class='ocr_line' id='line_1_26' title="bbox 416 2606 1582 2684; baseline 0.003 -24"><span class='ocrx_word' id='word_1_133' title='bbox 416 2606 600 2662; x_wconf 87' lang='lat' dir='ltr'>Salute</span> <span class='ocrx_word' id='word_1_134' title='bbox 632 2609 836 2665; x_wconf 88' lang='lat' dir='ltr'>mentis</span> <span class='ocrx_word' id='word_1_135' title='bbox 864 2611 1144 2683; x_wconf 88' lang='lat' dir='ltr'>gratulans</span> <span class='ocrx_word' id='word_1_136' title='bbox 1174 2620 1228 2667; x_wconf 91' lang='lat' dir='ltr'>et</span> <span class='ocrx_word' id='word_1_137' title='bbox 1257 2612 1522 2684; x_wconf 89' lang='lat' dir='ltr'>corporis.</span> <span class='ocrx_word' id='word_1_138' title='bbox 1556 2632 1582 2664; x_wconf 72' lang='grc' dir='ltr'>ι)</span> 
     </span>
    </p>
   </div>
   <div class='ocr_carea' id='block_1_27' title="bbox 418 2695 1462 2777">
    <p class='ocr_par' dir='ltr' id='par_1_27' title="bbox 418 2695 1462 2777">
     <span class='ocr_line' id='line_1_27' title="bbox 418 2695 1462 2777; baseline 0.006 -26"><span class='ocrx_word' id='word_1_139' title='bbox 418 2695 595 2751; x_wconf 83' lang='lat' dir='ltr'>Judex</span> <span class='ocrx_word' id='word_1_140' title='bbox 617 2698 686 2751; x_wconf 91' lang='lat' dir='ltr'>ad</span> <span class='ocrx_word' id='word_1_141' title='bbox 718 2698 820 2753; x_wconf 90' lang='lat' dir='ltr'>ista</span> <span class='ocrx_word' id='word_1_142' title='bbox 850 2701 1052 2770; x_wconf 89' lang='lat' dir='ltr'>pandat</span> <span class='ocrx_word' id='word_1_143' title='bbox 1078 2702 1227 2756; x_wconf 88' lang='lat' dir='ltr'>hunc</span> <span class='ocrx_word' id='word_1_144' title='bbox 1255 2700 1462 2777; x_wconf 84' lang='lat' dir='ltr'>flagitat</span> 
     </span>
    </p>
   </div>
   <div class='ocr_carea' id='block_1_28' title="bbox 418 2783 1465 2865">
    <p class='ocr_par' dir='ltr' id='par_1_28' title="bbox 418 2783 1465 2865">
     <span class='ocr_line' id='line_1_28' title="bbox 418 2783 1465 2865; baseline 0.004 -27"><span class='ocrx_word' id='word_1_145' title='bbox 418 2783 534 2849; x_wconf 82' lang='lat' dir='ltr'>Quo</span> <span class='ocrx_word' id='word_1_146' title='bbox 567 2784 906 2843; x_wconf 85' lang='lat' dir='ltr'>Christianus</span> <span class='ocrx_word' id='word_1_147' title='bbox 926 2789 975 2843; x_wconf 87' lang='lat' dir='ltr'>vi</span> <span class='ocrx_word' id='word_1_148' title='bbox 995 2790 1186 2845; x_wconf 88' lang='lat' dir='ltr'>salutis</span> <span class='ocrx_word' id='word_1_149' title='bbox 1210 2790 1465 2865; x_wconf 84' lang='lat' dir='ltr'>gaudeat.</span> 
     </span>
    </p>
   </div>
   <div class='ocr_carea' id='block_1_29' title="bbox 420 2873 1699 2954">
    <p class='ocr_par' dir='ltr' id='par_1_29' title="bbox 420 2873 1699 2954">
     <span class='ocr_line' id='line_1_29' title="bbox 420 2873 1699 2954; baseline 0.006 -28"><span class='ocrx_word' id='word_1_150' title='bbox 420 2893 452 2924; x_wconf 76' lang='grc' dir='ltr'>ι</span> <span class='ocrx_word' id='word_1_151' title='bbox 479 2873 713 2944; x_wconf 90' lang='lat' dir='ltr'>Possim,</span> <span class='ocrx_word' id='word_1_152' title='bbox 745 2876 946 2949; x_wconf 89' lang='lat' dir='ltr'>inquit,</span> <span class='ocrx_word' id='word_1_153' title='bbox 968 2878 1087 2949; x_wconf 91' lang='lat' dir='ltr'>ipse</span> <span class='ocrx_word' id='word_1_154' title='bbox 1125 2878 1463 2934; x_wconf 89' lang='lat' dir='ltr'>Christianus</span> <span class='ocrx_word' id='word_1_155' title='bbox 1494 2879 1699 2954; x_wconf 86' lang='lat' dir='ltr'>degere</span> 
     </span>
    </p>
   </div>
   <div class='ocr_carea' id='block_1_30' title="bbox 419 2969 1356 3046">
    <p class='ocr_par' dir='ltr' id='par_1_30' title="bbox 419 2969 1356 3046">
     <span class='ocr_line' id='line_1_30' title="bbox 419 2969 1356 3046; baseline 0.001 -22"><span class='ocrx_word' id='word_1_156' title='bbox 419 2969 487 3025; x_wconf 87' lang='lat' dir='ltr'>Ut</span> <span class='ocrx_word' id='word_1_157' title='bbox 506 2969 757 3026; x_wconf 89' lang='lat' dir='ltr'>sanitatis</span> <span class='ocrx_word' id='word_1_158' title='bbox 786 2973 1051 3027; x_wconf 91' lang='lat' dir='ltr'>nuntiarit</span> <span class='ocrx_word' id='word_1_159' title='bbox 1075 2974 1295 3046; x_wconf 87' lang='lat' dir='ltr'>gaudia.</span> <span class='ocrx_word' id='word_1_160' title='bbox 1331 2993 1356 3025; x_wconf 83' lang='lat'>»</span> 
     </span>
    </p>
   </div>
   <div class='ocr_carea' id='block_1_31' title="bbox 416 3058 1678 3136">
    <p class='ocr_par' dir='ltr' id='par_1_31' title="bbox 416 3058 1678 3136">
     <span class='ocr_line' id='line_1_31' title="bbox 416 3058 1678 3136; baseline 0.003 -24"><span class='ocrx_word' id='word_1_161' title='bbox 416 3058 775 3131; x_wconf 84' lang='lat' dir='ltr'>Polycarpum</span> <span class='ocrx_word' id='word_1_162' title='bbox 806 3067 861 3115; x_wconf 90' lang='lat' dir='ltr'>at</span> <span class='ocrx_word' id='word_1_163' title='bbox 888 3060 981 3116; x_wconf 86' lang='lat' dir='ltr'>ille</span> <span class='ocrx_word' id='word_1_164' title='bbox 1007 3061 1153 3117; x_wconf 86' lang='lat' dir='ltr'>dicta</span> <span class='ocrx_word' id='word_1_165' title='bbox 1182 3070 1236 3116; x_wconf 92' lang='lat' dir='ltr'>et</span> <span class='ocrx_word' id='word_1_166' title='bbox 1267 3067 1386 3117; x_wconf 89' lang='lat' dir='ltr'>acta</span> <span class='ocrx_word' id='word_1_167' title='bbox 1414 3061 1678 3136; x_wconf 79' lang='lat' dir='ltr'>digerens</span> 
     </span>
    </p>
   </div>
   <div class='ocr_carea' id='block_1_32' title="bbox 416 3152 1498 3224">
    <p class='ocr_par' dir='ltr' id='par_1_32' title="bbox 416 3152 1498 3224">
     <span class='ocr_line' id='line_1_32' title="bbox 416 3152 1498 3224; baseline 0.003 -19"><span class='ocrx_word' id='word_1_168' title='bbox 416 3152 555 3206; x_wconf 84' lang='lat' dir='ltr'>Ante</span> <span class='ocrx_word' id='word_1_169' title='bbox 575 3165 672 3206; x_wconf 90' lang='lat' dir='ltr'>ora</span> <span class='ocrx_word' id='word_1_170' title='bbox 698 3167 888 3208; x_wconf 88' lang='lat' dir='ltr'>secum</span> <span class='ocrx_word' id='word_1_171' title='bbox 920 3153 1153 3224; x_wconf 90' lang='lat' dir='ltr'>proripit</span> <span class='ocrx_word' id='word_1_172' title='bbox 1184 3153 1498 3221; x_wconf 89' lang='lat' dir='ltr'>Chromatii,</span> 
     </span>
    </p>
   </div>
   <div class='ocr_carea' id='block_1_33' title="bbox 417 3245 1554 3306">
    <p class='ocr_par' dir='ltr' id='par_1_33' title="bbox 417 3245 1554 3306">
     <span class='ocr_line' id='line_1_33' title="bbox 417 3245 1554 3306; baseline 0.005 -6"><span class='ocrx_word' id='word_1_173' title='bbox 417 3245 662 3301; x_wconf 86' lang='lat' dir='ltr'>Medium</span> <span class='ocrx_word' id='word_1_174' title='bbox 692 3246 963 3303; x_wconf 93' lang='lat' dir='ltr'>bonorum</span> <span class='ocrx_word' id='word_1_175' title='bbox 997 3250 1083 3304; x_wconf 92' lang='lat' dir='ltr'>cui</span> <span class='ocrx_word' id='word_1_176' title='bbox 1113 3250 1306 3306; x_wconf 89' lang='lat' dir='ltr'>salutis</span> <span class='ocrx_word' id='word_1_177' title='bbox 1326 3266 1554 3306; x_wconf 91' lang='lat' dir='ltr'>munere</span> 
     </span>
    </p>
   </div>
   <div class='ocr_carea' id='block_1_34' title="bbox 423 3337 1653 3414">
    <p class='ocr_par' dir='ltr' id='par_1_34' title="bbox 423 3337 1653 3414">
     <span class='ocr_line' id='line_1_34' title="bbox 423 3337 1653 3414; baseline 0.004 -22"><span class='ocrx_word' id='word_1_178' title='bbox 423 3338 723 3394; x_wconf 64' lang='lat' dir='ltr'>Praefectus</span> <span class='ocrx_word' id='word_1_179' title='bbox 749 3337 926 3406; x_wconf 83' lang='lat' dir='ltr'>oﬁ‘ert,</span> <span class='ocrx_word' id='word_1_180' title='bbox 956 3358 1174 3397; x_wconf 84' lang='lat' dir='ltr'>ccenum</span> <span class='ocrx_word' id='word_1_181' title='bbox 1203 3349 1262 3398; x_wconf 93' lang='lat' dir='ltr'>ut</span> <span class='ocrx_word' id='word_1_182' title='bbox 1292 3343 1393 3398; x_wconf 90' lang='lat' dir='ltr'>iste</span> <span class='ocrx_word' id='word_1_183' title='bbox 1419 3342 1653 3414; x_wconf 88' lang='lat' dir='ltr'>respuit,</span> 
     </span>
    </p>
   </div>
   <div class='ocr_carea' id='block_1_35' title="bbox 423 3430 1556 3507">
    <p class='ocr_par' dir='ltr' id='par_1_35' title="bbox 423 3430 1556 3507">
     <span class='ocr_line' id='line_1_35' title="bbox 423 3430 1556 3507; baseline 0.004 -21"><span class='ocrx_word' id='word_1_184' title='bbox 423 3430 696 3487; x_wconf 87' lang='lat' dir='ltr'>Christum</span> <span class='ocrx_word' id='word_1_185' title='bbox 728 3432 1022 3489; x_wconf 90' lang='lat' dir='ltr'>colendum</span> <span class='ocrx_word' id='word_1_186' title='bbox 1052 3435 1332 3507; x_wconf 88' lang='lat' dir='ltr'>sospitatis</span> <span class='ocrx_word' id='word_1_187' title='bbox 1363 3435 1556 3491; x_wconf 89' lang='lat' dir='ltr'>fenore</span> 
     </span>
    </p>
   </div>
   <div class='ocr_carea' id='block_1_36' title="bbox 422 3523 1814 3599">
    <p class='ocr_par' dir='ltr' id='par_1_36' title="bbox 422 3523 1814 3599">
     <span class='ocr_line' id='line_1_36' title="bbox 422 3523 1814 3599; baseline 0 -20"><span class='ocrx_word' id='word_1_188' title='bbox 422 3523 583 3580; x_wconf 85' lang='lat' dir='ltr'>Modo</span> <span class='ocrx_word' id='word_1_189' title='bbox 614 3524 719 3579; x_wconf 90' lang='lat' dir='ltr'>hac</span> <span class='ocrx_word' id='word_1_190' title='bbox 748 3524 982 3581; x_wconf 88' lang='lat' dir='ltr'>salutem</span> <span class='ocrx_word' id='word_1_191' title='bbox 1015 3542 1201 3582; x_wconf 89' lang='lat' dir='ltr'>merce</span> <span class='ocrx_word' id='word_1_192' title='bbox 1232 3527 1468 3583; x_wconf 91' lang='lat' dir='ltr'>dandam</span> <span class='ocrx_word' id='word_1_193' title='bbox 1487 3527 1814 3599; x_wconf 71' lang='lat' dir='ltr'>praedicans.</span> 
     </span>
    </p>
   </div>
   <div class='ocr_carea' id='block_1_37' title="bbox 419 3616 1575 3693">
    <p class='ocr_par' dir='ltr' id='par_1_37' title="bbox 419 3616 1575 3693">
     <span class='ocr_line' id='line_1_37' title="bbox 419 3616 1575 3693; baseline 0.002 -20"><span class='ocrx_word' id='word_1_194' title='bbox 419 3618 591 3674; x_wconf 85' lang='lat' dir='ltr'>Struit</span> <span class='ocrx_word' id='word_1_195' title='bbox 618 3616 892 3676; x_wconf 86' lang='lat' dir='ltr'>faventem</span> <span class='ocrx_word' id='word_1_196' title='bbox 923 3637 988 3677; x_wconf 91' lang='lat' dir='ltr'>ac</span> <span class='ocrx_word' id='word_1_197' title='bbox 1015 3620 1251 3693; x_wconf 88' lang='lat' dir='ltr'>imperat</span> <span class='ocrx_word' id='word_1_198' title='bbox 1281 3621 1575 3693; x_wconf 85' lang='lat' dir='ltr'>jejunium,</span> 
     </span>
    </p>
   </div>
   <div class='ocr_carea' id='block_1_38' title="bbox 418 3712 1765 3789">
    <p class='ocr_par' dir='ltr' id='par_1_38' title="bbox 418 3712 1765 3789">
     <span class='ocr_line' id='line_1_38' title="bbox 418 3712 1765 3789; baseline 0.001 -22"><span class='ocrx_word' id='word_1_199' title='bbox 418 3713 532 3769; x_wconf 88' lang='lat' dir='ltr'>Nec</span> <span class='ocrx_word' id='word_1_200' title='bbox 548 3712 739 3789; x_wconf 88' lang='lat' dir='ltr'>segnis</span> <span class='ocrx_word' id='word_1_201' title='bbox 769 3713 963 3784; x_wconf 90' lang='lat' dir='ltr'>implet</span> <span class='ocrx_word' id='word_1_202' title='bbox 984 3713 1133 3786; x_wconf 91' lang='lat' dir='ltr'>quod</span> <span class='ocrx_word' id='word_1_203' title='bbox 1164 3713 1409 3769; x_wconf 89' lang='lat' dir='ltr'>ﬁendum</span> <span class='ocrx_word' id='word_1_204' title='bbox 1440 3720 1765 3785; x_wconf 84' lang='lat' dir='ltr'>praemonet,</span> 
     </span>
    </p>
   </div>
   <div class='ocr_carea' id='block_1_39' title="bbox 419 3802 1382 3874">
    <p class='ocr_par' dir='ltr' id='par_1_39' title="bbox 419 3802 1382 3874">
     <span class='ocr_line' id='line_1_39' title="bbox 419 3802 1382 3874; baseline -0.001 -15"><span class='ocrx_word' id='word_1_205' title='bbox 419 3802 745 3859; x_wconf 81' lang='lat' dir='ltr'>Sebastiano</span> <span class='ocrx_word' id='word_1_206' title='bbox 774 3802 942 3859; x_wconf 89' lang='lat' dir='ltr'>fultus</span> <span class='ocrx_word' id='word_1_207' title='bbox 966 3803 1168 3874; x_wconf 85' lang='lat' dir='ltr'>inclyte</span> <span class='ocrx_word' id='word_1_208' title='bbox 1199 3804 1340 3859; x_wconf 93' lang='lat' dir='ltr'>duce</span> <span class='ocrx_word' id='word_1_209' title='bbox 1371 3821 1382 3858; x_wconf 93' lang='lat'>:</span> 
     </span>
    </p>
   </div>
   <div class='ocr_carea' id='block_1_40' title="bbox 420 3896 1642 3969">
    <p class='ocr_par' dir='ltr' id='par_1_40' title="bbox 420 3896 1642 3969">
     <span class='ocr_line' id='line_1_40' title="bbox 420 3896 1642 3969; baseline 0.004 -19"><span class='ocrx_word' id='word_1_210' title='bbox 420 3896 533 3952; x_wconf 80' lang='lat' dir='ltr'>Hoc</span> <span class='ocrx_word' id='word_1_211' title='bbox 551 3896 676 3969; x_wconf 74' lang='lat' dir='ltr'>jure</span> <span class='ocrx_word' id='word_1_212' title='bbox 706 3905 995 3969; x_wconf 88' lang='lat' dir='ltr'>postquam</span> <span class='ocrx_word' id='word_1_213' title='bbox 1025 3898 1352 3955; x_wconf 89' lang='lat' dir='ltr'>dedicarunt</span> <span class='ocrx_word' id='word_1_214' title='bbox 1378 3899 1642 3968; x_wconf 90' lang='lat' dir='ltr'>triduum,</span> 
     </span>
    </p>
   </div>
   <div class='ocr_carea' id='block_1_41' title="bbox 422 3987 1571 4057">
    <p class='ocr_par' dir='ltr' id='par_1_41' title="bbox 422 3987 1571 4057">
     <span class='ocr_line' id='line_1_41' title="bbox 422 3987 1571 4057; baseline 0.001 -14"><span class='ocrx_word' id='word_1_215' title='bbox 422 3987 862 4044; x_wconf 84' lang='lat' dir='ltr'>Commilitonem</span> <span class='ocrx_word' id='word_1_216' title='bbox 893 3989 1115 4045; x_wconf 85' lang='lat' dir='ltr'>visitare</span> <span class='ocrx_word' id='word_1_217' title='bbox 1154 3999 1288 4045; x_wconf 91' lang='lat' dir='ltr'>eunt</span> <span class='ocrx_word' id='word_1_218' title='bbox 1315 4007 1521 4047; x_wconf 89' lang='lat' dir='ltr'>novum</span> <span class='ocrx_word' id='word_1_219' title='bbox 1556 4008 1571 4057; x_wconf 91' lang='lat'><strong>;</strong></span> 
     </span>
    </p>
   </div>
   <div class='ocr_carea' id='block_1_42' title="bbox 422 4078 1627 4134">
    <p class='ocr_par' dir='ltr' id='par_1_42' title="bbox 422 4078 1627 4134">
     <span class='ocr_line' id='line_1_42' title="bbox 422 4078 1627 4134; baseline 0.001 -2"><span class='ocrx_word' id='word_1_220' title='bbox 422 4078 578 4132; x_wconf 78' lang='lat' dir='ltr'>Hunc</span> <span class='ocrx_word' id='word_1_221' title='bbox 606 4078 966 4133; x_wconf 84' lang='lat' dir='ltr'>sustinentem</span> <span class='ocrx_word' id='word_1_222' title='bbox 987 4079 1117 4133; x_wconf 93' lang='lat' dir='ltr'>dum</span> <span class='ocrx_word' id='word_1_223' title='bbox 1144 4079 1627 4134; x_wconf 79' lang='lat' dir='ltr'>salutant‘actuum</span> 
     </span>
    </p>
   </div>
   <div class='ocr_carea' id='block_1_43' title="bbox 423 4164 1585 4237">
    <p class='ocr_par' dir='ltr' id='par_1_43' title="bbox 423 4164 1585 4237">
     <span class='ocr_line' id='line_1_43' title="bbox 423 4164 1585 4237; baseline 0.001 -16"><span class='ocrx_word' id='word_1_224' title='bbox 423 4165 610 4221; x_wconf 87' lang='lat' dir='ltr'>Fidem</span> <span class='ocrx_word' id='word_1_225' title='bbox 640 4164 827 4237; x_wconf 74' lang='lat' dir='ltr'>vigere</span> <span class='ocrx_word' id='word_1_226' title='bbox 850 4165 965 4234; x_wconf 91' lang='lat' dir='ltr'>jam</span> <span class='ocrx_word' id='word_1_227' title='bbox 998 4166 1258 4221; x_wconf 87' lang='lat' dir='ltr'>medullis</span> <span class='ocrx_word' id='word_1_228' title='bbox 1287 4167 1548 4222; x_wconf 89' lang='lat' dir='ltr'>hauriunt</span> <span class='ocrx_word' id='word_1_229' title='bbox 1572 4185 1585 4221; x_wconf 93' lang='lat'><strong>:</strong></span> 
     </span>
    </p>
   </div>
   <div class='ocr_carea' id='block_1_44' title="bbox 423 4254 1659 4326">
    <p class='ocr_par' dir='ltr' id='par_1_44' title="bbox 423 4254 1659 4326">
     <span class='ocr_line' id='line_1_44' title="bbox 423 4254 1659 4326; baseline 0.002 -18"><span class='ocrx_word' id='word_1_230' title='bbox 423 4254 628 4319; x_wconf 88' lang='lat' dir='ltr'>Poscit,</span> <span class='ocrx_word' id='word_1_231' title='bbox 656 4261 942 4325; x_wconf 89' lang='lat' dir='ltr'>parentem</span> <span class='ocrx_word' id='word_1_232' title='bbox 972 4271 1073 4311; x_wconf 88' lang='lat' dir='ltr'>ceu</span> <span class='ocrx_word' id='word_1_233' title='bbox 1104 4255 1323 4326; x_wconf 90' lang='lat' dir='ltr'>piorum</span> <span class='ocrx_word' id='word_1_234' title='bbox 1346 4263 1659 4325; x_wconf 81' lang='lat' dir='ltr'>erexerant,</span> 
     </span>
    </p>
   </div>
   <div class='ocr_carea' id='block_1_45' title="bbox 422 4344 1434 4415">
    <p class='ocr_par' dir='ltr' id='par_1_45' title="bbox 422 4344 1434 4415">
     <span class='ocr_line' id='line_1_45' title="bbox 422 4344 1434 4415; baseline 0 -13"><span class='ocrx_word' id='word_1_235' title='bbox 422 4345 741 4402; x_wconf 85' lang='lat' dir='ltr'>Nodositate</span> <span class='ocrx_word' id='word_1_236' title='bbox 769 4361 830 4400; x_wconf 92' lang='lat' dir='ltr'>se</span> <span class='ocrx_word' id='word_1_237' title='bbox 863 4344 1141 4400; x_wconf 90' lang='lat' dir='ltr'>resolvant</span> <span class='ocrx_word' id='word_1_238' title='bbox 1160 4353 1373 4401; x_wconf 86' lang='lat' dir='ltr'>artuum</span> <span class='ocrx_word' id='word_1_239' title='bbox 1416 4366 1434 4415; x_wconf 88' lang='lat'><strong><em>;</em></strong></span> 
     </span>
    </p>
   </div>
   <div class='ocr_carea' id='block_1_46' title="bbox 423 4438 1477 4510">
    <p class='ocr_par' dir='ltr' id='par_1_46' title="bbox 423 4438 1477 4510">
     <span class='ocr_line' id='line_1_46' title="bbox 423 4438 1477 4510; baseline 0.001 -15"><span class='ocrx_word' id='word_1_240' title='bbox 423 4438 746 4495; x_wconf 88' lang='lat' dir='ltr'>Illidolores</span> <span class='ocrx_word' id='word_1_241' title='bbox 783 4438 1152 4510; x_wconf 86' lang='lat' dir='ltr'>sempiternos</span> <span class='ocrx_word' id='word_1_242' title='bbox 1181 4438 1477 4510; x_wconf 57' lang='lat' dir='ltr'>praeferunt</span> 
     </span>
    </p>
   </div>
   <div class='ocr_carea' id='block_1_47' title="bbox 427 4530 1444 4605">
    <p class='ocr_par' dir='ltr' id='par_1_47' title="bbox 427 4530 1444 4605">
     <span class='ocr_line' id='line_1_47' title="bbox 427 4530 1444 4605; baseline 0 -18"><span class='ocrx_word' id='word_1_243' title='bbox 427 4530 763 4588; x_wconf 89' lang='lat' dir='ltr'>Crudelitate</span> <span class='ocrx_word' id='word_1_244' title='bbox 794 4531 1158 4588; x_wconf 91' lang='lat' dir='ltr'>terminandis</span> <span class='ocrx_word' id='word_1_245' title='bbox 1188 4532 1444 4605; x_wconf 89' lang='lat' dir='ltr'>impares,</span> 
     </span>
    </p>
   </div>
   <div class='ocr_carea' id='block_1_48' title="bbox 426 4626 1663 4698">
    <p class='ocr_par' dir='ltr' id='par_1_48' title="bbox 426 4626 1663 4698">
     <span class='ocr_line' id='line_1_48' title="bbox 426 4626 1663 4698; baseline 0.002 -16"><span class='ocrx_word' id='word_1_246' title='bbox 426 4627 535 4682; x_wconf 85' lang='lat' dir='ltr'>Eos</span> <span class='ocrx_word' id='word_1_247' title='bbox 564 4626 861 4693; x_wconf 90' lang='lat' dir='ltr'>timendos,</span> <span class='ocrx_word' id='word_1_248' title='bbox 902 4627 1295 4698; x_wconf 67' lang='lat' dir='ltr'>praecavendos</span> <span class='ocrx_word' id='word_1_249' title='bbox 1323 4627 1625 4685; x_wconf 90' lang='lat' dir='ltr'>admonent</span> <span class='ocrx_word' id='word_1_250' title='bbox 1650 4647 1663 4684; x_wconf 88' lang='lat'><strong>:</strong></span> 
     </span>
    </p>
   </div>
   <div class='ocr_carea' id='block_1_49' title="bbox 430 4714 1649 4790">
    <p class='ocr_par' dir='ltr' id='par_1_49' title="bbox 430 4714 1649 4790">
     <span class='ocr_line' id='line_1_49' title="bbox 430 4714 1649 4790; baseline 0 -19"><span class='ocrx_word' id='word_1_251' title='bbox 430 4714 865 4771; x_wconf 88' lang='lat' dir='ltr'>Charissalutem</span> <span class='ocrx_word' id='word_1_252' title='bbox 884 4716 1307 4788; x_wconf 89' lang='lat' dir='ltr'>competendam</span> <span class='ocrx_word' id='word_1_253' title='bbox 1340 4723 1649 4790; x_wconf 86' lang='lat' dir='ltr'>perpetem.</span> 
     </span>
    </p>
   </div>
   <div class='ocr_carea' id='block_1_50' title="bbox 426 4810 1684 4880">
    <p class='ocr_par' dir='ltr' id='par_1_50' title="bbox 426 4810 1684 4880">
     <span class='ocr_line' id='line_1_50' title="bbox 426 4810 1684 4880; baseline 0 -13"><span class='ocrx_word' id='word_1_254' title='bbox 426 4810 743 4879; x_wconf 59' lang='lat' dir='ltr'>Praefectus,</span> <span class='ocrx_word' id='word_1_255' title='bbox 776 4819 836 4866; x_wconf 93' lang='lat' dir='ltr'>ut</span> <span class='ocrx_word' id='word_1_256' title='bbox 856 4826 977 4866; x_wconf 90' lang='lat' dir='ltr'>mos</span> <span class='ocrx_word' id='word_1_257' title='bbox 1004 4820 1090 4868; x_wconf 91' lang='lat' dir='ltr'>est</span> <span class='ocrx_word' id='word_1_258' title='bbox 1118 4812 1425 4880; x_wconf 90' lang='lat' dir='ltr'>sacrandis,</span> <span class='ocrx_word' id='word_1_259' title='bbox 1457 4813 1684 4870; x_wconf 91' lang='lat' dir='ltr'>unicum</span> 
     </span>
    </p>
   </div>
   <div class='ocr_carea' id='block_1_51' title="bbox 425 4902 1573 4980">
    <p class='ocr_par' dir='ltr' id='par_1_51' title="bbox 425 4902 1573 4980">
     <span class='ocr_line' id='line_1_51' title="bbox 425 4902 1573 4980; baseline 0.002 -21"><span class='ocrx_word' id='word_1_260' title='bbox 425 4903 527 4959; x_wconf 88' lang='lat' dir='ltr'>Dat</span> <span class='ocrx_word' id='word_1_261' title='bbox 557 4918 784 4971; x_wconf 91' lang='lat' dir='ltr'>nomen,</span> <span class='ocrx_word' id='word_1_262' title='bbox 815 4919 1025 4980; x_wconf 85' lang='lat' dir='ltr'>augens</span> <span class='ocrx_word' id='word_1_263' title='bbox 1044 4902 1217 4960; x_wconf 88' lang='lat' dir='ltr'>ﬁlium</span> <span class='ocrx_word' id='word_1_264' title='bbox 1247 4904 1573 4962; x_wconf 86' lang='lat' dir='ltr'>Tiburtium.</span> 
     </span>
    </p>
   </div>
   <div class='ocr_carea' id='block_1_52' title="bbox 426 4995 1461 5053">
    <p class='ocr_par' dir='ltr' id='par_1_52' title="bbox 426 4995 1461 5053">
     <span class='ocr_line' id='line_1_52' title="bbox 426 4995 1461 5053; baseline 0 -1"><span class='ocrx_word' id='word_1_265' title='bbox 426 4995 785 5052; x_wconf 87' lang='lat' dir='ltr'>Sebastianus</span> <span class='ocrx_word' id='word_1_266' title='bbox 810 5005 998 5053; x_wconf 89' lang='lat' dir='ltr'>sancta</span> <span class='ocrx_word' id='word_1_267' title='bbox 1027 5003 1216 5053; x_wconf 89' lang='lat' dir='ltr'>sancte</span> <span class='ocrx_word' id='word_1_268' title='bbox 1242 4997 1461 5053; x_wconf 88' lang='lat' dir='ltr'>tradere</span> 
     </span>
    </p>
   </div>
   <div class='ocr_carea' id='block_1_53' title="bbox 428 5085 1547 5159">
    <p class='ocr_par' dir='ltr' id='par_1_53' title="bbox 428 5085 1547 5159">
     <span class='ocr_line' id='line_1_53' title="bbox 428 5085 1547 5159; baseline 0 -16"><span class='ocrx_word' id='word_1_269' title='bbox 428 5089 632 5143; x_wconf 89' lang='lat' dir='ltr'>Doctus</span> <span class='ocrx_word' id='word_1_270' title='bbox 659 5085 854 5142; x_wconf 90' lang='lat' dir='ltr'>salutis</span> <span class='ocrx_word' id='word_1_271' title='bbox 892 5087 1198 5158; x_wconf 90' lang='lat' dir='ltr'>corporalis</span> <span class='ocrx_word' id='word_1_272' title='bbox 1238 5093 1547 5159; x_wconf 71' lang='lat' dir='ltr'>praemonet</span> 
     </span>
    </p>
   </div>
   <div class='ocr_carea' id='block_1_54' title="bbox 429 5178 1468 5255">
    <p class='ocr_par' dir='ltr' id='par_1_54' title="bbox 429 5178 1468 5255">
     <span class='ocr_line' id='line_1_54' title="bbox 429 5178 1468 5255; baseline -0.001 -21"><span class='ocrx_word' id='word_1_273' title='bbox 429 5178 629 5235; x_wconf 89' lang='lat' dir='ltr'>Subire</span> <span class='ocrx_word' id='word_1_274' title='bbox 649 5194 803 5234; x_wconf 87' lang='lat' dir='ltr'>sacra</span> <span class='ocrx_word' id='word_1_275' title='bbox 827 5194 899 5233; x_wconf 88' lang='lat' dir='ltr'>ne</span> <span class='ocrx_word' id='word_1_276' title='bbox 931 5185 1081 5250; x_wconf 90' lang='lat' dir='ltr'>petat</span> <span class='ocrx_word' id='word_1_277' title='bbox 1098 5179 1261 5235; x_wconf 91' lang='lat' dir='ltr'>modo</span> <span class='ocrx_word' id='word_1_278' title='bbox 1274 5180 1468 5255; x_wconf 88' lang='lat' dir='ltr'>gratia,</span> 
     </span>
    </p>
   </div>
   <div class='ocr_carea' id='block_1_55' title="bbox 429 5266 1647 5342">
    <p class='ocr_par' dir='ltr' id='par_1_55' title="bbox 429 5266 1647 5342">
     <span class='ocr_line' id='line_1_55' title="bbox 429 5266 1647 5342; baseline -0.002 -19"><span class='ocrx_word' id='word_1_279' title='bbox 429 5269 563 5324; x_wconf 73' lang='lat' dir='ltr'>Vitae</span> <span class='ocrx_word' id='word_1_280' title='bbox 589 5267 852 5340; x_wconf 88' lang='lat' dir='ltr'>perennis</span> <span class='ocrx_word' id='word_1_281' title='bbox 872 5267 1041 5324; x_wconf 87' lang='lat' dir='ltr'>corde</span> <span class='ocrx_word' id='word_1_282' title='bbox 1070 5268 1204 5339; x_wconf 92' lang='lat' dir='ltr'>quin</span> <span class='ocrx_word' id='word_1_283' title='bbox 1235 5284 1393 5339; x_wconf 80' lang='lat' dir='ltr'>Spem</span> <span class='ocrx_word' id='word_1_284' title='bbox 1422 5266 1647 5342; x_wconf 85' lang='lat' dir='ltr'>colligat</span> 
     </span>
    </p>
   </div>
   <div class='ocr_carea' id='block_1_56' title="bbox 427 5357 1584 5433">
    <p class='ocr_par' dir='ltr' id='par_1_56' title="bbox 427 5357 1584 5433">
     <span class='ocr_line' id='line_1_56' title="bbox 427 5357 1584 5433; baseline -0.006 -16"><span class='ocrx_word' id='word_1_285' title='bbox 427 5360 777 5433; x_wconf 83' lang='lat' dir='ltr'>Mentemque</span> <span class='ocrx_word' id='word_1_286' title='bbox 802 5375 1008 5425; x_wconf 88' lang='lat' dir='ltr'>veram,</span> <span class='ocrx_word' id='word_1_287' title='bbox 1041 5357 1087 5412; x_wconf 89' lang='lat' dir='ltr'>si</span> <span class='ocrx_word' id='word_1_288' title='bbox 1116 5358 1350 5412; x_wconf 90' lang='lat' dir='ltr'>salutem</span> <span class='ocrx_word' id='word_1_289' title='bbox 1369 5357 1584 5429; x_wconf 84' lang='lat' dir='ltr'>diligat,</span> 
     </span>
    </p>
   </div>
   <div class='ocr_carea' id='block_1_57' title="bbox 424 5450 1350 5517">
    <p class='ocr_par' dir='ltr' id='par_1_57' title="bbox 424 5450 1350 5517">
     <span class='ocr_line' id='line_1_57' title="bbox 424 5450 1350 5517; baseline -0.006 -7"><span class='ocrx_word' id='word_1_290' title='bbox 424 5455 506 5510; x_wconf 77' lang='lat' dir='ltr'>Ad</span> <span class='ocrx_word' id='word_1_291' title='bbox 534 5453 807 5511; x_wconf 89' lang='lat' dir='ltr'>visionem</span> <span class='ocrx_word' id='word_1_292' title='bbox 828 5451 1076 5507; x_wconf 85' lang='lat' dir='ltr'>veritatis</span> <span class='ocrx_word' id='word_1_293' title='bbox 1093 5450 1293 5506; x_wconf 86' lang='lat' dir='ltr'>excitet</span> <span class='ocrx_word' id='word_1_294' title='bbox 1335 5467 1350 5517; x_wconf 90' lang='lat'><strong>;</strong></span> 
     </span>
    </p>
   </div>
   <div class='ocr_carea' id='block_1_58' title="bbox 426 5540 1578 5619">
    <p class='ocr_par' dir='ltr' id='par_1_58' title="bbox 426 5540 1578 5619">
     <span class='ocr_line' id='line_1_58' title="bbox 426 5540 1578 5619; baseline -0.007 -15"><span class='ocrx_word' id='word_1_295' title='bbox 426 5548 561 5614; x_wconf 88' lang='lat' dir='ltr'>Quis</span> <span class='ocrx_word' id='word_1_296' title='bbox 586 5546 659 5604; x_wconf 89' lang='lat' dir='ltr'>sit</span> <span class='ocrx_word' id='word_1_297' title='bbox 693 5551 907 5602; x_wconf 88' lang='lat' dir='ltr'>creator</span> <span class='ocrx_word' id='word_1_298' title='bbox 942 5543 1188 5601; x_wconf 90' lang='lat' dir='ltr'>omnium</span> <span class='ocrx_word' id='word_1_299' title='bbox 1217 5540 1328 5596; x_wconf 91' lang='lat' dir='ltr'>ﬁde</span> <span class='ocrx_word' id='word_1_300' title='bbox 1357 5540 1578 5619; x_wconf 68' lang='lat' dir='ltr'>probet,</span> 
     </span>
    </p>
   </div>
   <div class='ocr_carea' id='block_1_59' title="bbox 430 5634 1614 5711">
    <p class='ocr_par' dir='ltr' id='par_1_59' title="bbox 430 5634 1614 5711">
     <span class='ocr_line' id='line_1_59' title="bbox 430 5634 1614 5711; baseline -0.004 -16"><span class='ocrx_word' id='word_1_301' title='bbox 430 5640 650 5696; x_wconf 90' lang='lat' dir='ltr'>Cultore</span> <span class='ocrx_word' id='word_1_302' title='bbox 677 5654 900 5711; x_wconf 88' lang='lat' dir='ltr'>semper</span> <span class='ocrx_word' id='word_1_303' title='bbox 926 5638 1166 5711; x_wconf 85' lang='lat' dir='ltr'>gaudeat</span> <span class='ocrx_word' id='word_1_304' title='bbox 1194 5635 1287 5709; x_wconf 93' lang='lat' dir='ltr'>qui</span> <span class='ocrx_word' id='word_1_305' title='bbox 1315 5634 1567 5706; x_wconf 89' lang='lat' dir='ltr'>simplice</span> <span class='ocrx_word' id='word_1_306' title='bbox 1601 5652 1614 5690; x_wconf 92' lang='lat'><strong>:</strong></span> 
     </span>
    </p>
   </div>
   <div class='ocr_carea' id='block_1_60' title="bbox 430 5728 1563 5804">
    <p class='ocr_par' dir='ltr' id='par_1_60' title="bbox 430 5728 1563 5804">
     <span class='ocr_line' id='line_1_60' title="bbox 430 5728 1563 5804; baseline -0.002 -20"><span class='ocrx_word' id='word_1_307' title='bbox 430 5730 638 5804; x_wconf 78' lang='lat' dir='ltr'>Vulgus</span> <span class='ocrx_word' id='word_1_308' title='bbox 678 5731 906 5788; x_wconf 86' lang='lat' dir='ltr'>deorum</span> <span class='ocrx_word' id='word_1_309' title='bbox 933 5730 1021 5787; x_wconf 89' lang='lat' dir='ltr'>vel</span> <span class='ocrx_word' id='word_1_310' title='bbox 1048 5730 1276 5786; x_wconf 91' lang='lat' dir='ltr'>dearum</span> <span class='ocrx_word' id='word_1_311' title='bbox 1308 5728 1563 5800; x_wconf 86' lang='lat' dir='ltr'>reprobet</span> 
     </span>
    </p>
   </div>
   <div class='ocr_carea' id='block_1_61' title="bbox 2051 417 3279 500">
    <p class='ocr_par' dir='ltr' id='par_1_61' title="bbox 2051 417 3279 500">
     <span class='ocr_line' id='line_1_61' title="bbox 2051 417 3279 500; baseline -0.005 -21"><span class='ocrx_word' id='word_1_312' title='bbox 2051 427 2102 496; x_wconf 86' lang='grc' dir='ltr'><strong>Α</strong></span> <span class='ocrx_word' id='word_1_313' title='bbox 2130 424 2361 500; x_wconf 89' lang='lat' dir='ltr'>Frangat</span> <span class='ocrx_word' id='word_1_314' title='bbox 2386 423 2595 498; x_wconf 89' lang='lat' dir='ltr'>ﬁguras</span> <span class='ocrx_word' id='word_1_315' title='bbox 2624 436 2763 494; x_wconf 86' lang='lat' dir='ltr'>quas</span> <span class='ocrx_word' id='word_1_316' title='bbox 2792 419 3011 476; x_wconf 90' lang='lat' dir='ltr'>colebat</span> <span class='ocrx_word' id='word_1_317' title='bbox 3042 417 3237 474; x_wconf 88' lang='lat' dir='ltr'>ﬁctiles</span> <span class='ocrx_word' id='word_1_318' title='bbox 3265 436 3279 484; x_wconf 90' lang='lat'><strong>;</strong></span> 
     </span>
    </p>
   </div>
   <div class='ocr_carea' id='block_1_62' title="bbox 2127 511 3148 593">
    <p class='ocr_par' dir='ltr' id='par_1_62' title="bbox 2127 511 3148 593">
     <span class='ocr_line' id='line_1_62' title="bbox 2127 511 3148 593; baseline -0.007 -21"><span class='ocrx_word' id='word_1_319' title='bbox 2127 517 2239 572; x_wconf 87' lang='lat' dir='ltr'>Nec</span> <span class='ocrx_word' id='word_1_320' title='bbox 2269 531 2434 587; x_wconf 90' lang='lat' dir='ltr'>posse</span> <span class='ocrx_word' id='word_1_321' title='bbox 2463 514 2616 571; x_wconf 91' lang='lat' dir='ltr'>fonte</span> <span class='ocrx_word' id='word_1_322' title='bbox 2645 511 2956 593; x_wconf 68' lang='lat' dir='ltr'>sanctitatis</span> <span class='ocrx_word' id='word_1_323' title='bbox 2995 511 3148 566; x_wconf 90' lang='lat' dir='ltr'>ablui</span> 
     </span>
    </p>
   </div>
   <div class='ocr_carea' id='block_1_63' title="bbox 2127 599 3213 673">
    <p class='ocr_par' dir='ltr' id='par_1_63' title="bbox 2127 599 3213 673">
     <span class='ocr_line' id='line_1_63' title="bbox 2127 599 3213 673; baseline -0.006 -12"><span class='ocrx_word' id='word_1_324' title='bbox 2127 605 2298 661; x_wconf 91' lang='lat' dir='ltr'>Secus</span> <span class='ocrx_word' id='word_1_325' title='bbox 2323 604 2645 660; x_wconf 89' lang='lat' dir='ltr'>nisiomnes</span> <span class='ocrx_word' id='word_1_326' title='bbox 2672 602 2943 657; x_wconf 91' lang='lat' dir='ltr'>idolorum</span> <span class='ocrx_word' id='word_1_327' title='bbox 2976 599 3213 673; x_wconf 86' lang='lat' dir='ltr'>nugulas</span> 
     </span>
    </p>
   </div>
   <div class='ocr_carea' id='block_1_64' title="bbox 2123 691 3319 767">
    <p class='ocr_par' dir='ltr' id='par_1_64' title="bbox 2123 691 3319 767">
     <span class='ocr_line' id='line_1_64' title="bbox 2123 691 3319 767; baseline -0.004 -15"><span class='ocrx_word' id='word_1_328' title='bbox 2123 697 2281 752; x_wconf 92' lang='lat' dir='ltr'>Prius</span> <span class='ocrx_word' id='word_1_329' title='bbox 2311 695 2601 761; x_wconf 89' lang='lat' dir='ltr'>abdicarit,</span> <span class='ocrx_word' id='word_1_330' title='bbox 2630 701 2814 767; x_wconf 82' lang='lat' dir='ltr'>strage</span> <span class='ocrx_word' id='word_1_331' title='bbox 2848 709 3083 765; x_wconf 89' lang='lat' dir='ltr'>quorum</span> <span class='ocrx_word' id='word_1_332' title='bbox 3108 691 3319 747; x_wconf 89' lang='lat' dir='ltr'>sanitas</span> 
     </span>
    </p>
   </div>
   <div class='ocr_carea' id='block_1_65' title="bbox 2124 784 3023 859">
    <p class='ocr_par' dir='ltr' id='par_1_65' title="bbox 2124 784 3023 859">
     <span class='ocr_line' id='line_1_65' title="bbox 2124 784 3023 859; baseline -0.004 -14"><span class='ocrx_word' id='word_1_333' title='bbox 2124 788 2505 859; x_wconf 82' lang='lat' dir='ltr'>Redintegrari</span> <span class='ocrx_word' id='word_1_334' title='bbox 2534 787 2778 842; x_wconf 91' lang='lat' dir='ltr'>sauciato</span> <span class='ocrx_word' id='word_1_335' title='bbox 2801 784 3023 841; x_wconf 90' lang='lat' dir='ltr'>debeat.</span> 
     </span>
    </p>
   </div>
   <div class='ocr_carea' id='block_1_66' title="bbox 2125 873 3301 944">
    <p class='ocr_par' dir='ltr' id='par_1_66' title="bbox 2125 873 3301 944">
     <span class='ocr_line' id='line_1_66' title="bbox 2125 873 3301 944; baseline -0.003 -12"><span class='ocrx_word' id='word_1_336' title='bbox 2125 878 2290 944; x_wconf 86' lang='lat' dir='ltr'>Queis</span> <span class='ocrx_word' id='word_1_337' title='bbox 2316 884 2597 932; x_wconf 90' lang='lat' dir='ltr'>annuente</span> <span class='ocrx_word' id='word_1_338' title='bbox 2629 882 2684 931; x_wconf 89' lang='lat' dir='ltr'>et</span> <span class='ocrx_word' id='word_1_339' title='bbox 2704 873 2964 930; x_wconf 87' lang='lat' dir='ltr'>vernulas</span> <span class='ocrx_word' id='word_1_340' title='bbox 2988 873 3301 929; x_wconf 89' lang='lat' dir='ltr'>Chromatio</span> 
     </span>
    </p>
   </div>
   <div class='ocr_carea' id='block_1_67' title="bbox 2122 965 3316 1039">
    <p class='ocr_par' dir='ltr' id='par_1_67' title="bbox 2122 965 3316 1039">
     <span class='ocr_line' id='line_1_67' title="bbox 2122 965 3316 1039; baseline -0.004 -14"><span class='ocrx_word' id='word_1_341' title='bbox 2122 970 2201 1025; x_wconf 81' lang='lat' dir='ltr'>Ad</span> <span class='ocrx_word' id='word_1_342' title='bbox 2220 970 2335 1025; x_wconf 70' lang='lat' dir='ltr'>haec</span> <span class='ocrx_word' id='word_1_343' title='bbox 2358 968 2610 1039; x_wconf 88' lang='lat' dir='ltr'>jubente,</span> <span class='ocrx_word' id='word_1_344' title='bbox 2635 983 2747 1023; x_wconf 90' lang='lat' dir='ltr'>non</span> <span class='ocrx_word' id='word_1_345' title='bbox 2781 967 2972 1022; x_wconf 91' lang='lat' dir='ltr'>sinunt</span> <span class='ocrx_word' id='word_1_346' title='bbox 3011 965 3316 1021; x_wconf 87' lang='lat' dir='ltr'>doctissimi</span> 
     </span>
    </p>
   </div>
   <div class='ocr_carea' id='block_1_68' title="bbox 2124 1060 3362 1134">
    <p class='ocr_par' dir='ltr' id='par_1_68' title="bbox 2124 1060 3362 1134">
     <span class='ocr_line' id='line_1_68' title="bbox 2124 1060 3362 1134; baseline -0.004 -14"><span class='ocrx_word' id='word_1_347' title='bbox 2124 1067 2299 1121; x_wconf 90' lang='lat' dir='ltr'>Duces</span> <span class='ocrx_word' id='word_1_348' title='bbox 2328 1065 2562 1120; x_wconf 89' lang='lat' dir='ltr'>inertem</span> <span class='ocrx_word' id='word_1_349' title='bbox 2593 1064 2700 1120; x_wconf 90' lang='lat' dir='ltr'>hoc</span> <span class='ocrx_word' id='word_1_350' title='bbox 2728 1062 2919 1134; x_wconf 81' lang='lat' dir='ltr'>praelia</span> <span class='ocrx_word' id='word_1_351' title='bbox 2941 1077 3163 1115; x_wconf 90' lang='lat' dir='ltr'>manum</span> <span class='ocrx_word' id='word_1_352' title='bbox 3193 1060 3312 1115; x_wconf 91' lang='lat' dir='ltr'>dari</span> <span class='ocrx_word' id='word_1_353' title='bbox 3348 1077 3362 1128; x_wconf 89' lang='lat'><strong>;</strong></span> 
     </span>
    </p>
   </div>
   <div class='ocr_carea' id='block_1_69' title="bbox 2125 1151 3142 1226">
    <p class='ocr_par' dir='ltr' id='par_1_69' title="bbox 2125 1151 3142 1226">
     <span class='ocr_line' id='line_1_69' title="bbox 2125 1151 3142 1226; baseline -0.005 -17"><span class='ocrx_word' id='word_1_354' title='bbox 2125 1155 2278 1211; x_wconf 90' lang='lat' dir='ltr'>Bello</span> <span class='ocrx_word' id='word_1_355' title='bbox 2306 1155 2563 1226; x_wconf 90' lang='lat' dir='ltr'>supernis</span> <span class='ocrx_word' id='word_1_356' title='bbox 2592 1154 2702 1208; x_wconf 91' lang='lat' dir='ltr'>imo</span> <span class='ocrx_word' id='word_1_357' title='bbox 2724 1152 2823 1207; x_wconf 91' lang='lat' dir='ltr'>tuti</span> <span class='ocrx_word' id='word_1_358' title='bbox 2857 1151 3142 1224; x_wconf 85' lang='lat' dir='ltr'>principes</span> 
     </span>
    </p>
   </div>
   <div class='ocr_carea' id='block_1_70' title="bbox 2129 1240 3343 1316">
    <p class='ocr_par' dir='ltr' id='par_1_70' title="bbox 2129 1240 3343 1316">
     <span class='ocr_line' id='line_1_70' title="bbox 2129 1240 3343 1316; baseline -0.003 -17"><span class='ocrx_word' id='word_1_359' title='bbox 2129 1243 2433 1316; x_wconf 87' lang='lat' dir='ltr'>Cinguntur</span> <span class='ocrx_word' id='word_1_360' title='bbox 2460 1243 2646 1310; x_wconf 90' lang='lat' dir='ltr'>armis,</span> <span class='ocrx_word' id='word_1_361' title='bbox 2678 1258 2819 1297; x_wconf 90' lang='lat' dir='ltr'>vana</span> <span class='ocrx_word' id='word_1_362' title='bbox 2850 1241 3031 1296; x_wconf 85' lang='lat' dir='ltr'>adorti</span> <span class='ocrx_word' id='word_1_363' title='bbox 3064 1240 3343 1295; x_wconf 85' lang='lat' dir='ltr'>schemata</span> 
     </span>
    </p>
   </div>
   <div class='ocr_carea' id='block_1_71' title="bbox 2126 1332 3359 1403">
    <p class='ocr_par' dir='ltr' id='par_1_71' title="bbox 2126 1332 3359 1403">
     <span class='ocr_line' id='line_1_71' title="bbox 2126 1332 3359 1403; baseline -0.005 -12"><span class='ocrx_word' id='word_1_364' title='bbox 2126 1337 2346 1403; x_wconf 83' lang='lat' dir='ltr'>Rotare,</span> <span class='ocrx_word' id='word_1_365' title='bbox 2372 1336 2559 1391; x_wconf 88' lang='lat' dir='ltr'>divum</span> <span class='ocrx_word' id='word_1_366' title='bbox 2584 1350 2709 1390; x_wconf 86' lang='lat' dir='ltr'>mox</span> <span class='ocrx_word' id='word_1_367' title='bbox 2743 1334 2983 1389; x_wconf 89' lang='lat' dir='ltr'>ducenta</span> <span class='ocrx_word' id='word_1_368' title='bbox 3014 1333 3098 1386; x_wconf 89' lang='lat' dir='ltr'>vel</span> <span class='ocrx_word' id='word_1_369' title='bbox 3120 1332 3359 1403; x_wconf 90' lang='lat' dir='ltr'>amplius</span> 
     </span>
    </p>
   </div>
   <div class='ocr_carea' id='block_1_72' title="bbox 2127 1422 3268 1498">
    <p class='ocr_par' dir='ltr' id='par_1_72' title="bbox 2127 1422 3268 1498">
     <span class='ocr_line' id='line_1_72' title="bbox 2127 1422 3268 1498; baseline -0.004 -20"><span class='ocrx_word' id='word_1_370' title='bbox 2127 1425 2411 1498; x_wconf 86' lang='lat' dir='ltr'>Figmenta</span> <span class='ocrx_word' id='word_1_371' title='bbox 2430 1423 2594 1478; x_wconf 87' lang='lat' dir='ltr'>larvis</span> <span class='ocrx_word' id='word_1_372' title='bbox 2616 1422 2884 1477; x_wconf 86' lang='lat' dir='ltr'>fabricata</span> <span class='ocrx_word' id='word_1_373' title='bbox 2924 1428 3221 1476; x_wconf 87' lang='lat' dir='ltr'>conterunt</span> <span class='ocrx_word' id='word_1_374' title='bbox 3255 1439 3268 1486; x_wconf 88' lang='lat'><strong>;</strong></span> 
     </span>
    </p>
   </div>
   <div class='ocr_carea' id='block_1_73' title="bbox 2124 1508 3260 1582">
    <p class='ocr_par' dir='ltr' id='par_1_73' title="bbox 2124 1508 3260 1582">
     <span class='ocr_line' id='line_1_73' title="bbox 2124 1508 3260 1582; baseline -0.004 -14"><span class='ocrx_word' id='word_1_375' title='bbox 2124 1513 2287 1577; x_wconf 82' lang='lat' dir='ltr'>Queis</span> <span class='ocrx_word' id='word_1_376' title='bbox 2305 1511 2659 1568; x_wconf 87' lang='lat' dir='ltr'>comminutis</span> <span class='ocrx_word' id='word_1_377' title='bbox 2687 1510 2888 1582; x_wconf 85' lang='lat' dir='ltr'>gratias</span> <span class='ocrx_word' id='word_1_378' title='bbox 2922 1510 3029 1563; x_wconf 90' lang='lat' dir='ltr'>Deo</span> <span class='ocrx_word' id='word_1_379' title='bbox 3058 1508 3260 1564; x_wconf 86' lang='lat' dir='ltr'>ferunt.</span> 
     </span>
    </p>
   </div>
   <div class='ocr_carea' id='block_1_74' title="bbox 2122 1598 3035 1672">
    <p class='ocr_par' dir='ltr' id='par_1_74' title="bbox 2122 1598 3035 1672">
     <span class='ocr_line' id='line_1_74' title="bbox 2122 1598 3035 1672; baseline -0.008 -15"><span class='ocrx_word' id='word_1_380' title='bbox 2122 1601 2295 1657; x_wconf 88' lang='lat' dir='ltr'>Dilata</span> <span class='ocrx_word' id='word_1_381' title='bbox 2321 1600 2518 1656; x_wconf 90' lang='lat' dir='ltr'>suadet</span> <span class='ocrx_word' id='word_1_382' title='bbox 2547 1615 2679 1654; x_wconf 90' lang='lat' dir='ltr'>cura</span> <span class='ocrx_word' id='word_1_383' title='bbox 2713 1598 3035 1672; x_wconf 87' lang='lat' dir='ltr'>diligentius</span> 
     </span>
    </p>
   </div>
   <div class='ocr_carea' id='block_1_75' title="bbox 2123 1687 3318 1761">
    <p class='ocr_par' dir='ltr' id='par_1_75' title="bbox 2123 1687 3318 1761">
     <span class='ocr_line' id='line_1_75' title="bbox 2123 1687 3318 1761; baseline -0.006 -13"><span class='ocrx_word' id='word_1_384' title='bbox 2123 1694 2278 1748; x_wconf 84' lang='lat' dir='ltr'>Hune</span> <span class='ocrx_word' id='word_1_385' title='bbox 2312 1690 2594 1757; x_wconf 88' lang='lat' dir='ltr'>sciscitari,</span> <span class='ocrx_word' id='word_1_386' title='bbox 2628 1689 2874 1761; x_wconf 87' lang='lat' dir='ltr'>pressius</span> <span class='ocrx_word' id='word_1_387' title='bbox 2914 1689 3060 1743; x_wconf 88' lang='lat' dir='ltr'>hunc</span> <span class='ocrx_word' id='word_1_388' title='bbox 3094 1687 3318 1743; x_wconf 90' lang='lat' dir='ltr'>discuti.</span> 
     </span>
    </p>
   </div>
   <div class='ocr_carea' id='block_1_76' title="bbox 2123 1781 3375 1856">
    <p class='ocr_par' dir='ltr' id='par_1_76' title="bbox 2123 1781 3375 1856">
     <span class='ocr_line' id='line_1_76' title="bbox 2123 1781 3375 1856; baseline -0.005 -15"><span class='ocrx_word' id='word_1_389' title='bbox 2123 1785 2262 1851; x_wconf 83' lang='lat' dir='ltr'>Quid</span> <span class='ocrx_word' id='word_1_390' title='bbox 2288 1790 2473 1840; x_wconf 89' lang='lat' dir='ltr'>mente</span> <span class='ocrx_word' id='word_1_391' title='bbox 2503 1789 2698 1856; x_wconf 84' lang='lat' dir='ltr'>gestet,</span> <span class='ocrx_word' id='word_1_392' title='bbox 2733 1782 2780 1837; x_wconf 91' lang='lat' dir='ltr'>si</span> <span class='ocrx_word' id='word_1_393' title='bbox 2811 1799 2920 1854; x_wconf 89' lang='lat' dir='ltr'>qua</span> <span class='ocrx_word' id='word_1_394' title='bbox 2947 1783 3034 1837; x_wconf 91' lang='lat' dir='ltr'>vel</span> <span class='ocrx_word' id='word_1_395' title='bbox 3065 1781 3375 1837; x_wconf 88' lang='lat' dir='ltr'>resederint</span> 
     </span>
    </p>
   </div>
   <div class='ocr_carea' id='block_1_77' title="bbox 2126 1872 3280 1936">
    <p class='ocr_par' dir='ltr' id='par_1_77' title="bbox 2126 1872 3280 1936">
     <span class='ocr_line' id='line_1_77' title="bbox 2126 1872 3280 1936; baseline -0.005 -5"><span class='ocrx_word' id='word_1_396' title='bbox 2126 1876 2300 1931; x_wconf 65' lang='lat' dir='ltr'>Illmsa</span> <span class='ocrx_word' id='word_1_397' title='bbox 2325 1874 2568 1930; x_wconf 88' lang='lat' dir='ltr'>monstra</span> <span class='ocrx_word' id='word_1_398' title='bbox 2596 1872 2944 1928; x_wconf 89' lang='lat' dir='ltr'>turbidorum</span> <span class='ocrx_word' id='word_1_399' title='bbox 2970 1872 3280 1936; x_wconf 89' lang='lat' dir='ltr'>numinum,</span> 
     </span>
    </p>
   </div>
   <div class='ocr_carea' id='block_1_78' title="bbox 2132 1963 3323 2036">
    <p class='ocr_par' dir='ltr' id='par_1_78' title="bbox 2132 1963 3323 2036">
     <span class='ocr_line' id='line_1_78' title="bbox 2132 1963 3323 2036; baseline -0.005 -12"><span class='ocrx_word' id='word_1_400' title='bbox 2132 1968 2379 2024; x_wconf 90' lang='lat' dir='ltr'>Dubiove</span> <span class='ocrx_word' id='word_1_401' title='bbox 2409 1966 2576 2023; x_wconf 90' lang='lat' dir='ltr'>corde</span> <span class='ocrx_word' id='word_1_402' title='bbox 2606 1966 2960 2021; x_wconf 91' lang='lat' dir='ltr'>subnotatum</span> <span class='ocrx_word' id='word_1_403' title='bbox 3001 1963 3323 2036; x_wconf 89' lang='lat' dir='ltr'>scrupulum</span> 
     </span>
    </p>
   </div>
   <div class='ocr_carea' id='block_1_79' title="bbox 2132 2054 3113 2127">
    <p class='ocr_par' dir='ltr' id='par_1_79' title="bbox 2132 2054 3113 2127">
     <span class='ocr_line' id='line_1_79' title="bbox 2132 2054 3113 2127; baseline -0.006 -13"><span class='ocrx_word' id='word_1_404' title='bbox 2132 2058 2450 2114; x_wconf 84' lang='lat' dir='ltr'>Adulterina</span> <span class='ocrx_word' id='word_1_405' title='bbox 2471 2056 2665 2127; x_wconf 86' lang='lat' dir='ltr'>pandit</span> <span class='ocrx_word' id='word_1_406' title='bbox 2689 2056 2784 2109; x_wconf 88' lang='lat' dir='ltr'>ille</span> <span class='ocrx_word' id='word_1_407' title='bbox 2802 2054 3113 2110; x_wconf 88' lang='lat' dir='ltr'>machinam</span> 
     </span>
    </p>
   </div>
   <div class='ocr_carea' id='block_1_80' title="bbox 2133 2146 3168 2211">
    <p class='ocr_par' dir='ltr' id='par_1_80' title="bbox 2133 2146 3168 2211">
     <span class='ocr_line' id='line_1_80' title="bbox 2133 2146 3168 2211; baseline -0.004 -6"><span class='ocrx_word' id='word_1_408' title='bbox 2133 2151 2303 2206; x_wconf 90' lang='lat' dir='ltr'>Vitrei</span> <span class='ocrx_word' id='word_1_409' title='bbox 2334 2149 2533 2206; x_wconf 88' lang='lat' dir='ltr'>cubilis</span> <span class='ocrx_word' id='word_1_410' title='bbox 2563 2155 2678 2203; x_wconf 91' lang='lat' dir='ltr'>arte</span> <span class='ocrx_word' id='word_1_411' title='bbox 2716 2147 2918 2203; x_wconf 90' lang='lat' dir='ltr'>cultam</span> <span class='ocrx_word' id='word_1_412' title='bbox 2955 2146 3168 2211; x_wconf 78' lang='lat' dir='ltr'>ccelica,</span> 
     </span>
    </p>
   </div>
   <div class='ocr_carea' id='block_1_81' title="bbox 2129 2240 3307 2318">
    <p class='ocr_par' dir='ltr' id='par_1_81' title="bbox 2129 2240 3307 2318">
     <span class='ocr_line' id='line_1_81' title="bbox 2129 2240 3307 2318; baseline -0.003 -18"><span class='ocrx_word' id='word_1_413' title='bbox 2129 2245 2491 2301; x_wconf 90' lang='lat' dir='ltr'>Portentuoso</span> <span class='ocrx_word' id='word_1_414' title='bbox 2520 2244 2682 2318; x_wconf 86' lang='lat' dir='ltr'>signa</span> <span class='ocrx_word' id='word_1_415' title='bbox 2711 2242 2932 2297; x_wconf 90' lang='lat' dir='ltr'>dantem</span> <span class='ocrx_word' id='word_1_416' title='bbox 2964 2240 3256 2315; x_wconf 78' lang='lat' dir='ltr'>aenigmate</span> <span class='ocrx_word' id='word_1_417' title='bbox 3291 2256 3307 2308; x_wconf 86' lang='lat'><strong>;</strong></span> 
     </span>
    </p>
   </div>
   <div class='ocr_carea' id='block_1_82' title="bbox 2128 2333 3260 2409">
    <p class='ocr_par' dir='ltr' id='par_1_82' title="bbox 2128 2333 3260 2409">
     <span class='ocr_line' id='line_1_82' title="bbox 2128 2333 3260 2409; baseline -0.004 -17"><span class='ocrx_word' id='word_1_418' title='bbox 2128 2336 2169 2392; x_wconf 83' lang='grc' dir='ltr'><strong>Α</strong></span> <span class='ocrx_word' id='word_1_419' title='bbox 2198 2344 2351 2409; x_wconf 82' lang='lat' dir='ltr'>patre</span> <span class='ocrx_word' id='word_1_420' title='bbox 2384 2336 2540 2408; x_wconf 91' lang='lat' dir='ltr'>plura</span> <span class='ocrx_word' id='word_1_421' title='bbox 2566 2335 2788 2390; x_wconf 67' lang='lat' dir='ltr'>fabricae</span> <span class='ocrx_word' id='word_1_422' title='bbox 2816 2334 2980 2403; x_wconf 90' lang='lat' dir='ltr'>hujus</span> <span class='ocrx_word' id='word_1_423' title='bbox 3010 2333 3260 2404; x_wconf 89' lang='lat' dir='ltr'>pondera</span> 
     </span>
    </p>
   </div>
   <div class='ocr_carea' id='block_1_83' title="bbox 2126 2424 3119 2484">
    <p class='ocr_par' dir='ltr' id='par_1_83' title="bbox 2126 2424 3119 2484">
     <span class='ocr_line' id='line_1_83' title="bbox 2126 2424 3119 2484; baseline -0.006 0"><span class='ocrx_word' id='word_1_424' title='bbox 2126 2428 2256 2484; x_wconf 86' lang='lat' dir='ltr'>Auri</span> <span class='ocrx_word' id='word_1_425' title='bbox 2281 2428 2434 2483; x_wconf 89' lang='lat' dir='ltr'>litata</span> <span class='ocrx_word' id='word_1_426' title='bbox 2465 2426 2711 2482; x_wconf 90' lang='lat' dir='ltr'>nil&#39;domi</span> <span class='ocrx_word' id='word_1_427' title='bbox 2743 2441 2869 2481; x_wconf 91' lang='lat' dir='ltr'>esse</span> <span class='ocrx_word' id='word_1_428' title='bbox 2900 2424 3119 2480; x_wconf 87' lang='lat' dir='ltr'>eharius</span> 
     </span>
    </p>
   </div>
   <div class='ocr_carea' id='block_1_84' title="bbox 2126 2513 3324 2573">
    <p class='ocr_par' dir='ltr' id='par_1_84' title="bbox 2126 2513 3324 2573">
     <span class='ocr_line' id='line_1_84' title="bbox 2126 2513 3324 2573; baseline -0.003 -1"><span class='ocrx_word' id='word_1_429' title='bbox 2126 2517 2431 2573; x_wconf 88' lang='lat' dir='ltr'>Monstrant</span> <span class='ocrx_word' id='word_1_430' title='bbox 2461 2516 2727 2573; x_wconf 87' lang='lat' dir='ltr'>docentes</span> <span class='ocrx_word' id='word_1_431' title='bbox 2759 2515 2815 2570; x_wconf 90' lang='lat' dir='ltr'>id</span> <span class='ocrx_word' id='word_1_432' title='bbox 2841 2514 3038 2570; x_wconf 90' lang='lat' dir='ltr'>salutis</span> <span class='ocrx_word' id='word_1_433' title='bbox 3066 2513 3324 2570; x_wconf 67' lang='lat' dir='ltr'>aemulum</span> 
     </span>
    </p>
   </div>
   <div class='ocr_carea' id='block_1_85' title="bbox 2126 2608 3271 2677">
    <p class='ocr_par' dir='ltr' id='par_1_85' title="bbox 2126 2608 3271 2677">
     <span class='ocr_line' id='line_1_85' title="bbox 2126 2608 3271 2677; baseline -0.003 -13"><span class='ocrx_word' id='word_1_434' title='bbox 2126 2609 2212 2665; x_wconf 86' lang='lat' dir='ltr'>Nil</span> <span class='ocrx_word' id='word_1_435' title='bbox 2241 2626 2364 2666; x_wconf 90' lang='lat' dir='ltr'>esse</span> <span class='ocrx_word' id='word_1_436' title='bbox 2392 2610 2588 2677; x_wconf 89' lang='lat' dir='ltr'>ﬁdum,</span> <span class='ocrx_word' id='word_1_437' title='bbox 2615 2608 2943 2666; x_wconf 88' lang='lat' dir='ltr'>autveritati</span> <span class='ocrx_word' id='word_1_438' title='bbox 2963 2623 3271 2665; x_wconf 91' lang='lat' dir='ltr'>consonum</span> 
     </span>
    </p>
   </div>
   <div class='ocr_carea' id='block_1_86' title="bbox 2128 2702 3265 2779">
    <p class='ocr_par' dir='ltr' id='par_1_86' title="bbox 2128 2702 3265 2779">
     <span class='ocr_line' id='line_1_86' title="bbox 2128 2702 3265 2779; baseline 0 -23"><span class='ocrx_word' id='word_1_439' title='bbox 2128 2702 2414 2777; x_wconf 86' lang='lat' dir='ltr'>Figmenta</span> <span class='ocrx_word' id='word_1_440' title='bbox 2441 2704 2610 2760; x_wconf 82' lang='lat' dir='ltr'>vafris</span> <span class='ocrx_word' id='word_1_441' title='bbox 2632 2720 2777 2760; x_wconf 70' lang='lat' dir='ltr'>caeca</span> <span class='ocrx_word' id='word_1_442' title='bbox 2807 2703 2970 2779; x_wconf 88' lang='lat' dir='ltr'>nugis</span> <span class='ocrx_word' id='word_1_443' title='bbox 2998 2702 3220 2758; x_wconf 88' lang='lat' dir='ltr'>volvere</span> <span class='ocrx_word' id='word_1_444' title='bbox 3252 2719 3265 2755; x_wconf 92' lang='lat'>:</span> 
     </span>
    </p>
   </div>
   <div class='ocr_carea' id='block_1_87' title="bbox 2137 2796 3186 2871">
    <p class='ocr_par' dir='ltr' id='par_1_87' title="bbox 2137 2796 3186 2871">
     <span class='ocr_line' id='line_1_87' title="bbox 2137 2796 3186 2871; baseline -0.006 -16"><span class='ocrx_word' id='word_1_445' title='bbox 2137 2799 2222 2855; x_wconf 87' lang='lat' dir='ltr'>Nil</span> <span class='ocrx_word' id='word_1_446' title='bbox 2252 2799 2527 2871; x_wconf 90' lang='lat' dir='ltr'>puritatis,</span> <span class='ocrx_word' id='word_1_447' title='bbox 2561 2798 2637 2853; x_wconf 90' lang='lat' dir='ltr'>nil</span> <span class='ocrx_word' id='word_1_448' title='bbox 2663 2797 2964 2868; x_wconf 88' lang='lat' dir='ltr'>juvaminis</span> <span class='ocrx_word' id='word_1_449' title='bbox 2997 2796 3186 2863; x_wconf 90' lang='lat' dir='ltr'>edere,</span> 
     </span>
    </p>
   </div>
   <div class='ocr_carea' id='block_1_88' title="bbox 2137 2876 3233 2960">
    <p class='ocr_par' dir='ltr' id='par_1_88' title="bbox 2137 2876 3233 2960">
     <span class='ocr_line' id='line_1_88' title="bbox 2137 2876 3233 2960; baseline -0.005 -17"><span class='ocrx_word' id='word_1_450' title='bbox 2137 2876 2488 2960; x_wconf 90' lang='lat' dir='ltr'>Probantque</span> <span class='ocrx_word' id='word_1_451' title='bbox 2517 2889 2663 2944; x_wconf 89' lang='lat' dir='ltr'>clara</span> <span class='ocrx_word' id='word_1_452' title='bbox 2693 2887 2817 2942; x_wconf 91' lang='lat' dir='ltr'>luce</span> <span class='ocrx_word' id='word_1_453' title='bbox 2846 2885 2959 2941; x_wconf 91' lang='lat' dir='ltr'>divi</span> <span class='ocrx_word' id='word_1_454' title='bbox 2985 2883 3233 2939; x_wconf 90' lang='lat' dir='ltr'>muneris</span> 
     </span>
    </p>
   </div>
   <div class='ocr_carea' id='block_1_89' title="bbox 2136 2978 3146 3039">
    <p class='ocr_par' dir='ltr' id='par_1_89' title="bbox 2136 2978 3146 3039">
     <span class='ocr_line' id='line_1_89' title="bbox 2136 2978 3146 3039; baseline -0.008 0"><span class='ocrx_word' id='word_1_455' title='bbox 2136 2983 2219 3039; x_wconf 80' lang='lat' dir='ltr'>Nil</span> <span class='ocrx_word' id='word_1_456' title='bbox 2247 2982 2494 3039; x_wconf 89' lang='lat' dir='ltr'>veritatis</span> <span class='ocrx_word' id='word_1_457' title='bbox 2525 2981 2611 3036; x_wconf 92' lang='lat' dir='ltr'>his</span> <span class='ocrx_word' id='word_1_458' title='bbox 2640 2982 2814 3037; x_wconf 89' lang='lat' dir='ltr'>latere</span> <span class='ocrx_word' id='word_1_459' title='bbox 2840 2978 3146 3036; x_wconf 75' lang='lat' dir='ltr'>mcechicis.</span> 
     </span>
    </p>
   </div>
   <div class='ocr_carea' id='block_1_90' title="bbox 2137 3069 3219 3148">
    <p class='ocr_par' dir='ltr' id='par_1_90' title="bbox 2137 3069 3219 3148">
     <span class='ocr_line' id='line_1_90' title="bbox 2137 3069 3219 3148; baseline -0.008 -16"><span class='ocrx_word' id='word_1_460' title='bbox 2137 3077 2333 3148; x_wconf 87' lang='lat' dir='ltr'>Stupet</span> <span class='ocrx_word' id='word_1_461' title='bbox 2359 3080 2565 3131; x_wconf 82' lang='lat' dir='ltr'>retecta</span> <span class='ocrx_word' id='word_1_462' title='bbox 2595 3073 2719 3129; x_wconf 90' lang='lat' dir='ltr'>luce</span> <span class='ocrx_word' id='word_1_463' title='bbox 2745 3089 2873 3128; x_wconf 90' lang='lat' dir='ltr'>vere</span> <span class='ocrx_word' id='word_1_464' title='bbox 2899 3069 3219 3146; x_wconf 90' lang='lat' dir='ltr'>languidus,</span> 
     </span>
    </p>
   </div>
   <div class='ocr_carea' id='block_1_91' title="bbox 2130 3157 3272 3238">
    <p class='ocr_par' dir='ltr' id='par_1_91' title="bbox 2130 3157 3272 3238">
     <span class='ocr_line' id='line_1_91' title="bbox 2130 3157 3272 3238; baseline -0.009 -17"><span class='ocrx_word' id='word_1_465' title='bbox 2130 3167 2413 3236; x_wconf 88' lang='lat' dir='ltr'>Deumque</span> <span class='ocrx_word' id='word_1_466' title='bbox 2430 3164 2608 3219; x_wconf 91' lang='lat' dir='ltr'>solum</span> <span class='ocrx_word' id='word_1_467' title='bbox 2635 3161 2778 3238; x_wconf 90' lang='lat' dir='ltr'>legis</span> <span class='ocrx_word' id='word_1_468' title='bbox 2804 3162 2967 3231; x_wconf 85' lang='lat' dir='ltr'>hujus</span> <span class='ocrx_word' id='word_1_469' title='bbox 2989 3157 3272 3231; x_wconf 61' lang='lat' dir='ltr'>prmdicat,</span> 
     </span>
    </p>
   </div>
   <div class='ocr_carea' id='block_1_92' title="bbox 2131 3248 3246 3320">
    <p class='ocr_par' dir='ltr' id='par_1_92' title="bbox 2131 3248 3246 3320">
     <span class='ocr_line' id='line_1_92' title="bbox 2131 3248 3246 3320; baseline -0.006 -10"><span class='ocrx_word' id='word_1_470' title='bbox 2131 3255 2231 3320; x_wconf 82' lang='lat' dir='ltr'>Qui</span> <span class='ocrx_word' id='word_1_471' title='bbox 2262 3262 2371 3309; x_wconf 90' lang='lat' dir='ltr'>tam</span> <span class='ocrx_word' id='word_1_472' title='bbox 2401 3268 2601 3308; x_wconf 86' lang='lat' dir='ltr'>serena</span> <span class='ocrx_word' id='word_1_473' title='bbox 2629 3251 2756 3307; x_wconf 92' lang='lat' dir='ltr'>luce</span> <span class='ocrx_word' id='word_1_474' title='bbox 2786 3265 2977 3306; x_wconf 88' lang='lat' dir='ltr'>servos</span> <span class='ocrx_word' id='word_1_475' title='bbox 3006 3248 3246 3314; x_wconf 91' lang='lat' dir='ltr'>evibrat,</span> 
     </span>
    </p>
   </div>
   <div class='ocr_carea' id='block_1_93' title="bbox 2132 3336 3263 3414">
    <p class='ocr_par' dir='ltr' id='par_1_93' title="bbox 2132 3336 3263 3414">
     <span class='ocr_line' id='line_1_93' title="bbox 2132 3336 3263 3414; baseline -0.005 -17"><span class='ocrx_word' id='word_1_476' title='bbox 2132 3343 2403 3414; x_wconf 87' lang='lat' dir='ltr'>Favetque</span> <span class='ocrx_word' id='word_1_477' title='bbox 2432 3341 2652 3396; x_wconf 91' lang='lat' dir='ltr'>demum</span> <span class='ocrx_word' id='word_1_478' title='bbox 2674 3338 2988 3413; x_wconf 78' lang='lat' dir='ltr'>confragosi</span> <span class='ocrx_word' id='word_1_479' title='bbox 3016 3336 3263 3392; x_wconf 90' lang='lat' dir='ltr'>numinis</span> 
     </span>
    </p>
   </div>
   <div class='ocr_carea' id='block_1_94' title="bbox 2128 3423 3329 3495">
    <p class='ocr_par' dir='ltr' id='par_1_94' title="bbox 2128 3423 3329 3495">
     <span class='ocr_line' id='line_1_94' title="bbox 2128 3423 3329 3495; baseline -0.007 -8"><span class='ocrx_word' id='word_1_480' title='bbox 2128 3431 2323 3487; x_wconf 88' lang='lat' dir='ltr'>Subire</span> <span class='ocrx_word' id='word_1_481' title='bbox 2347 3431 2568 3495; x_wconf 86' lang='lat' dir='ltr'>damna,</span> <span class='ocrx_word' id='word_1_482' title='bbox 2597 3425 2847 3481; x_wconf 89' lang='lat' dir='ltr'>salutatis</span> <span class='ocrx_word' id='word_1_483' title='bbox 2879 3439 3058 3479; x_wconf 90' lang='lat' dir='ltr'>arcem</span> <span class='ocrx_word' id='word_1_484' title='bbox 3092 3423 3329 3495; x_wconf 88' lang='lat' dir='ltr'>duplicis</span> 
     </span>
    </p>
   </div>
   <div class='ocr_carea' id='block_1_95' title="bbox 2129 3519 3293 3598">
    <p class='ocr_par' dir='ltr' id='par_1_95' title="bbox 2129 3519 3293 3598">
     <span class='ocr_line' id='line_1_95' title="bbox 2129 3519 3293 3598; baseline -0.009 -15"><span class='ocrx_word' id='word_1_485' title='bbox 2129 3528 2218 3583; x_wconf 92' lang='lat' dir='ltr'>Sic</span> <span class='ocrx_word' id='word_1_486' title='bbox 2241 3524 2610 3598; x_wconf 91' lang='lat' dir='ltr'>appetendam</span> <span class='ocrx_word' id='word_1_487' title='bbox 2646 3520 2918 3578; x_wconf 89' lang='lat' dir='ltr'>conﬁtens</span> <span class='ocrx_word' id='word_1_488' title='bbox 2950 3536 3011 3575; x_wconf 89' lang='lat' dir='ltr'>se</span> <span class='ocrx_word' id='word_1_489' title='bbox 3041 3519 3293 3575; x_wconf 90' lang='lat' dir='ltr'>credere.</span> 
     </span>
    </p>
   </div>
   <div class='ocr_carea' id='block_1_96' title="bbox 2141 3610 3284 3690">
    <p class='ocr_par' dir='ltr' id='par_1_96' title="bbox 2141 3610 3284 3690">
     <span class='ocr_line' id='line_1_96' title="bbox 2141 3610 3284 3690; baseline -0.009 -16"><span class='ocrx_word' id='word_1_490' title='bbox 2141 3616 2375 3690; x_wconf 86' lang='lat' dir='ltr'>Exponit</span> <span class='ocrx_word' id='word_1_491' title='bbox 2397 3631 2527 3686; x_wconf 81' lang='lat' dir='ltr'>ergo</span> <span class='ocrx_word' id='word_1_492' title='bbox 2557 3615 2603 3670; x_wconf 90' lang='lat' dir='ltr'>si</span> <span class='ocrx_word' id='word_1_493' title='bbox 2628 3613 2762 3686; x_wconf 91' lang='lat' dir='ltr'>quid</span> <span class='ocrx_word' id='word_1_494' title='bbox 2794 3610 3056 3667; x_wconf 55' lang='lat' dir='ltr'>ornanda</span> <span class='ocrx_word' id='word_1_495' title='bbox 3083 3610 3284 3666; x_wconf 87' lang='lat' dir='ltr'>domus</span> 
     </span>
    </p>
   </div>
   <div class='ocr_carea' id='block_1_97' title="bbox 2143 3701 3150 3782">
    <p class='ocr_par' dir='ltr' id='par_1_97' title="bbox 2143 3701 3150 3782">
     <span class='ocr_line' id='line_1_97' title="bbox 2143 3701 3150 3782; baseline -0.009 -18"><span class='ocrx_word' id='word_1_496' title='bbox 2143 3708 2299 3782; x_wconf 86' lang='lat' dir='ltr'>Signi</span> <span class='ocrx_word' id='word_1_497' title='bbox 2328 3706 2519 3763; x_wconf 89' lang='lat' dir='ltr'>residit</span> <span class='ocrx_word' id='word_1_498' title='bbox 2547 3703 2785 3778; x_wconf 87' lang='lat' dir='ltr'>gemmei</span> <span class='ocrx_word' id='word_1_499' title='bbox 2813 3718 2913 3757; x_wconf 89' lang='lat' dir='ltr'>seu</span> <span class='ocrx_word' id='word_1_500' title='bbox 2942 3701 3103 3757; x_wconf 88' lang='lat' dir='ltr'>vitrei</span> <span class='ocrx_word' id='word_1_501' title='bbox 3133 3720 3150 3765; x_wconf 87' lang='lat'><strong><em>;</em></strong></span> 
     </span>
    </p>
   </div>
   <div class='ocr_carea' id='block_1_98' title="bbox 2058 3120 2109 3191">
    <p class='ocr_par' dir='ltr' id='par_1_98' title="bbox 2058 3120 2109 3191">
     <span class='ocr_line' id='line_1_98' title="bbox 2058 3120 2109 3191; baseline 0 0"><span class='ocrx_word' id='word_1_502' title='bbox 2058 3120 2109 3191; x_wconf 89' lang='lat' dir='ltr'>C</span> 
     </span>
    </p>
   </div>
   <div class='ocr_carea' id='block_1_99' title="bbox 2141 3790 3397 3870">
    <p class='ocr_par' dir='ltr' id='par_1_99' title="bbox 2141 3790 3397 3870">
     <span class='ocr_line' id='line_1_99' title="bbox 2141 3790 3397 3870; baseline -0.009 -17"><span class='ocrx_word' id='word_1_503' title='bbox 2141 3796 2370 3870; x_wconf 85' lang='lat' dir='ltr'>Fragilis</span> <span class='ocrx_word' id='word_1_504' title='bbox 2398 3792 2604 3850; x_wconf 90' lang='lat' dir='ltr'>metalli</span> <span class='ocrx_word' id='word_1_505' title='bbox 2637 3790 2767 3847; x_wconf 93' lang='lat' dir='ltr'>dum</span> <span class='ocrx_word' id='word_1_506' title='bbox 2801 3797 3054 3845; x_wconf 86' lang='lat' dir='ltr'>teruntur</span> <span class='ocrx_word' id='word_1_507' title='bbox 3082 3795 3397 3855; x_wconf 88' lang='lat' dir='ltr'>stemmata,</span> 
     </span>
    </p>
   </div>
   <div class='ocr_carea' id='block_1_100' title="bbox 2139 3880 3164 3955">
    <p class='ocr_par' dir='ltr' id='par_1_100' title="bbox 2139 3880 3164 3955">
     <span class='ocr_line' id='line_1_100' title="bbox 2139 3880 3164 3955; baseline -0.009 -11"><span class='ocrx_word' id='word_1_508' title='bbox 2139 3880 2430 3944; x_wconf 88' lang='lat' dir='ltr'>Chromatii</span> <span class='ocrx_word' id='word_1_509' title='bbox 2461 3901 2520 3941; x_wconf 91' lang='lat' dir='ltr'>se</span> <span class='ocrx_word' id='word_1_510' title='bbox 2551 3882 2848 3955; x_wconf 65' lang='lat' dir='ltr'>praeferens</span> <span class='ocrx_word' id='word_1_511' title='bbox 2878 3880 3164 3936; x_wconf 90' lang='lat' dir='ltr'>obtutibus</span> 
     </span>
    </p>
   </div>
   <div class='ocr_carea' id='block_1_101' title="bbox 2135 3968 3358 4043">
    <p class='ocr_par' dir='ltr' id='par_1_101' title="bbox 2135 3968 3358 4043">
     <span class='ocr_line' id='line_1_101' title="bbox 2135 3968 3358 4043; baseline -0.011 -9"><span class='ocrx_word' id='word_1_512' title='bbox 2135 3977 2360 4035; x_wconf 82' lang='lat' dir='ltr'>Juvenis</span> <span class='ocrx_word' id='word_1_513' title='bbox 2388 3988 2615 4031; x_wconf 89' lang='lat' dir='ltr'>corusco</span> <span class='ocrx_word' id='word_1_514' title='bbox 2646 3969 2904 4043; x_wconf 87' lang='lat' dir='ltr'>splendet</span> <span class='ocrx_word' id='word_1_515' title='bbox 2938 3984 3035 4024; x_wconf 90' lang='lat' dir='ltr'>ore</span> <span class='ocrx_word' id='word_1_516' title='bbox 3064 3968 3358 4035; x_wconf 85' lang='lat' dir='ltr'>ﬂammeis,</span> 
     </span>
    </p>
   </div>
   <div class='ocr_carea' id='block_1_102' title="bbox 2136 4062 3372 4135">
    <p class='ocr_par' dir='ltr' id='par_1_102' title="bbox 2136 4062 3372 4135">
     <span class='ocr_line' id='line_1_102' title="bbox 2136 4062 3372 4135; baseline -0.01 -7"><span class='ocrx_word' id='word_1_517' title='bbox 2136 4072 2362 4128; x_wconf 89' lang='lat' dir='ltr'>Missum</span> <span class='ocrx_word' id='word_1_518' title='bbox 2396 4082 2717 4125; x_wconf 90' lang='lat' dir='ltr'>asseverans</span> <span class='ocrx_word' id='word_1_519' title='bbox 2754 4080 2815 4119; x_wconf 89' lang='lat' dir='ltr'>se</span> <span class='ocrx_word' id='word_1_520' title='bbox 2857 4062 3118 4135; x_wconf 89' lang='lat' dir='ltr'>supernis</span> <span class='ocrx_word' id='word_1_521' title='bbox 3143 4063 3372 4119; x_wconf 89' lang='lat' dir='ltr'>sedibus</span> 
     </span>
    </p>
   </div>
   <div class='ocr_carea' id='block_1_103' title="bbox 2137 4158 3215 4239">
    <p class='ocr_par' dir='ltr' id='par_1_103' title="bbox 2137 4158 3215 4239">
     <span class='ocr_line' id='line_1_103' title="bbox 2137 4158 3215 4239; baseline -0.01 -18"><span class='ocrx_word' id='word_1_522' title='bbox 2137 4167 2178 4220; x_wconf 87' lang='lat' dir='ltr'><strong>A</strong></span> <span class='ocrx_word' id='word_1_523' title='bbox 2210 4181 2341 4239; x_wconf 90' lang='lat' dir='ltr'>rege</span> <span class='ocrx_word' id='word_1_524' title='bbox 2368 4162 2582 4218; x_wconf 88' lang='lat' dir='ltr'>Christo</span> <span class='ocrx_word' id='word_1_525' title='bbox 2613 4160 2933 4232; x_wconf 87' lang='lat' dir='ltr'>sospitatem</span> <span class='ocrx_word' id='word_1_526' title='bbox 2974 4158 3215 4216; x_wconf 90' lang='lat' dir='ltr'>vividam</span> 
     </span>
    </p>
   </div>
   <div class='ocr_carea' id='block_1_104' title="bbox 2140 4246 3264 4326">
    <p class='ocr_par' dir='ltr' id='par_1_104' title="bbox 2140 4246 3264 4326">
     <span class='ocr_line' id='line_1_104' title="bbox 2140 4246 3264 4326; baseline -0.01 -16"><span class='ocrx_word' id='word_1_527' title='bbox 2140 4253 2421 4310; x_wconf 88' lang='lat' dir='ltr'>Credentis</span> <span class='ocrx_word' id='word_1_528' title='bbox 2446 4251 2611 4326; x_wconf 67' lang='lat' dir='ltr'>aegris</span> <span class='ocrx_word' id='word_1_529' title='bbox 2635 4258 2693 4307; x_wconf 91' lang='lat' dir='ltr'>ut</span> <span class='ocrx_word' id='word_1_530' title='bbox 2728 4250 2985 4306; x_wconf 81' lang='lat' dir='ltr'>refundat</span> <span class='ocrx_word' id='word_1_531' title='bbox 3011 4246 3264 4312; x_wconf 89' lang='lat' dir='ltr'>artubus,</span> 
     </span>
    </p>
   </div>
   <div class='ocr_carea' id='block_1_105' title="bbox 2141 4341 3250 4419">
    <p class='ocr_par' dir='ltr' id='par_1_105' title="bbox 2141 4341 3250 4419">
     <span class='ocr_line' id='line_1_105' title="bbox 2141 4341 3250 4419; baseline -0.01 -15"><span class='ocrx_word' id='word_1_532' title='bbox 2141 4348 2219 4403; x_wconf 80' lang='lat' dir='ltr'>Ad</span> <span class='ocrx_word' id='word_1_533' title='bbox 2250 4348 2371 4403; x_wconf 59' lang='lat' dir='ltr'>hac</span> <span class='ocrx_word' id='word_1_534' title='bbox 2390 4345 2614 4419; x_wconf 90' lang='lat' dir='ltr'>vigente</span> <span class='ocrx_word' id='word_1_535' title='bbox 2637 4358 2807 4398; x_wconf 89' lang='lat' dir='ltr'>sanus</span> <span class='ocrx_word' id='word_1_536' title='bbox 2837 4341 2986 4399; x_wconf 90' lang='lat' dir='ltr'>omni</span> <span class='ocrx_word' id='word_1_537' title='bbox 3018 4352 3250 4411; x_wconf 86' lang='lat' dir='ltr'>corpore</span> 
     </span>
    </p>
   </div>
   <div class='ocr_carea' id='block_1_106' title="bbox 2059 4431 3428 4542">
    <p class='ocr_par' dir='ltr' id='par_1_106' title="bbox 2059 4431 3428 4542">
     <span class='ocr_line' id='line_1_106' title="bbox 2059 4431 3428 4542; baseline -0.011 -46"><span class='ocrx_word' id='word_1_538' title='bbox 2059 4473 2119 4542; x_wconf 83' lang='lat' dir='ltr'><strong>D</strong></span> <span class='ocrx_word' id='word_1_539' title='bbox 2141 4437 2442 4495; x_wconf 58' lang='lat' dir='ltr'>Praefectus</span> <span class='ocrx_word' id='word_1_540' title='bbox 2470 4435 2647 4490; x_wconf 83' lang='lat' dir='ltr'>audax</span> <span class='ocrx_word' id='word_1_541' title='bbox 2679 4441 2805 4505; x_wconf 90' lang='lat' dir='ltr'>post</span> <span class='ocrx_word' id='word_1_542' title='bbox 2834 4431 3157 4487; x_wconf 90' lang='lat' dir='ltr'>medentem</span> <span class='ocrx_word' id='word_1_543' title='bbox 3184 4441 3428 4492; x_wconf 88' lang='lat' dir='ltr'>currere,</span> 
     </span>
    </p>
   </div>
   <div class='ocr_carea' id='block_1_107' title="bbox 2149 4529 3237 4603">
    <p class='ocr_par' dir='ltr' id='par_1_107' title="bbox 2149 4529 3237 4603">
     <span class='ocr_line' id='line_1_107' title="bbox 2149 4529 3237 4603; baseline -0.011 -13"><span class='ocrx_word' id='word_1_544' title='bbox 2149 4534 2383 4591; x_wconf 74' lang='lat' dir='ltr'>Coeleste</span> <span class='ocrx_word' id='word_1_545' title='bbox 2419 4545 2622 4603; x_wconf 91' lang='lat' dir='ltr'>corpus</span> <span class='ocrx_word' id='word_1_546' title='bbox 2652 4529 2936 4584; x_wconf 86' lang='lat' dir='ltr'>inhibetur</span> <span class='ocrx_word' id='word_1_547' title='bbox 2965 4533 3192 4601; x_wconf 88' lang='lat' dir='ltr'>tangere</span> <span class='ocrx_word' id='word_1_548' title='bbox 3221 4541 3237 4591; x_wconf 92' lang='lat'><strong>;</strong></span> 
     </span>
    </p>
   </div>
   <div class='ocr_carea' id='block_1_108' title="bbox 2145 4618 3073 4695">
    <p class='ocr_par' dir='ltr' id='par_1_108' title="bbox 2145 4618 3073 4695">
     <span class='ocr_line' id='line_1_108' title="bbox 2145 4618 3073 4695; baseline -0.013 -9"><span class='ocrx_word' id='word_1_549' title='bbox 2145 4626 2452 4686; x_wconf 89' lang='lat' dir='ltr'>Sebastiani</span> <span class='ocrx_word' id='word_1_550' title='bbox 2485 4624 2583 4681; x_wconf 91' lang='lat' dir='ltr'>sed</span> <span class='ocrx_word' id='word_1_551' title='bbox 2607 4630 2805 4680; x_wconf 91' lang='lat' dir='ltr'>tenens</span> <span class='ocrx_word' id='word_1_552' title='bbox 2835 4618 3073 4695; x_wconf 88' lang='lat' dir='ltr'>vestigia</span> 
     </span>
    </p>
   </div>
   <div class='ocr_carea' id='block_1_109' title="bbox 2144 4707 3222 4775">
    <p class='ocr_par' dir='ltr' id='par_1_109' title="bbox 2144 4707 3222 4775">
     <span class='ocr_line' id='line_1_109' title="bbox 2144 4707 3222 4775; baseline -0.013 0"><span class='ocrx_word' id='word_1_553' title='bbox 2144 4720 2362 4775; x_wconf 89' lang='lat' dir='ltr'>Fatetur</span> <span class='ocrx_word' id='word_1_554' title='bbox 2390 4731 2515 4771; x_wconf 88' lang='lat' dir='ltr'>esse</span> <span class='ocrx_word' id='word_1_555' title='bbox 2543 4713 2692 4770; x_wconf 89' lang='lat' dir='ltr'>celsa</span> <span class='ocrx_word' id='word_1_556' title='bbox 2726 4710 2922 4767; x_wconf 87' lang='lat' dir='ltr'>Christi</span> <span class='ocrx_word' id='word_1_557' title='bbox 2957 4707 3222 4774; x_wconf 89' lang='lat' dir='ltr'>culmina,</span> 
     </span>
    </p>
   </div>
   <div class='ocr_carea' id='block_1_110' title="bbox 2142 4799 3439 4876">
    <p class='ocr_par' dir='ltr' id='par_1_110' title="bbox 2142 4799 3439 4876">
     <span class='ocr_line' id='line_1_110' title="bbox 2142 4799 3439 4876; baseline -0.014 -5"><span class='ocrx_word' id='word_1_558' title='bbox 2142 4816 2330 4870; x_wconf 91' lang='lat' dir='ltr'>Solum</span> <span class='ocrx_word' id='word_1_559' title='bbox 2358 4813 2507 4867; x_wconf 87' lang='lat' dir='ltr'>hunc</span> <span class='ocrx_word' id='word_1_560' title='bbox 2537 4808 2828 4865; x_wconf 91' lang='lat' dir='ltr'>colendum</span> <span class='ocrx_word' id='word_1_561' title='bbox 2860 4799 3439 4876; x_wconf 67' lang='lat' dir='ltr'>przedicatTiburtius,</span> 
     </span>
    </p>
   </div>
   <div class='ocr_carea' id='block_1_111' title="bbox 2141 4894 3403 4964">
    <p class='ocr_par' dir='ltr' id='par_1_111' title="bbox 2141 4894 3403 4964">
     <span class='ocr_line' id='line_1_111' title="bbox 2141 4894 3403 4964; baseline -0.013 0"><span class='ocrx_word' id='word_1_562' title='bbox 2141 4907 2307 4964; x_wconf 88' lang='lat' dir='ltr'>Paulo</span> <span class='ocrx_word' id='word_1_563' title='bbox 2338 4910 2467 4960; x_wconf 89' lang='lat' dir='ltr'>ante</span> <span class='ocrx_word' id='word_1_564' title='bbox 2496 4907 2718 4958; x_wconf 89' lang='lat' dir='ltr'>sanctos</span> <span class='ocrx_word' id='word_1_565' title='bbox 2746 4898 3030 4954; x_wconf 89' lang='lat' dir='ltr'>destinans</span> <span class='ocrx_word' id='word_1_566' title='bbox 3061 4894 3403 4957; x_wconf 79' lang='lat' dir='ltr'>fornacibus,</span> 
     </span>
    </p>
   </div>
   <div class='ocr_carea' id='block_1_112' title="bbox 2143 4988 3289 5062">
    <p class='ocr_par' dir='ltr' id='par_1_112' title="bbox 2143 4988 3289 5062">
     <span class='ocr_line' id='line_1_112' title="bbox 2143 4988 3289 5062; baseline -0.013 -3"><span class='ocrx_word' id='word_1_567' title='bbox 2143 5000 2503 5059; x_wconf 87' lang='lat' dir='ltr'>Sebastianus</span> <span class='ocrx_word' id='word_1_568' title='bbox 2527 4995 2729 5053; x_wconf 88' lang='lat' dir='ltr'>Christi</span> <span class='ocrx_word' id='word_1_569' title='bbox 2753 4992 3012 5049; x_wconf 86' lang='lat' dir='ltr'>alendum</span> <span class='ocrx_word' id='word_1_570' title='bbox 3043 4988 3289 5062; x_wconf 89' lang='lat' dir='ltr'>tegmine</span> 
     </span>
    </p>
   </div>
   <div class='ocr_carea' id='block_1_113' title="bbox 2143 5078 3269 5165">
    <p class='ocr_par' dir='ltr' id='par_1_113' title="bbox 2143 5078 3269 5165">
     <span class='ocr_line' id='line_1_113' title="bbox 2143 5078 3269 5165; baseline -0.012 -18"><span class='ocrx_word' id='word_1_571' title='bbox 2143 5090 2393 5165; x_wconf 86' lang='lat' dir='ltr'>Spoliare</span> <span class='ocrx_word' id='word_1_572' title='bbox 2426 5086 2635 5143; x_wconf 92' lang='lat' dir='ltr'>mundo</span> <span class='ocrx_word' id='word_1_573' title='bbox 2655 5082 2847 5159; x_wconf 87' lang='lat' dir='ltr'>deligit</span> <span class='ocrx_word' id='word_1_574' title='bbox 2870 5078 3269 5159; x_wconf 59' lang='lat' dir='ltr'>Chromatium.</span> 
     </span>
    </p>
   </div>
   <div class='ocr_carea' id='block_1_114' title="bbox 2147 5173 3186 5252">
    <p class='ocr_par' dir='ltr' id='par_1_114' title="bbox 2147 5173 3186 5252">
     <span class='ocr_line' id='line_1_114' title="bbox 2147 5173 3186 5252; baseline -0.015 -13"><span class='ocrx_word' id='word_1_575' title='bbox 2147 5176 2464 5252; x_wconf 80' lang='lat' dir='ltr'>suadetque</span> <span class='ocrx_word' id='word_1_576' title='bbox 2493 5190 2811 5233; x_wconf 88' lang='lat' dir='ltr'>successore</span> <span class='ocrx_word' id='word_1_577' title='bbox 2840 5173 2997 5227; x_wconf 71' lang='lat' dir='ltr'>lzetus</span> <span class='ocrx_word' id='word_1_578' title='bbox 3026 5177 3186 5226; x_wconf 86' lang='lat' dir='ltr'>exeat</span> 
     </span>
    </p>
   </div>
   <div class='ocr_carea' id='block_1_115' title="bbox 2147 5264 3159 5345">
    <p class='ocr_par' dir='ltr' id='par_1_115' title="bbox 2147 5264 3159 5345">
     <span class='ocr_line' id='line_1_115' title="bbox 2147 5264 3159 5345; baseline -0.015 -11"><span class='ocrx_word' id='word_1_579' title='bbox 2147 5277 2330 5334; x_wconf 82' lang='lat' dir='ltr'>Mundi</span> <span class='ocrx_word' id='word_1_580' title='bbox 2355 5272 2718 5345; x_wconf 90' lang='lat' dir='ltr'>occupatione</span> <span class='ocrx_word' id='word_1_581' title='bbox 2752 5287 2767 5337; x_wconf 89' lang='lat'><strong>;</strong></span> <span class='ocrx_word' id='word_1_582' title='bbox 2793 5264 3159 5340; x_wconf 88' lang='lat' dir='ltr'>poscitgratia</span> 
     </span>
    </p>
   </div>
   <div class='ocr_carea' id='block_1_116' title="bbox 2148 5354 3273 5431">
    <p class='ocr_par' dir='ltr' id='par_1_116' title="bbox 2148 5354 3273 5431">
     <span class='ocr_line' id='line_1_116' title="bbox 2148 5354 3273 5431; baseline -0.015 -3"><span class='ocrx_word' id='word_1_583' title='bbox 2148 5374 2259 5428; x_wconf 88' lang='lat' dir='ltr'>Deo</span> <span class='ocrx_word' id='word_1_584' title='bbox 2288 5367 2519 5431; x_wconf 80' lang='lat' dir='ltr'>vacandi</span> <span class='ocrx_word' id='word_1_585' title='bbox 2551 5364 2717 5420; x_wconf 88' lang='lat' dir='ltr'>rebus</span> <span class='ocrx_word' id='word_1_586' title='bbox 2746 5359 3009 5416; x_wconf 91' lang='lat' dir='ltr'>arbitrum</span> <span class='ocrx_word' id='word_1_587' title='bbox 3040 5354 3273 5412; x_wconf 87' lang='lat' dir='ltr'>urbicis.</span> 
     </span>
    </p>
   </div>
   <div class='ocr_carea' id='block_1_117' title="bbox 2151 5446 3205 5531">
    <p class='ocr_par' dir='ltr' id='par_1_117' title="bbox 2151 5446 3205 5531">
     <span class='ocr_line' id='line_1_117' title="bbox 2151 5446 3205 5531; baseline -0.016 -15"><span class='ocrx_word' id='word_1_588' title='bbox 2151 5460 2338 5516; x_wconf 86' lang='lat' dir='ltr'>Fidem</span> <span class='ocrx_word' id='word_1_589' title='bbox 2370 5464 2611 5531; x_wconf 85' lang='lat' dir='ltr'>rogatus,</span> <span class='ocrx_word' id='word_1_590' title='bbox 2641 5467 2776 5509; x_wconf 90' lang='lat' dir='ltr'>voce</span> <span class='ocrx_word' id='word_1_591' title='bbox 2808 5447 3002 5523; x_wconf 90' lang='lat' dir='ltr'>pandit</span> <span class='ocrx_word' id='word_1_592' title='bbox 3031 5446 3205 5501; x_wconf 90' lang='lat' dir='ltr'>libera</span> 
     </span>
    </p>
   </div>
   <div class='ocr_carea' id='block_1_118' title="bbox 2143 5538 3127 5606">
    <p class='ocr_par' dir='ltr' id='par_1_118' title="bbox 2143 5538 3127 5606">
     <span class='ocr_line' id='line_1_118' title="bbox 2143 5538 3127 5606; baseline -0.013 -1"><span class='ocrx_word' id='word_1_593' title='bbox 2143 5549 2500 5606; x_wconf 84' lang='lat' dir='ltr'>Abominatus</span> <span class='ocrx_word' id='word_1_594' title='bbox 2530 5543 2696 5600; x_wconf 89' lang='lat' dir='ltr'>corde</span> <span class='ocrx_word' id='word_1_595' title='bbox 2717 5541 2902 5598; x_wconf 89' lang='lat' dir='ltr'>celsus</span> <span class='ocrx_word' id='word_1_596' title='bbox 2935 5538 3084 5594; x_wconf 88' lang='lat' dir='ltr'>idola</span> <span class='ocrx_word' id='word_1_597' title='bbox 3110 5556 3127 5605; x_wconf 85' lang='lat'><strong><em>;</em></strong></span> 
     </span>
    </p>
   </div>
   <div class='ocr_carea' id='block_1_119' title="bbox 2143 5627 3215 5706">
    <p class='ocr_par' dir='ltr' id='par_1_119' title="bbox 2143 5627 3215 5706">
     <span class='ocr_line' id='line_1_119' title="bbox 2143 5627 3215 5706; baseline -0.015 -10"><span class='ocrx_word' id='word_1_598' title='bbox 2143 5640 2379 5696; x_wconf 88' lang='lat' dir='ltr'>Scitatus</span> <span class='ocrx_word' id='word_1_599' title='bbox 2407 5652 2475 5691; x_wconf 90' lang='lat' dir='ltr'>an</span> <span class='ocrx_word' id='word_1_600' title='bbox 2507 5639 2733 5706; x_wconf 88' lang='lat' dir='ltr'>peccata</span> <span class='ocrx_word' id='word_1_601' title='bbox 2757 5637 2955 5686; x_wconf 88' lang='lat' dir='ltr'>cuncta</span> <span class='ocrx_word' id='word_1_602' title='bbox 2993 5627 3215 5683; x_wconf 89' lang='lat' dir='ltr'>deserat</span> 
     </span>
    </p>
   </div>
   <div class='ocr_carea' id='block_1_120' title="bbox 2146 5717 3318 5794">
    <p class='ocr_par' dir='ltr' id='par_1_120' title="bbox 2146 5717 3318 5794">
     <span class='ocr_line' id='line_1_120' title="bbox 2146 5717 3318 5794; baseline -0.015 -7"><span class='ocrx_word' id='word_1_603' title='bbox 2146 5732 2408 5787; x_wconf 89' lang='lat' dir='ltr'>Causatur</span> <span class='ocrx_word' id='word_1_604' title='bbox 2430 5726 2522 5783; x_wconf 89' lang='lat' dir='ltr'>hic</span> <span class='ocrx_word' id='word_1_605' title='bbox 2553 5740 2663 5780; x_wconf 90' lang='lat' dir='ltr'>non</span> <span class='ocrx_word' id='word_1_606' title='bbox 2696 5720 2970 5794; x_wconf 87' lang='lat' dir='ltr'>proditum</span> <span class='ocrx_word' id='word_1_607' title='bbox 3001 5717 3108 5773; x_wconf 89' lang='lat' dir='ltr'>sibi</span> <span class='ocrx_word' id='word_1_608' title='bbox 3136 5722 3318 5779; x_wconf 87' lang='lat' dir='ltr'>antea,</span> 
     </span>
    </p>
   </div>
   <div class='ocr_carea' id='block_1_121' title="bbox 3638 292 3727 350">
    <p class='ocr_par' dir='ltr' id='par_1_121' title="bbox 3638 292 3727 350">
     <span class='ocr_line' id='line_1_121' title="bbox 3638 292 3727 350; baseline 0.045 -4"><span class='ocrx_word' id='word_1_609' title='bbox 3638 292 3727 350; x_wconf 69' lang='grc'>704</span> 
     </span>
    </p>
   </div>
  </div>
