3962 6140
276 226 382 284 705
895 231 978 285 DE
1017 191 1273 289 CHRISTI
1314 235 1674 294 TRIUMPIIIS
1715 240 1885 297 APUD
1928 241 2192 298 ITALIMI
2234 243 2413 302 LIBRI
2453 247 2588 305 XIV.
2629 280 2698 290 —-
2741 250 2866 308 LIB.
2910 254 2993 309 VI.

275 356 475 411 Rerum
508 365 636 413 ante
664 359 843 414 nodos
873 361 1224 433 dissipandos
1250 380 1522 436 asserens,

271 448 417 502 Iram
451 449 683 503 merenti
714 456 770 504 ut
797 459 1018 520 praestet
1045 453 1467 527 indulgentiam,

272 539 433 595 Omni
473 541 675 596 relaxet
698 542 934 599 debitori
968 547 1208 613 credita;

270 632 565 688 Grassante
594 634 641 689 si
674 635 811 706 quid
837 636 1063 693 abstulit
1088 640 1371 710 cupidine,

264 722 424 780 Juste
453 739 751 797 repensum
783 741 907 783 mox
938 727 1200 785 reformet
1226 730 1460 805 integre.

267 817 342 874 Se
373 819 724 887 concubinis,
756 837 815 878 se
845 824 1068 879 resolvit
1107 826 1371 896 vernulis,

269 910 609 967 Renuntiare
638 913 772 970 libet
801 922 860 970 ut
899 924 1066 986 queat
1092 917 1347 988 probris.’

265 1004 498 1061 Juvenis
525 1008 720 1063 beatus
752 1019 808 1064 et
846 1010 1359 1069 decens.Tiburtius

267 1117 298 1148 ι
342 1098 750 1155 Renuntiandis
778 1101 846 1167 si,
879 1112 1054 1173 pater,
1088 1105 1325 1178 negotiis

264 1189 434 1254 Queis
462 1189 713 1266 obligare
745 1191 846 1247 rite
876 1201 1099 1264 tempus
1128 1195 1365 1268 ﬂagitas,

261 1281 379 1356 Ego
410 1282 801 1353 implicandus,
825 1285 1219 1347 hislibidinem
1249 1305 1393 1362 nego

263 1376 655 1448 Susceptionis
681 1382 1164 1452 exsequendorum
1196 1391 1442 1453 actuum,

263 1466 332 1523 Ut
369 1469 673 1525 advocatus
701 1471 1021 1528 cmlicorum
1063 1488 1427 1550 pragmatum,

260 1559 384 1615 Non
415 1567 745 1631 terreorum,
786 1564 978 1619 tradar
1002 1566 1143 1621 aulae
1173 1569 1437 1624 caelitum.

261 1650 598 1709 Sebastiano
629 1654 777 1710 hunc
815 1656 1096 1712 vinciente
1127 1659 1494 1729 amplexibus,

260 1741 599 1816 Polycarpus
636 1745 798 1801 almis
823 1746 1026 1803 imbuit
1046 1749 1388 1821 liquoribus;

259 1832 429 1888 Pater
456 1850 675 1891 morosa
699 1852 802 1892 nec
835 1838 1102 1895 retricans
1133 1847 1401 1912 tempora,

258 1921 452 1978 Mundi
478 1922 750 1980 abdicatis
772 1925 988 2001 integre
1020 1930 1277 2003 negotiis,

262 2014 556 2073 Hominem
586 2026 828 2077 veternaa
848 2037 908 2077 se
939 2038 1147 2078 exuens
1175 2023 1497 2101 ferruginis,

256 2103 471 2159 Novum
513 2105 698 2163 induit
724 2109 966 2165 candore
990 2111 1195 2167 ﬂoreas
1216 2112 1389 2170 lacteo

259 2194 397 2250 Cum
425 2212 534 2268 quo
565 2200 782 2256 remissi
811 2207 1031 2256 centum
1065 2211 1200 2259 cunt
1226 2204 1314 2260 bis
1342 2207 1549 2278 septies

258 2286 481 2346 Honore
518 2291 629 2346 divi
660 2291 941 2348 candidati
967 2296 1221 2370 gurgitis,

256 2379 408 2446 Quos
436 2384 718 2440 servitutis
748 2388 1029 2457 expedivit
1050 2389 1306 2446 vinculis.

329 2477 421 2534 Sic
446 2486 565 2535 acta
587 2479 772 2556 ﬂagris
800 2490 988 2538 sancta
1017 2482 1212 2540 Christi
1244 2486 1485 2542 Ecclesia

253 2569 553 2627 Crescebat
579 2572 723 2628 inter
752 2586 1188 2647 persequentum
1219 2578 1448 2634 verbera
1472 2598 1487 2648 ;

250 2659 475 2717 Tritnra
492 2662 653 2719 fortis
679 2664 760 2720 sic
798 2665 1050 2737 replebat
1081 2668 1296 2725 horrea.

248 2752 478 2809 Furoris
509 2755 654 2827 ignis
682 2756 882 2812 acriter
911 2767 1255 2830 proruperat,

249 2844 365 2899 Sed
397 2845 519 2901 laeta
541 2845 736 2903 Christi
761 2848 1108 2920 pullulabant
1133 2852 1401 2923 germina.

245 2934 349 2990 Jus
378 2935 714 3013 abnegatam
744 2939 960 2995 civibus
991 2941 1208 3007 Christi,
1243 2942 1371 3014 fori,

250 3024 567 3098 Fontesque
596 3028 765 3096 circa,
795 3038 851 3085 et
879 3030 1158 3087 nundinas
1190 3035 1488 3091 statunculi

250 3117 466 3183 Quibus
490 3119 738 3188 litarent,
769 3123 928 3193 queis
950 3140 1182 3179 necesse
1212 3125 1322 3181 huc
1350 3128 1541 3201 egredi

251 3209 358 3265 Per
382 3227 509 3266 rura
536 3218 592 3267 et
619 3212 782 3267 urbes
813 3214 865 3269 id
895 3215 1140 3281 student,
1166 3232 1265 3288 per
1290 3217 1519 3288 insulas,

248 3300 443 3356 Omnis
469 3308 668 3374 negata
686 3302 801 3371 jam
834 3304 943 3375 piis
973 3304 1225 3360 civilitas.

246 3390 314 3443 At
342 3390 434 3444 vix
461 3389 723 3446 decenter
742 3391 981 3463 inclytus
1013 3394 1358 3451 Chromatius

247 3477 492 3534 Fovebat
520 3496 685 3538 omne
711 3484 855 3540 ovile
884 3484 1082 3540 Christi
1113 3488 1404 3557 creditum,

245 3567 610 3627 Necessitudo
639 3581 700 3627 ut
724 3575 1029 3646 corporalis
1059 3578 1341 3633 neminem

244 3661 391 3717 Diris
420 3662 636 3733 piorum
666 3666 906 3722 cultibus
936 3669 1335 3727 substerneret.

241 3755 355 3811 Sed
386 3756 521 3812 dum
548 3759 793 3815 tenebris
821 3761 1005 3818 lumen
1036 3765 1162 3819 abdi
1186 3782 1295 3821 non
1324 3768 1489 3834 valet,

242 3843 549 3918 Respergit
577 3863 707 3903 arva
744 3849 968 3905 ductum
1000 3852 1069 3907 ab
1098 3853 1234 3909 urbe
1263 3855 1484 3930 longius

240 3933 459 4006 Nempe
485 3943 548 3992 ut
574 3938 810 3994 tenellas
836 3937 1034 3996 Christi
1067 3958 1198 3999 oves
1228 3944 1576 4004 Chromatius

240 4029 503 4086 Servaret
532 4033 715 4105 ampla
746 4051 845 4106 per
874 4037 1049 4092 vireta
1077 4040 1264 4107 tutius,

240 4116 527 4189 Campana
556 4120 687 4187 late,
728 4140 825 4179 seu
852 4126 1116 4183 medendi
1157 4130 1335 4203 gratia

243 4206 626 4265 Possessionis
650 4210 805 4268 adire
834 4222 1022 4270 censet
1042 4219 1283 4287 praedia:

240 4302 323 4356 Ad
356 4303 503 4358 bella
529 4304 696 4375 prisci
726 4319 1107 4379 praeparantur
1135 4313 1361 4383 milites,

244 4389 515 4463 Campum
538 4393 709 4448 duelli
741 4402 899 4468 turpe
929 4398 1108 4454 visum
1141 4401 1418 4473 linquere,

239 4481 362 4547 Quo
392 4496 494 4552 per
522 4479 754 4538 furentis
783 4486 924 4540 colla
946 4503 1007 4542 se
1030 4489 1205 4544 hostis
1234 4491 1476 4548 subdere

239 4569 489 4625 Adversa
510 4580 713 4627 norunt
732 4573 840 4628 tela
868 4583 1065 4632 cuncta
1092 4577 1367 4652 frangere.

241 4660 311 4713 At
341 4660 538 4716 doctor
567 4661 746 4717 almus
776 4674 829 4718 et
849 4665 995 4719 Petri
1024 4666 1263 4724 vicarius

239 4755 473 4811 Pastore
504 4771 690 4812 cassos
718 4774 787 4813 ne
821 4760 1061 4815 remittat
1083 4760 1269 4830 Gaius,

242 4846 328 4900 Ad
370 4846 656 4921 irriganda
685 4849 1041 4919 parvulorum
1064 4858 1285 4922 pectora

238 4937 611 5010 Polycarpum
640 4938 796 4995 abire
828 4943 1127 5015 neophytis
1154 4960 1279 4998 cum
1310 4943 1514 5000 fetibus

231 5030 431 5101 Iubet,
457 5046 718 5087 coronam
744 5040 955 5104 partam
983 5034 1225 5092 hiantem
1253 5051 1474 5093 sumere

234 5118 402 5195 Legis
435 5119 620 5176 ferens
648 5122 797 5177 haud
836 5123 1128 5179 immemor
1158 5124 1439 5181 licentiam

240 5210 698 5268 Corrobdrandos
728 5213 808 5270 ire
839 5231 962 5271 cum
1007 5216 1337 5284 Chromatio,

241 5301 339 5357 Cui
365 5302 557 5377 jungit
577 5310 765 5375 aptum
796 5322 897 5362 ceu
922 5307 1169 5364 sodalem
1188 5307 1402 5366 'filium.

236 5394 336 5448 Ast
366 5395 489 5465 ipse
521 5393 677 5451 fortis
706 5396 811 5454 tiro
837 5406 1017 5455 castra
1042 5400 1296 5471 linquere

236 5482 505 5539 Deforme
534 5483 744 5541 ducens
774 5487 1031 5544 incitatus
1058 5489 1267 5561 Spiritu

241 5570 558 5628 Exclamat:
605 5593 631 5626 α
672 5574 798 5642 Oro,
831 5584 1021 5633 sancte
1048 5578 1248 5649 praesul
1266 5579 1584 5650 prtesulum,

237 5658 322 5717 Ne
351 5676 445 5718 me
470 5661 614 5719 velis
642 5663 772 5720 dare
801 5670 957 5741 terga
985 5664 1148 5722 bellis
1171 5663 1383 5739 obviis;

1913 1693 1965 1762 B

1903 3062 1954 3132 C

1922 374 1972 443 Α
2001 372 2117 428 Stat
2146 390 2345 446 nempe
2375 383 2591 449 gratum
2618 380 2905 450 valdejam
2937 384 2981 437 si
3014 385 3216 441 millies

2000 462 2143 518 Caedi
2173 464 2412 533 daretur,
2437 482 2537 536 pro
2567 468 2678 523 Deo
2698 486 2826 527 vero
2853 475 3017 543 mori,

1998 554 2115 619 Quo
2141 554 2267 610 finis
2298 556 2540 630 ignaram
2569 559 2698 615 inde
2726 562 2889 618 vitam
2930 582 3257 643 consequar,
3303 601 3324 622 ι

1997 640 2394 715 Congratulans
2420 645 2504 700 his
2526 649 2947 721 papalacrymas
2975 656 3115 725 litat,

1998 731 2152 803 Capit
2171 735 2282 804 (sic)
2312 736 2561 809 petitque
2582 738 2779 796 Christi
2802 743 2853 797 ei
2876 745 3182 806 victoriam.

1998 820 2188 877 Fortes
2214 823 2465 880 residunt
2491 842 2624 900 ergo
2641 829 2834 885 castris
2863 832 3103 890 milites:

1997 912 2399 983 Marcellianus,
2427 916 2637 974 Marcus
2665 931 2831 993 atque
2852 925 3048 983 horum
3080 947 3282 1001 parens

1997 1007 2352 1066 Sebastianus
2376 1012 2496 1084 ipse
2523 1029 2645 1070 cum
2672 1016 2941 1087 Tiburtio,

1994 1099 2321 1174 Fratresque
2351 1104 2691 1164 Nicostratus
2719 1118 2777 1164 et
2817 1110 3116 1186 Castorius,

1992 1188 2230 1260 Zoeque,
2258 1191 2569 1249 Victorinus
2599 1203 2766 1268 atque
2806 1198 3088 1272 Claudius,

1996 1276 2125 1333 Cum
2156 1280 2398 1336 liberatis
2427 1282 2582 1339 fauce
2608 1288 2802 1343 mortis
2828 1289 3042 1357 liberis,

1997 1366 2089 1421 His
2116 1384 2259 1439 papa
2280 1386 2435 1425 sacra
2461 1371 2714 1430 dividens
2736 1379 3114 1439 moderamina

1994 1457 2231 1514 Moratur
2259 1461 2393 1532 ipsis
2416 1462 2643 1531 junctus
2667 1465 2721 1520 in
2754 1469 2981 1539 palatio,

1996 1548 2186 1607 Custos
2210 1550 2430 1608 fovebat
2458 1556 2659 1611 mdium
2684 1575 2824 1632 quos
2854 1561 3121 1621 Castulus.

1995 1646 2055 1701 In
2083 1646 2247 1703 laude
2270 1648 2468 1704 Christi
2497 1650 2716 1710 ﬂetibus
2740 1656 2971 1726 jejuniis

1992 1734 2110 1791 Illic
2136 1735 2335 1793 diebus
2363 1744 2418 1793 et
2442 1740 2711 1797 vacabant
2730 1747 3006 1816 noctibus,

1990 1824 2310 1883 Orationum
2337 1838 2492 1903 grata
2516 1832 2648 1887 .lesu
2678 1850 2909 1893 munera

1988 1918 2290 1976 Devotione
2311 1921 2626 1981 deferentes
2654 1928 2868 1984 sedula.

1987 2010 2166 2087 IEgris
2205 2016 2450 2071 medelas
2476 2020 2815 2079 exhibebant
2844 2027 3082 2096 pestium

1988 2100 2187 2158 Larvas
2216 2103 2479 2180 fugando,
2512 2109 2696 2166 dando
2736 2114 2896 2169 caecis
2934 2117 3163 2176 lumina.

1988 2191 2113 2247 Haec
2134 2194 2261 2247 dum
2292 2205 2559 2268 geruntur
2587 2199 2825 2273 inclytus
2856 2204 3142 2264 Tiburtius

1987 2282 2228 2346 Quodam
2252 2284 2487 2356 plateam
2520 2289 2636 2344 sole
2668 2292 2962 2362 quamdam
2992 2299 3265 2357 transiens

1987 2370 2279 2443 Delapsum
2311 2374 2380 2428 ab
2409 2377 2518 2433 alto
2542 2380 2785 2449 repperit
2804 2381 3184 2453 juvenculum,

1986 2463 2244 2528 Quassata
2282 2469 2440 2537 cujus
2469 2486 2594 2526 ossa
2622 2472 3072 2547 discrepantibus

1985 2554 2208 2614 Cessere
2236 2560 2440 2629 frustis,
2463 2578 2665 2635 corpus
2693 2583 2757 2621 ac
2784 2584 3058 2627 summum
3086 2584 3253 2647 caput

1982 2644 2067 2700 Ita
2092 2650 2450 2709 comminutis
2479 2652 2806 2724 dissipantia
2833 2659 3065 2717 artubus

1983 2736 2169 2793 Solum
2198 2748 2258 2795 ut
2287 2742 2543 2812 sepulcro
2573 2757 2896 2804 cerneretur
2922 2768 3222 2827 congruas.

1982 2831 2118 2887 Huic
2147 2836 2601 2910 appropinquans
2629 2840 2810 2898 fundit
2839 2844 3160 2915 Symbolum

1982 2924 2291 2998 Precesque
2309 2928 2493 3004 jungit
2519 2947 2614 2986 ore
2635 2933 2772 2990 latas
2802 2937 3035 3005 cmlico;

1983 3012 2105 3069 Mox
2142 3013 2429 3090 integratis
2459 3019 2540 3074 sic
2568 3022 2805 3094 resurgit
2834 3025 3080 3095 ossibus,

1981 3101 2168 3158 Salute
2198 3103 2354 3160 laetus
2379 3122 2442 3162 ac
2467 3107 2660 3183 vigens
2683 3110 3077 3182 homunculus,

1981 3192 2331 3252 Contusionis
2354 3214 2459 3254 ceu
2488 3201 2627 3255 nihil
2658 3203 2944 3262 subivcrit.

1977 3283 2191 3342 Tenent
2221 3297 2442 3344 euntem
2471 3292 2720 3348 sanitatis
2744 3297 3038 3372 prodigum

1978 3373 2141 3430 Pueri
2166 3384 2423 3447 parentes
2443 3379 2790 3453 oﬁ'eruntque
2814 3389 3094 3444 servulum

1979 3464 2411 3524 Ressuscitatum
2433 3486 2551 3526 suve
2581 3481 2772 3543 poscat
2793 3478 3063 3547 amplius;

1975 3554 2122 3619 Quos
2159 3558 2540 3627 apprehensos
2565 3562 2727 3631 paulo
2763 3564 2940 3619 turbis
2965 3578 3218 3642 segregat

1974 3646 2296 3720 Summique
2314 3649 2459 3706 vires
2492 3653 2732 3708 numinis
2762 3672 2901 3725 pure
2935 3657 3163 3728 indicat,

1977 3737 2328 3813 Cernensque
2357 3758 2547 3798 eorum
2567 3742 2821 3800 roborari
2843 3756 3071 3818 pectora

1972 3832 2193 3891 Timore
2232 3835 2454 3905 Christi,
2475 3839 2697 3909 priesuli
2727 3839 2885 3897 offert
2917 3844 3067 3900 Gaio.

1978 3921 2135 3976 Illum
2164 3922 2433 3981 ferentem
2465 3927 2558 3998 qui
2578 3928 2815 3983 levatum
2841 3933 3050 4005 gratias

1978 4009 2224 4082 Baptizat
2252 4014 2425 4069 auctis
2456 4015 2630 4084 gloria
2658 4019 3008 4088 parentibus,

1976 4104 2189 4162 Primos
2219 4109 2437 4164 novella
2466 4110 2739 4184 colligens
2769 4130 2833 4168 ex
2854 4117 3053 4172 arbore

1976 4199 2204 4258 Fructus
2232 4202 2382 4269 ﬁdei,
2417 4205 2592 4275 possit
2620 4213 2680 4262 ut
2705 4224 3044 4280 cognoscere

1977 4290 2206 4365 Lignum
2239 4293 2441 4351 decore
2470 4296 2828 4366 praebitorum
2862 4298 3160 4368 fructuum,

1885 4359 1944 4429 D
1975 4380 2327 4437 Furibundus
2356 4384 2550 4453 hostis,
2570 4386 2723 4442 lucra
2753 4394 2903 4444 tanta
2934 4406 3187 4448 crescere

1970 4470 2175 4526 Dolens
2204 4469 2354 4540 ﬁdei,
2386 4473 2529 4528 hanc
2555 4474 2685 4528 dum
2717 4475 2938 4532 lacessit
2959 4479 3208 4549 publice,

1972 4562 2370 4637 Congressione
2396 4566 2647 4621 clancula
2670 4569 2990 4642 aggreditur
3018 4588 3265 4645 quoque,

1971 4652 2295 4728 Legensque
2330 4664 2518 4712 notum
2550 4658 2801 4714 criminis
2824 4661 3142 4729 satellitem,

1975 4750 2198 4823 Delegat
2228 4749 2431 4803 almum
2458 4750 2761 4806 mentiatur
2781 4769 3077 4824 supparem

1970 4844 2315 4912 Junctusque
2346 4840 2486 4911 patri
2516 4840 2660 4895 clara
2687 4848 2865 4897 vertat
2898 4842 3155 4917 pignora,

1971 4929 2229 5002 Captetve
2261 4928 2433 4995 fucis;
2467 4935 2773 5001 aucupatus
2804 4930 3008 4986 abditis

1968 5026 2137 5091 Quem
2166 5022 2295 5077 dum
2323 5020 2646 5093 frequenter
2668 5022 2848 5097 arguit
2866 5023 3164 5082 Tiburtius.

1969 5118 2227 5176 Tonsoris
2255 5122 2371 5172 arte
2401 5116 2549 5189 quod
2581 5128 2817 5188 repexos
2844 5117 3060 5192 digerat

1970 5208 2155 5265 Fronti
2183 5207 2433 5278 capillos,
2466 5206 2627 5278 queis
2656 5206 2954 5278 glabellum
2988 5207 3259 5278 percolat,

1970 5300 2122 5368 Quod
2147 5298 2504 5370 prandiorum
2535 5296 2761 5352 sedulus
2785 5314 2843 5353 se
2873 5297 3095 5353 luxibus

1970 5398 2091 5461 Det,
2124 5394 2449 5450 feminarum
2483 5392 2687 5463 pandat
2720 5391 2863 5447 ultro
2891 5391 3231 5462 aspectibus,

1971 5484 2214 5543 Orationi
2235 5491 2290 5538 et
2317 5481 2601 5536 subtrahat
2613 5481 2875 5551 jcjuniis;

1971 5575 2113 5630 Vitet
2138 5587 2365 5627 manere
2395 5570 2593 5625 Christi
2621 5570 2678 5624 in
2708 5569 2929 5641 hymnis
2954 5569 3213 5644 pervigil.

1970 5662 2063 5717 His
2090 5677 2215 5717 acre
2247 5666 2441 5728 tactus,
2472 5657 2652 5715 fronte
2683 5657 2885 5713 nubem
2917 5657 3176 5733 protegit,

3428 226 3445 303 Ϊ
3512 264 3618 320 706
