3994 6148
177 247 270 305 709
774 255 862 309 DE
901 254 1158 311 CHRISTI
1194 253 1561 312 TRIUMPHIS
1601 259 1776 317 APUD
1818 258 2106 317 ITALIAM
2154 265 2340 322 LIBRI
2379 267 2516 325 XIV.
2557 302 2626 312 —
2669 265 2794 330 LIB.
2835 278 2923 335 Vl.

175 377 242 432 Ad
267 379 381 434 haec
412 379 586 453 ligato
618 382 881 438 membra
910 399 1040 439 saxo
1076 384 1264 440 vitreis

171 465 388 523 Tradunt
418 469 682 537 fluentis,
726 472 914 527 Tibris
953 475 1109 528 alveo
1147 473 1426 549 ingerunt.

167 560 343 636 Martyr
371 560 656 636 magistro
689 581 806 620 non
823 565 1008 622 ferens
1040 566 1156 621 haec
1171 567 1347 623 occuli

162 651 468 709 Sebastiano
501 661 679 730 gesta
708 657 898 713 subito
939 657 1092 713 serit.

160 744 261 801 Iitec
290 745 388 801 ille
419 754 670 804 sanctus
692 756 886 805 narrat
915 757 973 805 ut
993 750 1295 819 sodalibus,

157 833 230 887 Vir
253 832 442 905 inquit
473 835 658 905 hujus
691 855 704 892 :
740 863 766 887 ιε
792 838 934 903 Quid
966 854 1245 894 moramur
1276 838 1305 894 ‘l’
1335 839 1557 899 feminae

153 921 215 977 En
235 922 592 980 advocantes
623 941 736 982 nos
769 943 1004 984 coronas
1031 935 1281 1000 praeeunt
1322 947 1334 984 :

157 1013 298 1069 Fiunt
327 1015 558 1072 maritae
577 1026 864 1090 martyres
886 1019 1034 1090 quod
1065 1019 1304 1076 vivimus
1360 1043 1386 1073 ι)

162 1105 428 1160 Accensus
463 1121 612 1180 ergo
649 1108 1035 1178 apostolorum
1067 1107 1281 1176 limina,

167 1197 375 1269 Accepit
402 1198 564 1252 unde
599 1205 796 1270 optata
836 1199 1054 1268 conjux,
1088 1198 1274 1257 visitat

171 1289 441 1360 Oransque
469 1287 786 1343 manifesta
815 1288 960 1343 Pauli
989 1288 1057 1343 ad
1095 1286 1312 1354 limina,

174 1381 416 1454 Repetita
437 1388 669 1454 patrum
699 1381 832 1436 dum
865 1381 1040 1436 nitent
1071 1380 1370 1451 solemnia,

173 1478 444 1551 Delosque
475 1493 706 1550 passus,
741 1477 916 1532 imbre
953 1493 1212 1534 saxorum
1238 1479 1384 1534 viam

173 1570 434 1642 Stephani
461 1577 692 1626 secutus
707 1570 819 1626 alta
846 1571 1058 1626 scandit
1087 1570 1353 1627 culmina.

173 1663 433 1735 Datisque
465 1677 646 1734 prono
677 1661 895 1717 flumini
928 1661 1087 1718 almis
1114 1662 1346 1720 artubus

171 1755 432 1810 Tiberina
461 1753 632 1810 funus
665 1755 894 1811 abluere
923 1755 1144 1810 caerula.

241 1849 497 1919 Itemque
523 1846 893 1914 Nicostratus,
923 1855 1090 1918 atque
1133 1845 1412 1912 Claudius,

171 1939 465 2012 Simulque
496 1938 821 1996 Victorinus
849 1945 906 1995 et
937 1938 1236 2006 Castorius,

171 2028 585 2100 Symphoriano
616 2027 803 2082 rebus
824 2035 1008 2095 aucto,
1037 2042 1268 2099 corpora

171 2117 416 2174 Tibridis
443 2133 547 2189 per
575 2132 704 2173 oras
732 2117 864 2172 dum
883 2124 1182 2188 reposcunt
1202 2125 1521 2192 martyrum,

172 2210 312 2266 Fieri
338 2209 496 2265 inter
531 2209 714 2265 undas
754 2216 1148 2282 promerentur
1163 2219 1432 2283 martyres
1466 2231 1480 2266 :

171 2298 328 2370 Capti
362 2299 706 2356 exhibentur
729 2316 857 2354 nam
890 2306 1082 2355 notato
1115 2299 1313 2372 judici,

174 2389 438 2444 Hortatur
458 2388 588 2444 illos
611 2388 773 2444 thura
801 2387 945 2442 ferre
985 2389 1080 2460 qui
1109 2388 1229 2445 deis

173 2479 518 2550 Blandisque
549 2486 607 2534 et
633 2478 815 2550 aSpris
845 2495 948 2550 per
973 2479 1094 2534 dies
1121 2495 1294 2553 agens
1331 2480 1525 2538 decem

170 2569 394 2625 Movere
424 2569 580 2624 nullo
621 2569 888 2640 praevalet
918 2568 1207 2624 molimine
1241 2587 1254 2624 :

172 2659 488 2730 Fractaque
515 2658 642 2714 nisu
674 2658 873 2728 pandit
899 2657 1003 2712 ista
1033 2657 1262 2732 regibus
1296 2677 1310 2714 :

171 2751 306 2806 Tum
337 2751 616 2808 lancinari
639 2751 805 2807 tertio
834 2751 1137 2807 tortoribus

169 2842 339 2909 Jussi,
375 2849 546 2913 atque
575 2842 706 2898 torti
739 2841 913 2917 ﬂagra
934 2842 1127 2898 ludum
1159 2843 1430 2916 deputant
1459 2862 1476 2910 ;

173 2934 351 2990 Humo
373 2934 625 3002 subacta,
655 2934 1010 2990 destinantur
1029 2936 1238 3007 aequori
1264 2953 1279 2991 :

175 3031 338 3087 Libet
377 3031 690 3102 palaestram
721 3046 998 3086 marmora
1029 3031 1172 3089 intra
1213 3035 1494 3103 claudere,

175 3123 338 3178 Libet
368 3123 601 3178 fluentis
620 3122 752 3178 ferri
791 3124 848 3178 in
881 3124 1110 3178 aethram
1132 3124 1378 3196 limpidis

174 3215 486 3287 Iundique
521 3213 677 3270 fonte
706 3225 1108 3271 consecrantur
1144 3219 1387 3292 gurgite,

175 3303 482 3375 Postquam
525 3303 584 3357 hi
614 3303 885 3360 recedunt
911 3313 1058 3360 astra
1098 3307 1240 3376 pulsi
1273 3323 1304 3361 a
1326 3309 1573 3380 perfidis,

171 3400 493 3472 Torquatus
522 3401 652 3455 almi
676 3400 868 3456 fraude
899 3408 1080 3457 coetus
1108 3402 1384 3474 hospitem

172 3489 344 3545 Ducit
372 3491 679 3562 petendum
705 3508 718 3545 :
752 3493 1193 3563 comprehensus
1223 3492 1472 3550 Castulus

171 3579 291 3634 Ter
317 3579 637 3635 sciscitatus
656 3587 741 3636 ter
757 3589 982 3638 catastm
1005 3581 1269 3650 culmine,

173 3671 362 3727 Fortis
378 3679 638 3745 repertus
669 3673 798 3728 dum
830 3675 944 3730 Deo
974 3673 1081 3729 fert
1105 3673 1358 3748 gloriam,

172 3766 382 3822 FO"8'¢B
422 3766 683 3823 barathro
704 3783 919 3823 mersus
949 3767 1061 3824 alto
1090 3768 1311 3843 glarete,

172 3857 303 3913 Sub
329 3859 480 3914 fasce
511 3868 721 3915 tantum
750 3859 970 3916 clausus
991 3860 1102 3916 imo
1128 3877 1382 3933 corpore,

168 3953 244 4006 At
285 3956 474 4005 mente
500 3948 665 4016 liber,
697 3950 844 4005 celsa
870 3950 1090 4005 scandit
1116 3950 1321 4006 sidera.

167 4037 596 4105 Marcellianus,
636 4037 849 4094 Marcus
879 4038 1120 4111 hincque
1159 4039 1228 4094 ab
1257 4040 1444 4113 impiis

165 4130 362 4195 Tenti,
401 4130 593 4186 foratis
621 4129 920 4204 alligantur
939 4130 1114 4202 stipiti

169 4222 424 4289 Plantis,
457 4222 633 4277 secuti
668 4221 1022 4279 Conditorem
1053 4223 1334 4296 stigmate.

166 4315 488 4371 Tormenta
519 4313 713 4369 fratres
731 4313 878 4371 ferre
906 4314 1104 4371 Christi
1135 4332 1381 4374 consona

169 4404 474 4460 Laetamur
510 4403 732 4474 hymnis
760 4403 888 4460 diva
916 4405 1114 4460 dantes
1145 4423 1374 4482 organa,

164 4496 308 4551 Jam
340 4495 660 4551 territantes
689 4510 825 4552 voce
851 4497 988 4552 suda
1015 4499 1285 4555 territant.

165 4586 244 4640 Et
279 4584 627 4660 gratulantes
652 4584 958 4659 gloriantur
985 4589 1198 4658 optimo

161 4676 523 4733 Dilectionis
552 4684 699 4731 stare
729 4675 820 4732 fixi
839 4679 1061 4744 robore,

165 4767 511 4839 Optantque
541 4766 690 4821 abire
723 4768 826 4823 hoc
849 4769 1062 4838 praediti
1087 4768 1390 4828 fulcimine.

163 4861 331 4916 Vota
360 4859 679 4921 audiuntur,
707 4869 1061 4930 perseverant
1087 4862 1362 4920 laudibus.

160 4951 286 5004 Sic
320 4964 430 5004 nox
458 4949 569 5004 diei
597 4949 696 5004 hac
732 4951 788 5004 in
830 4951 1082 5022 palaestra
1101 4952 1370 5026 jungitur,

156 5037 498 5110 Crucisque
527 5037 721 5093 Christi
753 5047 812 5097 ut
830 5041 1156 5112 expleantur
1181 5044 1370 5098 munia

159 5132 364 5185 Latus
395 5131 526 5184 hinc
554 5131 774 5204 utrique
800 5133 1113 5204 perforatur
1153 5133 1366 5201 lancea,

157 5224 369 5278 Sicret
395 5232 703 5293 sequuntur
730 5239 902 5298 regna
941 5223 1211 5279 Christum
1244 5225 1299 5279 in
1323 5214 1508 5282 aurea.

255 5317 409 5388 Regi
433 5317 656 5373 talentis
685 5319 769 5373 his
795 5318 1071 5374 lucrorum
1097 5319 1330 5375 redditis

153 5409 588 5474 Sebastianus,
619 5411 909 5482 expeditus
932 5411 1174 5482 insequi,

155 5503 399 5556 Fertur
429 5501 643 5574 regenti
667 5507 883 5572 sceptra
911 5501 1019 5556 diis
1046 5503 1352 5558 contrarius
1382 5521 1396 5558 :

251 5650 421 5722 (185)
446 5653 525 5708 An
557 5653 878 5711 sacerdotes
900 5654 1051 5712 Iovis
1088 5655 1308 5712 Viminii
1341 5657 1371 5711 τ

1827 395 1883 462 Α
1907 388 2156 449 Vocatus
2179 402 2327 450 astat
2353 394 2409 449 in
2441 397 2672 456 deorum
2701 402 2962 473 injuriam

1908 481 2168 542 Latuisse
2201 495 2402 544 contra
2427 492 2741 564 principum
2767 497 3034 561 tutamina

1908 569 2186 663 Culpatur
2216 594 2231 642 ;
2276 576 2374 632 ille
2399 580 2713 652 principum
2745 604 2845 658 pro
2867 591 3043 663 gloria

1903 658 2046 714 Vera
2089 670 2389 733 precatum
2422 684 2484 724 se
2515 670 2716 727 fatetur
2742 658 2937 734 sedulo

1903 751 2096 808 Jesum
2133 756 2473 832 benignum,
2505 778 2695 820 saxeas
2724 783 2833 823 non
2874 769 3155 845 formulas,

1904 841 2052 906 Quos
2086 844 2386 914 postulare
2419 851 2618 906 mentis
2647 862 2789 910 esset
2828 861 3082 928 perditae.

1913 933 2004 989 llis
2030 935 2305 994 saevioris
2332 939 2630 1013 imperator
2669 948 2902 1004 turbinis

1911 1025 2149 1082 Afﬂatus
2176 1027 2260 1084 ira
2293 1050 2310 1086 :
2350 1033 2566 1103 «Miles,
2588 1036 2786 1108 inquit,
2821 1057 3044 1110 prorue,

1913 1118 2187 1176 Proceres
2217 1132 2276 1178 et
2306 1124 2449 1180 alma
2481 1127 2774 1198 despuenti
2807 1133 3031 1189 numina

1912 1212 1990 1268 Ne
2017 1213 2156 1268 dent
2185 1214 2411 1272 citatum
2443 1218 2633 1274 fervidi
2663 1238 2796 1277 ense
2826 1225 3055 1293 exitum,

1913 1303 2095 1360 Denso
2123 1305 2368 1363 cohortis
2399 1310 2697 1381 impetatur
2723 1315 2966 1388 agmine,

1911 1396 2119 1452 Crebra
2147 1407 2341 1456 suatur
2369 1403 2707 1472 spiculorum
2745 1407 2999 1478 cuspide,

1907 1489 2104 1564 Cingat
2132 1507 2338 1549 corona
2366 1494 2545 1551 fronte
2561 1513 2760 1553 nexum
2792 1500 2846 1554 in
2873 1501 3062 1572 stipite

1908 1584 2262 1660 Signumque
2290 1590 2417 1644 telis
2442 1600 2664 1662 praestet
2694 1594 3058 1652 irruentibus.
3089 1619 3118 1649 ι)

1831 1717 1882 1785 Β
1907 1674 1954 1785 Int
1983 1675 2385 1785 obsecundans
2412 1683 2617 1782 turbidi
2649 1701 2861 1785 agmen.
2887 1689 3103 1785 militis,

1912 1762 2129 1821 Parant
2158 1774 2382 1838 patente
2405 1771 2560 1839 jussa
2585 1789 2803 1846 campo,
2838 1775 3074 1834 farciunt

1907 1856 2088 1916 Ferro
2118 1863 2424 1934 pharetras,
2457 1866 2836 1942 ambitumque
2867 1872 3166 1946 digerunt;

1908 1947 2208 2007 Lunantur
2235 1970 2415 2023 arcus,
2448 1968 2750 2016 exeruntur
2773 1961 3022 2034 spicula:

1908 2036 2059 2095 Eunt
2087 2041 2146 2096 in
2176 2059 2347 2099 unum
2380 2045 2511 2102 hinc
2533 2047 2664 2104 inde
2687 2056 2764 2106 tot
2785 2052 3104 2121 arundines,

1909 2125 2141 2185 Certant
2171 2131 2300 2203 quis
2327 2135 2538 2205 aptiora
2573 2136 2705 2213 figat
2742 2139 2970 2196 vulnera
2997 2159 3012 2208 ;

1909 2213 2048 2271 Cute
2082 2217 2177 2274 ille
2208 2235 2425 2276 summa
2452 2224 2560 2278 tela
2575 2232 2772 2282 cuncta
2797 2229 3049 2301 suscipit,

1911 2305 2005 2362 Vis
2036 2309 2192 2366 nulla
2221 2313 2411 2369 sedem
2431 2317 2635 2372 mentis
2665 2318 2879 2394 ingredi
2905 2323 3050 2378 valet
3087 2341 3100 2378 :

1912 2398 2086 2457 Solus
2118 2405 2322 2475 petitus
2352 2414 2428 2463 tot
2458 2409 2841 2480 pharetrarum
2873 2415 3093 2488 agmine

1911 2489 2058 2546 Viris
2075 2498 2154 2548 tot
2170 2501 2309 2550 astat
2329 2512 2423 2551 arx
2455 2497 2932 2575 inexpugnabilis,

1912 2581 2113 2639 Christi
2145 2585 2317 2642 lorica
2347 2603 2512 2660 quem
2543 2591 2766 2666 tegebat
2795 2596 3054 2652 muniens
3087 2615 3100 2652 :

1912 2676 2173 2735 Silvescit
2196 2681 2374 2738 hirtus
2399 2691 2517 2740 tuta
2545 2686 2679 2742 setis
2699 2695 2760 2742 ut
2789 2687 2906 2744 fera

1913 2767 2087 2832 Quem
2104 2770 2419 2839 judicantes
2440 2784 2564 2845 post
2595 2777 2750 2832 necis
2779 2784 2858 2834 tot
2884 2781 3025 2836 ostia

1915 2861 2072 2918 Lanii
2100 2871 2295 2922 tenore
2333 2884 2497 2940 posse
2527 2869 2679 2927 nullo
2720 2873 2923 2943 vivere,

1915 2957 2223 3032 Linquunt,
2251 2979 2356 3018 nec
2385 2971 2566 3021 actum
2593 2969 2788 3024 mortis
2815 2970 2987 3026 antris
3015 2971 3269 3031 ambiunt

1844 3094 1894 3162 Ο
1915 3046 2014 3162 gui
2036 3055 2121 3162 tot
2145 3051 2406 3162 videntur
2433 3052 2647 3162 funeris
2666 3058 2916 3162 vestigia.

1917 3138 2094 3196 Noctu
2125 3142 2313 3198 relicta
2334 3145 2590 3216 martyris
2613 3145 2829 3214 Zetarii,

1917 3228 2119 3287 Curare
2146 3233 2311 3288 funus
2335 3233 2599 3290 lancinati
2631 3238 2902 3312 gestiens,

1913 3320 2109 3377 Vivum
2137 3324 2351 3379 reducit
2372 3311 2538 3396 quem
2580 3311 2805 3398 petebat
2842 3339 3121 3388 mortuum

1911 3408 2079 3466 [Edes
2111 3412 2165 3468 in
2196 3413 2334 3468 altas
2365 3414 2564 3470 ductus
2603 3417 2778 3473 hostis
2799 3419 3000 3474 robora

1914 3495 2127 3554 Paucos
2157 3501 2387 3556 resumit
2407 3503 2692 3573 sospitatis
2724 3505 2780 3559 in
2823 3507 2966 3574 dies,

1914 3591 2233 3666 Fugamque
2255 3595 2395 3651 inire
2430 3606 2795 3670 suggerentes
2827 3600 2882 3655 in
2911 3599 3021 3656 ﬁde

1913 3681 2087 3758 Magis
2117 3686 2396 3758 triumpho
2437 3689 2690 3745 roborata
2712 3691 2936 3746 roborat
2963 3710 2978 3758 ;

1915 3775 2168 3848 Ipsisque
2198 3779 2449 3850 pandens
2471 3782 2694 3857 regibus
2720 3799 2847 3838 sese
2876 3784 3114 3855 intimat,

1916 3866 2312 3940 Surreptiones
2341 3870 2594 3928 falsitatis
2623 3890 2863 3949 arguens

1916 3955 2218 4032 Hostesque
2247 3961 2434 4016 verbis
2461 3962 2705 4018 veritatis
2745 3965 3061 4036 increpans.

1919 4045 2184 4104 Mirantur
2217 4049 2294 4104 illi
2324 4067 2490 4123 quem
2523 4060 2788 4108 necarant
2813 4054 3000 4109 vivere
3028 4074 3046 4122 ;

1920 4137 2002 4192 Ad
2031 4142 2492 4212 supprimendam
2521 4144 2705 4200 reddit
2734 4145 2836 4200 iste
2863 4145 3134 4201 insaniam

1912 4231 1982 4288 Se
2012 4233 2325 4289 restitutum
2358 4252 2468 4308 qua
2498 4235 2694 4292 beatos
2725 4243 2991 4304 atterunt,

1919 4319 2162 4379 Offendit
2191 4338 2324 4398 ergo
2352 4323 2662 4382 Viminosos
2692 4325 2839 4396 (185)
2869 4326 3198 4382 admonens.

1921 4417 2158 4474 Jubetur
2189 4419 2320 4474 hinc
2351 4435 2600 4492 eousque
2629 4420 2765 4476 caedi
2802 4420 3044 4477 fustibus

1925 4511 2062 4567 Dum
2093 4512 2401 4570 concitatus
2427 4523 2572 4570 astra
2597 4516 2815 4571 scandit
2851 4516 3097 4587 spiritus.

1923 4604 2073 4660 Hanc
2102 4603 2425 4661 Christianis
2453 4606 2765 4662 invidentes
2794 4609 3022 4683 gloriam

1919 4693 2058 4750 Saevi
2089 4695 2290 4751 cloacae
2303 4697 2552 4752 membra
2574 4696 2786 4752 dedunt
2813 4699 3050 4753 sordidae
3083 4715 3098 4764 ;

1920 4787 2186 4860 Squalore
2218 4789 2392 4861 mergi
2434 4789 2531 4844 sed
2554 4799 2702 4846 vetat
2721 4791 2985 4846 Divinitas

1919 4877 2018 4933 Tot
2045 4887 2424 4934 consecratum
2447 4895 2650 4952 corpus
2677 4882 2808 4937 olim
2839 4883 3061 4953 praeliis.

1925 4969 2128 5026 Lucina
2156 4971 2322 5026 castis
2351 4972 2443 5028 hic
2462 4973 2691 5028 vacabat
2722 4973 2938 5030 actibus

1924 5062 2184 5125 Matrona,
2215 5064 2391 5118 sancti
2415 5064 2579 5136 plena
2612 5064 2734 5120 luce
2767 5065 3023 5137 Spiritus,

1925 5153 2072 5209 Hanc
2085 5153 2357 5210 allocutus
2386 5171 2486 5226 per
2515 5171 2768 5226 soporem
2803 5158 3020 5213 caelitus

1920 5242 2142 5315 Martyr.
2180 5267 2206 5290 α
2250 5243 2488 5316 Require
2515 5253 2700 5301 nostra
2740 5247 2966 5302 mandat
2994 5247 3181 5302 abdita

1920 5333 2056 5390 Circi
2095 5337 2281 5392 cloaca
2311 5353 2431 5408 qua;
2457 5337 2667 5393 levabis
2699 5339 2950 5414 pignora,

1916 5424 2193 5496 Suspensa
2219 5427 2463 5498 gumpho
2496 5428 2662 5498 (I86),
2696 5428 2954 5485 sordibus
2984 5443 3087 5484 nec
3125 5428 3330 5485 addita.

1917 5514 2040 5570 Haec
2071 5523 2128 5569 tu
2153 5522 2373 5586 reperta
2402 5517 2775 5588 apostolorum
2802 5517 2952 5592 regia

1992 5661 2137 5736 (186)
2167 5663 2350 5733 Clavo,

3456 297 3565 353 710
