3974 6146
459 239 556 296 711
1200 231 1567 290 FLODOARDI
1607 227 1910 286 CANONlCl
1955 227 2282 284 REMENSIS
2322 227 2660 286 OPUSCULA
2703 225 3008 284 METRICA.
3669 227 3754 282 712

461 365 688 421 Locabis
716 365 857 419 alma
886 362 950 416 ad
989 361 1297 432 principum
1324 361 1558 434 vestigia
1607 380 1638 412 ι
2090 364 2146 434 Α
2173 357 2485 430 Parensque
2501 355 2708 426 junctis
2736 361 2896 410 nocte
2918 353 3112 409 eadem
3145 349 3388 407 vernulis

461 455 713 531 Exsurgit
739 454 831 508 illa
858 453 1001 520 laeta,
1030 467 1282 508 somnum
1317 451 1551 507 dissicit.
2172 450 2332 506 Jusso
2364 449 2612 506 recondit
2638 456 2798 504 nacta
2819 448 3030 503 honore
3068 459 3319 500 munera.

1297 619 1791 710 INCIPIT
1857 615 2242 704 LIBER
2308 615 2984 705 SEPTIMUS.

1864 797 2075 853 CAPUT
2123 795 2404 864 PRIMUM.

1584 925 1661 984 De
1701 932 1906 983 sancto
1952 921 2200 982 Gabinio
2247 929 2299 980 et
2344 915 2655 980 Susanna.

459 1079 645 1135 Frater
671 1083 788 1134 erat
812 1074 928 1130 Gaii
961 1071 1242 1138 Gabinius,
1277 1070 1368 1124 ille
1401 1069 1710 1123 Suzannam
2177 1059 2358 1116 Credit
2383 1060 2472 1115 hic
2495 1059 2736 1131 acceptis
2764 1059 3017 1131 vivisque
3049 1057 3361 1112 infunditur
3390 1054 3578 1122 undis,

458 1170 709 1226 Nutribat
737 1165 1003 1228 sobolem,
1036 1175 1238 1232 supero
1269 1174 1430 1230 quam
1459 1160 1748 1211 ornaverat
1777 1168 1933 1219 auro,
2177 1153 2440 1209 Culminis
2461 1154 2646 1208 eximii
2677 1152 3000 1227 contingere
3023 1152 3218 1206 nititur
3245 1165 3448 1210 arcem.

459 1263 621 1318 Fama
650 1274 810 1314 aures
836 1256 1065 1324 hujusce
1095 1260 1278 1308 terens
1309 1247 1633 1304 Diocletiani
2174 1245 2502 1316 Addicitquc
2525 1245 2643 1300 foro
2673 1260 2875 1300 census
2900 1260 2966 1298 ac
2994 1243 3132 1297 libat
3160 1241 3354 1314 egenis
3389 1258 3402 1304 ;

459 1348 682 1404 Nuntiat
709 1343 987 1420 egregiam
1011 1341 1184 1397 forma
1222 1354 1501 1410 sensuque
1534 1333 1773 1407 puellam
1809 1373 1824 1400 ,
2175 1339 2356 1396 Utitur
2375 1342 2478 1396 hac
2509 1339 2563 1394 in
2588 1357 2646 1395 re
2672 1340 2782 1396 ﬁdo
2809 1341 3049 1395 Ττεεοηθ
3083 1336 3260 1392 sodali
3292 1353 3305 1390 ;

462 1439 558 1492 llle
588 1452 786 1509 parans
806 1451 990 1509 sagam
1009 1432 1194 1507 genito
1225 1429 1436 1486 vincire
1464 1425 1736 1486 maritam.
2177 1431 2248 1497 Is,
2278 1429 2500 1484 velante
2518 1436 2662 1496 toga,
2687 1428 2883 1483 Christi
2910 1434 3056 1483 texto
3079 1426 3207 1501 igne
3238 1423 3472 1489 calebat,

459 1528 655 1603 Dirigit
686 1526 951 1582 illustrem
1011 1523 1328 1596 quemdam,
1379 1522 1576 1576 horum
1631 1533 1795 1573 carne
1847 1513 2076 1588 propin-
2177 1517 2480 1572 Chrismate
2511 1533 2674 1588 quem
2703 1517 2865 1572 Gaius
2894 1516 3101 1570 dudum
3139 1528 3387 1568 sacrasse
3416 1518 3636 1566 notatur

1792 1609 2000 1680 [quum,
2101 1655 2150 1681 η
2178 1608 2441 1665 Noctibus
2470 1609 2561 1664 ille
2591 1609 2786 1664 adiens
2805 1607 2979 1670 vicos,
3009 1605 3283 1681 ergastula
3315 1605 3576 1666 lustrans,

467 1713 567 1779 Qui
599 1719 753 1769 catus
783 1711 886 1766 ista
915 1717 1061 1765 serat
1086 1708 1466 1777 tmdarumque
1496 1703 1684 1759 omnia
1705 1655 1904 1756 ﬁrm‘let.
2100 1655 2156 1724 B
2177 1699 2426 1772 Indignis
2445 1699 2706 1752 alimento
2736 1696 2831 1752 Dei
2862 1695 2965 1751 sub
2990 1655 3200 1751 hogore
3223 1693 3454 1759 ferebat,

466 1801 604 1857 Hinc
642 1806 856 1872 patrem
885 1799 978 1854 ille
1009 1798 1146 1870 petit
1201 1815 1217 1863 ;
1271 1802 1427 1868 pater
1475 1799 1528 1848 at
1586 1797 1923 1864 patruusque
1972 1788 2079 1842 διι-
2177 1794 2337 1849 Gesta
2366 1793 2722 1860 recondebat,
2746 1792 3297 1847 titulismonumenta
3323 1788 3556 1844 colebat.

1759 1883 2008 1956 [zannam
2179 1888 2273 1942 Ast
2287 1886 2383 1942 ubi
2413 1886 2646 1942 sollicito
2671 1892 2984 1941 reserantur
3009 1884 3151 1940 facta
3175 1889 3435 1952 tyranno,

460 1984 757 2042 Inveniunt
783 1982 940 2038 ﬁrma
961 1980 1181 2053 penitus
1222 1977 1406 2033 radice
1443 1975 1649 2050 vigere,
2181 1981 2280 2046 Qui
2311 1981 2470 2036 saevis
2499 1979 2717 2055 subigat
2743 1981 2907 2036 mittit
2929 1979 3270 2036 cruciatibus
3285 1977 3458 2032 almos
3491 2022 3511 2032 ,

459 2073 679 2131 Semina
709 2088 830 2145 quae
852 2071 1120 2126 dederant
1140 2067 1290 2122 nullo
1314 2063 1529 2141 agmine
1561 2061 1732 2116 ﬂabra
1759 2059 1975 2114 timere.
2178 2075 2376 2144 Julius,
2410 2075 2603 2132 exsilio
2634 2074 2828 2130 fratres
2858 2073 2953 2146 qui
2983 2072 3184 2128 missus
3205 2072 3274 2126 ad
3301 2071 3406 2126 ista

461 2170 716 2225 Claudius
740 2166 959 2239 imperii
989 2179 1232 2220 summos
1258 2159 1788 2233 preponithonores,

2175 2167 2435 2237 Deportat
2465 2165 2687 2241 gemino
2718 2173 2773 2220 et
2799 2163 3199 2238 Prepedignam
3225 2161 3456 2234 pignore
3488 2155 3689 2213 fultam.

458 2259 722 2315 ΕΧίῐηίθιη
756 2258 902 2331 regis
931 2273 995 2327 Pr
999 2256 1164 2318 010m,
1208 2253 1378 2325 Patris
1405 2252 1512 2306 alta
1525 2256 1874 2321 sequentem:
2175 2258 2382 2316 Caelum
2414 2259 2558 2315 vinci
2582 2257 2956 2329 impossibiles
2986 2255 3305 2312 holocausta
3335 2268 3434 2324 per
3465 2250 3646 2325 ignem

458 2353 524 2408 Εῐ
551 2352 762 2407 (mione
791 2349 908 2421 Pari
943 2346 1203 2402 δυωίῐηίδ
1224 2351 1439 2416 sceptra
1479 2348 1784 2416 Γοὲθηίθπιν
2174 2353 2236 2407 Hi
2263 2353 2506 2408 subeunt
2531 2353 2755 2424 pariter,
2786 2351 2953 2407 rutilo
2981 2349 3190 2424 fulgore
3221 2347 3462 2402 nitentes
3491 2362 3506 2411 ;

458 2445 799 2516 Praecipuum
807 2443 1069 2512 juvenem
1099 2441 1398 2512 splendore
1431 2455 1492 2494 ac
1524 2437 1724 2492 robore
1747 2435 1952 2490 celsum
1984 2452 1996 2488 :
2172 2444 2320 2500 ostia
2344 2444 2626 2518 relliquias
2654 2459 2889 2515 quorum
2920 2442 3067 2514 capit
3103 2455 3328 2512 aequore
3348 2437 3542 2493 lectas.

459 2537 555 2591 Illa
582 2535 747 2590 fidem
779 2550 1006 2590 servans
1028 2531 1370 2592 coelestibus,
1405 2529 1514 2584 ima
1545 2527 1745 2582 refutat
2173 2536 2442 2606 obsessus
2471 2552 2594 2592 cum
2618 2537 2770 2608 ρι-οιο
2801 2535 2974 2610 nigris
3004 2532 3270 2589 Gabinius
3289 2530 3486 2594 anu-is,

458 2631 705 2698 Fcedera,
739 2629 929 2685 divino
955 2630 1254 2683 humanum
1289 2623 1571 2696 postponit
1600 2623 1890 2685 honorem,
2174 2624 2418 2698 Longum
2447 2623 2542 2680 ubi
2575 2623 2866 2679 continuas
2891 2619 3351 2678 teriturlimando
3368 2625 3610 2682 catenas,

458 2723 685 2779 Sidereo
708 2721 849 2778 fastu
879 2721 1157 2776 terrestria
1185 2718 1428 2774 culmina
1450 2715 1694 2779 sordent.
2176 2719 2382 2774 Emicat
2411 2734 2440 2773 e
2472 2718 2670 2772 vinclis
2706 2721 3001 2786 penetrans
3031 2712 3278 2769 ccelestia
3308 2712 3469 2766 liber.

459 2815 746 2887 Perpetuis
768 2814 952 2889 regnis
971 2812 1222 2868 mortalia
1253 2808 1703 2883 regminavilent.
2177 2814 2386 2870 [Εειιηι
2415 2813 2632 2883 imperii
2661 2811 2815 2868 furor
2838 2810 3201 2886 mgrescitque
3223 2807 3455 2862 decoros

458 2909 680 2964 Diversa
713 2908 923 2962 alterno
952 2905 1080 2960 dum
1113 2903 1318 2958 famine
1339 2909 1464 2958 vota
1493 2907 1768 2964 seruntur,
2177 2906 2261 2961 Ire
2291 2905 2436 2977 pios,
2468 2903 2804 2976 mandatque
2834 2918 2946 2958 suae
2977 2899 3272 2973 perducier
3297 2898 3436 2953 aulae

459 2997 560 3063 Ωυί
592 3011 789 3066 ωροτε
820 2993 1063 3058 advenit:
1088 2992 1710 3064 capiturylaqueansquc
1740 2991 1956 3042 ίθηθίυν
1986 3004 2000 3052 ς
2103 3035 2153 3104 C
2174 2999 2362 3056 Dotale
2393 2999 2649 3054 invictam
2679 2997 2998 3068 sociamque
3028 2994 3215 3050 venire
3239 2991 3436 3067 jugali,

460 3090 752 3146 Instruitur
778 3088 1046 3160 patribus,
1077 3086 1328 3141 scelerati
1357 3084 1591 3156 poenitet
1612 3089 1787 3151 actus,

2104 3079 2153 3104 υ
2173 3093 2342 3158 Quam
2371 3091 2606 3148 stolidus
2634 3090 2893 3146 famulam
2912 3089 3175 3163 ignorans
3203 3085 3405 3157 pietate
3433 3079 3651 3154 superni

457 3182 740 3238 Fluctibus
768 3181 1010 3236 abluitur
1033 3178 1196 3244 divis,
1222 3192 1424 3248 supero
1447 3191 1606 3230 amne
1646 3181 1879 3230 novatur
1911 3191 1925 3240 ;
2171 3187 2358 3260 Regis,
2393 3202 2457 3242 ea
2483 3184 2864 3257 reputatﬂecﬁ
2889 3182 2958 3238 ad
2988 3198 3087 3237 sua
3121 3180 3276 3249 iussa
3296 3179 3624 3233 summam,

455 3271 703 3344 Tingitur
721 3276 886 3341 atque
917 3269 1112 3323 domus
1131 3266 1365 3341 geminae
1405 3265 1513 3320 duo
1545 3265 1753 3320 lumina
1786 3263 1972 3336 prolis,

1910 3263 1972 3331 ίει
2167 3279 2378 3350 Accipit
2408 3286 2463 3334 at
2492 3287 2783 3349 postquam
2810 3276 2952 3332 votis
2985 3283 3040 3329 et
3077 3271 3333 3329 cantibus
3357 3270 3479 3325 illas

459 3360 742 3426 Qumcivas
769 3367 824 3413 et
863 3356 1189 3425 Alexander,
1218 3354 1563 3428 Prepedigna
1587 3352 1809 3428 jugalis.

2172 3367 2469 3438 Exaequare
2490 3365 2660 3420 simul
2691 3369 2903 3430 noctes,
2936 3362 3009 3418 ita
3039 3361 3282 3417 condere
3312 3360 3458 3415 soles

461 3457 682 3530 Integer
706 3469 827 3510 esse
857 3453 953 3508 Dei
985 3452 1164 3508 cultor
1195 3451 1321 3506 dum
1353 3450 1608 3506 Claudius
1637 3449 1812 3504 ambit
2103 3494 2109 3502 .
2172 3459 2368 3514 Christi
2388 3459 2574 3526 laude,
2591 3459 2750 3528 iube;
2777 3455 2956 3513 soboli
2985 3461 3236 3510 revocata
3262 3451 3506 3524 paternis

453 3551 628 3622 Atque
649 3547 806 3620 sequi
833 3547 1105 3602 Christum
1124 3545 1190 3600 ad
1223 3543 1470 3600 cmlcstia
1519 3550 1733 3612 sceptra
1763 3546 2071 3605 vocantem,
2171 3548 2418 3611 ﬁdibus,
2449 3556 2510 3604 οι
2539 3563 2732 3618 presso
2757 3545 3045 3620 subigatur
3061 3545 3217 3618 virgo
3247 3543 3482 3615 pudore,

455 3643 658 3698 Cuncta
686 3640 1004 3696 facultatum
1028 3639 1276 3692 vendens
1307 3636 1534 3708 largitur
1566 3634 1776 3707 egenis,
2173 3638 2506 3711 Adgandens
2531 3637 2754 3706 juvenis
2777 3651 2930 3706 spem
2973 3633 3220 3706 praeripit
3284 3641 3450 3704 atque
3477 3629 3756 3692 reductam,

453 3731 680 3806 Singula
709 3745 944 3802 quaeque
996 3727 1141 3783 valet
1169 3727 1474 3782 vinctorum
1522 3724 1794 3798 ergastula
1832 3722 2071 3778 lustrans
2170 3729 2339 3785 Nocte
2366 3730 2607 3784 abdente
2639 3729 2806 3801 nigrae
2824 3733 2999 3782 terras
3027 3724 3302 3780 velamine
3317 3723 3494 3795 pallae.

453 3827 776 3882 Sanctorum
803 3841 925 3880 sese
955 3823 1192 3894 pedibus
1222 3820 1541 3892 prosternit,
1575 3826 1627 3874 et
1658 3820 1853 3874 horum
2170 3817 2408 3890 Appetit,
2442 3817 2835 3891 ingressusque
2873 3815 3098 3871 domum
3126 3813 3420 3885 splendore
3449 3825 3668 3868 corusco

451 3915 714 3990 Tegmine
744 3914 831 3970 vel
862 3914 1009 3969 victu
1042 3911 1240 3986 satagit
1271 3911 1513 3966 relevare
1544 3916 1786 3975 catenas,
2173 3908 2322 3961 llanc
2353 3906 2564 3960 radiare
2591 3905 2762 3972 videt,
2790 3919 3107 3976 superoque
3137 3904 3318 3959 nitore
3334 3902 3640 3957 micantem.

455 4008 576 4080 Ipse
608 4023 832 4078 precum
874 4021 1111 4078 poscens
1132 4022 1231 4076 per
1256 4019 1351 4060 eos
1383 4004 1585 4074 pietate
1619 4001 1808 4056 levari.
2170 4003 2435 4074 Obstupct
2464 3999 2720 4058 horriﬁco
2747 3999 3100 4056 tremefactus
3125 3998 3356 4065 lumine,
3387 3997 3551 4068 pallet

450 4096 708 4152 Pluribus
734 4099 1011 4170 Augustus
1038 4098 1187 4151 hunc
1208 4103 1527 4166 exspectare
1550 4093 1746 4149 diebus
1805 4140 1807 4143 .
2170 4093 2462 4161 Marcidus,
2491 4092 2780 4160 exanimis,
2811 4091 3127 4163 repetitque
3158 4087 3358 4161 palatia
3378 4100 3576 4142 cassus.

453 4187 601 4251 Fert,
634 4185 852 4241 firmare
883 4193 1086 4256 putans
1115 4184 1453 4240 solidissima
1482 4182 1695 4237 foedera
1729 4183 1890 4252 jussi.
2171 4188 2378 4264 Anguis
2403 4187 2458 4242 id
2489 4186 2700 4242 Atracio
2718 4194 2930 4259 gestum
2963 4185 3100 4240 dans
3120 4182 3367 4255 perﬁdus
3382 4196 3497 4248 ore,

451 4282 515 4335 At
545 4297 728 4352 neque
760 4288 1143 4350 consumptam
1174 4287 1391 4350 reparat
1422 4278 1551 4332 dum
1584 4277 1802 4332 Cinthia
1818 4277 2069 4345 formam,
2093 4351 2132 4355 _
2174 4283 2335 4339 Mittit
2355 4299 2480 4339 eum
2509 4282 2749 4338 Numicis
2778 4282 2837 4353 (Τ)
2862 4286 3023 4355 cogat
3052 4279 3147 4351 qui
3179 4275 3545 4334 subdieraris.

450 4371 529 4426 Ad
549 4351 723 4426 celatas
749 4372 898 4426 EBdeS
926 4371 1013 4424 vel
1039 4370 1174 4425 festa
1205 4370 1417 4426 theatra
1447 4384 1750 4435 reversum.
2089 4351 2148 4420 D
2171 4378 2368 4433 Jussus
2390 4377 2443 4432 in
2468 4377 2568 4431 ista
2598 4351 2958 4431 Macedonius
2976 4373 3107 4428 dum
3132 4371 3351 4426 ﬂectere
3383 4375 3570 4433 tentat,

450 4463 653 4528 Quaerit
683 4471 865 4518 utrum
899 4463 1065 4536 longe
1095 4462 1426 4529 discesserit,
1469 4478 1538 4517 an
1567 4461 1834 4518 remeanti
2170 4471 2389 4527 Robore
2414 4470 2701 4526 subnixam
2725 4470 2851 4525 άίνο
2864 4484 2973 4524 non
2990 4467 3206 4522 cadere
3228 4465 3423 4537 ρει-οη,

449 4553 730 4618 Quidlibet
760 4555 1034 4611 obstiterit
1067 4555 1282 4622 ;credit
1312 4554 1573 4628 languore
1606 4561 1900 4621 moratum,

2167 4561 2428 4616 Fustibus
2452 4560 2664 4636 ignavis
2693 4559 2948 4631 quatiens
2978 4557 3067 4630 pia
3098 4556 3309 4612 viscera
3335 4553 3535 4629 ﬂagris.

449 4641 619 4711 Hujus
648 4651 766 4699 erat
795 4661 982 4700 secum
1015 4645 1178 4699 frater
1202 4660 1389 4700 comes
1428 4645 1622 4700 ordine
1655 4661 1838 4700 rerum
1871 4661 1884 4696 :
2167 4652 2349 4708 Gloria
2373 4652 2625 4724 virgineo
2651 4651 2938 4726 regisonai
2968 4665 3065 4704 ore
3089 4662 3353 4718 superno,

447 4733 710 4789 Maximus
751 4735 896 4792 hunc
921 4736 999 4790 illi
1037 4736 1270 4792 solatum
1311 4736 1549 4791 invisere
1588 4737 1774 4792 mittit.
2163 4741 2610 4812 Continuansque
2633 4739 2728 4794 Dei
2759 4738 2954 4794 laudes
2980 4737 3182 4792 invicta
3206 4735 3441 4800 feritur;

444 4821 646 4896 [ἘςΓοιὶ
675 4824 769 4895 qui
796 4832 964 4879 strata
989 4825 1150 4891 levet,
1175 4825 1267 4896 qui
1299 4824 1509 4880 fervida
1533 4825 1710 4880 sedet.
2162 4829 2304 4885 Ense
2332 4829 2722 4900 triumphalem
2751 4827 2980 4883 subiens
2995 4825 3244 4881 attollere
3258 4823 3497 4895 palmam

446 4910 686 4966 Turbida
709 4920 1021 4983 componat,
1056 4913 1273 4968 fastidia
1303 4915 1470 4969 erﬁda
1510 4914 1742 4984 τεροιιειι
2162 4921 2312 4993 Eque
2343 4921 2510 4976 domu
2533 4919 2704 4991 patris
2730 4919 3024 4974 aetheream
3053 4915 3396 4972 transcendit
3418 4914 3474 4969 in
3505 4912 3688 4975 aulam,

443 5003 676 5074 Insuper
701 5003 944 5076 inquirat
974 5005 1132 5061 dotes
1163 5015 1218 5061 et
1247 5013 1404 5077 pacta
1443 5005 1666 5077 puellae,
2162 5011 2331 5065 Intrat
2357 5017 2410 5065 et
2436 5011 2628 5066 aeterni
2647 5010 2918 5066 thalamos
2937 5009 3261 5083 dignissima
3291 5006 3460 5080 regis.

443 5094 584 5158 Quid
616 5103 842 5171 gestum
873 5097 1098 5166 referat,
1127 5107 1317 5170 poscat
1347 5113 1469 5170 quae
1490 5097 1635 5152 dona
1667 5095 1956 5168 rependat.
2161 5101 2404 5156 Membra
2435 5102 2642 5158 Serena
2672 5103 2864 5176 legens
2893 5101 3141 5157 tenebris
3169 5099 3284 5168 dat,
3335 5107 3577 5156 aromate
3602 5095 3754 5153 multo

437 5186 704 5243 Maximus
733 5189 1002 5244 accedens
1024 5191 1283 5261 precibus
1313 5206 1435 5246 cum
1462 5187 1624 5261 plebe
1665 5197 1952 5246 vacantem
2163 5195 2376 5261 Condit,
2411 5204 2465 5253 et
2495 5197 2724 5254 involvit
2753 5197 2944 5252 nitidis
2981 5194 3393 5267 promptissima
3411 5195 3551 5251 velis

441 5276 667 5348 Reperit
694 5279 952 5334 Ecclesia:
980 5279 1225 5348 fratrem,
1258 5273 1624 5353 stupidusqtfe
1657 5288 1874 5337 renutat
2162 5293 2338 5364 Atque
2361 5291 2512 5362 pium
2541 5289 2798 5346 manibus
2823 5295 3080 5364 satagens
3108 5303 3442 5358 componere
3469 5287 3636 5348 funus,

442 5371 580 5436 Quid
612 5373 719 5428 sibi
752 5391 841 5431 res
871 5384 1110 5452 pangat;
1143 5377 1434 5432 mirantem
1457 5375 1717 5433 Claudius
1755 5378 1930 5434 almos
2164 5379 2339 5434 Patris
2371 5379 2660 5434 Alexandri
2679 5395 2840 5434 secus
2869 5394 2992 5435 ossa
3024 5378 3187 5434 beata
3218 5379 3492 5434 recondit.

439 5459 676 5533 Proripit
699 5464 768 5517 ad
801 5464 1007 5532 Patres,
1039 5466 1174 5521 recti
1205 5466 1296 5537 qui
1329 5465 1516 5536 pervia
1554 5467 1706 5520 callis
2162 5471 2272 5527 Nec
2299 5471 2503 5542 patitur
2531 5472 2990 5528 sanctumtellure
3023 5471 3192 5526 latere
3218 5487 3492 5535 cruorem,

438 5548 576 5604 Dum
598 5558 882 5627 retegunt,
934 5553 1200 5611 famulant
1255 5555 1325 5626 (?)
1379 5555 1699 5628 agitantque
1754 5555 1822 5608 ad
1850 5555 2061 5611 lumina
2162 5559 2434 5615 Carbaseo
2464 5559 2630 5614 rimas
2656 5567 2907 5614 scrutans
2936 5560 3068 5631 quin
3099 5559 3266 5615 sumit
3286 5561 3492 5614 honore

1677 5646 1984 5717 [mentem.
2161 5647 2540 5721 Candentique
2571 5647 2761 5706 levans
2782 5649 2918 5723 tegit
2943 5648 3148 5720 inclyta
3178 5649 3326 5705 dona
3353 5647 3580 5706 metallo.
