3962 6140
205 352 311 407 713
822 346 904 401 DE
945 345 1201 402 CHRISTI
1240 336 1598 399 TRIUMPIIIS
1640 342 1809 397 APUD
1851 342 2115 397 ITALIAM
2156 341 2329 396 LIBRI
2370 342 2500 396 XIV.
2544 373 2608 382 —-
2650 344 2772 400 LIB.
2818 343 2926 399 VII.
3364 354 3375 361 '
3430 344 3535 401 7M

206 480 334 544 Quae
360 486 571 534 secreta
599 476 790 532 colens
810 475 1062 546 intraque
1090 472 1291 545 palatia
1317 488 1543 528 servans
1851 482 1897 548 Α
1927 467 2169 539 Cumque
2197 467 2525 532 Antoninus,
2557 475 2665 523 tum
2692 468 2947 524 Claudius
2969 477 3133 542 atque
3164 470 3393 541 Cyrinus

205 572 426 627 Occulta
454 570 689 625 Domino
727 584 849 624 sese
887 566 1097 621 libabat
1135 567 1190 620 in
1230 583 1343 629 ara,
1926 563 2167 617 Membra
2194 562 2288 617 ubi
2326 563 2473 617 nuda
2496 563 2682 630 jacent
2713 564 2936 638 triginta
2972 574 3026 621 et
3064 567 3309 639 quinque
3337 569 3536 625 diebus

206 662 372 729 Hujus
400 659 530 714 dum
553 658 764 713 meritis
794 662 983 711 evecta
1012 654 1221 710 levatur
1241 655 1294 707 in
1324 660 1468 708 astra
1926 658 2053 713 Post
2082 675 2113 712 a
2137 658 2392 712 Marcello
2419 674 2541 713 cum
2566 659 2727 714 laude
2749 659 3004 734 leguntur
3018 671 3072 716 et
3102 663 3325 732 hymnis

202 753 483 829 Sanguine
504 750 750 822 martyrii
782 749 913 805 Gaio
942 747 1189 804 cmlestia
1230 755 1414 813 nacto,
1922 749 2076 803 Saeva
2108 764 2206 819 per
2226 748 2552 805 immodicas
2579 749 2855 806 tribulatio
2876 752 3101 807 canduit
3130 754 3282 809 orbis

202 844 371 915 Inque
414 842 525 914 poli
568 855 739 915 regno
777 839 972 894 merita
1000 838 1272 893 renitente
1303 853 1529 904 corona,
1918 836 2042 891 Hmc
2070 844 2274 907 partes,
2306 854 2417 893 uno
2439 845 2646 893 tantum
2668 838 2770 892 sub
2804 856 2994 895 mense
3022 840 3260 909 dierum,

200 934 549 989 Marcellinus
569 932 620 987 ei
651 932 803 986 sedis
828 931 1073 986 succedit
1103 931 1313 986 honore
1920 926 1983 981 Ut
2011 934 2225 997 septem
2251 937 2417 999 atque
2448 928 2638 983 decem
2672 935 2803 983 tunc
2832 930 3001 984 millia
3024 946 3162 986 caesa
3195 930 3463 989 feruntur.

198 1026 270 1078 Ac
295 1024 548 1095 sequitur
572 1021 752 1089 lactis,
776 1022 879 1076 sub
911 1021 1107 1076 eodem
1130 1021 1272 1075 colla
1303 1027 1533 1090 tyranno
1916 1018 2183 1090 Tempore
2214 1036 2317 1075 nec
2340 1036 2505 1091 parvo
2532 1022 2732 1077 coelum
2757 1022 2893 1077 actis
2920 1024 3165 1095 undique
3191 1026 3415 1094 sanctis,

198 1114 483 1181 Desectus,
513 1113 713 1168 caelum
739 1121 794 1168 et
822 1111 1001 1182 pretio
1028 1108 1257 1165 cervicis
1275 1109 1534 1180 adeptus,
1918 1109 2156 1167 Praesule
2186 1113 2465 1184 praecipuo
2496 1116 2658 1169 sedes
2677 1114 2924 1170 Romana
2954 1116 3175 1171 vacarit.

1710 1265 1919 1322 CAPUT
1970 1268 2036 1323 II.

1388 1395 1468 1456 De
1503 1398 1734 1457 sanctis
1773 1398 1975 1460 Primo
2005 1409 2059 1460 et
2088 1401 2340 1463 Felicia.

191 1541 345 1598 Tunc
373 1542 584 1596 Primus
613 1548 670 1596 et
698 1538 1028 1604 Felicianus,
1061 1553 1285 1592 auream
1923 1538 2099 1594 Stanti
2127 1541 2335 1597 renecti
2354 1540 2652 1598 destinavit
2673 1543 2848 1614 stipiti

197 1632 380 1687 Evecti
407 1631 476 1684 ad
504 1630 721 1696 urbem,
743 1630 894 1684 caede
923 1630 1122 1685 caelum
1158 1635 1497 1698 competunt.
1922 1630 2273 1704 Sudibusque
2304 1633 2512 1703 palmas
2531 1633 2827 1705 perforavit
2847 1650 2909 1690 ac
2932 1635 3105 1705 pedes
3131 1653 3144 1697 ;

194 1725 297 1790 Qui
325 1723 571 1798 glorioso
610 1723 739 1777 dum
766 1722 1024 1776 renident
1052 1721 1293 1777 culmine
1840 1738 1895 1807 B
1924 1721 2133 1794 Diuque
2154 1729 2378 1790 tortum,
2405 1740 2510 1779 nec
2539 1725 2679 1780 cibis
2699 1741 2798 1795 per
2826 1732 2935 1780 tres
2968 1726 3087 1781 dies

195 1814 510 1886 Christique
536 1814 685 1869 cultu
712 1813 1056 1885 gratulantur
1079 1812 1296 1880 sedulo,
1922 1816 2127 1870 Potuve
2157 1813 2325 1870 fovit:
2349 1815 2457 1870 alta
2490 1814 2685 1872 Christi
2706 1818 2804 1872 sed
2835 1833 3031 1872 manus

196 1907 661 1962 Calumniantura
692 1905 940 1976 profanis
961 1906 1207 1961 Romulae
1506 1915 1513 1920 ‘
1922 1908 2026 1962 Alit
2053 1907 2291 1963 levando
2322 1909 2697 1981 protegentis;
2731 1909 2824 1981 qui
2854 1909 2949 1964 Dei

194 1998 355 2052 Cives
381 1997 528 2069 quod
557 1996 711 2052 urbis
738 1997 859 2071 lege
881 1996 1079 2051 Christi
1107 1997 1376 2051 viverent.
1923 1999 2059 2054 Dum
2085 1998 2246 2053 laude
2268 1999 2472 2073 gaudet
2499 2015 2828 2071 permanere
2852 1999 3151 2055 immobilis

193 2091 546 2155 Quaeruntur,
588 2089 922 2144 exhibentur
948 2089 1113 2144 ambo
1142 2088 1370 2163 regibus
1925 2088 2059 2143 Item
2086 2087 2320 2161 ﬂagellis
2348 2089 2651 2160 imperatur
2686 2087 2863 2155 afﬁci;

191 2182 478 2253 Trudique
508 2179 729 2247 dantur,
760 2179 906 2234 ferro
936 2180 1141 2245 onusti,
1175 2180 1230 2233 in
1261 2193 1516 2240 carcere:
1921 2183 2032 2238 Nec
2057 2184 2138 2238 sic
2165 2183 2449 2248 subactus,
2473 2185 2631 2238 laetus
2655 2183 2828 2239 antris
2860 2183 3118 2245 truditur,

192 2278 312 2342 Qua
342 2276 621 2332 sublevati
650 2274 844 2330 cmlico
876 2275 1075 2330 solatio
1922 2272 2267 2344 Sanctusque
2295 2272 2512 2327 Primus
2540 2273 2903 2329 lancinandus
2934 2274 3143 2328 sistitur

192 2366 455 2420 Gaudent
485 2364 711 2435 superni
740 2364 887 2437 regis
913 2363 992 2418 uti
1023 2364 1252 2418 nuntio:
1923 2359 2021 2423 Qui
2062 2359 2222 2415 valde
2248 2360 2408 2415 saevis
2427 2352 2737 2416 maceratus
2765 2361 3021 2423 fustibus,

193 2459 332 2512 Item
371 2455 584 2511 reducti
614 2454 927 2525 principum
959 2451 1347 2523 conspectibus
1923 2448 2105 2503 Victor
2128 2455 2333 2504 catasta
2352 2449 2673 2505 sublevatur
2699 2450 2900 2514 editus,

194 2546 348 2601 Fano
371 2543 635 2616 applicari
663 2543 1000 2613 deputantur
1026 2540 1290 2607 Herculis,
1926 2536 2139 2593 Circum
2162 2538 2457 2611 ﬂagrantes
2485 2539 2797 2611 accipitque
2824 2539 3143 2611 lampades;

196 2637 297 2691 Cui
339 2635 455 2689 liba
485 2634 627 2688 ferre
652 2633 790 2689 forte
816 2632 861 2686 si
892 2637 1310 2688 contemnerent
1927 2630 2165 2686 Invictus
2193 2631 2302 2686 alto
2329 2632 2459 2685 dum
2493 2632 2707 2687 renidet
2734 2632 2924 2703 praelio

199 2726 452 2779 lmmane
473 2731 644 2779 tortos
669 2722 840 2797 ﬂagra
866 2722 985 2776 dira
1006 2719 1328 2775 subderent.
1929 2718 2085 2773 Humi
2114 2719 2331 2775 refusus
2349 2720 2658 2790 applicatur
2680 2720 2904 2783 lectulo,

193 2815 497 2870 Tormenta
528 2814 671 2870 victa
701 2811 961 2867 nuntiant
985 2811 1116 2865 dum
1159 2809 1363 2863 milites
1926 2812 2340 2887 Plumbumque
2366 2814 2422 2869 in
2445 2830 2540 2870 ora
2569 2814 2811 2870 bulliens
2830 2816 2960 2870 dum
2990 2814 3238 2870 funditur

198 2906 415 2977 Legant
440 2905 685 2960 furentes
710 2904 811 2960 hos
839 2904 1094 2959 Promoto
1129 2900 1410 2973 principes
1927 2903 2240 2959 Felicianus
2271 2904 2392 2959 dira
2415 2904 2596 2960 visere
2622 2904 2859 2960 additur.

195 2997 384 3052 Cruda
415 2997 696 3052 necandos
725 2995 1030 3067 quaestione
1055 2992 1296 3066 praesidi.
1927 2996 2282 3067 Angustiatur
2309 3012 2521 3066 praeses
2560 2994 2754 3051 ambos
2790 2996 3015 3050 intuens

198 3090 339 3144 Item
359 3088 607 3143 tenebris
621 3088 1007 3159 mancipantur
1026 3085 1260 3142 carceris
1851 3106 1902 3176 Ο
1932 3084 1992 3137 In
2020 3083 2184 3138 laude
2212 3082 2407 3138 Christi
2436 3083 2657 3156 gloriari
2688 3083 3021 3149 immobiles,

202 3183 460 3254 Itemque
489 3181 613 3237 caeli
632 3181 966 3236 roborantur
990 3178 1223 3234 nuntiis.
1873 3175 1884 3176 7
1931 3175 2277 3248 Gemensque
2304 3176 2500 3244 victus,
2524 3176 2929 3247 amphitheatro
2949 3175 3086 3246 jube

201 3270 403 3325 Plures
435 3275 684 3324 teruntur
710 3267 807 3323 ubi
840 3268 982 3334 dies,
1015 3282 1220 3337 praeses
1242 3265 1400 3333 jubet
1930 3268 2054 3323 Dari
2082 3268 2266 3324 furore
2296 3268 2533 3336 bestiali,
2561 3277 2620 3323 ut
2646 3270 2862 3340 expleat

203 3361 348 3416 Foro
378 3359 448 3414 ad
488 3359 729 3414 tribunal
756 3358 1005 3413 exhiberi
1035 3356 1365 3428 prazsidens;
1794 3398 1799 3403 .
1933 3358 2086 3422 Quod
2117 3374 2227 3413 non
2260 3356 2514 3431 ﬂagellis,
2546 3358 2695 3430 igne,
2726 3360 2870 3414 ferro
2898 3358 3173 3428 praevalet.

203 3450 496 3520 Responsa
527 3448 651 3504 forti
673 3447 1017 3520 proferentes
1038 3453 1264 3518 pectore
1934 3446 2078 3501 Missi
2100 3447 2291 3502 leones
2317 3447 2385 3501 ad
2416 3447 2586 3517 pedes
2617 3448 2810 3501 horum
2844 3456 3011 3502 ruunt

200 3541 357 3604 Quos
383 3537 627 3609 separari
652 3536 844 3592 fraude
868 3545 1058 3591 censet
1082 3534 1338 3599 subdola,
1938 3536 2188 3609 Agnique
2219 3537 2347 3592 facti
2374 3547 2528 3593 torva
2556 3538 2724 3592 corda
2751 3538 3024 3604 nesciunt,

205 3630 479 3685 Fraterna
504 3628 739 3683 credens
765 3643 906 3700 quos
937 3636 1158 3683 tuentur
1187 3626 1408 3694 robora,
1586 3664 1591 3671 .
1936 3626 2185 3700 Aguntur
2213 3626 2345 3692 ursi,
2378 3636 2433 3681 et
2464 3626 2517 3679 hi
2544 3626 2761 3696 piorum
2791 3626 2966 3700 gloria

206 3724 308 3779 Vel
340 3730 633 3799 segregata
669 3723 1020 3794 supprimant
1044 3721 1367 3778 certamina.
1938 3714 2342 3769 Immanitatem
2372 3721 2556 3769 mente
2596 3723 2809 3769 mutant
2834 3715 3036 3769 sobria.

209 3815 556 3871 Felicianum
588 3814 719 3869 hinc
737 3814 938 3870 credier
967 3815 1255 3879 mandans,
1282 3811 1400 3867 foro
1937 3803 2131 3858 Isthmo
2151 3818 2356 3859 corona
2383 3811 2656 3858 contuens
2683 3804 3049 3873 spectantium

208 3907 542 3977 Spectante,
585 3903 792 3975 plumbi
822 3903 1153 3974 proterentis
1192 3902 1439 3965 verbere,
1937 3895 2197 3967 Mirisque
2235 3895 2361 3950 tacti
2391 3896 2559 3951 corda
2589 3893 2989 3950 decertantium

202 3999 335 4063 Aut,
369 3994 596 4068 deligat,
629 3993 896 4064 prOponit
924 4001 984 4045 ut
1015 3991 1169 4047 laetos
1197 3990 1319 4044 dies
1939 3984 2165 4039 Dextras
2193 3984 2324 4039 fidei
2354 3985 2425 4039 ad
2452 3984 2608 4040 mille
2637 3984 2973 4059 quingentos
3004 3984 3205 4040 ferunt.

200 4092 313 4144 Aut
340 4087 657 4163 cogitandis
680 4086 946 4142 macerari
976 4084 1267 4139 machinis.
1940 4081 2155 4152 Angore
2183 4085 2372 4150 septus
2397 4093 2602 4150 praeses
2626 4079 2874 4150 undique
2902 4079 3125 4135 horrido

201 4182 273 4233 At
302 4177 402 4232 ille
437 4194 451 4231 :
500 4197 523 4227 ι
567 4175 662 4231 Cui
687 4175 896 4231 servire
924 4174 1054 4249 legi,
1084 4172 1356 4227 serviam:
1942 4169 2201 4224 Mucrone
2223 4168 2359 4223 caedi
2388 4168 2725 4241 gratulantes
2751 4169 3032 4240 praecipit;

204 4274 331 4328 lere
355 4272 475 4342 jam
505 4271 784 4346 octOginta
812 4284 1003 4325 cursus
1032 4277 1342 4338 temporum
1944 4259 2117 4331 Regni
2141 4273 2375 4314 coronas
2401 4258 2482 4313 sic
2504 4258 2909 4328 triumphantes
2928 4266 3139 4329 petunt,

204 4364 341 4419 libi
362 4370 561 4434 terque
582 4362 712 4416 deni
740 4370 800 4417 ut
824 4361 1114 4416 veritatem
1142 4373 1408 4428 comperi.
1857 4395 1913 4463 D
1942 4349 2031 4405 Sic
2052 4366 2224 4424 regna
2252 4349 2378 4405 caeli
2399 4349 2627 4425 gloriosi
2657 4350 2917 4415 subeunt,

214 4458 241 4463 Δ
332 4456 344 4463 .
447 4456 481 4463 .-
582 4462 587 4463 ,
697 4460 704 4463 .
991 4452 1025 4463 ι.
1077 4453 1088 4463 ι
1313 4450 1342 4463 ν
1946 4441 2147 4463 “2----..
2175 4440 2550 4463 λΥ--....--ι-..--,.
2581 4456 2749 4463 ,μ-Α..
2777 4440 2917 4463 ---ηε

201 4456 381 4522 Queis
401 4456 485 4510 nil
513 4460 814 4510 retrectans
841 4452 1026 4508 saeculi
1057 4453 1130 4506 de
1158 4450 1380 4525 nugulis
1857 4440 1911 4463 ν
1945 4441 2152 4513 Pioque
2172 4440 2552 4496 Numentanus
2579 4456 2749 4515 agger
2772 4440 2980 4510 cespite

198 4549 435 4606 Servire
464 4562 683 4602 summo
705 4544 982 4602 Conditori
1008 4543 1245 4615 praetuli.
1286 4561 1310 4593 η
1945 4536 1987 4588 Α
2016 4535 2338 4591 Christianis
2373 4543 2527 4606 rapta
2552 4535 2743 4590 condit
2770 4535 3024 4609 pignora.

194 4638 296 4694 Sic
334 4637 675 4712 gloriantem
706 4650 911 4705 praeses
950 4633 1153 4688 ardens
1180 4631 1427 4697 vincere,

1709 4727 1923 4783 CAPUT
1972 4728 2064 4783 III.

1550 4866 1625 4925 De
1664 4873 1870 4926 sancto
1912 4862 2235 4925 Pancratii.

194 5005 543 5064 Pancratius
572 5020 710 5075 puer
736 5005 839 5059 hac
864 5019 1028 5079 reges
1057 5003 1162 5058 sub
1194 5010 1376 5077 strage
1404 5001 1706 5071 triumphat
1950 4998 2087 5053 Hinc
2101 4998 2260 5053 multi
2282 4999 2427 5053 hunc
2455 4998 2664 5053 adeunt
2692 4998 3012 5054 discrimina
3039 5006 3186 5055 certa
3214 5008 3489 5075 rogantes,

193 5101 614 5169 Eternamque
637 5104 791 5168 parat
807 5096 1006 5168 capitis
1026 5095 1285 5151 mercede
1312 5107 1595 5150 coronam.
1948 5093 2117 5158 Quem
2159 5104 2384 5164 patruus
2415 5093 2546 5149 fovit
2570 5094 2882 5166 Dionysius,
2912 5101 3077 5167 atque
3107 5095 3278 5149 dicari

196 5192 467 5249 Iembra
497 5191 588 5260 pio
610 5190 835 5261 rapiens
861 5188 1048 5244 studio
1086 5186 1349 5242 Octavilla
1370 5191 1646 5249 venustat,
1949 5185 2119 5240 Fonte
2134 5185 2285 5240 dedit
2317 5185 2459 5252 vitse,
2490 5185 2803 5257 Christique
2825 5186 3077 5241 accendit
3102 5202 3310 5252 amore,

202 5284 385 5340 Haud
418 5283 609 5354 procul
651 5282 798 5338 Urbe
826 5289 1043 5356 tegens,
1075 5280 1247 5334 virtus
1274 5278 1370 5333 ubi
1402 5277 1568 5351 digna
1596 5282 1849 5346 petentes
1950 5264 2163 5332 Robore
2181 5275 2415 5331 ﬁrmavit
2440 5276 2560 5332 fuso
2590 5277 2800 5352 fulgere
2830 5294 3046 5342 cruore,

202 5373 463 5426 Damnat
492 5371 751 5426 inimicos
777 5369 1009 5441 verique
1039 5369 1271 5424 adversa
1300 5366 1563 5421 ferentes.
1951 5368 2151 5439 Sicque
2172 5367 2320 5441 diem
2350 5368 2616 5423 claudens
2647 5370 2865 5440 pietatis
2885 5386 3019 5441 pace
3050 5368 3276 5440 quievit.

198 5459 488 5516 Traditur
518 5460 627 5515 huc
653 5459 700 5514 si
727 5459 853 5531 quis
881 5440 1065 5514 veniat
1094 5456 1336 5529 periuria
1364 5461 1605 5510 tractans
1950 5462 2102 5516 Tunc
2128 5440 2281 5535 virgo
2312 5462 2558 5517 illlustris
2586 5479 2770 5518 veram
2803 5440 2895 5518 est
2917 5465 3124 5517 lucrata
3158 5461 3389 5516 salutem

196 5552 426 5617 Edere,
450 5551 539 5607 vel
563 5552 686 5607 diro
714 5552 926 5624 rapitur
953 5550 1256 5622 spiramine
1287 5556 1483 5619 captus
1959 5551 2213 5623 Corporis
2241 5552 2427 5607 attritu
2453 5553 2679 5622 capiens
2718 5553 2825 5607 hoc
2850 5552 3070 5606 turbine
3099 5551 3357 5621 palmam.

196 5640 321 5697 Vel
353 5640 623 5713 delapsus
650 5641 818 5697 humo
842 5640 1040 5698 vitales
1062 5638 1465 5695 deseritauras.
1958 5640 2125 5696 Sacra
2149 5640 2261 5697 Deo
2279 5640 2486 5696 Soteris
2509 5640 2576 5710 (?)
2606 5647 2660 5696 et
2689 5647 2873 5695 mente
2901 5645 2957 5694 et
2987 5652 3217 5709 corpore
3248 5638 3395 5693 felix.

535 5827 842 5892 PATROL.
895 5825 1233 5891 CXXXV.
3207 5824 3289 5885 23
