3994 6148
534 309 640 366 715
1289 281 1657 364 FLODOARDI
1699 309 2007 366 CANONlCl
2048 309 2376 365 REMENSIS
2415 305 2753 364 OPUSCULA
2794 301 3080 359 METRICA
3747 303 3827 359 ’116

2034 448 2242 504 CAPUT
2288 447 2373 503 IV.

1539 560 1616 619 De
1641 562 1869 620 sanctis
1909 560 2186 632 Claudio,
2221 561 2560 620 Nicostrata
2588 565 2641 615 et
2668 557 2868 616 sociis.

535 695 791 750 Claudius
816 701 980 766 atque
1005 697 1341 752 Nicostratus
1367 713 1490 752 cum
1523 697 1924 768 Symphoriano
2175 705 2225 769 Α
2255 696 2552 768 Lampadio
2574 694 2950 766 disquirantur
2980 697 3242 746 censente
3275 687 3518 742 tribuno.

534 787 886 859 Castorioque
915 788 1263 856 renidebant,
1296 787 1551 843 excidere
1581 788 1727 844 docti
2256 791 2402 855 Quos
2425 789 2518 843 ille
2542 785 2871 861 aggrediens
2899 782 3212 854 Hyperiona
3241 781 3436 835 suadet
3465 778 3699 833 adorent

531 879 819 945 Marmora,
852 880 1155 951 priscorum
1188 879 1358 935 facies
1388 879 1652 953 efﬁngere
1681 880 1749 935 ad
1780 896 2042 955 unguem.
2258 880 2552 936 Consilium
2581 879 2888 934 delatorum
2911 891 3024 948 quo
3046 881 3263 930 vertere
3288 871 3503 944 possint

532 970 882 1045 Sceptrigero
911 971 1041 1026 hinc
1065 971 1213 1026 chari
1237 971 1473 1026 formant
1503 971 1570 1026 ad
1593 973 1747 1042 jussa
1769 972 2009 1038 metalla,
2258 974 2339 1029 llli
2405 980 2737 1029 constanter.
2785 997 2804 1016 -
2850 969 3108 1024 Mannum
3185 979 3466 1036 nunquam
3526 958 3708 1026 edita‘,
3759 975 3834 1015 no-

535 1060 853 1134 Cunclaque
880 1079 980 1134 pro
1011 1057 1155 1118 votis
1189 1079 1532 1135 quaecunque
1571 1064 1812 1135 inccnpta
1851 1069 2156 1136 sequuntur
3625 1053 3787 1126 [51mm

535 1154 668 1208 Dum
689 1154 848 1229 signo
877 1156 1096 1210 munire
1127 1157 1304 1211 crucis
1333 1156 1617 1212 molimina
1638 1163 1847 1211 curant.
2254 1158 2484 1215 Oramus
2509 1158 2798 1213 Dominum
2831 1152 2978 1220 coeli,
3012 1151 3109 1208 sed
3139 1150 3232 1222 qui
3266 1149 3504 1221 imperat
3535 1145 3657 1202 orbi

534 1239 850 1311 Simplicius
875 1241 1127 1312 quidam,
1161 1243 1350 1314 dispar
1379 1252 1586 1309 mente,
1615 1253 1731 1300 arte
1758 1244 1987 1311 sodalis,
2257 1248 2424 1303 Filius
2454 1247 2571 1318 ipse
2599 1247 2716 1313 Dei,
2739 1245 2834 1317 qui
2866 1241 3113 1298 condidit
3141 1239 3348 1304 omnia,
3371 1235 3502 1291 vivi.
3551 1258 3580 1282 ιι

538 1333 672 1387 Dum
703 1333 962 1388 comitum
993 1335 1186 1406 nequit
1207 1335 1432 1410 ingenio
1463 1335 1714 1392 conferre
1740 1335 2010 1403 laborem,
2258 1337 2511 1392 Pluribus
2531 1336 2661 1391 hinc
2690 1331 3020 1399 orsis,varia
3041 1343 3262 1401 quoque
3283 1324 3475 1381 fraude
3517 1319 3716 1392 petitos

536 1423 925 1496 Sollicitusque
949 1442 1180 1482 manens
1207 1427 1402 1498 quaerit
1422 1428 1506 1482 vel
1539 1428 1664 1499 quis
1697 1429 1841 1482 Deus
1868 1429 2066 1483 horum
2259 1429 2391 1483 Dum
2436 1426 2870 1499 perstantvalidi
2901 1423 3154 1479 custodia
3193 1413 3632 1492 publicasumit;

537 1510 770 1566 Nomine
787 1511 889 1566 sub
917 1514 1076 1584 cujus
1107 1522 1214 1568 tam
1246 1523 1464 1585 compta
1491 1514 1729 1570 edantur
1757 1521 1810 1570 et
1841 1522 1986 1586 apta,
2261 1521 2292 1570 Λ
2305 1526 2436 1588 tque
2465 1515 2574 1571 ﬁde
2606 1515 2797 1575 Christi
2820 1514 2958 1569 verti
2986 1529 3099 1568 non
3130 1524 3293 1582 posse
3324 1503 3573 1579 probati,

536 1599 970 1671 Symphorianus
990 1603 1039 1656 ei
1062 1603 1165 1658 hoc
1194 1604 1376 1658 studio
1393 1612 1610 1658 secreta
1639 1604 1888 1678 roganti:
2257 1609 2518 1683 Tegmine
2548 1608 2826 1663 nudantur
2845 1603 3145 1678 ﬂagrisque
3175 1606 3433 1656 secantur
3449 1593 3648 1650 acutis.

538 1709 568 1740 α
602 1690 844 1745 Credere
866 1692 911 1746 si
935 1693 1137 1758 valeas,
1169 1692 1369 1764 inquit,
1391 1693 1700 1764 pandemus
1731 1700 1978 1748 utartem
2265 1697 2592 1769 Lampadius
2624 1696 2756 1751 dum
2777 1695 3007 1749 dilaniat
3035 1699 3188 1748 torvo
3204 1691 3407 1759 impete
3439 1690 3662 1740 sanctos

540 1780 814 1848 invenias,
844 1781 1144 1853 capiasque
1170 1783 1360 1856 jugem
1385 1784 1508 1838 sine
1531 1784 1705 1838 limite
1732 1784 1919 1839 vitam.
1954 1806 1980 1832 η
2264 1789 2520 1842 Βεειηοηθ
2541 1793 2846 1856 correptus,
2878 1792 3018 1838 tetro
3048 1779 3358 1836 demittitur
3381 1777 3546 1841 Orco,

538 1871 768 1942 Moxque
797 1871 905 1928 fide
937 1882 1161 1928 ostensa
1186 1875 1444 1941 solidant,
1483 1882 1784 1948 sanctoque
1823 1875 2022 1946 Cyrillo
2264 1879 2473 1933 Auditis
2502 1879 2703 1950 quibus
2732 1877 3008 1950 Augustus
3032 1872 3280 1943 furiaque
3319 1868 3574 1940 repletus

539 1961 872 2016 Sacrandum
906 1963 1211 2033 assignant,
1246 1965 1372 2019 diva
1401 1981 1564 2036 quem
1589 1965 1749 2020 diluit
1781 1964 1928 2020 unda
2187 2026 2231 2040 η
2265 1971 2482 2026 Mandat
2512 1969 2590 2024 uti
2633 1968 2860 2040 plumbo
2896 1965 3059 2023 loculi
3079 1965 3347 2020 ducantur
3373 1969 3430 2015 et
3458 1959 3577 2013 illic

545 2053 913 2125 lnformatque
943 2055 1131 2119 sacris,
1164 2066 1218 2111 et
1248 2026 1478 2127 mystica
1507 2057 1654 2112 dona
1685 2056 1890 2111 revelat
2187 2026 2234 2092 Β
2263 2063 2596 2118 Claudantur
2624 2026 2754 2125 vivi,
2786 2059 3048 2130 ﬂuviique
3080 2062 3331 2130 tegantur
3361 2054 3419 2108 in
3454 2050 3646 2114 undis.

542 2142 650 2196 Nec
677 2142 898 2216 longum
924 2159 954 2197 a
983 2143 1226 2214 SOphiC-is
1257 2144 1420 2198 delati
1454 2144 1642 2198 munia
1675 2144 1870 2198 Christi
2270 2151 2396 2207 Post
2423 2167 2671 2206 mensem
2703 2150 2786 2203 bis
2814 2164 3024 2220 sexque
3052 2145 3410 2201 diesinventa
3433 2140 3623 2196 ﬁdelis

545 2237 854 2304 Decertare,
888 2254 992 2292 nec
1021 2238 1258 2293 indictos
1287 2238 1562 2294 excudere
1585 2239 1743 2294 divos
2269 2243 2604 2298 Nicodemus
2631 2241 2854 2313 quidam
2888 2239 3035 2295 levat
3063 2237 3246 2304 undis,
3277 2235 3422 2291 alma
3453 2231 3717 2302 domique

542 2327 712 2395 Velle,
739 2329 1006 2397 jubentur
1035 2329 1114 2385 uti
1142 2329 1315 2386 doctae
1341 2330 1721 2387 moderamine
1752 2329 1954 2404 linguae
2270 2330 2505 2406 Pignora
2534 2346 2663 2386 cum
2692 2329 2886 2385 loculis
2911 2328 3155 2399 pretiosa
3170 2326 3370 2383 talenta
3388 2320 3664 2378 recondit.

2057 2465 2268 2521 CAPUT
2305 2465 2366 2522 V.

1700 2573 1778 2632 De
1804 2581 2012 2633 sancto
2038 2572 2254 2634 Severo
2283 2590 2353 2632 ac
2377 2573 2731 2635 Severiano.

545 2701 782 2756 Severus
802 2716 866 2756 ac
897 2699 1224 2756 Severianus
1253 2699 1604 2771 postmodum
2267 2697 2395 2762 Quae
2427 2697 2480 2752 ni
2508 2703 2824 2768 precentur,
2853 2693 3005 2751 caede
3037 2690 3292 2765 plumbea
3324 2687 3558 2754 cadent,

545 2789 831 2862 Simulque
848 2789 1180 2855 Victorinus,
1212 2795 1377 2861 atque
1409 2789 1606 2845 horum
1638 2804 1828 2845 comes
2267 2789 2497 2846 Mactata
2527 2789 2796 2844 mandans
2829 2788 2886 2842 in
2906 2786 3087 2859 platea
3107 2798 3337 2856 corpora

545 2876 952 2948 CarpOphorus,
985 2878 1089 2933 acti
1120 2877 1187 2932 ad
1204 2893 1379 2945 sacra,
1414 2877 1564 2933 nullo
1594 2877 1882 2948 subjacent
2268 2877 2509 2933 Canibus
2539 2877 2779 2948 relinqui
2807 2877 2894 2932 vel
2926 2875 3056 2931 feris
3087 2871 3428 2930 volucribus.

547 2970 725 3026 Litare
744 2987 932 3036 suasu,
957 2986 1058 3026 nec
1076 2970 1262 3036 minis,
1299 2986 1402 3026 nec
1424 2970 1711 3025 fraudibus
2267 2969 2397 3034 Quae
2431 2971 2548 3025 sole
2579 2969 2770 3042 quinto
2809 2973 3039 3039 exposta
3068 2973 3357 3038 postquam
3389 2963 3474 3018 sic
3501 2962 3693 3032 jacent

546 3059 764 3124 Queunt
791 3058 1000 3114 moveri
1032 3058 1175 3114 colla
1201 3059 1336 3114 dent
1362 3066 1420 3113 ut
1448 3058 1655 3130 impiis.
2269 3063 2472 3118 Levant
2503 3062 2580 3134 pii
2619 3062 2851 3118 collecta
2881 3060 3079 3116 Christi
3109 3058 3375 3116 vernulae.

548 3151 672 3206 Haec
703 3152 1020 3207 turbulento
1041 3153 1170 3206 dum
1198 3152 1435 3208 citantur
1465 3151 1724 3223 principi,
1771 3167 1780 3174 '
2266 3151 2556 3208 Praemissa
2579 3152 2732 3221 juxta
2761 3151 3099 3208 collocantes
3138 3147 3333 3204 funera

543 3240 710 3296 lubet
738 3241 1088 3312 applicentur
1122 3248 1248 3297 ante
1269 3257 1424 3296 sacra
1453 3240 1710 3312 Asclepii,
2267 3241 2365 3296 Ubi
2397 3249 2454 3297 et
2477 3241 2697 3297 coronis
2725 3240 3034 3317 gloriantur
3060 3245 3318 3311 quatuor.

2051 3365 2263 3421 CAPUT
2303 3366 2392 3420 Vl.

1900 3475 1980 3534 De
2016 3483 2222 3536 sancto
2268 3475 2536 3536 Genesio.

550 3613 834 3670 Mimorum
865 3613 1128 3685 princeps
1156 3613 1465 3686 lepidaeque
1497 3612 1765 3669 Genesius
1793 3613 1925 3668 artis
2196 3617 2246 3683 C
2275 3613 2344 3669 Se
2366 3614 2639 3671 charisma
2669 3615 2765 3672 Dei
2789 3616 2919 3672 totis
2948 3615 3160 3672 ambire
3185 3613 3472 3679 medullis,

551 3702 789 3758 Vertitur
814 3708 867 3758 et
882 3702 1127 3774 quatitur
1157 3702 1350 3758 tritura
1381 3703 1501 3770 hac,
1535 3709 1700 3773 atque
1729 3701 2009 3773 probatur,
2274 3702 2390 3768 Quo
2430 3714 2728 3761 renovatus
2753 3706 2934 3777 aquis,
2964 3705 3148 3778 pravis
3176 3703 3426 3777 rapiatur
3457 3701 3532 3758 ab
3578 3702 3739 3759 actis.

552 3797 924 3867 lnventusque
959 3795 1166 3866 probus
1195 3795 1531 3870 dignusque,
1564 3795 1677 3866 poli
1709 3796 1904 3851 horrea
1933 3793 2166 3850 scandit.
2275 3792 2453 3865 thue
2475 3794 2804 3849 sacramenti
2829 3794 3174 3866 complentes
3197 3793 3429 3865 mystica
3462 3792 3679 3848 Christi

553 3885 650 3940 llic
677 3892 861 3940 torvos
888 3884 1052 3960 nugis
1072 3885 1289 3940 animos
1317 3884 1493 3940 lenire
1525 3891 1716 3940 suetus
2275 3881 2529 3937 Vestibus
2550 3883 2697 3938 hunc
2726 3882 2988 3938 decorant
3019 3884 3180 3949 albis,
3206 3897 3332 3938 mox
3359 3881 3544 3937 milite
3580 3887 3775 3953 raptus

552 3977 842 4049 Principis,
876 3987 1042 4049 atque
1064 3978 1210 4033 feros
1240 3977 1372 4033 ludo
1403 3993 1738 4049 componere
1769 3993 1998 4045 sensus;
2275 3970 2497 4027 Sistitur
2526 3980 2584 4026 ut
2614 3973 2743 4028 ludo
2773 3973 2959 4044 specie
2991 3974 3220 4029 scitetur
3247 3971 3422 4028 inani.

553 4067 780 4122 Deditus
811 4073 866 4122 et
896 4067 1126 4137 placitos
1151 4067 1446 4140 grassatori
1469 4066 1637 4120 edere
1664 4071 1875 4139 gestus,
2274 4061 2368 4116 llle
2401 4062 2560 4116 datus
2591 4077 2773 4117 coram
2804 4062 2954 4118 subit
2970 4062 3121 4118 edita
3149 4062 3342 4134 sicque
3366 4060 3632 4133 profatus

555 4157 830 4212 Festivum
859 4157 1117 4212 simulare
1145 4156 1356 4221 dolum,
1390 4156 1445 4210 in
1471 4155 1652 4210 derisa
1681 4156 1887 4212 referre
2273 4154 2531 4209 lnchoat:
2577 4175 2602 4206 α
2643 4153 2804 4222 Audi,
2835 4156 3102 4228 Auguste,
3127 4154 3268 4224 jocis
3297 4154 3591 4210 exercitus
3625 4159 3815 4208 astans

554 4247 772 4303 Crudeli
808 4245 1055 4302 infensos
1069 4245 1281 4317 captori
1312 4243 1525 4300 ludicra
1553 4244 1706 4299 ritus.
2275 4248 2471 4304 Audiat
2499 4255 2554 4304 et
2592 4249 2782 4322 populi
2812 4249 3093 4321 sapientes
3120 4249 3277 4304 urbis
3296 4249 3504 4321 Opima;

557 4343 696 4418 Ergo
736 4343 829 4396 die
851 4342 1088 4412 quodam
1126 4347 1348 4396 tentans
1367 4338 1608 4394 ludenda
1639 4354 1833 4410 parare
2276 4342 2571 4396 Advertant
2596 4359 2608 4395 :
2638 4356 2741 4413 ego
2773 4339 3109 4396 Christicolae
3138 4339 3225 4395 vel
3256 4355 3466 4395 nomen
3489 4340 3819 4396 abhorrens

559 4436 822 4490 Perverso
853 4434 1149 4504 spectatori
1171 4433 1433 4504 mysteria
1463 4431 1659 4487 Christi
2277 4433 2472 4489 Christi
2497 4433 2831 4488 insultabam
2859 4433 3078 4488 famulis
3098 4433 3359 4504 ipsosque
3391 4441 3669 4503 parentes

558 4528 817 4601 Nugator,
851 4526 1032 4582 medio
1065 4525 1326 4598 proponit
1354 4541 1570 4580 acrama
1591 4526 1804 4583 theatro
2280 4526 2528 4582 Nominis
2557 4542 2850 4582 exsecrans
2878 4525 3038 4582 titulo
3072 4534 3179 4581 tam
3205 4525 3414 4581 risibus
3443 4537 3610 4598 apta,

558 4621 621 4676 Ut
644 4621 810 4676 cubet
835 4626 1073 4694 aegrotus
1093 4625 1391 4691 poscatque
1422 4621 1597 4675 salute
1629 4620 1922 4676 lavacrum.
2281 4622 2461 4678 Rebar
2477 4631 2538 4678 ut
2566 4627 2624 4681 in
2655 4635 2907 4681 nostrum
2932 4624 3190 4696 mysteria
3207 4632 3431 4680 vertere
3471 4624 3688 4682 ludum

557 4735 581 4757 α
626 4709 774 4778 lleia,
811 4709 1008 4782 inquit,
1040 4709 1234 4778 nostri,
1267 4709 1448 4782 gravis
1485 4725 1578 4776 en,
1614 4709 1772 4776 levis,
1795 4716 2014 4781 expeto,
2041 4709 2134 4766 red

1887 4716 2014 4776 ηδιον
2041 4709 2176 4766 Γθά-
2279 4721 2491 4778 Niterer
2515 4721 2695 4777 excito
2717 4727 2938 4792 turpare
2965 4735 3164 4774 arcana
3193 4719 3464 4786 cachino;

1969 4801 2106 4874 [dan
2279 4814 2372 4869 Ast
2399 4819 2460 4868 ut
2489 4827 2660 4883 aquas
2689 4809 2845 4882 tetigi
2878 4808 3120 4881 fideique
3150 4809 3366 4880 profata
3399 4812 3680 4882 rependi,

554 4893 831 4969 (ἰοιιθεωτ
861 4925 923 4935 ’“
957 4892 1185 4989 Ρδδτίξιθ
1211 4907 1426 4989 “fmus;
1451 4899 1506 4989 ίίξ
1533 4897 1627 4989 ξω
1658 4892 1889 4948 "mem
1919 4899 2103 4949 ηοείτδ
2192 4919 2253 4989 D
2281 4905 2502 4963 Coelitus
2529 4904 2790 4960 emissam
2817 4902 2982 4958 video
3016 4901 3150 4957 mihi
3168 4902 3395 4958 verticis
3420 4902 3539 4959 alta

555 4987 686 5042 Esse
725 4987 899 5042 levem
929 4984 1135 5041 faciet?
1172 5005 1201 5036 ιο
1244 4983 1436 5055 Populi
1466 4983 1646 5040 ridere
1685 4999 1888 5040 corona
2192 4983 2239 4989 ”
2277 4994 2587 5052 protexisse
2609 5009 2853 5059 manum,
2883 4991 3006 5047 caeli
3031 5005 3118 5045 me
3142 4990 3388 5047 ambisse
3407 4993 3667 5050 colonos

552 5078 786 5134 Vesani:
820 5078 913 5132 ille
941 5077 1124 5132 subit:
1171 5097 1196 5128 α
1240 5075 1436 5132 Christi
1462 5077 1588 5132 volo
1618 5075 1796 5131 cultor
1832 5075 1989 5131 obire
2277 5085 2508 5141 Lumine
2538 5082 2835 5158 fulgentes,
2867 5096 3068 5152 supero
3094 5079 3354 5152 libroque
3381 5081 3646 5140 citantes

556 5201 619 5210 --
647 5168 848 5235 Quare,
870 5165 1070 5224 aiunt?
1097 5197 1168 5206 —
1195 5166 1440 5233 Summa,
1485 5165 1596 5242 ille,
1638 5165 1728 5222 die
1750 5179 1860 5238 quo
1894 5165 2175 5243 transfuga
2276 5179 2405 5245 Quae
2435 5177 2584 5251 gessi
2608 5192 2640 5230 a
2669 5188 2841 5246 puero
2870 5173 3034 5240 mala,
3075 5170 3444 5244 delentesque
3474 5173 3725 5231 lavacro

1811 5259 2033 5332 [sumar.
2074 5287 2100 5312 ιο
2277 5267 2621 5338 Scripturam
2655 5265 2796 5319 hanc
2819 5262 2940 5334 ipso
2971 5262 3174 5318 tinctus
3205 5277 3319 5333 quo
3350 5263 3652 5321 candidus
3685 5272 3832 5321 asto.

552 5350 814 5408 Ecclesia}
845 5351 1054 5407 accitus
1093 5351 1242 5406 venit
1267 5351 1559 5417 exorcista,
1587 5352 1867 5420 sacerdos,
2277 5361 2340 5417 Et
2368 5359 2493 5416 nive
2521 5356 2842 5414 candidiore
2867 5354 3000 5410 dein
3042 5354 3342 5425 splendore
3362 5369 3646 5414 corusco.

551 5445 652 5509 Qui
694 5445 834 5500 lecto
866 5460 1028 5499 secus
1051 5444 1302 5498 assidunt
1332 5445 1489 5515 quasi
1520 5443 1736 5500 lusibus
1757 5435 1910 5521 aegri.
2277 5455 2482 5526 Inclyte
2513 5468 2660 5509 nunc
2701 5452 2864 5524 igitur
2892 5450 3167 5521 princeps,
3202 5449 3516 5522 populique
3554 5467 3869 5525 sequaces.

549 5535 687 5589 Ecce
711 5541 939 5606 repente
970 5535 1081 5590 Deo
1111 5533 1303 5588 fraude
1331 5533 1632 5604 inspiratur
1657 5534 1885 5602 abacta;
2276 5546 2476 5602 omnes
2505 5544 2599 5616 qui
2627 5558 2842 5598 mecum
2877 5541 2996 5596 haec
3016 5539 3280 5612 mysteria
3299 5547 3460 5615 gesta
3490 5541 3801 5610 probatis,

551 5625 798 5695 Dumque
825 5631 1019 5698 rogant
1062 5623 1198 5696 quid
1231 5639 1326 5678 eos
1363 5624 1708 5692 vocitaverit,
1737 5626 1926 5682 omnia
1958 5641 2174 5699 ponens
2276 5637 2405 5693 Esse
2447 5636 2618 5690 Deum
2662 5647 2852 5687 verum
2891 5630 3183 5687 Dominum
3225 5644 3452 5702 quoque
3496 5632 3746 5689 credite
3783 5631 3942 5687 Chri-

547 5716 714 5774 Prisci
744 5716 886 5773 furta
916 5717 1051 5785 doli,
1090 5729 1230 5791 puro
1262 5717 1375 5787 jam
1407 5717 1574 5775 corde
1594 5717 1797 5774 fatetur
3679 5725 3875 5797 [sum
