3962 6140
232 259 336 315 717

233 391 387 446 Hunc
411 390 598 446 lumen
627 390 844 446 radiare
875 391 1056 462 pium,
1085 408 1268 448 veram
1295 394 1438 448 hanc
1463 395 1720 465 pietatem

231 482 560 554 Sumpturos
587 483 830 548 veniam,
864 484 907 537 si
934 485 1166 554 poenitet
1185 501 1327 552 esse,
1362 503 1460 556 per
1490 487 1687 558 ipsum.
1716 512 1740 534 υ

231 571 599 641 lnduperator
628 571 697 625 ad
727 573 841 626 haec
864 571 943 625 ira
971 572 1214 642 repletus
1243 590 1425 628 amara

231 660 489 714 Fustibus
519 661 687 726 hunc,
721 659 841 714 dire
878 660 1265 716 etvehemeuti
1296 662 1525 716 verbere
1553 667 1778 727 tortum,

233 753 496 809 Praefecto
521 753 730 808 addicit
755 753 1008 808 Plutiano
1037 768 1236 827 cogere
1267 755 1439 808 sacris

228 845 546 911 Tormento,
587 845 746 914 cujus
764 844 1016 900 lacerans
1044 852 1195 900 secat
1224 847 1428 920 ungula
1449 862 1706 917 pensum;

229 938 598 1010 Lampadibus
629 946 802 994 tostus
834 937 962 994 fidei
1004 939 1060 993 in
1089 939 1362 1010 przeconia
1401 941 1582 1007 durat,

952 261 1036 314 DE
1073 259 1329 316 CHRISTI
1371 262 1736 319 TRIUMPHIS
1776 265 1948 320 APUD
1990 267 2258 323 ITALIAM
2297 269 2473 326 LIBRI
2514 273 2644 330 XVI.
2687 306 2756 316 —
2797 276 2920 332 LIB.
2965 279 3024 334 V.

3461 285 3567 341 718

1855 405 1928 476 ¹Α
1958 400 2068 454 Rex
2097 417 2196 471 pro
2224 418 2334 472 quo
2365 403 2585 459 occidar
2613 407 2658 460 si
2687 407 2891 464 millies
2922 411 3039 480 ipse
3059 413 3298 469 manebo
3329 432 3344 468 :

1955 495 2052 560 Qui
2082 493 2722 568 cmpiChristum,rapiet
2749 499 2883 554 mihi
2917 502 3102 556 nullus
3129 504 3198 558 ab
3233 520 3367 560 ore:

1953 585 2241 655 Nunquam
2295 585 2522 640 acorde
2577 603 2702 643 meo
2760 588 3030 646 Christum
3085 600 3358 650 tormenta
3387 599 3570 668 repel-

3365 690 3500 763 [lent

1953 770 2190 826 Paenitet
2213 780 2267 827 at
2297 773 2527 830 nimium
2561 777 2806 834 horroris
2833 797 2943 852 quo
2971 782 3163 838 caelica
3193 782 3311 850 risi,

1953 860 2139 916 Serius
2159 869 2214 917 et
2240 863 2442 939 Regem
2462 869 2611 938 quod
2643 870 2744 924 tiro
2785 872 3061 941 superbus
3089 874 3258 932 adivi.
3290 905 3319 934 ι)

1958 949 2046 1004 llis
2075 959 2326 1022 perstans
2345 956 2602 1028 claraque
2629 959 2725 1013 Dei
2743 963 2846 1016 sub
2876 964 3036 1022 laude
3054 974 3330 1029 resultans

231 1057 257 1079 α
292 1031 496 1088 Praeter
520 1048 668 1100 eum,
687 1033 905 1101 dicens,
929 1050 1094 1106 quem
1113 1034 1246 1101 vidi,
1267 1051 1434 1107 quem
1465 1036 1609 1104 colo,
1629 1052 1739 1093 non
1772 1045 1854 1092 est
1955 1038 2194 1111 Martyrii
2219 1043 2442 1099 tandem
2461 1053 2720 1104 aeternam
2745 1053 2890 1123 capit
2908 1071 3042 1112 ense
3073 1075 3354 1118 coronam.

1683 1183 1893 1240 CAPUT
1935 1186 2047 1241 VII.

1579 1293 1655 1352 De
1695 1303 1906 1354 sancta
1950 1292 2164 1356 Lucia.

227 1425 442 1481 Nobilis
471 1425 634 1494 hujus
661 1441 798 1480 anus
822 1425 1022 1501 stragis
1042 1426 1202 1482 Lucia
1225 1427 1409 1501 rigore

229 1516 364 1570 Coeli
385 1516 531 1571 celsa
558 1517 696 1587 petit
724 1517 946 1572 viduam
967 1534 1130 1588 quam
1163 1519 1587 1588 pluribusannis

226 1609 428 1663 Dextra
450 1608 546 1662 Dei
576 1615 818 1663 sanctam
848 1625 1048 1680 supero
1076 1612 1309 1665 servavit
1339 1612 1562 1668 honore.

227 1697 400 1752 Filius
429 1697 571 1753 hanc
601 1698 820 1753 famulis
849 1700 1113 1754 Dominus
1142 1717 1245 1756 ceu
1273 1702 1524 1770 przecinit
1545 1702 1678 1758 olim
1702 1721 1716 1767 ;

227 1786 470 1840 Adversa
490 1785 670 1841 defert
699 1786 896 1842 Christi
933 1788 1042 1842 diis
1069 1789 1250 1844 vivere
1278 1790 1422 1866 lege.

1954 1431 2278 1488 Innumeros
2299 1434 2487 1492 suffire
2515 1439 3056 1519 solensstolidoigne
3088 1449 3323 1519 colebat,

1955 1523 2130 1594 thue
2161 1527 2383 1583 domum
2413 1533 2709 1600 pertransit
2739 1536 2855 1590 ovis
2895 1542 3185 1596 mactanda
3225 1547 3466 1601 tonantis

1955 1612 2029 1666 En
2051 1614 2238 1671 subito
2263 1619 2419 1674 coelis
2446 1621 2564 1674 visa
2586 1630 2669 1676 est
2691 1623 2899 1696 allapsa
2930 1629 3186 1686 columba

1881 1751 1928 1816 Β
1958 1702 2204 1774 Etsuper
2233 1706 2488 1782 efﬁgians
2529 1718 2610 1765 ter
2646 1713 2902 1788 stigmata
2928 1717 3238 1776 Gcminiani

1957 1791 2103 1816 ηιμ,
2145 1797 2315 1816 “ML
2350 1814 2392 1816 -_
2489 1810 2499 1816 .
2650 1802 2660 1812 .
2871 1806 2882 1816 -

1957 1791 2110 1847 Clara
2139 1797 2319 1851 crucis
2341 1810 2506 1869 caput
2533 1802 2730 1857 annisu
2760 1806 3080 1863 moderante
3106 1813 3330 1873 resedit.

225 1880 399 1944 Quam
425 1879 586 1948 jubet
615 1879 812 1935 adduci
872 1881 1091 1936 ductam
1134 1885 1562 1957 aggrediturque
1592 1893 1856 1956 tyrannus
1957 1883 2007 1936 Is
2037 1899 2260 1956 quoque
2287 1889 2598 1958 suspiciens
2624 1893 2748 1947 coeli
2780 1896 2887 1949 alta
2921 1905 3201 1966 patescere
3223 1906 3400 1960 cernit

225 1975 385 2039 Quod
414 1992 577 2031 cruce
604 1975 878 2031 conﬁxum
901 1977 1043 2032 colat
1071 1979 1412 2052 insultetque
1446 1983 1663 2038 sacellis
1697 2001 1711 2035 :

223 2072 424 2127 Vivere
452 2072 499 2126 si
518 2072 710 2139 libeat,
741 2073 883 2127 divis
910 2074 1044 2128 dare
1068 2077 1224 2130 thura
1257 2079 1609 2150 pr0pinquet,

225 2162 346 2227 Quo
377 2163 481 2217 sibi
505 2163 733 2234 propitii
767 2180 865 2234 per
893 2180 1046 2219 sacra
1076 2166 1324 2221 litamina
1356 2179 1585 2238 pareant

227 2279 251 2296 -
294 2252 542 2323 PrOpitii,
583 2252 696 2320 illa,
719 2253 824 2307 sibi
858 2269 1060 2325 neque,
1093 2271 1198 2310 nec
1225 2257 1702 2329 cultoribusipsis,

222 2344 364 2399 Nam
394 2345 528 2399 mihi
561 2345 836 2417 propitius
861 2349 1127 2404 Dominus
1153 2366 1310 2405 meus
1347 2367 1469 2406 esse
1496 2352 1696 2418 suevit,

221 2436 339 2492 Nec
366 2437 580 2509 linquet
609 2454 804 2508 pmnas
832 2455 934 2511 pro
964 2441 1122 2509 cujus
1144 2456 1329 2497 amore
1344 2453 1532 2514 parata

224 2527 814 2598 Quaslibetintuleris,
845 2547 966 2587 sum
998 2533 1164 2599 ferre,
1192 2541 1247 2589 et
1273 2535 1491 2590 vincula
1531 2544 1584 2590 et
1614 2537 1792 2610 ignes.
1822 2560 1846 2586 ιο

224 2618 551 2674 Femineum
583 2621 809 2692 capiens
839 2624 1005 2678 robur
1031 2625 1293 2696 vincique
1322 2643 1625 2697 pavescens

227 2709 480 2765 Carceris
508 2712 650 2766 hanc
679 2711 908 2767 coluber
945 2714 1170 2769 mandat
1195 2715 1349 2771 vafer
1377 2716 1570 2771 abdier
1587 2719 1782 2775 antris.

233 2801 333 2858 Hic
358 2805 645 2861 hominum
668 2807 969 2863 desolatam
997 2808 1281 2864 fulcimine
1313 2820 1512 2865 cuncto

233 2892 350 2946 Rex
383 2908 518 2947 suus
557 2895 703 2949 haud
733 2896 926 2964 abicit,
954 2897 1079 2952 coeli
1103 2897 1362 2972 dignatur
1402 2901 1611 2955 honore

225 2984 451 3040 Tollere
479 2993 534 3042 et
559 2988 801 3044 aethereo
826 2990 1013 3045 solans
1037 2992 1281 3047 relevare
1314 2994 1514 3049 nitore.

229 3078 412 3134 Volvit
440 3085 593 3135 atrox
624 3079 794 3137 furias
821 3082 908 3138 leo
938 3091 1386 3157 temueutemque
1409 3087 1656 3156 rapinam

228 3171 474 3243 Carpere
503 3174 803 3231 bacchatur
830 3191 1124 3250 coramque
1156 3179 1382 3234 reducta
1407 3179 1570 3235 beata

227 3262 462 3317 Femina
491 3264 763 3338 subigitur
788 3265 983 3341 rigidis
1013 3268 1080 3322 ad
1120 3268 1350 3323 verbera
1372 3269 1537 3344 lignis
1569 3288 1582 3336 ;

231 3353 488 3426 Dumque
527 3355 622 3411 diu
652 3357 868 3424 teritur,
909 3359 1131 3416 subitus
1161 3345 1365 3417 tremor
1391 3362 1780 3418 incutitaedem

229 3444 648 3518 Delubrumque
672 3446 827 3503 Jovis
853 3449 1008 3520 lapsu
1047 3449 1296 3505 dissolvit
1322 3452 1530 3522 epimo,

229 3533 545 3592 Parietibus
566 3536 736 3608 lapidi
766 3544 826 3593 ut
850 3539 990 3610 lapis
1017 3539 1166 3594 haud
1195 3541 1405 3597 haerere
1425 3545 1651 3600 valeret.

227 3623 443 3681 Sevior
467 3633 521 3680 at
542 3626 721 3682 dirum
748 3629 971 3701 gravius
990 3631 1177 3701 coquit
1215 3631 1295 3685 ira
1335 3632 1607 3702 lanistam,

225 3718 540 3790 Aﬁ‘errique
558 3719 764 3789 jubens
793 3722 1036 3793 amplum
1054 3724 1190 3779 vasti
1221 3725 1348 3779 aeris
1373 3728 1633 3795 ahenum,

227 3812 459 3884 Repleri
489 3813 738 3884 plumbo,
771 3816 892 3886 pice
920 3818 1166 3884 mandat,
1191 3827 1246 3873 et
1267 3819 1453 3874 omnia
1471 3820 1676 3874 circum

229 3905 458 3961 Robore
496 3907 745 3962 succindi
775 3909 946 3964 latera
972 3910 1102 3966 hinc
1118 3921 1282 3983 atque
1307 3911 1436 3967 inde
1459 3923 1684 3988 gregato

231 3993 608 4067 lmmergique
632 4003 817 4052 truces
846 3999 1129 4055 victricem
1173 4001 1489 4058 Hammonis
1520 4003 1575 4057 in
1605 4003 1732 4078 igne

228 4083 350 4148 Qua
380 4083 514 4138 dum
543 4085 665 4141 laeta
690 4093 896 4159 trepaaa
925 4089 1102 4144 tribus
1119 4092 1267 4146 canit
1297 4091 1388 4146 illa
1404 4092 1621 4160 diebus,

227 4175 428 4230 Visere
459 4177 700 4234 crudelis
726 4186 839 4236 tota
864 4197 933 4235 an
961 4182 1276 4238 subsederit
1307 4185 1481 4239 hostis

229 4265 296 4321 In
328 4267 551 4323 cineres
567 4268 734 4344 legat,
766 4273 962 4344 recipit
991 4275 1120 4345 quia
1149 4275 1300 4330 salva
1327 4276 1572 4344 resultet,

225 4355 346 4411 Nec
377 4356 594 4412 feritate
613 4367 771 4414 vacat
803 4362 1088 4431 perculsus
1113 4363 1355 4420 culmine
1389 4372 1554 4420 tanta:

225 4447 469 4504 Virtutis
490 4449 692 4519 lanius,
724 4451 894 4508 furias
922 4471 1104 4526 neque
1133 4472 1341 4528 ponere
1373 4465 1575 4520 motus.

225 4535 736 4607 Praecipitinsanus
764 4541 908 4598 ferro
939 4544 1281 4617 plumboque
1323 4563 1423 4618 per
1459 4548 1615 4603 urbis

227 4629 503 4685 Ductetur
515 4632 716 4687 mulier
737 4633 930 4690 victrix
951 4646 1178 4693 onerata
1203 4638 1431 4709 plateas.

224 4717 338 4771 Illa
365 4725 559 4773 ornata
589 4737 779 4778 means
805 4724 1067 4796 gravibus
1097 4743 1195 4796 per
1217 4729 1457 4800 compita
1482 4729 1692 4798 baccis,

221 4807 465 4864 Accedit
491 4810 708 4866 foribus
736 4812 872 4870 civis
891 4815 978 4870 cui
1011 4816 1370 4874 Geminianus

227 4899 590 4972 Cognomen,
631 4901 848 4973 pollens
876 4905 1077 4977 opibus
1119 4907 1213 4979 qui
1234 4909 1394 4964 thure
1425 4903 1688 4981 penates"

1957 1971 2384 2046 Proripiensque
2410 1976 2613 2052 fugam,
2655 1983 2824 2037 celeri
2853 1987 2989 2054 petit
3017 1987 3221 2060 impete
3251 2009 3505 2065 campum

1955 2064 2068 2127 Qua
2096 2067 2294 2121 mulier
2314 2069 2511 2125 virtute
2542 2072 2711 2127 animi
2747 2082 3017 2133 tormenta
3047 2080 3303 2157 fatigans,

1954 2154 2311 2213 Praevalidum
2341 2159 2477 2216 duro
2509 2170 2699 2219 tractat
2726 2166 3020 2226 luctamine
3050 2154 3278 2241 bellum,

1950 2249 2329 2321 Certantisque
2357 2261 2550 2322 petens
2580 2273 2755 2327 prono
2771 2243 3009 2336 vestigia
3039 2280 3203 2319 cursu

1951 2342 2188 2399 Cernere
2210 2348 2357 2416 quod
2386 2364 2600 2404 cessum
2634 2355 2825 2428 pangit
2879 2372 3031 2412 sacra
3081 2377 3310 2416 munera
3342 2377 3577 2432 poscens

1953 2432 2068 2496 Quo
2100 2433 2239 2490 duce
2269 2437 2502 2506 sydereo
2533 2439 2814 2498 Protasius
2845 2444 2924 2499 ire
2937 2449 3198 2503 sacerdos

1955 2523 2279 2595 Przecipitur
2299 2527 2539 2600 divoque
2566 2533 2788 2589 avidum
2819 2553 3056 2610 purgare
3090 2541 3301 2596 lavacro

1952 2616 2110 2671 Jussa
2131 2620 2294 2692 gerit,
2328 2638 2576 2694 puroque
2595 2626 2768 2680 virum
2795 2638 2974 2685 sacrat
3004 2648 3033 2684 a
3056 2633 3182 2687 nive
3219 2635 3452 2704 piatum,

1957 2707 2139 2764 Tertia
2170 2710 2238 2765 ab
2271 2712 2401 2768 inde
2432 2715 2552 2769 dies
2582 2717 2828 2774 victricia
2860 2721 3004 2777 bella
3029 2724 3286 2780 reformat

1959 2802 2090 2858 Cum
2124 2823 2254 2878 rege
2283 2807 2588 2866 [Eneadum
2623 2813 2747 2868 laeta
2780 2816 2957 2872 tirone
2983 2821 3217 2884 recenti,

1953 2895 2264 2955 Tormentis
2292 2918 2434 2973 quos
2464 2904 2558 2960 ille
2589 2909 2747 2964 novis
2776 2913 3067 2984 pmnisque
3090 2917 3326 2986 repertis

1953 2987 2194 3059 Impetit,
2229 2991 2425 3064 hisque
2455 2994 2646 3051 furens
2684 3000 2854 3054 cassis
2885 3002 3093 3058 addicit
3120 3008 3290 3061 atroci

1954 3082 2123 3146 Quem
2157 3087 2395 3143 truciore
2424 3090 2511 3144 via
2541 3098 2692 3147 retur
2728 3096 2919 3151 saevire
2959 3098 3190 3168 lanistae,

1956 3171 2221 3243 Suppleat
2259 3183 2318 3231 ut
2347 3178 2391 3231 si
2421 3179 2553 3250 quid
2577 3186 2797 3238 torturae
2829 3185 2972 3241 desit
3002 3187 3056 3240 in
3086 3189 3289 3245 hostes.

1957 3266 2050 3321 Ille
2081 3268 2215 3340 quid
2250 3270 2482 3344 ingestis
2499 3275 2678 3330 valeat
2708 3280 3082 3348 superaddere
3113 3285 3367 3351 volvens,

1881 3386 1931 3454 Ο
1955 3359 2230 3415 Victorum
2264 3362 2443 3436 rigido
2475 3367 2718 3423 cervices
2739 3371 2939 3427 robore
2952 3375 3131 3429 tundit

1960 3446 2193 3520 Moxque
2224 3451 2341 3507 solo
2373 3453 2594 3510 incusso
2633 3472 2921 3527 procerum
2945 3463 3072 3516 terit
3097 3464 3231 3519 tedis
3251 3465 3442 3521 adacta
3474 3485 3488 3532 ;

1961 3538 2208 3596 Victores
2237 3549 2428 3599 contra
2461 3547 2607 3616 capit
2630 3547 2762 3604 hinc
2782 3551 3092 3622 apofrasius
3122 3569 3308 3621 arma;

1960 3630 2213 3702 Quinque
2241 3633 2342 3687 sub
2356 3634 2460 3690 hoc
2478 3636 2689 3705 palmas
2719 3646 2773 3693 et
2809 3642 3159 3713 septuaginta
3189 3655 3488 3714 capessunt

1959 3721 2058 3786 Qui
2093 3723 2226 3795 juga
2255 3725 2541 3782 subierant
2573 3727 2766 3784 Christi
2800 3731 3100 3787 virtutibus
3129 3735 3254 3801 acti,

1958 3812 2100 3877 Quas
2139 3815 2281 3870 Deus
2319 3817 2372 3870 in
2407 3817 2624 3873 famulis
2655 3821 2792 3876 miro
2819 3823 3074 3892 patrabat
3103 3826 3336 3882 honore.

1957 3905 2170 3962 Funera
2202 3916 2322 3978 post
2347 3925 2603 3981 quorum,
2631 3913 2802 3981 judex
2833 3915 3082 3984 abjectus
3109 3918 3164 3972 in
3193 3920 3369 3974 undas

1957 3995 2354 4068 Praecipitatur,
2397 4016 2598 4072 equum
2629 4003 2770 4059 duce
2801 4007 3151 4064 concutiente
3177 4009 3402 4066 sinistro

1962 4087 2081 4141 Alto
2111 4103 2142 4141 a
2171 4095 2339 4157 ponte
2367 4096 2561 4159 petens
2591 4091 2754 4147 imam
2787 4094 3072 4151 demersus
3099 4097 3358 4168 abyssum
3383 4119 3399 4165 ;

1963 4173 2205 4245 Corpore
2234 4175 2492 4233 Tzenareo
2524 4195 2648 4234 cum
2677 4189 2865 4237 mente
2896 4192 3117 4240 voratus
3145 4187 3294 4242 hiatu
3327 4206 3340 4242 :

1964 4267 2096 4321 Nam
2132 4268 2347 4323 miserae
2373 4271 2582 4327 exuvia
2613 4273 2766 4329 nullo
2810 4281 2933 4345 post
2966 4275 3147 4332 littore
3177 4279 3324 4334 visae.

1965 4356 2091 4411 Post
2117 4365 2305 4413 contra
2318 4360 2553 4415 athletas
2578 4369 2831 4432 portenta
2861 4373 3068 4437 trepzea
3096 4368 3338 4425 nitentes

1968 4451 2220 4527 lnsurgat
2249 4454 2451 4529 Stygiis
2479 4455 2810 4532 Megalesius
2831 4463 3104 4536 anguibus
3131 4471 3283 4519 actus

1968 4543 2318 4616 lnvictosque
2349 4548 2590 4617 probans
2620 4551 2772 4606 nullo
2794 4553 3112 4622 superarier
3139 4563 3257 4610 astu

1961 4635 2293 4708 Aggreditur
2319 4635 2504 4710 gladio
2536 4639 2761 4695 mittens
2791 4648 2942 4696 trans
2972 4643 3170 4713 sydera
3200 4644 3371 4701 ferro.

1882 4692 1936 4760 Ο
1965 4723 2176 4795 Inclyta
2203 4726 2450 4781 membra
2489 4729 2630 4800 rapit
2658 4731 2860 4786 mulier
2887 4733 2975 4786 cui
3008 4733 3239 4788 Maxima
3261 4751 3460 4791 nomen

1969 4812 2143 4884 thue
2174 4814 2577 4886 triumphantes
2610 4819 2768 4875 decet
2798 4819 2954 4876 abdit
2985 4822 3195 4879 honore
3228 4833 3477 4881 venusto.

1728 5017 1937 5076 CAPUT
1985 5021 2126 5077 VIII.

1397 5128 1476 5189 De
1503 5133 1728 5192 sanctis
1755 5131 2110 5194 Marcellino
2145 5142 2195 5192 et
2230 5130 2426 5192 Petro.

222 5255 352 5312 Hoc
383 5255 732 5315 Marcellinus
761 5261 862 5316 sub
884 5277 1060 5336 agone
1089 5263 1393 5338 Petrusque
1424 5267 1767 5339 triumphant

219 5346 481 5410 Quorum
511 5349 895 5406 multimodam
931 5352 1121 5408 Petrus
1148 5355 1418 5410 exorcista
1449 5355 1760 5427 palaestram

217 5441 501 5497 Luctatus
530 5445 786 5517 gravidas
815 5446 1032 5502 clausus
1065 5448 1294 5505 limabat
1321 5451 1552 5507 ahenas.

221 5529 488 5587 Carceris
504 5532 765 5592 obsessor
785 5543 1008 5612 gnatam
1035 5537 1328 5594 obsidione
1359 5539 1584 5596 dolebat

218 5620 521 5676 Haemonis
540 5622 839 5695 astrictam,
874 5626 1166 5684 Dominum
1192 5644 1358 5701 quem
1398 5629 1629 5686 credere
1653 5631 1842 5686 Petrus

1977 5269 2232 5325 Hortatur
2263 5269 2534 5327 Christum
2567 5275 2769 5328 summi
2799 5276 3047 5350 genitum
3075 5293 3197 5332 esse
3217 5279 3480 5345 tonantis,

1973 5363 2088 5427 Quo
2119 5363 2327 5418 sobolis
2358 5372 2517 5426 pacta
2545 5367 2725 5422 valeat
2754 5369 2993 5443 gaudere
3011 5369 3206 5424 salute.

1978 5472 2002 5500 (ι
2033 5451 2197 5506 Miror
2234 5453 2550 5521 consilium,
2593 5457 2836 5526 prudens
2861 5457 3132 5512 Artemius
3152 5457 3356 5530 inquit,

1968 5544 2042 5598 Te
2068 5545 2215 5600 Deus
2242 5561 2435 5601 eruere
2461 5547 2605 5602 haud
2640 5549 2784 5619 potis
2813 5557 3061 5616 esttuus,
3095 5558 3150 5606 et
3170 5552 3305 5608 colis
3334 5553 3512 5623 ipsum

1971 5632 2147 5702 Ipsius
2176 5643 2236 5691 ut
2265 5635 2453 5707 plagas
2480 5643 2534 5689 et
2560 5636 2780 5711 vincula
2813 5639 3036 5692 nomine
3072 5648 3254 5710 portes
