3962 6140
476 261 582 313 ’719
1237 249 1601 308 FLODOARDI
1645 249 1947 306 CANONICI
1993 249 2320 305 REMENSIS
2361 249 2697 304 OPUSCUIA
2740 248 3053 303 METRICA.
3699 247 3789 301 ’7ἳο

480 391 578 454 Qui
611 389 820 442 salvere
841 402 1018 440 meam
1046 387 1244 457 poterit
1263 386 1309 440 si
1341 384 1526 440 favero
1541 383 1748 454 prolem
1778 381 1807 435 ?
2120 389 2163 450 Α
2197 379 2347 434 Hunc
2371 381 2534 434 simul
2563 379 2865 448 expediens
2894 379 3089 434 ambos
3123 378 3376 449 perducit
3404 378 3458 431 in
3489 376 3640 430 sedes

477 479 635 550 Atqui
664 479 759 547 (ait
794 477 905 540 ille)
935 477 1076 529 Deus
1102 476 1243 530 valet
1292 476 1421 529 hinc
1453 492 1610 528 meus
1641 474 1898 529 omnibus
1925 481 2086 544 atque
2195 475 2311 539 Quo
2343 491 2520 543 nuper
2546 474 2653 529 laeti
2679 475 2819 528 votis
2844 481 2896 527 et
2927 473 3087 528 laude
3118 474 3385 528 vacabant

479 569 660 624 Ptl‘llis
692 568 928 637 eripere,
959 573 1013 620 at
1041 574 1258 636 praéstat
1284 573 1489 619 certare
1510 565 1751 618 duellum
2192 568 2444 622 Consiliis
2475 566 2690 620 munire
2714 581 2884 620 novos
2914 567 3231 620 cmlestibus
3260 580 3455 637 agnos.

476 661 726 726 Fortiter,
757 671 1020 714 teternum
1052 667 1110 713 ut
1137 659 1346 712 valeam
1378 667 1600 728 captare
1620 659 1978 728 triumphum.
2193 657 2524 726 Praecipiens
2556 662 2677 725 post
2708 655 2806 708 hac
2831 654 3044 708 censori
3075 655 3338 709 accedere
3367 653 3526 707 duro.

476 751 705 805 Credere
736 751 781 804 si
822 765 909 804 me
937 750 1038 812 vis,
1066 757 1272 811 custos,
1302 747 1600 821 geminabo
1627 754 1870 810 catenas,
2193 749 2518 802 Albescente
2543 748 2668 817 polo
2699 747 2878 802 noctis
2907 746 3036 799 dum
3069 753 3205 798 tetra
3237 744 3526 806 recedunt,

475 841 546 894 Te
569 855 791 912 quoque
819 841 872 894 in
907 839 1016 892 ima
1047 839 1394 892 tenebrarum
1419 839 1521 894 sub
1545 839 1762 896 vincula
1793 839 1967 894 solum
2194 840 2489 912 Dispositis
2521 841 2815 894 luctatores
2844 843 3171 908 repetuntur
3199 833 3267 888 ab
3299 833 3490 887 antris.

480 933 784 987 Detrudens
809 945 989 985 caveae
1017 930 1250 984 claustra
1263 931 1448 986 omnia
1476 940 1588 987 tuta
1617 933 1946 1005 relinquam,
2195 935 2358 998 Queis
2380 935 2606 988 minime
2630 932 2891 996 inventis,
2909 929 3189 984 Artensius
3209 927 3562 998 ipsejubetur

478 1022 744 1075 Omnibus
766 1031 820 1074 et
840 1021 1081 1084 credam,
1107 1019 1153 1072 si
1179 1028 1231 1074 te
1254 1020 1396 1074 Deus
1427 1029 1585 1074 eruet
1608 1021 1727 1076 istis
1783 1045 1801 1070 »ι
2196 1025 2424 1089 Arctari,
2458 1032 2623 1094 atque
2651 1022 2772 1076 deis
2801 1035 2954 1074 sacra
2987 1018 3388 1073 ferrelitamina
3414 1015 3560 1088 cogi,

478 1115 575 1167 Dat
614 1112 804 1165 Petrus
833 1127 1116 1164 assensum
1148 1127 1207 1165 se
1237 1111 1356 1179 ejus
1387 1119 1612 1166 testatur
1637 1113 1706 1165 ad
1734 1113 1881 1166 aedes
2196 1116 2355 1170 Stans
2385 1115 2487 1169 sub
2519 1115 2731 1170 honore
2755 1113 2846 1167 Dei
2870 1129 2994 1166 cum
3027 1112 3186 1182 prole
3209 1127 3271 1164 ac
3301 1109 3540 1179 conjuge
3567 1106 3721 1161 fortis

480 1205 799 1272 Venturum,
830 1221 938 1260 non
965 1206 1032 1259 ad
1064 1205 1292 1259 libidum
1325 1206 1639 1260 tentaminis
1666 1205 1890 1277 (inquit)
2197 1208 2414 1262 Rudere
2447 1207 2738 1261 mandatur
2761 1206 2967 1272 junctis
2997 1204 3282 1258 affectibus
3310 1201 3462 1265 abdi,

483 1297 538 1353 ld
568 1299 659 1353 ﬁet
689 1298 934 1359 humani,
965 1299 1100 1368 quin
1127 1298 1194 1353 ad
1221 1299 1444 1353 deitatis
1476 1301 1597 1353 Iesu
2197 1299 2434 1354 Caeditur
2457 1300 2574 1369 ipse
2598 1299 2821 1370 quidem
2856 1297 3041 1369 gladio
3073 1313 3172 1368 per
3200 1295 3389 1350 limina
3419 1300 3624 1364 crypta?

480 1388 706 1442 Lumina
736 1387 1005 1440 demersis
1036 1388 1318 1442 hominum
1351 1389 1648 1459 pandenda
1675 1389 1946 1444 tenebris.
2199 1388 2334 1442 Filia
2365 1405 2489 1444 cum
2518 1394 2691 1443 matre
2718 1388 2952 1456 abjectae
2980 1387 3242 1458 saxisque
3263 1393 3464 1440 notata:

480 1481 596 1545 llle,
625 1487 789 1548 caput
819 1479 1076 1550 quatiens
1107 1497 1118 1532 :
1154 1481 1338 1534 nimiis
1369 1481 1564 1535 delirat
1593 1481 1682 1537 hic
1714 1491 1868 1536 actus
2200 1478 2424 1533 Mortem
2455 1479 2754 1533 evadentes
2783 1477 3011 1548 capiunt
3032 1477 3153 1531 sine
3183 1475 3355 1530 limite
3377 1474 3568 1539 vitam,

477 1571 789 1626 Tormentis
815 1569 970 1639 (inﬁt)
1006 1589 1020 1636 ;
1051 1582 1328 1643 properat,
1364 1583 1661 1644 narretque
1682 1574 1876 1649 jugali.
2199 1573 2460 1628 Ductores
2479 1571 2809 1639 esse‘glaniis
2839 1578 2965 1625 ante
2992 1585 3088 1626 ora
3110 1571 3356 1624 ferentes

481 1667 555 1720 En
587 1667 772 1721 subito
795 1666 992 1731 noctis,
1023 1667 1196 1721 solem
1215 1667 1602 1722 claudentibus
1629 1669 1860 1735 umbris,
2199 1666 2485 1721 Terrorem
2516 1666 2809 1732 incutiunt,
2841 1665 3082 1721 comitati
3104 1664 3264 1735 plebe
3296 1661 3574 1733 frequenti

482 1759 671 1811 Petrus
699 1757 878 1821 adest,
907 1758 1222 1813 veneranda
1251 1761 1430 1814 crucis
1450 1761 1733 1834 signacula
1758 1767 1980 1831 gestans
2012 1778 2026 1823 ;
2124 1785 2174 1852 Β
2199 1758 2497 1814 Carniﬁces
2526 1758 2629 1829 ipsi
2659 1758 2967 1812 retinentur
2986 1755 3344 1825 etintercepti

483 1849 564 1902 llli
595 1850 715 1916 ejus
743 1849 896 1902 strati
933 1851 1166 1918 pedibus
1190 1851 1426 1905 clamare
1456 1869 1757 1922 supernum
2124 1845 2168 1852 ”
2203 1854 2380 1919 Stant,
2404 1867 2558 1906 sacra
2589 1851 2719 1904 dum
2769 1851 3058 1905 celebrans
3120 1857 3471 1902 consummat
3508 1845 3615 1898 rite
3637 1858 3794 1898 sacer—

485 1938 614 1993 Esse
643 1955 926 2009 unumque
956 1941 1148 2007 Deum,
1205 1941 1492 1995 Dominum
1543 1941 1664 1996 sine
1697 1941 1922 2016 ligmine
1946 1942 2101 1997 Chri-
3613 1938 3738 2009 [d05-

1848 2039 2027 2110 [stum.
2206 2043 2267 2093 At
2295 2037 2642 2093 confessores
2664 2035 2768 2090 sibi
2795 2038 2907 2105 jam
2932 2033 3155 2089 differre
3175 2049 3434 2088 coronam

483 2122 614 2176 Filia
636 2140 758 2177 mox
782 2123 998 2193 plenam
1027 2125 1194 2180 sumit
1220 2125 1443 2179 Paulina
1470 2126 1727 2195 salutem,
2209 2131 2502 2185 Horrentes
2529 2136 2755 2199 partam,
2789 2127 3054 2198 populum
3083 2125 3344 2180 secedere
3363 2124 3654 2183 mandant,

485 2215 544 2269 Et
577 2214 866 2282 Christum,
901 2233 1039 2287 quos
1081 2217 1170 2270 illa
1190 2218 1388 2272 domus
1414 2219 1710 2284 retinebat,
1735 2221 1968 2276 adorant
1995 2240 2006 2275 :
2208 2220 2277 2273 Sc
2306 2219 2501 2273 vinclis
2523 2218 2686 2281 ultro,
2717 2216 2916 2291 gladiis
2949 2233 3009 2270 se
3039 2224 3239 2286 sponte
3279 2215 3538 2268 ferentes.

485 2305 740 2359 Daemone
771 2322 831 2360 se
862 2306 1076 2360 Domini
1101 2306 1396 2376 proﬁtente
1425 2308 1616 2380 vigore
1645 2309 1957 2366 subactum.
2207 2311 2345 2382 Ergo
2377 2326 2545 2365 canes
2571 2309 2746 2364 rabidi
2777 2309 2929 2364 nulla
2960 2307 3254 2363 dulcedine
3279 2307 3410 2361 moti

483 2393 746 2462 Vulgatur
776 2394 1206 2465 circumpositis,
1250 2397 1528 2468 curritque
1559 2398 1800 2452 virorum
2206 2400 2524 2456 Praemissos
2553 2401 2646 2455 ubi
2680 2400 3007 2464 dilacerant,
3035 2406 3352 2468 acuuntque
3372 2395 3616 2450 furorem

483 2484 783 2538 Tercentus
812 2486 986 2553 major
1014 2503 1245 2553 cuneus,
1287 2505 1563 2560 sexusque
1589 2492 1818 2546 secundi
2207 2495 2323 2548 Non
2355 2500 2569 2563 ponunt
2597 2507 2876 2562 proceres,
2895 2498 3098 2545 azterna
3132 2489 3376 2559 trophaea
3405 2494 3663 2558 petentes

487 2574 728 2644 Amplior
755 2575 1009 2645 irrumpit
1027 2593 1314 2643 numerus,
1335 2581 1651 2648 spectacula
1678 2582 1820 2637 clara
2207 2586 2444 2640 Nexibus
2466 2585 2752 2650 invadunt,
2777 2585 3050 2654 nodisque
3081 2583 3148 2638 ad
3182 2582 3382 2638 robora
3403 2581 3669 2652 jungunt,

484 2661 664 2716 Visuri
695 2661 999 2734 dantesque
1033 2665 1128 2720 Dei
1159 2666 1434 2736 praeconia
1464 2669 1683 2723 summi.
2207 2677 2474 2748 Quodque
2531 2675 2710 2730 ferant
2767 2675 2976 2730 lethum
3026 2679 3324 2746 properant
3384 2671 3628 2744 rogitare
3655 2667 3802 2740 magi-

485 2751 618 2806 Tum
645 2751 833 2807 Petrus
865 2754 1235 2810 Marcellinum
1268 2757 1623 2828 cupientibus
1654 2759 1763 2814 illis
3547 2762 3744 2833 [stram

489 2845 653 2900 Sacra
679 2848 862 2902 subire
885 2857 1062 2916 vocat,
1096 2859 1324 2906 cunctos
1345 2853 1464 2923 qui,
1497 2854 1784 2927 presbyter
1812 2855 2014 2924 almus,
2213 2858 2260 2912 Is
2289 2864 2477 2913 monet
2505 2855 2708 2912 abduci
2740 2855 2796 2910 in
2822 2855 3030 2924 sylvam
3060 2871 3184 2926 qua:
3215 2855 3398 2912 Ninra
3428 2859 3623 2907 vocata

488 2938 672 2992 Abluit
703 2940 1028 3010 ablatosque.
1065 2942 1156 3012 pio
1181 2945 1460 2999 connectit
1488 2946 1620 3000 ovili
2211 2950 2461 3008 Candida
2489 2949 2627 3004 facta
2649 2948 2756 3019 piis
2779 2963 3026 3015 nemora,
3058 2956 3224 3017 atque
3253 2945 3358 3000 sub
3393 2944 3582 2999 abdita
3607 2943 3746 2998 aedi.

487 3029 845 3102 Sacratosque
878 3032 1202 3106 reosjungit
1241 3037 1468 3091 custode
1503 3039 1736 3104 solutos,
2210 3041 2511 3097 Obscurum
2535 3040 2685 3096 ducti
2717 3041 2772 3096 in
2795 3040 2995 3096 saltum
3024 3039 3290 3110 lucosque
3321 3037 3424 3092 sub
3460 3035 3609 3091 altos

489 3119 728 3173 Nexibus
758 3129 1066 3190 exemptos,
1099 3123 1245 3178 vitiis
1265 3141 1405 3196 quos
1434 3127 1657 3198 expedit
1685 3130 1830 3184 atris.
2133 3155 2181 3222 Ο
2213 3134 2423 3189 Avulsis
2451 3134 2687 3205 spatium
2720 3133 2888 3189 caedis
2919 3132 3027 3187 sibi
3059 3130 3311 3184 sentibus
3343 3136 3558 3199 aptant,

492 3213 850 3282 Comperiens
887 3230 1085 3269 censor
1105 3215 1328 3270 mandat
1351 3217 1455 3271 sibi
1483 3218 1667 3274 sistier
1693 3219 1906 3286 ambos,
2140 3213 2181 3222 ν
2215 3225 2386 3296 Inque
2417 3224 2593 3279 vicem
2627 3223 2890 3294 suplices,
2921 3222 3074 3294 pacis
3093 3221 3202 3277 sibi
3221 3231 3279 3275 ut
3307 3220 3497 3275 oscula
3525 3218 3717 3282 libant,

489 3303 880 3374 Presbyterum
913 3312 1076 3377 atque
1108 3308 1453 3378 exorcistam,
1489 3309 1741 3382 fetusque
1761 3312 2023 3368 sacerdos
2209 3313 2344 3369 Vota
2369 3329 2514 3387 genu
2544 3313 2740 3368 dantes
2763 3313 2937 3383 posito
2966 3311 3066 3367 sed
3105 3311 3274 3366 corde
3289 3311 3486 3374 levato,

488 3393 643 3459 Vera,
687 3394 779 3448 ubi
806 3395 1179 3467 prosequitur,
1207 3397 1448 3453 dictante
1479 3398 1662 3456 furore
1678 3402 1906 3470 jnbetur
2213 3405 2544 3460 Lethiferum
2577 3413 2831 3476 prompta
2850 3403 3089 3478 gladium
3115 3402 3331 3458 cervice
3354 3407 3658 3472 receptant.

489 3482 813 3538 Carniﬁcum
845 3485 1170 3540 saevistundi
1200 3504 1297 3558 per
1325 3487 1534 3544 viscera
1566 3491 1787 3565 pugnis.
2215 3500 2484 3572 Virgineaz
2509 3499 2744 3573 gemmis
2774 3498 2975 3553 animae
3015 3497 3265 3552 visuntur
3294 3503 3350 3561 et
3363 3511 3499 3551 auro

490 3573 761 3632 Deficiunt
793 3577 945 3644 lanii,
978 3593 1135 3633 sacer
1166 3578 1558 3650 insuperabilis
1591 3591 1751 3638 astat.
2215 3589 2493 3644 Prasculta:
2515 3590 2702 3659 specie
2736 3605 2948 3658 superae
2974 3588 3282 3645 cultoribus
3307 3587 3447 3641 aulae

488 3669 806 3737 Sejunctum
834 3669 963 3726 inde
998 3671 1151 3726 Petro
1182 3673 1411 3729 densata
1451 3675 1681 3746 cuspide
1706 3678 1828 3734 vitri
2216 3682 2370 3736 Celsa
2409 3681 2600 3736 subire
2632 3680 2767 3751 poli,
2799 3681 2998 3736 coelum
3023 3688 3318 3750 penetrare
3353 3693 3450 3748 per
3475 3691 3663 3740 auras,

491 3757 631 3811 Trux
661 3757 866 3812 nudum
893 3759 1054 3827 jubet
1081 3761 1313 3816 insterni
1344 3765 1619 3836 caecisque
1651 3767 1872 3822 latebris
2221 3769 2472 3824 Carniﬁci
2496 3771 2616 3826 haec
2644 3786 2910 3826 concessa
2940 3769 3078 3824 truci
3105 3775 3352 3840 spectare
3386 3766 3666 3828 feruntur,

495 3851 738 3904 Luminis
763 3852 1023 3907 auxilium
1053 3853 1255 3909 auferri
1290 3855 1608 3928 victumque
1641 3860 1830 3934 negari
2219 3859 2320 3924 Qui
2352 3858 2483 3913 dum
2512 3859 2627 3913 visa
2660 3858 2850 3925 refert,
2880 3857 3049 3914 torvis
3075 3857 3203 3910 dum
3236 3853 3472 3926 pwnitet
3501 3852 3667 3916 actis,

496 3939 726 4011 Ingemit
751 3940 972 4015 abjungi
1009 3942 1198 3998 Petrus
1223 3960 1478 4016 saevoque
1511 3954 1742 4015 tyranno
1777 3965 1790 4000 :
2212 3948 2333 4002 Jam
2363 3948 2548 4003 senior
2569 3948 2694 4003 vitae
2724 3947 2925 4002 meruit
2954 3962 3107 4000 sacra
3138 3945 3284 4001 dona
3313 3960 3414 4014 per
3442 3944 3642 3997 undas.

499 4052 518 4078 κ
556 4031 683 4085 Cum
711 4032 954 4087 vocitent
974 4033 1207 4103 subjecti
1239 4036 1459 4107 (inquit)
1493 4046 1545 4092 te
1575 4037 1712 4093 forte
1745 4056 2002 4096 serenum
2213 4041 2388 4113 Digno
2413 4040 2595 4095 danda
2623 4040 2742 4096 solo
2759 4046 3015 4114 retegunt
3054 4053 3152 4092 sua
3175 4036 3424 4091 membra
3461 4034 3636 4095 beati,

496 4147 522 4175 ιι
557 4126 787 4182 Nubilus
817 4144 880 4182 es
911 4144 1008 4198 per
1037 4139 1233 4184 cuncta
1254 4131 1361 4186 tuis
1387 4132 1712 4188 tenebrosus
1743 4137 1967 4191 etactis.
1996 4164 2018 4182 -
2212 4132 2338 4196 Quae
2372 4130 2609 4186 Firmina
2639 4131 2781 4184 levat
2811 4127 3125 4200 pariterque
3155 4126 3378 4192 Lucilla,
3410 4133 3661 4178 venustae

492 4213 581 4267 Sic
621 4230 842 4286 quoque
872 4217 1176 4291 constringi
1202 4218 1317 4287 ipse
1348 4219 1527 4284 datur,
1557 4221 1638 4275 sic
1672 4223 1906 4280 nexibus
1931 4225 2045 4282 indi

2219 4220 2497 4293 Sanguine
2525 4227 2808 4287 matronae,
2840 4217 3043 4273 mentis
3071 4232 3229 4289 mage
3251 4214 3465 4270 lumine
3497 4212 3679 4276 clarae,

493 4305 814 4374 Arctarique
847 4305 1020 4375 pedes
1055 4307 1188 4381 ligni
1221 4311 1522 4378 pressantis
1551 4311 1722 4368 hiatu.
2218 4314 2658 4385 Admonitaaque,
2688 4329 2857 4385 specu
2887 4312 3098 4384 positus
3125 4309 3408 4367 Tiburtius
3437 4308 3602 4363 almis

495 4395 770 4469 Astrigera
809 4395 1058 4453 desolato
1098 4400 1337 4456 coalestis
1362 4402 1619 4459 alumnus
2135 4455 2189 4474 ἡ
2218 4407 2332 4471 Qua
2361 4407 2519 4464 ﬂoret
2542 4407 2756 4463 meritis
2781 4415 2993 4462 sacrata
3013 4405 3068 4460 in
3100 4414 3258 4474 septa
3289 4401 3624 4458 recondunt.

497 4485 822 4557 Presbytero
853 4490 1052 4544 summi
1084 4490 1298 4565 legatur
1326 4493 1394 4547 ab
1425 4511 1549 4552 arce
1569 4499 1830 4563 tonantis,
2135 4455 2193 4524 D
2221 4503 2486 4558 Damasus
2513 4503 2630 4558 hmo
2659 4503 2942 4574 quondam
2972 4517 3095 4572 quae
3123 4513 3450 4570 percussore
3472 4494 3686 4551 ferente

497 4578 666 4668 Erigit
695 4579 844 4637 hunc
869 4582 1066 4656 plagis,
1095 4585 1319 4655 pr0prio
1342 4587 1647 4648 circumdat
1673 4593 1901 4660 amictu,
2219 4595 2571 4668 Compererat
2597 4595 2786 4652 stricto
2816 4594 2944 4652 licet
2973 4594 3118 4649 edita
3139 4592 3385 4650 carmine
3417 4589 3625 4664 vulgat.

497 4667 730 4741 Proripit
760 4673 816 4727 in
848 4672 1087 4744 cippoac
1118 4674 1260 4732 ferro
1290 4693 1397 4750 qua
1427 4679 1621 4737 Petrus
1645 4683 1886 4756 agebat;

1996 4816 2206 4874 CAPUT
2245 4819 2333 4874 XI.

1697 4946 1774 5006 De
1809 4948 2038 5010 duobus
2071 4954 2294 5012 sanctis
2330 4951 2650 5012 Felicibus.

496 5074 807 5146 Presbyteri
839 5074 1026 5129 divina
1055 5075 1165 5132 duo
1195 5094 1294 5148 per
1320 5095 1473 5135 sacra
1495 5081 1764 5150 nitebant,
2217 5089 2402 5157 Cujus,
2431 5098 2492 5146 ut
2517 5089 2739 5146 insuﬂ‘at
2763 5091 3017 5162 patribus
3047 5090 3316 5160 suplicata
3346 5093 3584 5148 vetustis

496 5165 729 5220 Nomine
750 5166 980 5230 Ροιίοθε,
1010 5166 1200 5222 felices
1229 5170 1446 5225 actibus
1467 5173 1650 5239 ambo,
2219 5181 2340 5246 Ora,
2371 5182 2522 5237 velut
2542 5190 2706 5238 vento
2737 5181 2948 5249 folium,
2969 5192 3119 5238 vasta
3159 5199 3267 5238 aera
3307 5182 3607 5239 labascunt

494 5259 708 5313 Fratres
736 5259 853 5331 lege
885 5259 1004 5322 Dei,
1037 5275 1299 5333 germano
1337 5267 1610 5338 sanguine
1653 5267 1865 5324 fratres.
2222 5269 2356 5324 Hinc
2377 5270 2511 5324 alias
2532 5271 2708 5326 victor
2737 5271 2902 5326 simili
2929 5271 3200 5328 deductus
3228 5273 3296 5327 ad
3321 5289 3444 5328 aras

495 5349 788 5420 Correptus
818 5349 1008 5405 senior
1034 5365 1324 5420 procerum
1346 5353 1586 5410 dictante
1612 5356 1798 5414 furore
2224 5360 2448 5416 lnsultat
2477 5361 2611 5430 Maja
2641 5361 2828 5437 genito
2855 5363 3051 5418 virtute
3077 5363 3261 5428 reliso,

491 5441 704 5495 Judicis
736 5440 1015 5496 invehitur
1042 5451 1254 5498 secreta
1285 5445 1352 5499 ad
1383 5447 1609 5503 numina
1641 5449 1866 5506 Dracchi
2222 5451 2331 5506 Nec
2361 5453 2464 5507 dea
2491 5452 2738 5508 venatrix
2761 5469 3000 5524 arcuque
3023 5463 3078 5509 et
3114 5455 3386 5512 arundine
3409 5467 3631 5512 terrens

496 5535 686 5591 Aﬁreus
713 5536 946 5610 urgebat
978 5538 1195 5595 Pelusia
1225 5557 1380 5598 sacra
1411 5542 1634 5616 Serapis
2219 5542 2336 5597 Oris
2367 5542 2539 5597 flabra
2564 5544 2642 5614 pii
2673 5553 2878 5600 restare
2909 5545 2975 5599 ad
3005 5547 3188 5602 tenuia
3230 5548 3401 5604 fortis.

497 5625 758 5682 Hebraeos
780 5625 911 5681 olim
951 5627 1092 5685 duce
1115 5631 1208 5703 qui
1236 5631 1486 5688 Tricante
1511 5635 1750 5707 subegit,
2216 5636 2425 5694 Judicis
2439 5639 2507 5694 ad
2536 5641 2725 5696 sedem
2761 5648 2885 5712 post
2906 5641 3049 5697 clara
3079 5644 3324 5728 tr0phaea
3352 5644 3639 5710 reductus,
