3994 6148
189 304 269 360 721
762 299 847 353 DE
886 297 1152 355 CHRISTI
1191 300 1552 359 TRIUIPHIS
1589 303 1766 359 APUD
1806 298 2076 355 ITALIAM
2119 299 2296 357 LIBRI
2334 302 2468 357 XIV.
2512 331 2574 375 -έ
2618 303 2741 358 ΜΒ
2787 304 2897 360 VII.

186 429 456 482 Tormenta
486 422 729 498 erigitur,
760 437 876 494 quo
916 423 1166 478 carmine
1200 431 1350 480 tanta
1381 436 1603 499 rogatur

184 518 291 572 Tam
322 516 437 570 dira
460 521 575 570 acta
599 513 772 582 dedit,
803 512 965 568 divos
996 530 1107 585 qua
1129 513 1326 569 fraude
1356 516 1581 591 refregit

190 629 211 659 α
235 608 344 663 Non
372 606 667 671 malefacta,
694 604 895 677 inquit,
928 611 1081 674 sunt,
1126 613 1184 661 at
1213 607 1357 662 bene
1379 607 1519 664 facta
1536 610 1782 666 tonantis

188 698 285 751 Non
312 696 427 750 haec
440 694 620 749 fraude
646 694 830 769 vigent
849 693 988 765 quin
1016 694 1183 750 laude
1208 695 1738 769 Deiomnipotentis.
1754 727 1773 743 ο-

186 786 374 841 Censor
402 787 528 842 item
561 786 697 858 legat
724 783 996 839 vertenda
1023 783 1096 838 ad
1125 783 1254 839 fana
1281 785 1499 841 beatum
1531 806 1545 842 τ

188 881 239 933 At
258 892 326 932 ne
353 876 490 933 forte
512 875 626 932 solo
650 874 810 930 solito
838 890 997 931 sacra
1028 875 1185 929 arida
1204 883 1385 950 cogat,

183 972 293 1033 Quae
318 966 473 1021 viridi
503 966 643 1040 viget
666 964 934 1019 assistens
969 964 1158 1020 radice
1184 964 1410 1029 sacello,

182 1058 382 1113 Arboris
406 1057 636 1114 orandas
664 1055 887 1112 frondes
908 1064 965 1112 et
998 1056 1201 1112 robora
1231 1055 1476 1112 mandat.

179 1151 259 1205 llle
284 1165 473 1220 preces
497 1147 659 1204 effusa
686 1155 874 1205 censet
905 1149 1174 1205 radicitus
1204 1149 1367 1204 arbos

176 1239 381 1294 Corruat
411 1248 654 1295 evertens
690 1238 852 1314 longo
881 1246 1039 1294 sacra
1070 1246 1324 1310 tempore
1357 1246 1523 1308 tecta,

172 1332 397 1402 Amplius
427 1333 514 1387 hic
540 1332 690 1387 vanis
717 1348 788 1387 ne
817 1330 1172 1403 decipiantur
1200 1332 1417 1399 inanes,

176 1422 271 1475 lma
297 1428 491 1491 petens
517 1421 679 1476 robur
704 1430 876 1492 paret,
905 1428 1185 1492 praecepta
1202 1421 1448 1490 facessit,

175 1513 323 1568 Obvia
353 1512 481 1568 fana
509 1516 629 1569 terit
652 1513 901 1586 quatiens
930 1523 1214 1586 vastatque
1252 1515 1586 1586 premitque,

175 1607 330 1677 Atque
357 1606 660 1661 minutatim
692 1622 960 1679 spargens
991 1606 1222 1678 protrita
1253 1606 1492 1673 revellit,

171 1700 413 1775 Cognitor
443 1700 556 1755 hinc
577 1699 978 1768 sumensjubet
1011 1701 1157 1754 hunc
1188 1701 1365 1756 ultore
1397 1701 1576 1757 subiri

170 1790 312 1854 Ense,
344 1789 581 1862 ferisque
608 1788 743 1855 dari,
777 1788 1231 1858 communiajura
1261 1791 1475 1863 negari.

167 1878 383 1933 Tramite
397 1880 617 1933 decreto
643 1887 840 1934 metam
873 1879 1173 1934 scandebat
1210 1879 1409 1953 agonis

171 1969 333 2023 Laetus
363 1974 420 2024 et
443 1969 751 2024 accelerans
779 1975 930 2040 parta
956 1968 1198 2042 gaudere
1223 1984 1434 2024 corona

167 2064 220 2114 At
245 2063 417 2138 magis
447 2069 505 2116 ut
534 2060 699 2116 niteat
726 2062 933 2119 socium
966 2062 1109 2117 Deus
1132 2061 1374 2133 applicat
1395 2070 1618 2127 auctum

3416 307 3519 363 72:2

1812 429 1861 497 Α
1889 423 1990 489 Qui
2016 424 2149 479 dum
2174 426 2476 497 scitacapit
2495 428 2782 500 caedisque
2812 430 2994 486 edicta
3019 430 3242 488 litanda:

1891 517 2098 574 Obvius
2126 518 2337 575 addicit
2360 526 2678 590 promptum
2708 538 2767 577 se
2796 522 2865 577 ad
2889 540 3059 592 regna
3085 527 3295 582 tenenti

1888 607 2057 665 Ofiert
2079 609 2248 665 exitio
2278 626 2510 665 currens
2528 611 2949 680 apprehendere
2989 615 3222 684 palmam
3258 633 3271 671 :

1884 698 2137 769 —Atque
2167 714 2294 772 ego,
2337 699 2669 770 proclamat,
2697 699 2807 775 legi
2838 702 3146 757 summittar
3172 704 3354 759 eidem

1887 792 2004 858 Qua
2037 790 2179 847 nitet
2210 791 2299 847 hic
2337 791 2547 857 senior,
2570 791 2974 865 Dominumque
3001 796 3180 866 ipsum
3208 798 3330 852 colo
3355 797 3510 851 Chri-

2090 884 2101 905 ⁹
3202 888 3388 959 [stum,
3412 909 3436 940 ››

1884 974 1982 1030 His
2013 973 2227 1046 rapitur
2255 975 2418 1032 dictis
2449 981 2505 1031 et
2534 982 2724 1032 sancta
2744 992 2845 1047 per
2863 979 3051 1034 oscula
3071 979 3295 1045 junctus

1868 1063 2071 1121 Felicis
2099 1063 2259 1135 parili
2283 1065 2501 1120 meritis
2532 1063 2638 1119 sub
2678 1072 2859 1136 strage
2876 1065 3123 1139 jugatur,

1869 1157 1936 1212 Et
1965 1153 2132 1208 simul
2171 1161 2427 1209 exsectus
2447 1156 2714 1210 caelorum
2746 1155 2816 1209 ad
2854 1155 3056 1226 gaudia
3084 1157 3260 1228 surgit
3293 1176 3307 1222 ;

1872 1244 2049 1312 Hujus
2073 1250 2197 1315 post
2218 1259 2423 1300 nomen
2454 1245 2585 1315 quia
2614 1244 2900 1300 nescivere
2938 1246 3174 1302 minoris

1868 1333 1952 1390 Ob
1983 1333 2157 1387 decus
2181 1331 2373 1388 infusa:
2402 1334 2644 1389 vocitant
2673 1334 2888 1390 virtutis
2918 1336 3240 1392 Adauctum.

1865 1425 2133 1497 Aggressi
2167 1425 2328 1480 tacita
2353 1425 2491 1493 justi
2517 1426 2622 1480 sub
2655 1435 2818 1483 nocte
2844 1428 3091 1484 laborem

1868 1516 1993 1581 Qua
2022 1525 2232 1573 vastum
2263 1519 2529 1574 convulsa
2559 1519 2742 1574 sinum
2773 1521 3111 1590 patefecerat
3134 1521 3301 1577 arbos

1873 1603 2121 1676 Corpora
2148 1607 2379 1662 humant
2402 1607 2759 1680 conduntque
2792 1608 2865 1679 pii
2900 1609 3097 1664 tellure
3123 1608 3388 1681 triumphi
3429 1628 3443 1677 ;

1870 1696 2193 1753 Tabescens
2218 1698 2390 1754 livore
2423 1700 2583 1774 nigro
2611 1717 2809 1756 manus
2840 1700 3093 1770 improba
3122 1706 3296 1755 tentat

1798 1750 1847 1817 Β
1873 1786 2095 1842 Vellere
2127 1788 2379 1859 deposita
2408 1750 2614 1864 insigni
2644 1791 2713 1845 de
2747 1806 2875 1844 rure
2903 1750 3130 1856 talenta,

1870 1879 2092 1951 Quique
2113 1888 2280 1935 ruunt
2308 1880 2465 1952 operi
2508 1880 2667 1937 furiis
2708 1888 2994 1951 raptantur
3019 1880 3217 1934 Averni

1867 1968 2148 2042 Tempore
2177 1988 2285 2044 qua
2313 1972 2466 2044 pacis
2495 1973 2759 2030 fabricata
2787 1971 3043 2028 educitur
3074 1972 3200 2027 aula

1868 2066 2172 2139 Martyrum
2201 2075 2256 2122 et
2285 2066 2486 2124 illustri
2527 2071 2790 2140 prmculta
2828 2076 3035 2140 trepzea
3064 2069 3251 2124 nitela.

1654 2209 1866 2265 CAPUT
1916 2210 1983 2265 Χ.

1212 2331 1290 2390 De
1319 2339 1527 2390 sancto
1558 2330 1947 2406 Chrysogono
1987 2341 2040 2391 et
2072 2333 2417 2393 Anastasio.

163 2468 561 2543 Chrysogonum
592 2468 646 2522 in
668 2467 862 2524 vinclis
883 2468 1164 2524 Anastasis
1194 2468 1415 2525 fovebat

162 2558 404 2613 Pluribus
438 2559 552 2613 lizec
579 2556 742 2612 etiam
770 2556 961 2612 solatia
985 2558 1140 2628 plura
1172 2557 1383 2614 ferebat
1408 2575 1422 2624 ;

169 2652 285 2705 Nam
316 2652 403 2706 vir
434 2652 521 2705 hic
550 2667 837 2706 asservans
866 2667 1041 2706 annos
1068 2651 1341 2726 ergastula
1361 2651 1529 2706 binos

156 2740 387 2795 Plurima
421 2740 744 2811 perpetitur,
775 2739 966 2795 Christi
988 2740 1095 2795 sub
1124 2741 1370 2807 nomine,
1392 2744 1584 2795 victor.

155 2833 379 2904 Insuper
411 2842 468 2886 et
497 2830 691 2886 [tufam
724 2832 1009 2887 custodem
1033 2832 1271 2905 acquirit
1295 2840 1350 2887 et
1378 2832 1499 2902 ejus

150 2930 381 2998 Quaeque
411 2933 634 2996 reperta
664 2925 925 2981 clientela
954 2935 1038 2981 est
1075 2941 1297 2981 servare
1337 2934 1587 2997 penates,

151 3018 269 3073 Cum
309 3036 425 3091 qua
463 3010 826 3074 vincit'ovans
880 3019 1147 3074 Dominus
1187 3018 1490 3075 certamine
1530 3023 1760 3073 mactus.

145 3108 483 3163 Anastasiam
508 3107 731 3176 conjux,
764 3123 834 3163 ne
864 3108 1099 3164 invisere
1128 3109 1303 3180 possit

144 3201 463 3257 Carceribus
491 3201 704 3272 positos
732 3215 872 3272 quos
924 3200 1117 3258 Christi
1149 3209 1208 3258 ut
1237 3201 1486 3257 membra
1517 3200 1758 3265 colebat,

141 3290 398 3346 Obscuris
426 3292 600 3346 solam
632 3290 884 3356 injiciens
897 3291 1273 3362 penetralibus
1296 3290 1467 3346 abdit.

142 3379 404 3435 Praeclara
438 3379 554 3434 haec
576 3388 702 3435 ortu
731 3378 955 3445 celebri,
990 3379 1303 3449 praeclarior
1330 3387 1478 3446 actu,

138 3472 289 3529 Saevo
328 3473 558 3528 addicta
586 3473 729 3539 viro,
763 3472 905 3529 votis
933 3480 988 3528 at
1012 3474 1198 3529 dedita
1224 3474 1459 3542 Christo,

136 3565 310 3623 Haeret
334 3573 531 3622 mente
561 3566 690 3638 piis,
720 3567 883 3622 caecis
903 3567 1131 3623 obsessa
1160 3567 1403 3624 latebris.

135 3656 492 3734 Chrysogono
522 3658 623 3714 sed
652 3674 763 3714 anu
791 3661 983 3734 gerula
1021 3660 1110 3730 pia
1139 3668 1440 3733 grammata
1480 3660 1691 3735 legans,

139 3745 329 3819 Signat
354 3746 438 3802 uti
471 3762 695 3817 parvam
730 3748 934 3802 sacrari
967 3749 1219 3820 praestitit
1249 3750 1414 3805 undis

132 3832 304 3889 Mater
334 3852 487 3901 eam,
522 3835 649 3890 diva
670 3851 794 3907 quae
816 3837 1107 3910 relligione
1138 3839 1367 3894 nitebat.

129 3926 290 3995 Cujus
324 3939 458 4002 post
490 3931 741 4003 requiem
772 3931 929 3986 inﬁdi
945 3934 1078 4004 juga
1104 3931 1223 3987 dira
1252 3933 1430 3989 mariti

132 4018 469 4092 Sumpserit,
507 4028 563 4075 at
593 4036 770 4076 nexus
797 4021 1047 4076 morbum
1077 4022 1302 4077 mentita
1330 4024 1547 4089 refutet,

126 4109 293 4167 Nocte
320 4111 427 4167 die
447 4111 667 4167 Domini
696 4111 1015 4182 amplexans
1041 4112 1278 4187 vestigia
1301 4113 1432 4167 Jesn
1465 4129 1480 4177 ;

127 4199 215 4253 Vir
243 4218 377 4257 cum
411 4200 700 4272 sacrilegis
722 4201 843 4269 ejus
871 4202 1204 4273 patrimonia
1230 4209 1467 4265 vastans,

122 4293 188 4347 Se
219 4294 486 4349 tenebris
517 4309 751 4348 mersam
777 4294 1154 4365 penetralibus
1182 4294 1356 4367 egerit
1386 4294 1517 4349 atris

126 4383 215 4437 His
241 4402 484 4458 quoque
525 4400 849 4457 corpoream
877 4384 1104 4453 jamjam
1128 4384 1405 4441 dimittere
1437 4385 1603 4440 vitam

119 4478 416 4543 Autumet,
438 4477 512 4532 ob
546 4476 815 4531 Christum
845 4475 1095 4550 gaudens
1122 4490 1283 4545 quam
1329 4491 1535 4546 ponere
1566 4475 1755 4541 malit;

119 4568 406 4626 Tristetur
431 4570 530 4624 sed
557 4584 716 4639 opes,
757 4570 899 4625 ccelo
928 4584 1066 4640 quas
1095 4568 1241 4623 vovit
1269 4568 1337 4623 ad
1367 4583 1545 4622 assem

118 4663 349 4729 Virtuti,
391 4662 589 4718 invisis
626 4661 895 4717 scelerum
925 4659 1262 4716 famulentur
1287 4660 1498 4715 amicis.

118 4780 143 4799 ι·
175 4755 392 4821 Quare,
428 4768 593 4809 serve
625 4751 743 4819 Dei,
765 4751 995 4823 supplex
1021 4762 1073 4804 te
1100 4750 1386 4821 deprecor,
1421 4749 1616 4821 inquit,

109 4844 249 4900 Ores
277 4845 574 4899 instanter
594 4841 883 4896 Dominum
904 4841 990 4895 vel
1014 4840 1179 4895 corda
1202 4838 1407 4913 jugalis

112 4941 408 5016 Subjuget
438 4939 564 5010 ipse
593 4937 722 5005 sibi,
753 4936 841 4992 vel
865 4937 910 4991 si
939 4936 1091 4990 videt
1121 4936 1250 5009 igne
1276 4933 1601 4997 vorandum,

114 5029 279 5085 Ferre
313 5029 515 5084 locum
542 5026 760 5095 jubeat,
789 5025 962 5080 satius
990 5023 1138 5096 quod
1166 5023 1331 5103 credo
1352 5037 1574 5095 negare.

110 5122 288 5185 Quam
323 5120 635 5177 Dominum
667 5117 985 5189 fontemque
1016 5130 1236 5170 manere
1264 5111 1755 5174 fatentibusillum,

105 5213 287 5269 Tes‘is
305 5212 576 5267 Christus
605 5208 762 5263 adest
790 5207 961 5279 quod.
988 5206 1100 5274 jam
1131 5203 1176 5257 si
1203 5202 1375 5256 libera
1405 5204 1624 5273 degam,

104 5302 463 5357 Sanctorum
496 5298 723 5352 haerebo
745 5296 982 5367 pedibus
1006 5306 1306 5362 curamque
1328 5290 1543 5360 piorum

100 5389 292 5446 Mente
326 5389 499 5445 velut
533 5385 676 5457 οωρί
710 5384 862 5459 vigili
892 5397 1151 5437 exercere
1182 5380 1452 5434 laborem.
1488 5400 1513 5430 η

105 5482 414 5539 Describit
447 5479 712 5551 precibus
739 5477 875 5533 fusis
893 5474 1185 5531 confessor
1205 5473 1272 5527 ad
1305 5473 1407 5539 ista
1440 5490 1452 5526 :

100 5595 127 5624 ι
144 5569 634 5628 Turbinibustibi
660 5566 870 5623 nutanti
895 5564 1195 5634 mundique
1218 5562 1477 5634 procellis

95 5665 405 5721 Adveniet
449 5676 685 5733 propere
710 5659 967 5732 gradiens
1004 5673 1173 5727 super
1216 5672 1439 5728 aequora
1468 5655 1757 5718 Christus;

1876 2470 1939 2526 Et
1968 2471 2085 2527 fera
2112 2472 2368 2549 belligeri
2391 2473 2547 2530 fauce
2579 2475 2749 2532 incita
2778 2476 2949 2531 flabra
2969 2477 3226 2534 draconis

1873 2563 1994 2619 Uno
2026 2567 2290 2636 praecepti
2320 2568 2586 2638 reprimet
2625 2584 2880 2625 sermone
2903 2571 3083 2626 relisa.

1874 2652 2039 2729 Ergo,
2070 2656 2239 2711 maris
2263 2658 2414 2712 velut
2446 2659 2500 2712 in
2534 2657 2743 2726 medio,
2768 2660 3040 2730 patienter
3062 2660 3297 2716 adorans

1871 2745 2112 2817 Expecta
2151 2750 2445 2805 Dominum
2486 2766 2610 2806 cum
2644 2759 2833 2807 sancto
2862 2761 3047 2808 mente
3079 2756 3370 2825 propheta,

1870 2834 2224 2893 Proclamans
2257 2857 2271 2894 :
2304 2841 2436 2911 quid
2465 2856 2556 2895 me
2593 2841 2820 2896 turbans
2849 2841 3031 2897 anima
3064 2859 3207 2915 aegra
3250 2844 3444 2913 fatigas
3470 2847 3497 2897 ?
3594 2899 3598 2905 ,

1868 2926 2004 2982 Fide
2025 2936 2121 2985 tuo
2148 2931 2202 2985 in
2234 2932 2490 2999 Domino,
2525 2948 2728 3004 nempe
2779 2933 2960 3004 ipsum
3009 2951 3201 3004 pressa
3232 2935 3448 2993 fatebor
3478 2956 3489 2992 :

1869 3018 1991 3090 Ipse
2024 3023 2132 3077 mei
2166 3025 2432 3094 praeclara
2463 3025 2633 3093 salus,
2660 3033 2715 3081 et
2732 3026 2907 3099 gloria
2937 3026 3138 3081 vultus.

1865 3110 2110 3165 Muneris
2145 3113 2373 3168 aetherei
2401 3113 2690 3187 geminum
2715 3114 3104 3184 amplexabere
3131 3115 3338 3171 donum
3373 3135 3387 3173 :

1864 3200 1995 3254 Cum
2029 3201 2130 3256 tibi
2153 3202 2454 3256 reddentur
2491 3208 2728 3267 terrena,
2761 3219 3002 3273 superna
3038 3203 3317 3271 ferentur;

1866 3293 2113 3365 Namque
2147 3294 2271 3349 ideo
2303 3294 2569 3349 Dominus
2599 3295 2826 3368 longum
2883 3295 3028 3351 bona
3069 3299 3336 3365 protrahit
3364 3300 3472 3354 alta
3490 3306 3509 3360 ,⁷

1865 3381 1944 3435 Ne
1973 3382 2046 3435 sit
2065 3382 2173 3436 vile
2196 3382 2344 3453 quod
2368 3382 2630 3452 impertit,
2660 3384 2769 3437 cita
2801 3398 2908 3437 neu
2940 3385 3066 3438 data
3095 3386 3336 3458 migrent
3370 3396 3391 3453 ;'

1865 3472 1977 3528 Nec
2000 3472 2245 3537 turbere,
2267 3474 2373 3544 piis
2399 3473 2551 3544 quod
2591 3475 2869 3544 quondam
2899 3476 3135 3530 adversa
3162 3488 3487 3549 sequantur,

1867 3564 1960 3619 His
1990 3565 2251 3637 equidem
2271 3580 2454 3636 neque
2478 3564 2759 3636 deciperis
2789 3566 2921 3638 quin
2956 3564 3061 3620 ﬁxa
3093 3569 3366 3635 probaris.

1868 3655 2019 3711 Haud
2051 3657 2149 3712 tibi
2194 3673 2293 3727 per
2323 3656 2606 3712 hominem
2640 3666 2857 3714 constat
2886 3660 3140 3717 defensio
3172 3669 3287 3717 tuta
3315 3682 3332 3717 :

1792 3726 1840 3793 (ἶ
1864 3747 1997 3802 Nam
2031 3726 2358 3803 maledictus
2382 3748 2549 3803 homo
2581 3748 2634 3802 in
2659 3750 2943 3805 hominem
2974 3767 3129 3822 spem
3160 3769 3368 3823 ponere
3401 3753 3492 3807 ni—

3256 3847 3420 3913 [tens,

1864 3928 1928 3985 Et
1964 3928 2292 3985 benedictus
2348 3929 2516 3984 homo
2560 3927 2619 3984 in
2652 3929 2883 3986 Domino
2926 3946 3079 4001 spem
3129 3896 3487 4008 ﬁget-[Eu—

2544 4082 2549 4085 _
3242 4027 3417 4098 [deus

1870 4113 2118 4185 Denique
2148 4120 2344 4171 cuneta
2366 4128 2498 4170 cave
2526 4113 2681 4189 vigili
2702 4113 3023 4187 peccamina
3051 4124 3260 4173 mente.

1868 4205 2063 4260 Christi
2079 4206 2232 4277 jussa
2269 4214 2446 4274 tenes,
2468 4205 2589 4275 ejus
2608 4207 2805 4263 solatia
2833 4221 3041 4280 quaere,

1864 4293 1968 4350 Ille
1988 4296 2100 4352 cito
2121 4296 2353 4368 aspiciet
2374 4295 2574 4367 placito
2591 4296 2696 4351 sibi
2723 4305 2976 4368 tempore
2998 4311 3212 4362 versus,

1867 4386 1993 4442 Post
2019 4387 2197 4443 noctis
2228 4387 2487 4443 tenebras
2519 4386 2775 4442 ﬂorentia
2796 4387 3005 4443 lumina
3044 4404 3302 4443 cernens.

1861 4482 1990 4538 Post
2020 4483 2219 4538 hiemis
2236 4483 2490 4558 glaciem,
2525 4483 2712 4539 Boreae
2740 4493 2863 4554 post
2885 4483 3057 4559 frigus
3081 4485 3357 4552 abactum,

1860 4576 2037 4628 Aurea
2065 4589 2233 4627 verna
2264 4572 2364 4627 tibi
2397 4573 2618 4639 cedent,
2650 4573 2995 4644 spirantibus
3024 4575 3223 4629 austris
3256 4593 3269 4629 :

1859 4660 1990 4716 Tum
2015 4661 2219 4730 pressis
2238 4661 2340 4716 sub
2368 4675 2553 4715 amore
2584 4662 2680 4716 Dei
2728 4661 3020 4733 praesentia
3042 4663 3295 4733 praebens

1867 4748 2252 4820 Nexorumque
2282 4748 2470 4804 levans
2499 4748 2766 4803 solamine
2798 4748 3015 4803 vincula
3046 4750 3271 4818 blando,

1865 4840 2095 4895 Siderea
2125 4840 2367 4912 accipies
2396 4847 2451 4895 et
2480 4838 2592 4895 ﬁne
2621 4840 2865 4895 carentia
2894 4840 3060 4896 dona.
3098 4862 3119 4891 ι

1864 4931 2035 5006 Erigit
2059 4930 2147 4985 his
2171 4932 2418 4987 animum
2448 4931 2683 5006 caligine
2710 4933 2894 4989 clausa
2922 4933 3133 5008 virago,

1864 5020 2068 5076 Lumen
2100 5027 2158 5075 ut
2182 5021 2417 5076 interius
2447 5030 2728 5093 nequeant
2757 5021 2974 5077 fuscare
3001 5020 3246 5077 tenebrae
3281 5038 3295 5075 :

1860 5114 2073 5171 Fortior
2109 5120 2163 5169 at
2188 5116 2358 5185 pollet
2381 5116 2672 5186 pressuris,
2694 5117 2900 5192 gaudet
2928 5132 3129 5190 agone,

1860 5204 2087 5279 Angitur
2112 5204 2307 5259 infelix
2331 5205 2535 5273 socius,
2568 5209 2919 5280 cumulatque
2941 5206 3181 5262 furorem
3216 5223 3230 5271 ;

1858 5301 2053 5356 Atterit
2078 5300 2364 5356 obsessam
2396 5308 2641 5374 potuque
2667 5304 2906 5376 ciboque
2935 5311 3137 5375 negato
3170 5319 3185 5367 ;

1861 5395 1956 5449 Vix
1978 5394 2248 5465 impendit
2268 5411 2490 5467 aquam,
2514 5406 2857 5469 consumptae
2887 5404 3141 5451 utmorte
3164 5395 3370 5468 jugalis

1861 5482 2112 5537 Liberius
2137 5483 2453 5538 dominetur
2473 5500 2641 5556 cpum
2665 5502 2802 5558 quas
2827 5486 3043 5539 deserat
3074 5484 3185 5539 illa.

1861 5579 1989 5643 Quae
2011 5577 2180 5649 recipi
2211 5594 2271 5633 se
2294 5578 2407 5648 jam
2441 5596 2671 5650 sperans
2695 5583 2811 5635 haec
2848 5593 2971 5633 ossa
3001 5578 3209 5653 relegat

1863 5671 2197 5728 Consolatori
2230 5689 2243 5726 :
2280 5697 2304 5720 σι
2330 5672 2476 5728 Finis
2504 5673 2639 5728 mihi
2669 5687 2913 5744 corporis
2940 5670 3107 5728 instat
3135 5689 3148 5726 :
