3974 6146
449 273 553 326 723
1202 267 1570 323 FLODOARDI
1614 264 1916 321 CANONlCl
1963 263 2293 320 REMENSIS
2334 264 2672 321 OPUSCULA
2712 264 3015 324 METRICA.
3666 274 3759 330 ’724

451 405 575 459 Esto
604 415 817 457 memor
843 400 1037 467 nostri,
1064 398 1311 456 tenebris
1339 399 1578 455 animam
1620 397 2002 473 egredientem
2098 402 2147 469 Α
2177 396 2271 452 ille
2311 391 2496 453 ferens
2524 396 2695 453 sacris
2723 396 2909 453 divina
2927 396 3212 454 sororibus
3238 414 3365 455 orsa

452 498 576 566 lpse
605 500 665 549 ut
695 492 961 562 suscipiat
989 491 1167 562 patior
1197 506 1294 562 pro
1316 491 1475 560 cujus
1504 506 1692 545 amore

453 588 622 656 Hujus
644 601 783 641 anus
811 584 941 640 inici
975 585 1137 640 nobis
1166 601 1286 656 quae
1313 584 1550 655 coeperis
1575 598 1693 638 ore.

2173 487 2275 543 Ter
2301 488 2517 544 decimo
2546 489 2862 560 explicitum
2893 489 3048 568 testis
3078 496 3205 560 post
3230 490 3349 545 sole
3380 491 3701 565 triumphum

2174 580 2329 635 Celsa
2349 581 2455 635 sibi
2486 581 2703 636 scandit
2732 582 3040 653 penetralia
3067 590 3308 652 martyre
3330 589 3507 653 parta,

454 678 551 732 llle
579 675 683 730 sub
712 675 834 729 haec
863 691 876 726 :
913 693 934 723 ι
969 673 1173 728 Lucem
1229 688 1455 744 semper
1501 671 1825 743 progredier
1861 670 2074 725 umbris
2176 672 2427 747 Pignoris
2456 673 2655 729 eximia
2689 673 2814 728 lecti
2836 673 3095 729 mercede
3126 681 3368 745 recepta.

455 771 676 826 Constat
702 774 757 822 et
784 774 989 839 aegroto
1022 766 1232 820 licitum
1273 771 1597 835 exspectare
1627 765 1860 819 salutem
1889 781 1904 829 ;

454 860 627 913 Vitam
658 864 783 928 post
809 863 1041 912 mortem
1070 873 1083 909 :
1110 856 1191 910 sic
1219 871 1332 911 uno
1360 854 1469 909 fine
1494 853 1753 910 fatiscunt

457 948 648 1004 Omnia
678 944 944 1001 mundani
972 945 1056 1000 vel
1082 945 1203 999 lzeta
1232 944 1317 999 vel
1347 960 1545 1016 aspera
1574 960 1788 1009 cursus,

458 1043 575 1107 Quo
594 1041 667 1095 sit
697 1056 824 1111 spes
852 1039 1064 1095 maestis
1095 1039 1349 1112 desitque
1379 1038 1638 1111 superbia
1676 1038 1838 1107 laetis,

460 1132 744 1189 Velificant
762 1147 871 1188 uno
891 1138 1093 1187 nostra:
1115 1139 1287 1187 vectm
1309 1146 1529 1203 aequore
1557 1130 1789 1203 cymbaa,

461 1223 690 1298 Remige
712 1221 792 1276 sic
820 1236 930 1275 uno
961 1220 1176 1275 cunctis
1206 1220 1375 1275 corda
1405 1227 1527 1275 acta
1558 1219 1831 1275 feruntur.

464 1313 561 1367 Hic
601 1310 755 1365 firma
784 1326 941 1365 nexa:
960 1310 1213 1382 quaedam
1244 1323 1510 1383 compage
1541 1308 1742 1364 cariuaa

463 1405 702 1460 Turbine
734 1405 960 1475 pulsata:
990 1409 1254 1472 superant
1284 1401 1423 1458 vada
1462 1402 1679 1457 concita
1701 1401 1856 1472 ponti
1889 1419 1903 1466 ;

464 1494 753 1550 Nonnullis
768 1492 1004 1549 trabium
1028 1493 1170 1547 male
1191 1494 1386 1563 capula
1410 1492 1601 1561 juncta
1632 1492 1874 1563 phaselis

463 1587 780 1660 Tranquillo
813 1586 1113 1640 admissum
1141 1584 1296 1639 rimis
1326 1585 1470 1656 parit
1497 1600 1719 1657 aequore
1763 1590 2012 1655 pontum,

467 1681 529 1735 Et
550 1680 661 1735 cito
694 1679 1017 1749 dispereunt
1046 1676 1309 1731 tricantes
1349 1691 1600 1746 quaerere
1641 1682 1879 1746 portum.

465 1771 558 1824 Ast
586 1769 882 1831 animistu,
912 1782 1079 1821 verna
1115 1766 1212 1819 Dei
1243 1765 1423 1820 crucis
1456 1765 1586 1820 inde
1604 1774 1833 1835 tropaea,

471 1864 674 1931 Aptans
704 1869 756 1914 te
798 1857 1050 1925 Domino,
1081 1871 1191 1928 quo
1222 1864 1514 1928 postquam
1546 1862 1669 1912 vota
1698 1855 1914 1911 subibis

469 1952 706 2023 Martyrii
736 1950 1007 2006 scandens
1034 1950 1233 2020 palmae
1251 1965 1376 2004 cum
1389 1948 1631 2004 culmine
1656 1949 1724 2003 ad
1757 1949 1954 2020 ipsum.
1987 1972 2011 1999 υ

470 2043 580 2098 Nec
608 2057 759 2098 mora
784 2041 997 2113 legatus
1027 2040 1340 2114 peregrinis
1368 2039 1600 2095 Publius
1619 2040 1732 2095 oris

472 2128 651 2198 Efﬂat,
678 2138 734 2184 et
771 2128 1049 2203 egelidum
1073 2135 1360 2184 revocatur
1385 2144 1585 2199 corpus
1608 2129 1664 2183 in
1691 2128 1887 2183 urbem

472 2224 753 2299 Conjugis.
796 2224 906 2279 Hoc
935 2224 1053 2279 viso
1084 2224 1343 2280 custodes
1374 2224 1565 2278 limina
1594 2223 1854 2296 linquunt

472 2313 886 2387 Diffugiuntque
920 2331 934 2380 ;
968 2313 1198 2384 probum
1233 2319 1346 2368 tuta
1366 2313 1651 2368 Anastasia
1677 2319 1855 2369 vatem

476 2411 690 2483 Expetit
710 2426 973 2465 enarrans
997 2410 1378 2481 lacrymasque
1403 2419 1460 2465 et
1485 2410 1690 2485 gaudia
1717 2410 1964 2465 miscens

474 2503 616 2568 Quid
648 2502 871 2569 factum,
906 2502 997 2574 pia
1022 2502 1356 2576 contingerit
1386 2502 1607 2557 oracula
1638 2517 1925 2574 quorsum.

478 2592 671 2647 Libera
700 2592 780 2646 sic
816 2591 1013 2646 vinclis
1038 2591 1348 2646 vinctorum
1373 2590 1588 2646 servula
1629 2589 1824 2645 Christi

478 2685 657 2740 Enitet
685 2700 971 2740 asservans
996 2684 1292 2759 ergastula,
1319 2691 1444 2739 vota
1472 2684 1810 2739 ministrans.

478 2778 691 2831 Arbiter
713 2775 770 2831 in
802 2784 1024 2832 sanctos
1054 2776 1221 2846 hujus
1247 2785 1356 2831 tam
1375 2775 1548 2846 pestis
1568 2774 1783 2831 acerbae

478 2869 744 2925 Mactabat
774 2876 941 2923 testes
970 2868 1231 2939 aquilinis
1261 2868 1315 2922 in
1348 2868 1598 2940 partibus
1626 2867 1753 2942 agni
1783 2886 1799 2932 ;

480 2960 591 3015 Nec
621 2960 753 3014 satis
781 2967 864 3014 est
893 2959 1040 3014 lanio
1066 2967 1399 3030 praesentum
1423 2959 1694 3031 sanguine
1727 2957 1884 3032 tingi,

482 3049 758 3103 Romanos
798 3061 960 3100 enses
982 3045 1149 3100 latum
1178 3047 1309 3116 quin
1331 3045 1613 3120 spargitin
1643 3045 1837 3100 orbem
1870 3064 1887 3111 ;

483 3134 807 3190 Carceribus
824 3140 1004 3189 servat
1029 3149 1169 3206 quos
1198 3133 1525 3205 praefectura
1552 3151 1651 3204 per
1670 3133 1864 3188 urbem

484 3230 609 3285 Diro
642 3230 868 3284 mandat
908 3229 997 3302 agi
1034 3228 1258 3303 gladio;
1291 3228 1394 3283 sibi
1424 3229 1633 3284 mittier
1656 3229 1859 3283 almum

485 3321 894 3395 Chrysogonum
920 3337 934 3385 ;
966 3319 1219 3390 sequitur
1248 3327 1374 3375 voto
1403 3319 1586 3393 gravis
1616 3335 1725 3374 aere
1754 3319 2031 3386 ministra,

484 3410 767 3484 Largaque
797 3408 1067 3464 devinctis
1106 3408 1267 3463 etiam
1303 3407 1393 3463 hic
1430 3408 1699 3463 solamina
1730 3408 1962 3480 praebet,

484 3500 735 3572 Denique
768 3500 1152 3575 Chrysogonus
1178 3500 1480 3574 grassantis
1506 3500 1562 3553 in
1588 3516 1682 3555 ora
1713 3501 1974 3555 draconis

490 3594 809 3661 Perductus,
842 3594 1049 3665 petitur
1076 3592 1310 3664 laqueis,
1342 3591 1693 3663 quatiturque
1719 3592 1982 3647 secundis

490 3684 780 3747 Suadetur,
810 3682 897 3738 vel
932 3681 1251 3754 prazfectus,
1273 3681 1360 3737 vel
1391 3681 1584 3737 consul
1614 3681 1808 3736 adoret

487 3772 723 3827 Numina
752 3771 1128 3838 Romulidum,
1161 3786 1271 3825 neu
1298 3779 1523 3840 spernat
1544 3785 1698 3824 sacra
1728 3778 2039 3839 parentum.

493 3887 517 3910 ‹‹
562 3862 740 3917 Unum
769 3861 867 3931 (ait
894 3860 1001 3919 ille)
1033 3861 1207 3915 Deum
1240 3868 1564 3915 veneratum
1595 3858 2005 3924 mentisadoro,

491 3955 665 4010 Corde
687 3954 809 4010 colo
841 3953 1064 4025 suplici,
1098 3952 1331 4008 sinceris
1360 3967 1670 4023 prosequor
1700 3953 1856 4007 actis.

489 4048 805 4102 Vestrorum
835 4045 1130 4100 simulacra
1161 4045 1326 4099 deum
1357 4059 1477 4115 qua:
1496 4058 1635 4099 vana
1665 4043 1972 4114 probantur

494 4139 687 4209 Utpote
718 4136 1055 4192 daemonicas
1082 4144 1449 4191 contemnens
1468 4149 1697 4189 exsecro
1722 4135 1930 4191 thecas.

494 4232 718 4287 Famine
748 4247 856 4303 quo
886 4218 1141 4302 pandens
1171 4228 1340 4284 animi
1373 4228 1749 4298 insuperabile
1780 4229 1969 4295 robur,

490 4322 769 4379 Terminat
788 4321 1090 4395 egregiam,
1121 4320 1378 4375 desectus
1402 4320 1563 4385 colla,
1603 4320 1932 4391 palaestram,

499 4411 739 4465 Membra
763 4408 1050 4465 salutifero
1086 4408 1309 4480 populis
1326 4424 1395 4464 ne
1419 4410 1544 4478 jure
1569 4410 1829 4475 niterent,

497 4503 688 4556 Livore
717 4501 989 4572 aequoreis
1018 4500 1274 4556 demersa
1298 4500 1554 4555 lavantur
1578 4500 1636 4555 in
1667 4501 1850 4557 undis.

496 4599 559 4653 At
583 4613 692 4653 non
724 4596 913 4652 nereio
936 4602 1274 4668 praesumpta
1303 4603 1565 4651 vorantur
1595 4596 1746 4652 hiatu
1795 4661 1799 4664 ,

497 4688 615 4743 Non
643 4688 711 4742 ad
735 4696 956 4759 portum
980 4688 1173 4754 hostis,
1200 4687 1286 4743 vel
1316 4687 1592 4759 inhospita
1618 4688 1820 4754 littora,
1853 4688 1979 4743 laata

499 4779 818 4833 Sanctarum
840 4777 908 4832 ad
935 4777 1107 4832 saltus
1137 4776 1367 4832 veniunt
1392 4776 1572 4851 legata
1592 4792 1867 4843 sororum,

500 4867 739 4938 Cyonize,
768 4867 1031 4939 Hyrenes,
1061 4868 1407 4942 Agapesque,
1438 4884 1609 4924 senex
1641 4867 1735 4923 ubi
1761 4868 1944 4938 justus

501 4962 773 5019 Conderet
811 4962 930 5017 haec
956 4961 1139 5017 Zoilus
1158 4970 1310 5018 casto
1337 4961 1611 5017 servanda
1640 4961 1829 5018 cubili.

505 5053 770 5110 Panditur
798 5052 1061 5108 indeseni
1084 5070 1194 5125 qua
1221 5054 1292 5109 sit
1320 5060 1485 5124 caput
1512 5068 1738 5126 asquore
1772 5058 2011 5118 vectum,

505 5148 907 5218 inventumque
935 5147 1087 5202 velut
1104 5153 1316 5202 sectum
1340 5162 1465 5202 mox
1495 5147 1649 5202 caede
1680 5146 1888 5202 recenti

508 5235 796 5310 Deligitur,
830 5235 1163 5307 propriaque
1193 5250 1359 5306 super
1386 5234 1604 5290 cervice
1626 5235 1857 5290 locatur.

509 5326 649 5380 Pace
675 5324 864 5380 fruens
893 5331 1097 5396 martyr
1124 5339 1436 5395 superaque
1466 5323 1523 5377 in
1555 5324 1675 5378 luce
1709 5323 1925 5391 beatus,

509 5418 632 5489 lpse
661 5418 746 5473 sui
777 5418 1048 5473 curatoris
1076 5430 1289 5471 memor
1316 5431 1437 5471 esse
1460 5415 1721 5485 probatur
1747 5431 1762 5480 ;

510 5515 905 5582 Apparensque
943 5510 1063 5566 seni
1094 5508 1363 5564 dictarum
1390 5506 1537 5571 bella
1572 5522 1822 5562 sororum

508 5605 627 5659 Jam
660 5604 947 5674 patranda,
980 5604 1196 5677 piaeque
1223 5603 1386 5659 docet
1411 5602 1661 5658 solamen
1691 5601 1925 5656 alumnaa

518 5690 670 5746 Hunc
697 5700 977 5762 sumptum
1008 5692 1088 5746 ire
1118 5692 1301 5748 datam
1326 5697 1641 5747 sanctorum
1671 5690 1804 5746 sede
1858 5689 2125 5763 quietem.

2110 1723 2162 1790 B

2176 763 2311 817 Hinc
2341 763 2394 817 in
2414 763 2703 834 praedictas
2732 770 3014 836 grassante
3044 762 3259 818 latrone
3291 777 3532 833 sorores,

2176 858 2241 913 Ut
2281 858 2384 912 sibi
2410 858 2512 913 fert
2530 858 2769 926 jussum,
2794 873 2904 913 non
2936 857 3141 913 deserit
3168 858 3313 913 alma
3339 858 3593 913 ministra

2178 949 2407 1005 Carcere
2434 949 2686 1004 detrusas
2712 948 2996 1004 Anastasia
3015 948 3263 1015 sodales,

2182 1042 2518 1113 lmpendens
2542 1041 2825 1116 geminum
2857 1040 3080 1111 pietatis
3111 1055 3343 1095 munere
3363 1039 3587 1095 victum.

2183 1134 2293 1189 Nec
2323 1134 2507 1189 minus
2537 1132 3087 1208 indignosrebusque
3124 1131 3357 1204 foroque
3386 1130 3653 1203 repulsos,

2184 1223 2418 1279 Nomine
2448 1223 2700 1293 sydereo,
2732 1221 2945 1299 gremio
2965 1220 3252 1296 genitricis
3281 1221 3506 1292 adOptat
3534 1238 3549 1274 :

2187 1310 2379 1365 Omnia
2417 1310 2650 1366 sollicite
2681 1327 2903 1376 curans,
2937 1309 3271 1382 patrimonia
3291 1310 3431 1365 coelo

2189 1403 2437 1459 Condere
2468 1403 2799 1475 deposcens,
2828 1403 2972 1459 votis
3001 1418 3284 1475 operaque
3323 1402 3601 1466 laborans,

2187 1497 2262 1551 Ne
2293 1513 2401 1567 qua
2431 1495 2601 1551 latere
2631 1496 2775 1550 sinat
2803 1495 2965 1550 terris
2995 1511 3118 1567 qua:
3149 1502 3371 1550 voverat
3398 1494 3592 1557 astris;

2189 1586 2557 1641 Grassatorem
2590 1584 2790 1641 etenim
2823 1585 3076 1657 sequitur
3104 1584 3197 1656 qui
3226 1591 3407 1656 strage
3448 1583 3658 1655 piorum

2190 1678 2354 1732 Ardet
2383 1677 2588 1748 ubique
2620 1676 2725 1731 loci
2754 1682 2936 1731 vastas
2958 1673 3247 1729 effundere
3274 1674 3455 1729 credes

2190 1774 2264 1827 Ac
2292 1773 2443 1828 velut
2474 1770 2901 1843 haudquaquam
2924 1769 3103 1824 valeat
3123 1768 3370 1840 reperire
3393 1766 3664 1822 necandos

2192 1870 2305 1933 Qua
2333 1866 2548 1940 pergit;
2591 1866 2811 1921 ductare
2837 1865 3023 1920 studet
3047 1864 3148 1918 sub
3179 1863 3362 1918 vincla
3392 1867 3656 1932 repertos,

2192 1957 2337 2022 Quos
2365 1956 2509 2010 inter
2537 1955 2818 2010 Macedum
2848 1953 3023 2009 dictas
3052 1952 3305 2025 perducit
3335 1951 3403 2004 ad
3430 1949 3605 2005 urbes

2193 2045 2493 2099 Germanas
2524 2043 2677 2099 nullo
2708 2043 2911 2098 sudore
2939 2042 3149 2097 abtrice
3180 2040 3475 2109 dirempta,

2194 2135 2323 2201 Quae
2354 2134 2501 2191 celso
2528 2142 2756 2206 superat
2785 2134 2951 2190 corde
2979 2147 3246 2204 scruposa
3282 2130 3492 2186 viarum

2193 2228 2475 2299 Quamque
2498 2243 2774 2298 supernus
2803 2241 2958 2282 amor
2988 2240 3086 2295 per
3101 2224 3259 2287 dura,
3285 2236 3384 2292 per
3411 2218 3585 2274 ardua
3602 2216 3724 2273 tollit

2194 2317 2488 2372 Pharsaliis
2518 2331 2777 2388 quaerens
2802 2321 2962 2386 aptos
2992 2313 3061 2368 ad
3092 2312 3213 2367 dira
3242 2311 3530 2366 ministros
3562 2326 3578 2375 ;

2190 2407 2332 2461 Trux
2361 2408 2448 2462 leo
2474 2406 2730 2462 victrices
2757 2404 2901 2475 rapit
2927 2404 3035 2459 huc
3069 2401 3138 2457 ad
3169 2416 3316 2457 saeva
3331 2414 3574 2464 sorores,

2197 2501 2339 2563 Quas
2367 2498 2457 2570 pia
2485 2495 2710 2551 solatrix
2738 2510 2895 2549 acres
2923 2509 3035 2549 non
3061 2492 3207 2547 inter
3233 2506 3446 2567 agones

2198 2587 2431 2652 Deserit,
2466 2584 2612 2640 haud
2643 2590 2849 2639 mactas
2875 2589 3000 2653 post
3024 2581 3168 2637 clara
3199 2588 3404 2652 tropea
3433 2578 3724 2651 relinquit;

2201 2681 2401 2753 Hisque
2437 2686 2773 2734 aeternorum
2803 2674 2998 2731 festiva
3026 2672 3230 2746 palatia
3258 2672 3437 2728 nactis

2202 2774 2539 2847 Regnorum,
2572 2769 2753 2825 meriti
2782 2769 2972 2824 thecas
2993 2766 3145 2823 cultu
3175 2774 3334 2821 ornat
3362 2764 3606 2819 honoris.

2203 2867 2377 2935 Hujus
2398 2881 2497 2938 per
2525 2863 2729 2918 multos
2748 2861 2965 2933 superis
2993 2859 3174 2931 legata
3197 2857 3451 2929 supellex

2206 2960 2337 3013 Dum
2368 2954 2723 3028 polletcelsis
2742 2954 2856 3024 jam
2887 2950 3314 3023 centuplicanda
3345 2948 3570 3004 talentis

2155 3091 2174 3111 η
2208 3049 2271 3104 1n
2296 3050 2454 3105 terris
2478 3064 2683 3123 augere
2711 3047 2942 3113 bonum,
2976 3044 3199 3116 pietatis
3218 3049 3430 3097 amator

2208 3145 2322 3200 Non
2354 3142 2533 3198 renuit
2552 3141 2774 3213 gemina
2804 3141 2947 3195 hanc
2973 3144 3242 3210 praestans
3300 3137 3535 3193 retinere
3571 3137 3787 3195 lucerna.

2207 3240 2341 3294 Dum
2368 3237 2527 3308 parili
2544 3235 2729 3307 jungit
2761 3233 3103 3290 Theodotem
3134 3234 3257 3288 luce
3294 3233 3605 3287 micantem.

2208 3330 2466 3387 Hostibus
2498 3330 2613 3383 haec
2636 3327 2856 3383 addicta
2881 3343 3045 3400 sagax
3076 3325 3505 3395 evaderejcurat,

2208 3418 2489 3484 Mundani,
2524 3417 2662 3473 saltu
2695 3424 2839 3472 astra
2858 3426 3080 3488 petens,
3113 3414 3461 3487 laqueamina
3487 3412 3635 3478 retis,

2208 3510 2529 3582 Zelantique
2561 3524 2726 3580 proco
2758 3508 2868 3563 sibi
2895 3507 3083 3563 debita
3111 3507 3319 3578 praedia
3345 3506 3618 3577 linquens,

2210 3603 2455 3659 Nectitur
2473 3602 2728 3657 aetherem
2761 3599 2945 3655 studio
2976 3599 3285 3657 exercenda
3315 3599 3583 3671 magistra:

2212 3695 2478 3762 Quaelibet
2508 3698 2633 3764 apta
2663 3693 2778 3748 foro
2807 3693 3028 3749 discens
3057 3691 3380 3763 impendere
3407 3675 3566 3747 coelo.

2218 3791 2341 3845 Haec
2368 3788 2552 3845 omnis
2579 3802 2711 3842 cura
2740 3786 3030 3852 ambabus,
3063 3785 3179 3840 haec
3204 3784 3325 3840 sola
3354 3782 3570 3854 cupido,

2217 3879 2415 3934 Matres
2444 3884 2505 3932 ut
2528 3875 2751 3951 genitis,
2771 3874 2966 3932 solatia
2987 3873 3228 3945 pendere
3242 3872 3472 3938 sanctis,

2210 3970 2529 4028 Subsidium
2557 3967 2697 4025 ferre
2725 3968 2987 4042 indignis,
3011 3966 3141 4021 dare
3162 3965 3363 4021 robora
3383 3965 3539 4028 tritis,

2213 4060 2531 4116 Praesidium
2566 4057 2803 4130 pavidis,
2836 4054 3095 4130 suffragia
3124 4054 3343 4110 tradere
3370 4052 3590 4117 maestis,

2215 4150 2360 4205 Latis
2384 4148 2525 4205 cmlo
2555 4147 2774 4219 Opibus.
2802 4145 3082 4216 raptisque
3103 4142 3174 4198 ad
3197 4142 3385 4197 sidera
3404 4140 3582 4212 justis.

2214 4242 2481 4309 Quaesitos
2509 4239 2670 4296 solito
2701 4238 2938 4293 lustrans
2964 4234 3243 4309 ergastula
3280 4241 3475 4301 mater,

2213 4337 2351 4391 Dum
2376 4331 2574 4405 probat
2603 4330 2868 4388 emeritos
2893 4328 3178 4384 Anastasia
3197 4327 3486 4402 migrasse,

2219 4429 2289 4484 Se
2315 4426 2570 4499 lacrymis
2600 4423 2902 4481 desolatam
2932 4419 3140 4476 solatur
3167 4416 3377 4477 amicis.

2221 4520 2347 4585 Quae
2377 4518 2509 4572 fletu
2536 4513 2759 4570 madida
2795 4526 2892 4567 ora
2922 4509 3106 4584 rigans
3134 4523 3296 4563 secus
3324 4511 3483 4561 antra
3509 4506 3704 4574 reperta

2220 4609 2500 4681 lntrepido
2532 4606 2803 4662 Christum
2832 4604 2955 4658 nisu
2984 4601 3115 4673 quia
3137 4599 3280 4655 fassa
3313 4596 3548 4673 roganti,

2219 4701 2468 4756 Traditur
2507 4697 2707 4769 Illyrici
2733 4695 2934 4766 stipato
2956 4693 3080 4762 jure
3103 4688 3310 4746 forensi

2221 4792 2503 4859 Prefecto,
2535 4790 2852 4860 scitansque
2881 4785 3070 4841 datum
3110 4780 3477 4837 nihilominus
3504 4777 3591 4832 ille

2221 4883 2431 4955 Accipit
2459 4880 2740 4956 egregium
2759 4887 2950 4934 tenero
2983 4874 3086 4931 sub
3118 4881 3343 4945 pectore
3369 4871 3537 4926 robur

2222 4953 2835 5043 Quaerentiquevgenus,
2863 4978 3195 5036 causamque
3229 4962 3479 5018 interrita
3508 4953 3703 5031 pandit:

2222 5068 2521 5132 Adventus,
2552 5065 2738 5120 Jesum
2769 5068 2937 5133 super
2963 5068 3110 5114 astra
3131 5057 3329 5113 sedere
3356 5052 3615 5127 profatur,

2225 5165 2671 5233 Praesentemque
2699 5158 2818 5215 solo
2834 5157 3043 5213 sanctis
3064 5152 3334 5210 solamina
3365 5150 3509 5206 ferre
3539 5167 3555 5214 ;

2225 5254 2336 5308 Nec
2366 5257 2531 5327 negat
2560 5249 2647 5304 his
2671 5264 2731 5304 se
2760 5245 3049 5303 sollicitam
3065 5240 3305 5298 servisse
3335 5238 3624 5293 ministram

2229 5342 2376 5408 Quos
2406 5340 2833 5411 impugnarunt:
2868 5332 3098 5404 trepidis
3128 5329 3346 5385 auxisse
3378 5327 3632 5401 vigorem.

2230 5434 2389 5487 Arma
2418 5431 2661 5497 dedisse,
2692 5428 2836 5484 viam
2868 5430 3226 5488 monstrasse,
3260 5420 3474 5475 levasse
3495 5416 3703 5471 laborem

2231 5527 2326 5581 His
2350 5541 2410 5581 se
2437 5524 2713 5579 desertam
2735 5520 3096 5594 queriturque
3134 5521 3366 5586 repente
3399 5511 3643 5568 relictam.

2231 5615 2442 5671 rEmula
2466 5614 2630 5671 cordi
2662 5612 2753 5683 pio
2783 5616 2909 5682 post
2927 5608 3028 5665 hos
3053 5606 3268 5663 fervore
3300 5603 3582 5663 ferentem,
