3962 6140
175 305 280 359 725

785 293 870 349 DE
909 287 1168 346 CHRISTI
1204 282 1565 341 TRIUMPHIS
1605 279 1776 335 APUD
1818 277 2083 333 ITALIAM
2125 274 2300 330 LIBRI
2340 274 2471 329 XIV.
2514 303 2582 314 -—
2623 271 2744 327 LIB.
2787 272 2901 326 VII.

3413 272 3518 328 726

179 432 396 504 Hosque
425 426 584 500 sequi
613 423 892 497 cupidam,
934 419 1066 475 hinc
1093 424 1150 474 et
1187 422 1376 487 aperto
1402 411 1611 468 lumine
1651 425 1795 482 pau-
1823 414 1875 479 Α
1903 406 2149 462 Bebricia
2179 405 2393 460 interea
2417 402 2727 458 Theodotes
2754 401 2890 457 urbe
2921 400 3128 472 petitor

1593 502 1727 575 [sam

179 612 298 677 Quo
328 615 456 681 post
483 611 734 662 exactum
765 601 987 658 tandem
1012 597 1244 671 vestigia
1263 610 1490 652 censum

181 705 305 775 Ipsa
332 698 768 770 triumphantum
798 694 864 749 ad
897 692 1092 749 caelos.
1124 688 1211 744 vel
1241 704 1366 743 sera
1395 691 1692 757 sequatur;

179 791 541 865 Comperiens
579 788 780 844 claram
817 799 1021 858 prmses
1048 781 1342 857 gentisque
1373 785 1569 854 togatae

180 886 360 956 Stirpe
389 891 585 948 satam,
614 879 730 954 regi
758 877 906 933 ducit
940 876 1267 947 depromere
1293 872 1520 945 dignum

182 977 251 1031 Se
282 971 582 1046 praetextati
614 968 867 1026 sobolem
899 980 1116 1021 servare
1148 962 1479 1034 prehensam

185 1062 525 1120 Christicolae
542 1067 692 1115 tanto
719 1063 887 1112 sexta:
909 1052 1210 1110 nodamine
1238 1058 1448 1121 captam

184 1153 420 1210 Nomine
449 1151 554 1206 sub
593 1147 815 1212 Christi,
841 1145 1100 1220 jugulum
1124 1157 1246 1212 quae
1276 1139 1518 1210 pendere
1549 1134 1716 1190 malit.

183 1246 440 1316 Pmcipit
467 1243 559 1297 ille
589 1241 768 1296 datam
809 1237 991 1292 studio
1021 1233 1292 1290 servarier
1321 1229 1494 1296 omni,

181 1337 344 1392 Iussa
376 1343 571 1388 tenens
600 1328 734 1402 quid
765 1341 962 1382 censor
986 1329 1132 1397 agat,
1166 1337 1288 1392 qua:
1319 1334 1548 1373 munera
1574 1323 1759 1389 ponat.

186 1423 436 1497 Exquirit
462 1419 748 1494 praefectus
775 1432 932 1488 opes,
961 1411 1289 1486 patrimonia
1311 1409 1520 1480 poscit;

183 1517 477 1588 Accipiens
503 1514 755 1583 impensa
786 1509 936 1580 polo,
979 1504 1240 1560 libamina
1259 1501 1482 1573 profert.

186 1611 398 1667 Probra
436 1609 607 1662 Deum
639 1603 886 1675 capiens,
920 1600 1115 1654 insana
1134 1595 1356 1652 oracula
1385 1600 1593 1657 censet,

188 1694 514 1756 Dementem
535 1696 768 1750 demens
799 1689 1020 1751 vocitat,
1053 1685 1251 1758 probat
1283 1683 1374 1738 illa
1406 1681 1719 1748 socordem,

188 1788 615 1857 lnvalidumque
654 1782 840 1838 animo
868 1777 1013 1834 veris
1042 1789 1333 1831 secernere
1363 1770 1516 1826 falsa.

189 1889 442 1953 Quaestor
473 1883 620 1938 dicta
650 1879 815 1935 refert
843 1876 981 1950 regi,
1015 1873 1142 1929 furit
1163 1872 1256 1926 ille
1286 1869 1577 1941 requirens

189 1974 364 2030 Milite
404 1987 515 2044 quo
554 1968 716 2023 ﬁxam
757 1970 1002 2037 superet,
1035 1961 1196 2034 queis
1227 1959 1454 2014 dimicet
1475 1955 1662 2022 armis,

190 2061 529 2118 Sacricolam
563 2055 826 2113 eximium
849 2053 1077 2124 capiens
1103 2065 1270 2105 uxore
1295 2052 1602 2110 vacantem,

187 2152 380 2209 Tradit
407 2150 537 2206 huic
575 2147 661 2203 vel
691 2143 1060 2207 subdendam,
1093 2139 1353 2210 fanoque,
1382 2136 1676 2206 thoroque,

191 2243 292 2298 Vel
315 2241 362 2296 si
394 2237 674 2303 restiterit,
703 2231 1070 2307 subigendam
1103 2226 1340 2283 tormine
1363 2225 1531 2280 letho.

194 2331 296 2386 Ille
318 2330 503 2384 datam
531 2325 780 2399 gaudens
798 2319 949 2377 varia
975 2319 1031 2372 in
1061 2314 1368 2388 penetralia
1398 2312 1569 2378 ducit,

192 2415 496 2473 Dissimilis
523 2415 736 2470 diversa
763 2423 994 2465 monens
1025 2403 1343 2460 discrimina
1368 2400 1500 2456 belli
1523 2417 1534 2453 :

195 2516 338 2570 Ilinc
363 2511 627 2588 gladium,
657 2507 787 2563 hinc
811 2519 1026 2570 aurum,
1055 2515 1302 2574 gemmas
1329 2499 1478 2560 hinc,
1514 2495 1644 2550 inde
1669 2501 1821 2549 cata-

1586 2588 1715 2660 [stas
1736 2603 1750 2653 ;

195 2695 458 2754 Mollibus
495 2693 622 2749 hinc
651 2690 812 2746 cunis
848 2687 1064 2764 argenti
1093 2692 1260 2740 strata
1292 2682 1600 2754 refulgent;

197 2790 434 2866 Ignibus
456 2787 582 2842 inde
603 2783 734 2840 feris
761 2781 889 2837 ferri
922 2789 1042 2834 usta
1070 2777 1296 2854 grabata
1328 2774 1618 2837 renident;

196 2886 337 2943 Inde
371 2899 517 2956 penu
547 2879 785 2951 dapibus
816 2877 985 2931 nimia
1008 2875 1152 2945 stipe
1183 2871 1299 2926 dite
1326 2869 1618 2932 refertum;

196 2980 338 3033 Inde
371 2990 540 3047 specu
568 2969 811 3028 tenebris
836 2969 1102 3039 testisque
1127 2961 1394 3018 horrescit
1415 2960 1610 3016 acutis.

198 3072 334 3136 Quae
360 3082 552 3123 verum
575 3065 752 3120 lutum
775 3061 932 3118 fortis
964 3065 1158 3115 testata
1185 3056 1396 3130 virago,

204 3158 446 3214 Cernere
475 3171 535 3210 se
563 3151 815 3209 cumulos
831 3149 1126 3221 epulentos
1155 3153 1397 3200 stercora
1422 3149 1636 3208 censet,

201 3251 410 3306 Ferrea
439 3246 621 3302 vincla
649 3243 762 3317 poli
793 3242 1032 3315 pretiosa
1061 3238 1291 3294 monilia
1321 3235 1489 3292 ducit.

204 3344 302 3399 Ille
337 3348 544 3413 putans
569 3337 748 3410 spatio
779 3353 810 3391 a
839 3335 994 3391 cmlis
1025 3334 1090 3388 ad
1125 3340 1304 3386 terrea
1337 3329 1498 3391 volvi,

205 3437 334 3491 Fert
366 3433 607 3489 triduum
626 3429 813 3485 invitae
835 3429 948 3498 jam
967 3427 1194 3498 jamque
1225 3438 1469 3493 superna
1491 3417 1726 3484 tenenti,

204 3529 536 3600 Allegatque
563 3523 756 3578 decem
785 3535 944 3591 sagas
971 3524 1284 3588 pervertere
1314 3512 1502 3578 corda,

206 3614 546 3672 lndomitam
576 3612 725 3666 visco
748 3608 1030 3680 laqueisve
1061 3605 1229 3680 ligare
1261 3601 1593 3658 columbam.

209 3709 363 3762 Hanc
395 3704 504 3760 illa:
529 3700 697 3756 variis
724 3704 991 3755 attentant
1020 3694 1258 3750 retibus:
1289 3708 1504 3757 aurum,

206 3797 486 3852 Ardentes
508 3805 763 3865 gemmae,
795 3787 1091 3858 Parthique
1123 3783 1376 3838 feruntur
1400 3781 1601 3836 odores

209 3887 308 3942 Illa
338 3884 471 3956 polo
500 3879 686 3936 deﬁxo
715 3876 930 3944 oculos,
961 3875 1213 3945 elataque
1239 3872 1468 3944 palmas,

208 3976 331 4030 Stat
363 3971 626 4044 precibus
662 3969 903 4032 haerens,
935 3979 1040 4019 nec
1071 3961 1237 4017 corda
1265 3975 1370 4014 nec
1400 3974 1495 4013 ora
1525 3956 1838 4021 reﬂectens,

204 4068 332 4124 Non
364 4079 551 4120 escam
579 4073 906 4117 somnumve
938 4063 1154 4128 petens,
1183 4068 1420 4108 sensuve
1459 4051 1819 4126 pigrescens;

209 4158 516 4216 Cornicum
547 4162 606 4208 ut
633 4167 799 4208 voces
824 4148 1008 4222 aquila
1027 4151 1328 4218 spernente
1357 4143 1650 4208 fatiscunt;

210 4255 307 4310 Sic
328 4250 441 4307 fusi
471 4264 685 4311 suasus,
715 4246 941 4300 immota
967 4244 1072 4298 hac
1092 4247 1294 4306 stante,
1323 4239 1627 4293 labascunt.

211 4347 449 4402 Cessum
473 4341 567 4397 ubi
596 4351 722 4412 post
744 4337 982 4409 spatium
1014 4332 1305 4388 muliebria
1337 4330 1445 4386 tela
1473 4329 1634 4384 relisa

217 4433 522 4506 Improbus
560 4430 822 4485 insistens
846 4426 1052 4482 athleta
1081 4421 1328 4477 libidinis
1354 4419 1528 4483 audit,

217 4531 552 4598 Irrumpens
568 4538 722 4578 sacra
737 4522 850 4591 jam
891 4523 1144 4590 penetrat
1172 4531 1271 4587 per
1295 4521 1422 4568 vota
1446 4512 1710 4576 dicatum,

219 4618 435 4674 Nititur
465 4614 751 4685 amplexus
771 4608 980 4665 caelesti
1009 4605 1214 4661 inferre
1243 4603 1462 4675 puellae,

220 4713 406 4777 Quem
436 4706 623 4762 subito
653 4703 882 4777 cingens
913 4697 1156 4754 tenebris
1183 4694 1392 4751 aorasia
1418 4692 1581 4746 vallat

221 4808 396 4879 Gyrat
419 4802 589 4858 inane
615 4800 833 4864 domus,
864 4794 1060 4852 Christi
1081 4791 1404 4863 contingere
1430 4801 1642 4842 servam

221 4877 554 4957 Invalidus;
587 4889 783 4945 surdos
811 4901 983 4942 vacuo
1013 4888 1172 4939 vocat
1201 4895 1326 4934 aere
1356 4877 1548 4935 divos;

221 4986 407 5054 Queis
439 4981 660 5039 tandem
691 4979 898 5044 elusus,
940 4975 1221 5047 pestisque
1251 4971 1432 5050 rigore
1461 4973 1706 5031 coactus,

221 5044 494 5132 Xstantes
521 5069 733 5127 foribus
760 5044 1004 5122 clamans
1031 5044 1161 5128 ciet,
1185 5044 1686 5131 hisque‘receptus,

227 5169 526 5234 Evehitur,
549 5165 836 5236 cultasque
867 5162 961 5216 diu
993 5159 1240 5214 defertur
1268 5155 1336 5210 ad
1367 5169 1509 5216 aras,

227 5261 410 5315 Sacra
440 5255 580 5320 litat,
609 5253 775 5306 vitam
807 5266 838 5304 a
865 5248 1062 5304 mortis
1093 5243 1416 5301 ductoribus
1445 5247 1584 5306 orat,

229 5349 377 5403 Orsa
403 5342 554 5414 capit
578 5357 638 5396 se
659 5341 827 5416 digna
852 5337 963 5410 pati
996 5333 1348 5390 clementibus
1373 5329 1542 5393 ausis,

229 5439 643 5503 Tartareasque
657 5430 836 5503 agitur
858 5434 1048 5498 raptus
1070 5423 1362 5496 tysiphone
1393 5419 1496 5474 sub
1521 5417 1761 5473 umbras.

236 5531 450 5586 Libera
480 5522 731 5580 bellatrix
759 5520 925 5576 sociae
955 5517 1190 5593 magalia
1217 5514 1366 5580 visit,

237 5623 314 5678 Et
345 5617 457 5674 sibi
485 5622 640 5692 gesta
668 5613 782 5668 Deo
808 5608 1102 5666 Theodotae
1131 5621 1195 5660 ex
1223 5602 1416 5692 ordine
1446 5599 1672 5672 pandit:

237 5687 693 5774 Solibns'atque
714 5699 809 5756 Dei
838 5703 1030 5754 noctes
1062 5695 1114 5749 in
1147 5691 1404 5748 laudibus
1433 5687 1662 5744 addunt.

1900 498 2233 562 Adveniens,
2265 494 2467 567 Opibus
2485 495 2646 563 justas
2676 493 2999 564 perfunctus
3021 493 3230 565 inique,

1905 590 2051 646 Hanc
2079 587 2188 644 sibi
2216 585 2474 644 connecti
2498 584 2682 640 studio
2710 584 2975 658 ﬂagrabat
2999 584 3163 640 inerti

1903 683 2153 754 Dumque
2184 681 2304 735 dies
2331 694 2473 734 vano
2505 677 2765 732 insistens
2791 677 2916 732 terit
2945 677 3150 748 impete
3175 678 3380 748 plures,

1907 776 2122 832 Invenit
2152 775 2293 832 hanc
2323 774 2526 844 pariter
2551 788 2675 844 quae
2694 771 2917 828 roboret
2954 787 3050 827 ore
3078 772 3346 836 sodalem,

1909 865 2075 930 Quam
2117 863 2263 919 feros
2292 862 2574 932 abripiens
2604 861 2818 915 censori
2849 859 3055 914 addicit
3085 861 3275 924 atroci,

1910 959 2246 1031 Primatique
2268 973 2382 1012 suae
2420 955 2758 1011 Theodotem
2790 954 3025 1009 destinat
3049 953 3220 1008 urbis.

1908 1053 2005 1108 Ille
2021 1053 2166 1124 piam
2198 1051 2394 1106 sceleri
2429 1050 2614 1104 nitens
2638 1047 2988 1104 substernere
3017 1053 3159 1102 tetro

1909 1142 2042 1195 Dum
2065 1138 2265 1210 probat
2293 1137 2651 1209 intrepidam,
2687 1144 2875 1190 natum
2908 1135 3011 1189 sub
3031 1134 3266 1188 tormina
3297 1133 3529 1204 primum

1913 1233 2150 1287 Destinat
2177 1230 2473 1295 Evodium,
2507 1229 2663 1298 pueri
2698 1227 2960 1299 praecelsa
2985 1224 3196 1297 profata

1909 1324 2229 1397 lndignans,
2263 1322 2448 1395 flagris
2470 1329 2526 1377 et
2551 1321 2742 1375 matris
2773 1319 2827 1372 in
2861 1335 2957 1374 ora
2983 1317 3221 1381 lacessit,

1910 1415 2128 1470 Robora
2149 1412 2238 1467 cui
2263 1410 2500 1484 genitrix
2528 1409 2772 1464 cumulat
2799 1422 3054 1462 sermone
3085 1405 3224 1460 virili

1909 1507 2248 1564 Verberibus
2278 1512 2487 1560 testans
2519 1503 2604 1557 his
2629 1501 2833 1576 gaudia
2864 1515 3083 1555 sumere
3114 1497 3331 1554 Christi.

1915 1599 2133 1654 Arbiter
2165 1596 2366 1668 impuri
2399 1595 2492 1650 dat
2512 1594 2832 1650 scortat'oris
2863 1594 3148 1647 honestam

1846 1711 1892 1777 Β
1916 1693 2184 1750 Sordibus
2217 1690 2422 1754 addici,
2457 1689 2688 1760 posthac
2727 1685 3111 1742 meretricibus
3141 1685 3289 1739 addi.

1918 1783 2138 1836 lncesto
2164 1785 2364 1835 castam
2400 1777 2522 1831 nisu
2551 1783 2854 1831 temerante
2882 1774 3090 1846 petenti

1917 1876 2151 1932 Naribus
2172 1873 2460 1930 exundans
2487 1870 2672 1926 valido
2698 1869 2817 1924 ﬂuit
2839 1869 3051 1940 impete
3081 1866 3325 1939 sanguis,

1920 1967 2209 2039 Improbus
2238 1971 2292 2021 et
2321 1964 2519 2019 clamat
2545 1963 2805 2030 juvenem
2838 1959 3051 2035 fulgore
3076 1959 3341 2012 nitentem

1920 2060 2133 2113 Aurata-2
2155 2054 2326 2110 vestis
2345 2052 2617 2109 solamina
2636 2050 2839 2106 dedere
2863 2048 3044 2114 matri,

1924 2148 2091 2217 Cujus
2121 2151 2322 2220 agente
2353 2143 2542 2198 datum
2566 2157 2752 2214 pugno
2784 2140 2889 2193 sibi
2917 2138 3146 2192 naribus
3177 2137 3363 2191 ictum.

1925 2235 2175 2307 Praecipit
2206 2233 2298 2288 hic
2335 2247 2537 2288 censor
2564 2236 2776 2285 vastum
2804 2225 3130 2282 succendier
3162 2224 3363 2297 ignem.

1925 2325 1988 2380 Et
2017 2324 2162 2378 trina
2193 2337 2316 2377 cum
2343 2319 2496 2391 prole
2525 2333 2659 2392 rogo
2690 2314 3002 2387 demergier
3019 2313 3241 2367 almam.

1924 2419 2053 2484 Quae
2091 2425 2278 2492 grates
2309 2413 2538 2470 Domino
2570 2411 2838 2476 referens,
2865 2407 3151 2464 benedicit
3178 2413 3407 2462 ovanter

1924 2505 2332 2578 Omnipotentis
2353 2504 2470 2558 heri
2493 2518 2720 2568 nomen,
2744 2499 3038 2556 clementia
3069 2497 3229 2566 cujus

1925 2601 2162 2675 Pignore
2191 2613 2250 2653 se
2290 2611 2514 2668 proprio
2540 2610 2644 2650 nec
2669 2593 2834 2648 smclo
2859 2597 3077 2662 separat
3096 2590 3222 2654 isto,

1925 2693 2036 2748 Nec
2064 2690 2267 2764 patitur
2293 2688 2493 2743 Christi
2525 2685 2801 2742 confessio
2831 2693 3020 2738 sancta
3058 2680 3269 2746 revelli,

1927 2782 2036 2837 Sed
2067 2796 2170 2834 nec
2198 2777 2444 2848 martyrii
2474 2777 2674 2831 sinitur
2699 2775 2805 2831 sub
2836 2789 3013 2849 agone
3037 2771 3296 2843 relinqui.

1929 2876 2130 2933 Caelica
2158 2890 2284 2930 cum
2322 2873 2466 2938 natis
2497 2871 2714 2926 scandit
2743 2871 2825 2926 sic
2865 2869 3065 2941 praevia
3094 2867 3288 2922 victrix
3316 2885 3331 2931 ;

1937 2967 2137 3040 Illyrici
2171 2965 2463 3039 praefectus
2494 2965 2653 3018 hians
2683 2962 2916 3034 Opplere
2943 2975 3236 3016 crumenas

1822 3068 1898 3148 ,α
1925 3061 2172 3125 Munere,
2207 3063 2507 3128 proventus
2539 3063 2805 3109 matronae
2827 3052 3142 3116 obsederat,
3167 3049 3379 3104 abdens

1932 3149 2250 3206 Romuleam
2275 3145 2525 3202 claustris
2553 3153 2783 3198 matrem
2816 3141 3046 3197 custode
3065 3137 3341 3210 frequenti

1932 3243 2248 3313 Obseptam,
2279 3246 2605 3308 tentansque
2629 3235 2874 3290 animum
2915 3232 3018 3288 sub
3046 3239 3292 3302 pectore,
3323 3245 3490 3283 sexus

1934 3333 2164 3396 Inﬁrmi,
2196 3330 2461 3395 validum,
2503 3328 2700 3382 suadet
2733 3334 3005 3398 praecepta
3033 3321 3278 3398 magistri

1935 3428 2179 3500 Expleat,
2207 3434 2262 3481 et
2291 3423 2437 3480 facili
2467 3437 2668 3478 census
2690 3420 2798 3475 sibi
2825 3419 2955 3475 dote
2979 3417 3220 3473 remittat

1934 3519 2290 3574 Temnentem
2325 3523 2578 3568 temnens
2599 3510 2844 3565 imitetur
2883 3521 3112 3562 munera
3143 3503 3438 3566 Christum,

1939 3609 2033 3663 Illa
2057 3617 2242 3662 terens
2276 3603 2430 3658 ﬁrma
2459 3599 2695 3656 calentia
2717 3597 2928 3668 spicula
2951 3610 3168 3666 parma;

1944 3719 1964 3746 ι
2011 3697 2236 3750 Vertere
2265 3707 2352 3746 me
2377 3689 2634 3746 mandata
2657 3687 2824 3757 jubes
2845 3700 2967 3758 quae
3002 3683 3246 3738 Christus
3266 3679 3460 3754 egenis

1940 3786 2210 3858 Praecipit,
2244 3785 2362 3856 ipse
2393 3782 2492 3837 tibi
2514 3781 2762 3850 locuples
2786 3776 3098 3848 impendier
3127 3788 3315 3836 orans,

1940 3883 2075 3937 Dum
2109 3891 2286 3948 neque
2305 3882 2356 3929 te
2382 3888 2571 3928 mensa
2601 3871 2829 3945 dignum
2860 3865 3169 3922 decreverit
3195 3870 3406 3925 auctor,

1943 3969 2280 4043 Pauperibus
2304 3965 2434 4038 poni
2457 3980 2620 4037 quam
2636 3961 2799 4032 jussit
2830 3975 3017 4016 amore
3047 3956 3311 4028 benigno.

1945 4063 2168 4118 Munera
2218 4057 2353 4129 quin
2397 4053 2444 4109 si
2499 4060 2683 4109 nostra
2731 4051 2945 4120 juvant,
3006 4045 3157 4118 quod
3220 4058 3385 4116 egere
3443 4055 3572 4112 pro-

1947 4223 2215 4295 Accipito,
2239 4228 2291 4276 et
2319 4218 2486 4295 largis
2502 4216 2632 4272 ﬁdei
2661 4215 2867 4270 ditesce
2889 4211 3128 4267 talentis.
3330 4133 3501 4205 [bans

1949 4317 2198 4385 Dumque
2225 4311 2437 4366 alterna
2467 4313 2678 4372 serunt,
2706 4319 2904 4360 censor
2933 4298 3163 4356 rationis
3193 4295 3381 4367 Opimo

1876 4434 1928 4502 Π
1954 4408 2226 4465 Deficiens
2255 4405 2429 4460 antris
2459 4401 2741 4458 victricem
2773 4397 2979 4453 claudit
3007 4392 3196 4466 Opacis

1956 4501 2404 4572 Impugnansque
2431 4491 2595 4547 minis
2625 4505 2823 4560 panem
2850 4487 2939 4541 vix
2968 4499 3091 4540 sero
3117 4482 3408 4536 ministrat.

1956 4588 2021 4641 At
2042 4568 2309 4640 Dominus
2324 4582 2545 4636 charam
2567 4578 2622 4631 in
2653 4575 2898 4631 tenebris
2921 4589 3030 4627 non
3053 4570 3254 4640 linquit
3274 4568 3574 4625 alumnam,

1958 4674 2093 4730 Huic
2125 4670 2426 4729 redhibens
2452 4665 2709 4722 comitem
2749 4663 2956 4717 dudum
2990 4657 3236 4715 coelestia
3263 4664 3508 4717 nactam;

1957 4763 2068 4818 Nec
2108 4761 2309 4833 patitur
2339 4755 2579 4812 desolari
2607 4754 2876 4808 solamine
2897 4749 3069 4815 dulci,

1957 4851 2218 4907 Noctibus
2255 4845 2459 4920 insigni
2497 4842 2829 4899 Theodotem
2861 4837 3066 4893 lumine
3094 4834 3331 4891 cinctam

1963 4941 2477 5012 Sedibusasuperis
2504 4939 2573 4993 ad
2603 4952 2747 4992 caeca
2774 4933 2979 4989 cubilia
3007 4933 3220 5006 legans,

1967 5037 2061 5093 Cui
2092 5035 2353 5092 socianda
2385 5033 2533 5106 polo,
2565 5038 2625 5086 ut
2661 5035 2850 5084 sancto
2881 5025 2987 5081 sibi
3016 5024 3264 5078 vinxerat
3294 5027 3440 5082 actu,

1968 5129 2092 5183 Haec
2119 5123 2353 5196 dapidus
2385 5136 2652 5185 mensam,
2680 5117 2943 5188 varioque
2975 5113 3176 5168 decore
3201 5116 3441 5180 paratam

1969 5226 2289 5294 Apponens,
2316 5218 2629 5290 pariterque
2661 5227 2853 5284 preces
2879 5211 2947 5265 ad
2977 5209 3159 5264 sidera
3178 5203 3377 5259 tollens

1972 5315 2208 5372 Etherei
2228 5314 2473 5368 solamen
2514 5310 2563 5364 ei
2588 5307 2854 5362 fundebat
2874 5302 3097 5366 amoris,

1973 5403 2240 5459 Sensibus
2267 5408 2320 5456 et
2349 5399 2531 5455 carnis
2559 5412 2818 5469 superum
2853 5388 3209 5463 impendebat
3233 5385 3519 5445 honorem,

1976 5496 2179 5551 Caelica
2210 5509 2378 5565 regna
2405 5499 2598 5562 petens
2627 5487 2837 5544 caelesti
2858 5492 2919 5539 ut
2948 5483 3070 5537 luce
3087 5478 3288 5532 niteret

1981 5589 2285 5660 Divinoque
2317 5586 2428 5658 poli
2455 5583 2724 5660 gauderet
2749 5585 2968 5635 nectare
3001 5572 3172 5646 pasci.

1986 5680 2096 5735 Hoc
2126 5677 2220 5732 ubi
2245 5684 2328 5732 ter
2346 5675 2503 5730 denae
2534 5673 2865 5727 decorantur
2886 5663 3094 5722 lumine
3124 5668 3315 5717 noctes
