3962 6140
443 213 546 267 727
1195 208 1563 264 FLODOARDI
1606 208 1908 263 CANONICI
1952 208 2007 263 III

2170 208 2281 262 [διδ
2322 206 2658 264 OPUSCULA
2698 207 3012 265 METRICA.
3474 175 3487 183 ’
3648 221 3734 276 723

445 341 723 396 Defceisse
751 339 914 393 fame.
947 339 1213 408 tetrisque
1239 337 1562 393 horroribus
1594 337 1766 392 hostis
2081 343 2132 408 Α
2165 359 2190 383 ι
2233 336 2352 393 Non
2398 336 2531 392 mihi
2575 337 2731 393 tollet
2772 337 2884 404 (ait)
2943 336 3215 395 Christum
3266 350 3323 396 et
3350 343 3439 414 qui
3470 347 3655 402 vertice
3680 350 3735 403 de

448 430 593 484 Hanc
624 435 771 482 ratus
800 425 1026 498 inquirit
1054 434 1238 481 tamen
1265 443 1334 481 an
1352 427 1437 481 vel
1468 425 1660 480 fraude
1689 426 1933 496 supersit
3461 432 3613 502 [mea
3655 461 3674 483 ,,

444 522 659 577 Fortius
689 520 781 574 illa
811 521 1023 595 vigens,
1054 520 1361 592 meliusque
1391 528 1606 591 reperta
1637 521 1912 576 nitescens
2156 517 2328 581 Quem
2370 517 2499 572 dum
2541 516 2897 594 magniﬁcam
2924 519 3131 575 celebri
3173 521 3289 591 sub.
3317 522 3519 580 honore
3546 542 3732 584 sorores

442 610 670 665 Pellitur
700 611 947 681 undique
976 627 1163 666 curam
1193 611 1390 666 vinch
1428 613 1586 667 hoste
1607 612 1839 674 ferente,
2155 609 2336 663 Altera
2363 608 2657 665 ﬂuctisono
2689 610 2843 681 ponti
2871 609 3070 666 vallata
3095 628 3342 680 susurro,

442 702 769 773 Mutatisque
796 702 1032 776 sigillato
1060 703 1382 759 custodibus
1411 710 1568 759 antro
2155 698 2339 754 Altera
2367 714 2571 754 vesano
2593 698 2876 754 turbarum
2904 699 3079 754 libera
3096 709 3268 770 motu,

440 792 719 865 Mergitur,
751 799 805 846 et
840 792 1084 847 tenebris
1114 792 1246 847 latet
1274 792 1462 848 abdita
1493 810 1685 849 mense
1714 795 1960 851 secundo
2159 790 2352 846 Christi
2385 790 2527 846 facta
2556 790 2651 846 Dei
2676 792 2973 863 prassentia
3004 803 3231 864 pectora
3258 804 3497 866 sumunt,

442 885 549 938 Nec
577 893 737 939 sueto
759 884 827 939 de
856 900 1010 940 more
1040 892 1220 939 tamen
1250 885 1517 940 solamina
1544 886 1766 954 desunt,
2159 883 2330 952 Inque
2359 880 2458 935 331i
2484 880 2690 946 medio,
2718 880 2958 935 ειὸῐίοηϐ
2988 882 3163 953 quieti

440 977 548 1030 Nec
573 976 793 1030 charam
816 976 1015 1047 linquit
1036 976 1293 1032 comitem
1324 978 1524 1032 dilecta
1550 978 1786 1033 sodalis:
2161 976 2268 1029 Ceu
2301 982 2509 1046 portus,
2537 991 2663 1030 cum
2694 983 2854 1029 nocte
2886 974 3035 1029 diem
3065 975 3187 1031 sine
3212 976 3433 1033 turbine
3442 979 3672 1054 jungunt.

440 1068 503 1122 At
531 1067 692 1122 solito
714 1066 967 1123 refovens
995 1067 1312 1124 caelestibus
1329 1068 1527 1123 educat
1548 1069 1712 1135 escis,
2158 1065 2340 1120 Tertia
2367 1065 2459 1121 lux
2502 1072 2674 1120 terras
2704 1064 3011 1136 palmarum
3040 1068 3266 1123 nomine
3287 1069 3460 1125 dictas

443 1159 647 1215 Clarior
666 1160 759 1214 illa
781 1160 983 1227 nitens,
1015 1159 1287 1231 hilarique
1311 1161 1593 1234 augustior
1621 1177 1737 1228 ore,
2160 1157 2304 1224 Fert,
2332 1173 2454 1228 quae
2486 1156 2769 1214 nonnullis
2792 1157 2941 1213 vario
2973 1160 3276 1215 certamine
3301 1162 3468 1216 trusis

442 1251 574 1305 Dum
603 1252 745 1322 dape
774 1252 1011 1319 siderea,
1042 1252 1282 1323 divoque
1308 1252 1609 1309 nutriminc
1631 1252 1806 1318 ﬂoret,
2161 1246 2476 1302 Gaudentes
2504 1246 2737 1319 fulgerE,
2769 1247 2878 1318 piis
2908 1258 3182 1320 augentur
3203 1257 3258 1305 et
3285 1249 3425 1306 istis.

445 1342 691 1413 Liquitur
719 1343 894 1397 hostis
917 1343 1087 1409 iners,
1115 1343 1353 1413 nisuque
1385 1342 1585 1397 fatiscit
1604 1343 1806 1397 inermi
2160 1340 2494 1411 Praecipiens
2524 1340 2755 1396 coluber
2785 1341 2989 1413 quibus
3016 1351 3314 1417 egerentur
3342 1345 3521 1399 arenis

442 1430 783 1502 Destituique
807 1439 966 1486 tuens
1005 1432 1110 1486 hoc
1135 1448 1195 1486 se
1221 1430 1527 1495 molimine,
1559 1438 1729 1487 tentat
2160 1430 2429 1501 Spectari,
2458 1440 2681 1487 teneant
2706 1432 2918 1488 alacres
2945 1450 3068 1505 quae
3092 1452 3251 1502 rura,
3278 1436 3534 1506 capessit,

438 1526 515 1577 An
552 1523 730 1597 pelagi
756 1522 1008 1575 invictam
1042 1520 1202 1575 terris
1232 1527 1399 1592 queat
1428 1521 1634 1577 abdere
1675 1522 1914 1594 lymphis
2158 1520 2223 1575 Ut
2252 1520 2492 1587 valeant,
2546 1521 2681 1592 quid
2720 1528 2906 1596 agant,
2970 1523 3241 1579 Christum
3286 1525 3438 1596 quod
3474 1526 3625 1581 corde
3663 1544 3736 1582 se-

439 1616 874 1686 Admiscensque
904 1613 1015 1671 reis
1035 1612 1297 1685 Thetydis
1320 1613 1482 1681 jubet
1504 1613 1686 1668 indier
1711 1614 1896 1669 undis.
2083 1656 2124 1691 l,
3435 1619 3679 1691 [quantum

442 1708 682 1762 Flatibus
716 1714 837 1761 acta
879 1706 1009 1760 ratis
1045 1713 1259 1761 vastum
1287 1706 1602 1777 raptaturin
1630 1721 1850 1776 aequor;
2082 1686 2128 1722 ¹¹
2157 1707 2254 1762 Ille
2285 1706 2472 1762 furens
2500 1722 2674 1763 saevos
2704 1707 2906 1763 celerat
2931 1707 3117 1781 legare
3147 1708 3445 1764 ministros

442 1797 718 1852 Fluctibus
745 1804 911 1867 atque
940 1795 1070 1851 feris
1091 1796 1324 1867 spoliata
1353 1796 1629 1851 addicitur
1649 1797 1836 1864 armis,
2157 1798 2474 1854 Crescentes
2499 1799 2805 1871 reprimant
2832 1799 2956 1856 nisu
2984 1800 3078 1872 qui
3111 1801 3364 1872 quolibet
3399 1819 3559 1858 ausus

444 1889 529 1942 Bis
566 1888 855 1963 sexagenis
883 1886 1050 1942 sociis
1086 1894 1311 1941 onerata
1339 1886 1626 1961 tegendis;
2155 1890 2423 1945 Maturant
2451 1890 2628 1946 rabidi
2658 1900 2935 1963 praacepta
2972 1899 3194 1962 patrare
3220 1893 3458 1948 lanistae.

444 1981 781 2053 Undivagam
806 1979 941 2035 lethi
968 1979 1191 2033 fremitu
1218 1979 1499 2051 quatiente
1529 1979 1794 2048 carinam,
2152 1982 2288 2036 Tum
2316 1990 2531 2037 mentes
2556 1983 2799 2037 mulcere
2826 1981 2991 2047 dolis,
3027 1992 3235 2038 terrere
3267 1984 3521 2059 ﬂagellis,

443 2077 776 2131 Prtesentem
806 2073 1070 2146 expositis
1099 2075 1371 2131 intentant
1396 2077 1582 2131 omnia
1610 2085 1863 2132 mortem.
2157 2070 2394 2126 Invitare
2425 2071 2683 2138 humiles,
2714 2071 2876 2127 donis
2906 2071 3050 2127 ferre
3079 2072 3274 2127 ultima
3304 2074 3497 2138 duris;

442 2170 760 2225 Astanimas
782 2174 1006 2226 horrore
1035 2171 1229 2243 legens
1257 2171 1495 2226 educere
1527 2171 1646 2227 diro
2156 2165 2219 2218 At
2247 2180 2356 2220 non
2388 2164 2645 2239 egregios
2674 2182 2890 2228 aurum.
2926 2182 3038 2222 non
3059 2166 3292 2223 vulnera
3325 2167 3596 2244 frangunt.

445 2260 856 2331 Cunctipotens,
880 2258 1095 2314 famulae
1120 2260 1335 2329 trepida
1364 2261 1467 2314 sub
1492 2268 1637 2316 sorte
1663 2261 1910 2317 sodalem
2154 2255 2272 2311 Non
2332 2271 2481 2312 mors
2560 2257 2701 2328 ipsa,
2771 2258 2988 2314 animos
3062 2265 3363 2329 pr0perant
3445 2261 3509 2314 ad
3583 2260 3739 2315 funera

440 2350 622 2417 Mittit,
648 2351 890 2405 nutantis
910 2351 1115 2419 relevct
1135 2367 1255 2422 quae
1278 2352 1445 2407 corda
1477 2353 1764 2408 tumultus.
3501 2352 3679 2423 [fortes

438 2443 826 2511 ApprOperans
854 2441 1026 2495 aethra
1039 2440 1320 2497 Theodote
1353 2441 1598 2515 margine
1625 2444 1840 2515 cymsz
2156 2444 2244 2498 Bis
2282 2453 2502 2500 centum
2543 2443 2634 2500 hic
2658 2444 2884 2499 subiere
2913 2443 3013 2498 viri
3037 2444 3188 2501 vario
3217 2446 3431 2501 aethera
3456 2447 3627 2509 ductu,

441 2531 709 2596 Subsidit;
742 2530 1076 2602 ﬁrmansque
1106 2531 1320 2586 animos
1358 2533 1426 2586 de
1456 2548 1644 2603 puppe
1672 2532 1943 2602 labantes,
2155 2537 2301 2602 Quos
2339 2539 2709 2612 septingenta:
2739 2539 3075 2594 comitantur
3092 2555 3273 2614 agone
3307 2541 3524 2609 puellae.

442 2623 732 2694 Componit
759 2622 925 2678 celeri
944 2629 1196 2677 sternens
1229 2623 1440 2678 tumida
1470 2641 1694 2695 aequora
1720 2633 1877 2693 nutu,
2161 2633 2224 2687 At
2252 2634 2465 2689 ductrix
2496 2633 2722 2689 robusta
2749 2650 2948 2689 manus
2977 2635 3237 2698 exercita,
3270 2634 3401 2690 ﬁxis

443 2714 501 2766 Iit
530 2712 714 2767 solans
734 2710 989 2766 comitem
1019 2710 1232 2767 vinctos
1253 2711 1666 2769 simuladvocat
1693 2715 1875 2771 astris.
2159 2723 2349 2779 Vincta
2378 2725 2551 2795 pedes
2590 2724 2750 2796 palis,
2782 2725 2996 2781 medios
3034 2726 3267 2781 exsultat
3300 2727 3358 2781 in
3395 2728 3564 2801 ignes,

443 2805 800 2860 Eutichianus
829 2821 926 2861 eos
955 2805 1096 2860 inter
1126 2806 1331 2876 pietate
1362 2823 1562 2862 serena
2162 2817 2561 2886 Exsultansque
2588 2815 2829 2871 animam
2859 2815 3131 2871 radiantia
3162 2817 3304 2872 tollit
3331 2817 3391 2873 in
3409 2826 3566 2874 astra.

442 2898 703 2959 l'ollcbat,
735 2898 827 2969 qui
863 2914 989 2953 rura
1027 2905 1080 2952 et
1106 2912 1242 2969 Opes
1271 2900 1523 2955 amittere
1552 2900 1824 2973 gaudens,
2158 2906 2342 2959 Funus
2358 2903 2653 2975 Apollonia
2691 2904 2879 2958 matris
2906 2911 3159 2960 servante
3184 2904 3335 2960 ﬁdeli

444 2985 603 3039 Fixus
632 3001 816 3041 amore
849 2986 939 3040 Dei
974 2987 1308 3058 contempsit
1335 2989 1539 3062 gaudia
1557 2989 1727 3044 saecli.
2083 3026 2131 3089 (ἶ
2160 2996 2436 3063 Curatum,
2465 2996 2753 3067 multoque
2784 3004 2842 3050 ut
2878 2996 3068 3052 condit
3097 3005 3340 3053 aromate
3372 2999 3628 3065 membra,

442 3079 539 3144 Qui
571 3080 832 3148 quotiens
860 3078 1091 3149 qua-sita
1122 3079 1300 3149 palam
1332 3088 1681 3150 promoverat
1709 3096 1867 3138 orsa:
2084 3068 2131 3089 H
2160 3087 2401 3141 Basilica:
2425 3085 2632 3142 fabrica
2660 3086 2978 3158 celebrique
3005 3086 3208 3143 decore
3230 3096 3513 3153 venustat,

2156 3177 2402 3233 Christus
2430 3185 2486 3233 et
2512 3178 2773 3235 emeritos
2802 3178 3119 3252 insignibus
3148 3187 3314 3251 auget
3343 3181 3596 3237 honores.

1689 3317 2008 3375 CAPITULA
2056 3321 2233 3375 LIBRI
2273 3321 2524 3377 OCTAVI.

619 3415 747 3472 CAP.
797 3417 838 3490 I.
876 3447 935 3455 —
964 3420 1040 3472 De
1063 3419 1429 3487 persecutione
1452 3420 1779 3474 Μειτὶγηίαηί
1805 3423 1855 3474 et
1883 3424 2067 3475 sancto
2094 3421 2344 3476 Marcello
2375 3435 2528 3490 papa
2556 3422 2824 3490 sociisque
2856 3422 3055 3490 ipsius.

796 3487 863 3559 Il.
887 3518 957 3527 -—
977 3491 1053 3543 De
1083 3493 1274 3543 sancta
1297 3490 1507 3544 Lucina
1534 3494 1584 3544 et
1602 3495 1761 3544 sociis
1780 3495 1915 3559 ejus.

794 3558 886 3632 III.
933 3591 976 3598 --
1026 3563 1101 3614 De
1138 3563 1339 3615 sanctis
1376 3563 1582 3615 Joanne
1617 3566 1669 3615 et
1706 3558 1912 3632 Crispo.

794 3630 878 3684 IV.
918 3662 978 3671 ~—
1011 3634 1086 3685 De
1119 3637 1276 3686 santo
1304 3634 1554 3687 Erasmo.

795 3702 855 3755 V.
888 3733 956 3741 —
988 3705 1061 3756 De
1085 3703 1301 3759 Sanctis
1330 3704 1508 3760 Sessio
1529 3708 1578 3758 et
1605 3706 1885 3759 Januario.

792 3772 963 3827 Vl.—
984 3774 1057 3827 De
1085 3780 1272 3830 sancto
1304 3776 1544 3830 Domino.

796 3845 903 3899 VII.
930 3876 997 3884 —
1026 3848 1100 3899 De
1125 3854 1316 3901 sancta
1346 3847 1609 3901 Barbara.

796 3916 931 3971 VIII.
963 3947 1031 3958 —
1062 3919 1137 3971 De
1150 3921 1352 3973 sanctis
1383 3918 1625 3974 Secundo
1652 3923 1701 3973 et
1727 3918 2049 3973 Alemandro

794 3988 878 4042 IX.
913 4018 979 4027 —
1008 3990 1084 4043 De
1102 3994 1286 4044 sancto
1320 3990 1608 4044 Theodoro.

793 4060 856 4113 Χ.
881 4090 947 4099 -
979 4062 1050 4113 De
1077 4063 1279 4115 sanctis
1320 4061 1507 4128 Felice,
1554 4062 1762 4115 Victore
1786 4063 1943 4128 atque
1973 4060 2193 4115 Nabore.

795 4130 881 4183 XI.
922 4160 992 4169 —
1021 4133 1096 4185 De
1117 4134 1317 4185 sanctis
1356 4132 1699 4200 Carpophoro
1728 4134 1777 4184 et
1805 4132 2174 4186 Abnndantio.

795 4201 906 4255 XII.
941 4232 1005 4239 -—
1038 4204 1113 4256 De
1140 4206 1324 4256 sancto
1351 4202 1606 4268 Gregorio
1632 4207 1892 4269 martyre.

793 4272 933 4326 XIII.
963 4301 1033 4311 —
1062 4276 1137 4327 De
1167 4278 1352 4327 sancto
1382 4273 1583 4327 Sabino
1611 4275 1856 4342 episcopo
1883 4276 1932 4327 et
1960 4274 2118 4327 sociis
2149 4273 2284 4342 ejus.

793 4343 924 4396 XIV.
955 4372 1018 4381 —
1046 4346 1120 4397 De
1144 4346 1347 4398 sanctis
1381 4344 1545 4398 Felice
1572 4349 1621 4398 et
1658 4346 1970 4399 Fortunato.

797 4413 899 4466 XV.
933 4443 1003 4452 —
1053 4417 1126 4468 De
1151 4419 1340 4470 sancta
1364 4415 1531 4481 Afra.

796 4484 924 4539 XVI.
957 4515 1027 4524 —
1053 4488 1129 4540 De
1153 4491 1338 4541 sancto
1366 4487 1595 4541 Eusebio
1627 4502 1799 4556 papa.

795 4556 950 4609 XVII.
984 4586 1054 4597 —
1081 4557 1148 4611 De
1175 4563 1360 4613 sancto
1394 4559 1681 4613 Timotheo.

795 4627 973 4681 XVIII.
1011 4660 1074 4668 —
1102 4632 1177 4684 De
1206 4632 1409 4684 sanctis
1436 4632 1650 4685 Marino
1678 4633 1729 4684 et
1758 4629 2063 4685 Amalchio.

794 4698 924 4753 XIX.
962 4730 1024 4738 —
1050 4703 1125 4755 De
1153 4706 1341 4756 sancta
1371 4703 1595 4769 Agnete.

794 4769 899 4825 XX.
933 4802 999 4810 —
1030 4775 1106 4827 De
1133 4778 1321 4828 sancta
1351 4775 1758 4828 Emerentiana.

682 4861 693 4869 ν
792 4840 920 4896 XXI.
954 4873 1022 4882 —
1061 4847 1135 4898 De
1170 4847 1376 4899 visione
1398 4849 1686 4915 parentum
1712 4847 1911 4898 sanctae
1937 4844 2185 4911 Agnetis.

1723 4947 2040 5004 CAPITULA
2082 4947 2256 5003 LIBRI
2307 4946 2435 5003 NON
2444 4947 2484 5003 I.

618 5043 741 5099 CAP.
801 5045 822 5098 I
852 5074 919 5084 —
950 5048 1024 5101 De
1060 5050 1246 5102 sancto
1278 5047 1560 5102 Valentino
1588 5047 1852 5116 episcopo.

800 5116 865 5172 Il.
897 5148 968 5157 —
994 5121 1069 5174 De
1094 5123 1297 5174 sanctis
1326 5118 1586 5172 Anthimo
1613 5121 1661 5171 et
1687 5118 1947 5172 Mamimo.

794 5189 887 5243 Ill.
919 5220 987 5229 -—
1016 5193 1091 5244 De
1117 5194 1315 5260 septem
1342 5190 1632 5256 fratribus.

793 5261 877 5315 IV.
916 5291 974 5301 —
998 5264 1072 5316 De
1098 5266 1283 5316 sancto
1310 5262 1616 5328 Bonifacio.

793 5332 853 5386 V.
890 5364 952 5373 —
976 5336 1050 5387 De
1085 5334 1289 5387 sanctis
1320 5333 1607 5400 Gorgonio,
1629 5332 1890 5388 Dorotheo
1918 5335 1968 5386 et
1988 5331 2249 5388 Maximo.

793 5404 875 5458 VI.
913 5435 979 5444 —
1008 5407 1082 5458 De
1100 5405 1303 5458 sanctis
1326 5405 1524 5458 Luccia
1550 5409 1600 5457 et
1612 5405 1828 5459 Acceia.

791 5475 902 5530 VII.
926 5506 996 5515 —
1015 5478 1091 5531 De
1114 5477 1317 5529 sanctis
1341 5475 1615 5542 Archelio,
1646 5475 1959 5545 Hyppolito,
1993 5474 2270 5530 Vincentio
2307 5476 2355 5527 et
2383 5474 2541 5527 sociis
2566 5489 2766 5530 eorum.

794 5546 930 5601 VIII.
965 5578 1033 5587 —
1063 5550 1138 5602 De
1161 5552 1344 5601 sancto
1360 5547 1642 5602 Silvestre.

794 5617 881 5673 IX.
912 5647 984 5659 -
1006 5622 1082 5673 De
1107 5618 1314 5687 synodo
1337 5633 1457 5688 qua:
1482 5620 1635 5684 facta
1662 5621 1740 5672 est
1759 5616 1858 5671 sub
1888 5618 2019 5685 ipso.

716 5728 719 5729 ν
794 5689 856 5744 Χ.
892 5719 962 5732 -
990 5692 1063 5745 De
1089 5691 1368 5748 Gallicano
1396 5694 1445 5744 et
1475 5691 1808 5747 Constantia.
