3994 6148
419 236 522 292 ’731
574 304 580 311 ,
1190 229 1558 287 FLODOARDI
1590 231 1899 288 CANONICI
1941 232 2272 289 REMENSIS
2311 231 2649 289 OPUSCULA
2686 231 2992 287 METRICA.
3661 235 3752 292 732

420 368 555 424 inde
580 382 774 422 senem
803 361 1159 419 Saturninum
1177 362 1467 418 Sisennius
1504 363 1678 419 antris
2060 369 2113 437 Α
2139 367 2386 440 Augusto
2413 364 2656 421 monitus
2677 363 2996 436 panduntur
3021 373 3075 418 at
3095 362 3214 434 ipse
3235 363 3481 437 jugalem

420 460 596 532 (Σαξρῆ
621 457 826 512 habere
851 471 1063 526 parem,
1094 454 1253 525 cuius
1278 455 1552 510 relevatur
1575 470 1784 521 amore,
2140 453 2436 510 Barbarico
2467 468 2568 525 pro
2590 459 2850 526 suggestu
2881 452 2976 506 dat
3005 451 3160 508 abire
3189 455 3438 525 petitum.

422 547 606 617 Nuper
634 560 759 598 eum
778 544 915 599 duro
942 543 1131 599 solans
1149 549 1207 598 ut
1234 542 1382 597 fasce
1407 543 1642 598 levabat.
2141 546 2357 602 Levites
2382 545 2529 601 haud
2558 545 2744 601 horret
2770 545 2894 611 iter,
2929 544 3076 599 haud
3107 544 3305 600 abnuit
3334 547 3552 602 hostem

418 641 617 712 Sicque
656 639 769 694 dati
809 640 981 710 septis
1021 639 1178 710 plura
1207 638 1500 694 obsidione
1531 639 1802 711 gehennae
2141 638 2457 710 Promptior
2496 637 2551 692 in
2581 637 2776 712 longos
2792 651 3034 693 oneroso
3075 637 3291 693 tramite
3314 638 3515 694 ductus

422 730 652 803 Agmina
681 729 973 785 solvebant
1011 735 1355 800 quaarentum
1391 743 1620 782 munera
1649 728 1809 794 lucis,
2144 729 2218 783 Ac
2242 727 2380 800 petit
2411 728 2604 793 Eoum,
2637 727 2831 802 regina
2860 727 3164 783 adhibente
3188 730 3437 792 veredos,

423 819 685 891 Dogmate
716 824 1014 892 purgantes
1044 816 1313 880 tenebris,
1338 824 1393 872 et
1424 815 1575 872 fonte
1605 825 1908 884 sacrantes,
2141 819 2272 877 Cum
2299 822 2469 892 Largo
2490 821 2787 876 comitante
2811 820 3011 887 solum,
3033 821 3299 893 socioque
3329 822 3658 898 Smaragdo.

419 907 592 978 Atque
624 907 699 962 ita
727 906 1128 981 quinquaginta
1167 907 1306 961 duos
1327 907 1488 962 datur
1515 905 1720 962 abdere
1748 907 1914 964 soles.
2149 913 2410 966 Externas
2439 911 2650 965 hostem
2682 909 2873 980 procul
2895 909 3197 966 insectatus
3219 912 3272 966 in
3305 928 3432 968 oras
3460 931 3476 977 ;

423 999 556 1054 Hinc
595 1000 759 1055 nudis
796 1001 902 1054 acti
934 1001 1188 1070 pedibus,
1220 999 1498 1072 vinctique
1533 1002 1764 1065 catenis,
2150 999 2260 1055 Sed
2283 1015 2386 1054 nec
2413 1013 2556 1069 equo
2590 998 2789 1069 patitur
2823 998 2962 1065 tolli,
2996 1000 3291 1072 rhedisque
3316 1001 3499 1070 juvari
3535 1021 3552 1067 ;

421 1096 668 1152 Praefecti
709 1097 764 1150 in
795 1097 976 1151 vultus
995 1097 1264 1152 sistuntur
1298 1106 1353 1151 et
1381 1106 1510 1152 ante
1541 1098 1781 1153 tribunal
1809 1115 1824 1164 ;
2145 1087 2288 1154 Ωιιίη
2321 1087 2518 1143 ὒδοιιιο
2540 1094 2834 1143 coni-emus
2871 1087 3007 1156 ab“:
3039 1097 3373 1163 superatque
3397 1091 3662 1165 iugales;

422 1189 580 1244 [Erea
605 1188 852 1244 defertur
872 1191 1063 1260 tripos,
1097 1199 1264 1262 atque
1292 1192 1442 1246 litare
1468 1191 1752 1262 jubentur.
2143 1179 2237 1233 Αεί
2266 1177 2360 1233 “bi
2396 1185 2721 1249 Perveni-um
2752 1179 3060 1234 radiantem
3093 1181 3239 1256 regis
3265 1182 3318 1236 in
3347 1183 3552 1248 alliam,

421 1279 554 1332 Tum
586 1278 912 1332 Saturninus
943 1295 955 1332 :
997 1299 1020 1329 α
1049 1278 1353 1333 Sceleratos
1383 1285 1580 1334 atterat
1611 1279 1830 1352 (inquit)
2143 1272 2287 1327 Auro
2318 1271 2616 1342 praecultus
2646 1272 2908 1328 rutilante
2938 1279 3203 1344 tyrannus
3241 1291 3478 1350 egenum

425 1366 520 1421 Hic
550 1367 815 1421 Dominus
845 1367 1000 1421 divos
1025 1366 1037 1420 l
1070 1388 1097 1416 ι)
1117 1367 1389 1437 tripodem
1421 1384 1528 1439 qua
1557 1383 1691 1424 voce
1723 1369 1968 1436 resolvit,
2147 1361 2448 1416 Stemmate
2476 1369 2799 1417 contentum
2831 1361 2926 1418 vili
2957 1362 3205 1432 deiectus
3233 1365 3445 1432 adorat,

424 1457 634 1527 [mpetu
665 1465 724 1511 ut
755 1465 874 1511 acta
899 1458 1148 1532 procella
1178 1457 1375 1527 lutum,
1406 1459 1590 1513 tremit
1619 1460 1728 1515 alta
1745 1460 1970 1515 satelles
2147 1451 2458 1522 Invitatque
2498 1465 2634 1505 δυΓο
2673 1450 2982 1521 Ρθηθῑτίιιίει
3013 1451 3158 1506 ῖυινδ
3197 1452 3410 1520 SUbil‘e,

421 1545 550 1600 Jura
575 1545 862 1616 potestatis
885 1545 1160 1600 Christum
1192 1546 1595 1619 Dominumque
1625 1549 1933 1622 Deumque,
2145 1547 2278 1613 Quis
2306 1547 2523 1618 captiva
2545 1547 2749 1601 sedens
2781 1548 2955 1602 multo
2987 1563 3096 1604 non
3122 1548 3372 1620 quiverat
3392 1565 3530 1604 auro

424 1633 636 1703 Papias,
669 1631 1001 1705 Maurusque
1031 1634 1179 1688 cient
1208 1653 1222 1701 ;
1259 1651 1386 1690 mox
1417 1651 1512 1691 ora
1553 1636 1704 1691 relisi
2073 1691 2120 1708 η
2147 1639 2369 1708 Injectis
2390 1639 2588 1694 redimi
2615 1639 2832 1706 vinclis,
2863 1639 3012 1695 exire
3043 1641 3272 1696 catenis.

423 1727 700 1781 Grandine
731 1726 1010 1793 vulnifico,
1051 1728 1340 1784 traduntur
1369 1729 1604 1785 carceris
1633 1739 1814 1796 antro,
2073 1691 2124 1759 Β
2148 1729 2506 1805 lngrediente
2535 1729 2825 1786 salutifero
2856 1738 3066 1786 secreta
3096 1732 3352 1788 ministro

425 1816 769 1887 Distentique
809 1817 979 1870 duces
1000 1817 1203 1884 nervis,
1230 1819 1500 1891 pensique
1527 1828 1733 1876 catasta
2150 1819 2646 1894 Regia,torquetur
2674 1826 2871 1886 tortor,
2899 1820 3137 1875 vincitur
3165 1821 3411 1884 adactor,

424 1907 713 1961 Velluntur
743 1907 947 1982 ﬂagris,
979 1915 1261 1965 torrentur
1291 1910 1346 1964 in
1377 1913 1578 1968 aethere
1609 1911 1864 1968 ﬂammis.
2151 1907 2314 1962 Multa
2339 1923 2570 1980 gemens
2590 1914 2643 1962 et
2673 1909 2846 1962 multa
2875 1925 3136 1980 querens,
3161 1910 3442 1966 dimittere
3476 1911 3699 1965 tandem

427 1999 675 2071 Dumque
709 1997 889 2053 ferunt
918 2007 1103 2072 grates
1133 2019 1235 2058 nec
1263 2013 1482 2060 cessant
1509 2005 1678 2061 edere
1712 2007 1927 2074 laudes,
2150 1995 2392 2071 Cogitur.
2419 1995 2662 2051 invasam
2704 2004 2858 2052 tOI‘VO
2882 1998 3166 2054 molimine
3186 1999 3453 2070 prtedam.

429 2091 887 2162 Depositictelum
921 2108 1064 2147 caesa
1092 2095 1306 2150 cervice
1337 2104 1638 2152 merentur.
2150 2091 2352 2163 Sicque
2389 2090 2497 2146 fide
2523 2091 2746 2162 replens
2771 2102 3054 2148 vacuatam
3085 2095 3333 2149 daemone
3369 2101 3619 2150 mentem

429 2185 559 2241 Cum
586 2186 799 2242 Joanne
835 2186 952 2243 solo
982 2187 1187 2243 claudit
1220 2191 1310 2262 pia
1335 2191 1569 2266 pignora
1589 2192 1776 2261 Traso,
2155 2185 2399 2241 Membra
2428 2187 2798 2259 triumphator
2835 2188 3045 2244 caelesti
3076 2190 3318 2264 protegit
3355 2191 3529 2245 unda.

427 2274 685 2330 Marcello
715 2275 1066 2332 confessores
1097 2277 1345 2351 tingente
1378 2281 1555 2350 piatos
2155 2273 2467 2331 Proﬁcuum
2499 2277 2602 2331 soli
2629 2292 2734 2332 nec
2755 2277 2829 2332 ita
2857 2278 3017 2332 datur
3045 2294 3169 2334 esse
3202 2279 3400 2349 puellae
3445 2296 3458 2332 :

427 2367 645 2424 Judicio
672 2368 965 2440 praefectus
991 2371 1122 2446 agit,
1165 2387 1307 2442 quos
1337 2372 1463 2428 diva
1497 2373 1734 2430 fatentes
2157 2367 2396 2424 Solvitur
2436 2369 2552 2424 haec
2579 2368 2798 2436 vinclis,
2827 2368 3124 2424 manifesto
3155 2377 3412 2441 exempta
3441 2369 3654 2436 furore,

431 2457 632 2525 Munia,
665 2475 819 2514 sacra
849 2458 1153 2514 refutantes
1170 2460 1420 2534 gentilia,
1453 2461 1623 2516 sterni
2157 2459 2222 2512 At
2253 2466 2406 2530 pater
2435 2459 2655 2514 interno
2683 2475 2943 2532 caecoque
2973 2460 3232 2535 ligamine
3263 2461 3411 2516 liber

434 2554 578 2608 Rure
597 2553 778 2622 jubet,
808 2554 1064 2629 ignisque
1093 2557 1217 2610 terit
1244 2556 1379 2610 nihil
1411 2572 1508 2613 ore
1533 2565 1798 2615 sonantes
2160 2551 2451 2620 Redditur,
2486 2560 2539 2608 et
2572 2553 2781 2610 Christo
2815 2563 3005 2626 pectus
3026 2555 3174 2610 dicat
3213 2557 3372 2612 hoste
3404 2557 3641 2628 piatum.

434 2651 658 2705 Munera
679 2651 734 2705 ni
769 2649 967 2706 Christi
998 2670 1012 2714 ς
1047 2652 1320 2726 lignorum
1355 2653 1556 2710 robore
1587 2655 1734 2722 trito,
2159 2641 2267 2697 Nec
2298 2642 2450 2698 solus
2480 2659 2573 2697 rex
2602 2660 2756 2699 sacra
2783 2644 2952 2712 subit,
2985 2645 3314 2702 comitantur
3339 2648 3528 2714 amici,

435 2746 700 2803 Plumbea
731 2745 1044 2818 plumbeus,
1078 2749 1324 2804 annectit
1353 2766 1463 2823 quo
1487 2749 1734 2820 pondere
1754 2752 1950 2826 agonis

1842 2752 1950 2807 mis
2161 2732 2252 2787 Bis
2275 2732 2406 2788 deni
2436 2741 2493 2789 et
2522 2734 2912 2809 quadringenti
2926 2737 3251 2807 baptismate
3267 2738 3419 2794 culti.

437 2836 685 2892 Pondera
715 2844 994 2908 ponentur
1026 2855 1039 2890 :
1073 2838 1340 2893 caelorum
1402 2841 1471 2895 ad
1504 2840 1746 2896 culmina
1775 2824 2010 2913 surgunt

1977 2848 2010 2898 η
2041 2859 2055 2909 ς
2159 2824 2718 2898 Munerasceptrigeri
2745 2843 2958 2900 pauper
2983 2830 3302 2903 contingere
3333 2833 3554 2899 temnit,

438 2927 678 2996 Corpora
703 2927 946 2982 Joannes
975 2928 1290 2982 venerando
1324 2928 1608 3000 presbyter
1634 2937 1759 2984 actu
2160 2913 2388 2968 Praemia
2415 2929 2613 2989 magna
2644 2913 2805 2970 ﬁdem
2838 2917 3067 2980 ἀυθθηδ·
3096 2935 3237 2989 Paue
3258 2937 3392 2975 usus
3421 2929 3479 2978 θι
3508 2922 3677 2977 unda-

442 3020 538 3073 Dat
557 3019 700 3073 Petri
733 3018 801 3072 ad
834 3020 1106 3088 nymphas
1136 3019 1232 3074 ubi
1279 3021 1472 3076 ctelica
1513 3023 1660 3077 dona
1680 3021 1911 3079 ferebat.
2088 3065 2132 3088 ,η
2160 3004 2405 3061 (Ποτίδοί
2431 3006 2612 3062 Ρθτδίδ
2640 3007 2898 3078 (ἶὶὝίδουε
2924 3011 3135 3066 honore
3165 3012 3436 3083 triumphi

443 3067 577 3073 --_-_
605 3067 700 3073 ----
733 3067 801 3072 π
836 3067 1103 3088 --ν-τη.--
1140 3067 1232 3074 _.--
1283 3067 1472 3076 Vw"-..
1514 3067 1660 3077 ..νη
1684 3067 1911 3079 mem...
2116 3067 2132 3085 η
2681 3067 2699 3078 .
3339 3067 3352 3083 .

443 3109 658 3162 Interea
687 3113 935 3162 sanctum
965 3107 1215 3162 custodia
1248 3109 1410 3183 longa
1435 3110 1748 3166 ministrum
2086 3067 2135 3131 (³
2163 3098 2429 3154 sumiij
2455 3108 2683 3165 remeat,
2724 3102 2871 3173 capit
2902 3103 3104 3175 ίηείῖίδ
3133 3105 3304 3160 Roma
3332 3105 3647 3161 ministrum

445 3197 711 3273 Cingebat
735 3197 894 3252 fessis
923 3197 1207 3269 Cyriacum
1232 3199 1430 3255 robora
1457 3201 1703 3269 dantem,

2163 3187 2453 3260 Egregium
2489 3206 2504 3255 ;
2539 3189 2711 3260 pudet
2749 3191 2878 3246 huic
2905 3191 3112 3246 bellum
3135 3193 3388 3249 conferre
3421 3201 3693 3266 tyranno;
3720 3246 3725 3251 .

444 3287 736 3358 oppressis
767 3287 1229 3359 columemsepus
1260 3289 1496 3365 caligine
1521 3290 1727 3348 lumen.
2165 3275 2301 3331 Pace
2329 3275 2436 3331 frui
2476 3278 2692 3345 annuit,
2710 3278 2914 3334 invitus
2944 3279 3058 3336 fera
3089 3282 3336 3337 continet
3374 3300 3553 3350 arma,

443 3377 716 3450 Principis
752 3384 806 3432 at
833 3378 963 3433 saevi
993 3379 1212 3434 soboles
1249 3380 1598 3448 Diocletiani,
2163 3365 2316 3421 Hunc
2346 3373 2530 3422 tamen
2563 3367 2619 3422 in
2645 3368 2848 3436 solum.
2882 3371 3030 3442 quod
3061 3371 3111 3426 ei
3144 3373 3248 3427 sub
3278 3389 3517 3428 munere
3546 3381 3776 3444 praestat-

443 3467 693 3524 Flamine
723 3485 928 3525 vesano
960 3468 1181 3526 fervens
1203 3471 1444 3527 Artemia
1483 3473 1604 3528 diro
2163 3460 2228 3515 Αῑ
2249 3458 2419 3514 dilata
2445 3461 2619 3530 Ρδῑνίε
2648 3462 2872 3534 genitus
2899 3465 3160 3535 supplere
3191 3466 3441 3534 031850“,

443 3560 758 3617 Perculerat
787 3569 998 3632 patrem
1039 3561 1320 3618 furibundi
1351 3565 1578 3621 vulnere
1609 3565 1794 3622 cordis
1833 3584 1848 3633 ;
2165 3556 2339 3626 Mfer
2365 3555 2542 3611 Vicem
2577 3557 2749 3628 Patris
2787 3566 3028 3626 εκθΐοθῑν
3060 3575 3358 3633 veramque
3382 3572 3616 3633 Paterna

444 3654 569 3724 Ipse
599 3651 872 3708 fatebatur
908 3654 1125 3710 daemon
1158 3655 1265 3710 nisi
1300 3671 1435 3712 voce
1460 3657 1710 3725 jubentis
2167 3648 2237 3702 Se
2266 3647 2478 3718 prolem
2509 3647 2725 3704 feritate
2749 3651 2944 3720 probat
2972 3670 2989 3717 ;
3030 3650 3160 3707 furit
3186 3653 3391 3724 impius
3433 3656 3616 3712 haeres

445 3743 564 3798 Non
592 3759 651 3798 se
677 3759 1032 3818 egressurum
1067 3745 1295 3816 Cyriaci.
1324 3746 1555 3803 Mittitur
1578 3756 1746 3822 atque

2167 3737 2228 3791 In
2256 3736 2476 3808 pietatis
2503 3745 2778 3793 amatores
2811 3757 2824 3805 ;
2854 3740 3058 3810 punire‘
3083 3741 3379 3815 benignos,

445 3832 684 3888 Nexibus
721 3839 1011 3904 exemptus
1051 3833 1324 3890 thalamos
1354 3845 1646 3905 penetrare
1677 3843 1919 3909 rogatur.

2168 3827 2510 3898 Devotosque
2542 3827 3095 3903 flagrans,Cyriacum
3137 3831 3382 3905 tegmine
3414 3833 3627 3888 nudum

447 3927 668 3983 Luctam
700 3927 984 4002 ingressus
1009 3928 1134 3994 init,
1163 3944 1288 3984 cum
1322 3936 1463 3986 tetro
1495 3931 1722 3987 dimicat
1742 3933 1922 4000 hoste,

2168 3919 2533 3990 Opprobrium
2569 3920 2798 3992 reliquis
2828 3921 3030 3978 cultam
3059 3925 3360 3996 procedere
3384 3926 3619 3980 rhedam

450 4018 714 4090 Huncque
736 4017 1146 4081 reclamantem,
1163 4018 1507 4090 multamque
1526 4018 1717 4076 labore
1739 4022 2027 4078 minanterr

2170 4010 2429 4082 Praecipit
2457 4009 2781 4067 obstrictum
2807 4015 3087 4087 gravibus,
3109 4024 3446 4088 septumque
3475 4019 3726 4074 catenis:

451 4109 697 4165 Pectoris
729 4108 903 4163 invasi
928 4108 1253 4179 prepulsum
1274 4108 1525 4165 eliminat
1549 4111 1760 4177 antris;
2167 4100 2350 4156 Μίῐίοτ
2377 4102 2578 4158 errat/ii
2603 4103 2650 4157 Si
2681 4105 2815 4176 quid
2845 4114 3020 4176 pater.
3055 4107 3157 4162 iste
3187 4107 3342 4179 piare

450 4197 562 4252 Nec
587 4211 815 4252 vacuum
847 4195 1052 4267 patitur
1087 4212 1183 4251 vas
1213 4197 1344 4251 inde
1383 4205 1571 4268 patere
1598 4201 1821 4270 latroni,
2174 4192 2487 4260 Contendit,
2519 4192 2861 4269 famulosque
2884 4198 2980 4253 Dei
3011 4199 3114 4254 sub
3138 4215 3316 4274 agone
3339 4201 3587 4259 lacessit.

449 4288 671 4362 Gurgite
705 4287 841 4360 quin
868 4303 1084 4342 sacrum
1112 4303 1277 4342 sensu
1309 4287 1548 4345 renitere
1573 4288 1723 4346 fideli
2175 4283 2407 4356 Carpere
2440 4285 2700 4358 Carpasio
2732 4288 3012 4361 Cyriacum
3044 4291 3276 4347 verbere
3306 4294 3491 4349 tradit.

349 4394 372 4400 -
449 4375 695 4442 Praestat,
728 4382 784 4429 et
812 4374 1064 4430 aetherem
1087 4375 1463 4432 decorandum
1495 4379 1738 4436 destinat
1767 4374 1927 4450 aulae,
2091 4407 2149 4476 D
2177 4377 2276 4432 llle
2307 4379 2496 4434 furens
2522 4381 2688 4436 vincti
2716 4382 2838 4453 pice
2869 4383 3092 4439 verticis
3119 4385 3226 4440 alta
3257 4386 3479 4463 nigrare

453 4469 694 4524 Solvitur
717 4469 802 4524 his
841 4468 995 4535 actis,
1026 4471 1256 4527 libertas
1294 4489 1525 4530 munere
1547 4474 1740 4533 fertur.
2091 4468 2138 4476 ”
2177 4470 2470 4529 Perfundit
2498 4475 2747 4530 candens
2767 4475 2911 4547 picei
2942 4477 3250 4551 caputigne
3274 4478 3554 4550 liquoris;

454 4561 566 4617 Nec
605 4578 755 4617 mora
776 4562 940 4635 longa
957 4564 1245 4621 orientalis
1268 4567 1469 4640 legatio
1501 4569 1668 4644 regis,
2177 4560 2286 4616 Iste
2310 4561 2492 4618 ferens
2517 4572 2724 4639 grates,
2755 4565 2912 4621 offert
2940 4567 3217 4638 prteconia
3247 4566 3446 4625 Christi

455 4650 581 4707 Post
602 4651 798 4727 longos
826 4652 994 4707 maris
1022 4669 1289 4723 emersos,
1319 4663 1595 4730 terraeque
1629 4667 1841 4716 meatus
2174 4649 2568 4725 Congaudensi
2600 4669 2833 4727 seseque
2861 4657 2972 4711 Deo
3002 4655 3135 4711 dant
3165 4656 3311 4712 άοηε
3343 4658 3589 4714 SOdaIOS-

455 4743 757 4798 Romanam
787 4743 977 4799 sedem
1004 4745 1163 4816 petit,
1206 4746 1542 4820 imperiique
1568 4765 1858 4820 cacumen,

1658 4767 1858 4820 ,umen,
2176 4737 2600 4797 Crescentianus
2626 4759 2768 4797 unus
2796 4744 2992 4800 horum
3025 4744 3235 4800 tollitur

454 4830 575 4887 Non
603 4830 734 4886 belli
761 4838 966 4887 terrore
995 4849 1222 4904 pavens,
1256 4849 1368 4891 non
1401 4835 1592 4913 indiga
1633 4839 1807 4909 pacis,

1697 4839 1807 4908 eis,
2175 4822 2328 4884 Altus
2357 4835 2580 4898 catasta,
2605 4831 2800 4887 crescit
2824 4841 2987 4906 atque
3019 4836 3274 4902 tormine,

455 4923 574 4979 Non
607 4930 788 4994 pacto,
822 4934 1058 4999 augusta
1096 4943 1206 4982 non
1249 4929 1539 4998 majestate
1577 4938 1789 5000 coacta,
2173 4918 2501 4991 Tensusque
2531 4919 2714 4976 nervis
2739 4920 2881 4977 fuste
2911 4923 3105 4979 crebro
3144 4923 3376 4980 caeditur

455 5010 603 5067 Mitia
633 5011 907 5068 Chaldaici
937 5014 1180 5085 prodens
1207 5025 1360 5072 orata
1399 5018 1618 5088 tyranni
2176 5015 2250 5070 Ac
2274 5013 2521 5068 membra
2551 5016 3246 5091 aralquugulisirraditur

463 5101 794 5158 Romuleum
821 5103 998 5159 civem
1017 5106 1319 5175 quaerentia
1333 5107 1532 5163 adesse
1561 5108 1779 5181 Sapori,
2177 5109 2314 5163 Dum
2344 5123 2640 5178 supernam
2665 5124 2800 5164 voce
2827 5111 2973 5165 clara
3009 5113 3240 5186 gloriam

459 5193 576 5251 Non
607 5195 843 5267 sceptris
884 5196 1131 5265 rutilum,
1162 5214 1272 5254 non
1298 5208 1448 5256 ostro
1489 5217 1733 5275 auroque
1762 5221 2036 5264 coruscun

1669 5220 1733 5260 ue
1762 5221 2074 5275 coruscum,
2179 5196 2426 5264 Praefert,
2457 5198 2664 5254 adactis
2695 5200 2980 5256 incalescit
3008 5200 3246 5276 ignibus,

459 5289 725 5363 Pauperis
745 5300 828 5346 ast
856 5293 1077 5349 habitus
1101 5294 1383 5367 Cyriacum
1409 5298 1615 5354 vilibus
1637 5309 1838 5369 actum,
2183 5294 2444 5365 Interque
2479 5294 2694 5363 laudes,
2724 5295 2869 5351 inter
2899 5297 3056 5372 ignes
3083 5298 3338 5370 Spiritum

459 5380 900 5457 Contentumque
944 5385 1116 5460 sagis,
1175 5387 1457 5458 devotum,
1490 5391 1866 5468 humilemque
1920 5396 2079 5451 mini-
2181 5382 2571 5440 Εῐηίῑῐίῑθείτίε
2600 5385 2720 5441 luce
2753 5404 2887 5458 Pura
2904 5386 3196 5461 mlgidum-

1788 5485 2002 5558 [su-um,
2177 5468 2289 5526 Hoc
2318 5471 2395 5526 ita
2422 5472 2730 5543 praemisso,
2762 5475 2993 5530 comites
3015 5475 3267 5532 custodia
3298 5477 3524 5532 claudit.

465 5565 686 5622 Hostem
718 5567 1284 5644 quinequeuntreges
1314 5587 1479 5645 quem
1510 5574 1718 5646 pellere
1740 5578 1928 5649 pellat,

1758 5578 1928 5647 33113;,
2177 5561 2420 5625 Quatuor
2457 5564 2663 5620 exactis
2694 5563 2952 5636 Cyriacus
2977 5566 3186 5622 solibus
3217 5565 3335 5620 istis

461 5657 630 5731 Regis
653 5665 709 5716 et
733 5659 982 5719 absolvat
999 5663 1248 5736 genitam
1274 5681 1418 5723 nexu
1447 5667 1646 5743 anguis
1671 5670 1944 5730 adactam,
2175 5656 2438 5716 Eximitur
2459 5658 2736 5728 claustris,
2767 5676 3073 5735 suasusque
3101 5661 3257 5717 litare
3286 5659 3552 5734 profanis,
