3994 6148
221 243 330 299 ’733

226 368 406 426 Solius
443 364 662 423 Domini
693 364 952 436 sequitur
981 362 1249 419 libamina
1280 363 1517 421 Christi:

222 461 485 512 Attractus
514 453 699 510 nervis
729 468 1024 525 eassusque
1056 452 1353 507 libramine
1383 453 1576 521 tensis,

219 549 492 604 Laudibus
524 545 858 619 etprecibus
885 560 1076 619 regem
1100 543 1373 614 persultat
1393 547 1596 613 Iesum,

224 635 654 706 Carniﬁcemque
684 633 790 688 viri
817 639 1048 704 superat
1075 630 1344 702 patientia
1366 631 1483 691 ﬁxi.

219 727 308 780 Ille
330 724 544 797 pudore
574 737 806 798 gemens
831 727 1098 792 properat
1118 735 1341 775 narrare
1373 729 1628 793 tyranno,

219 813 610 887 Etpraeceptori
632 813 847 868 devicta
876 810 1159 866 renuntiat
1187 826 1375 877 arma;

218 908 310 974 Qui
339 906 643 962 furibunda
665 905 908 960 fremens
933 919 1132 959 omnes
1151 917 1291 974 quos
1311 904 1545 958 claustra
1568 910 1852 960 retentant

218 1002 339 1056 Cum
371 999 594 1071 Cyriaco
627 997 747 1053 ensi
771 997 1027 1072 jugulum
1056 995 1378 1066 dependere
1406 998 1669 1064 mandat;

214 1099 380 1166 Atque
399 1094 478 1148 ita
501 1093 588 1147 bis
619 1091 751 1146 deni
781 1090 991 1146 clarum
1019 1105 1189 1161 super
1210 1098 1353 1145 astra
1382 1091 1701 1148 ministrum

214 1189 506 1242 Sectantur
535 1190 725 1250 testes,
758 1196 921 1238 roseo
954 1180 1170 1256 fulgore
1199 1180 1462 1237 nitentes.

212 1276 446 1348 Pignora
465 1275 709 1329 Joannes
737 1271 931 1326 senior
959 1269 1122 1342 rapit,
1156 1269 1314 1324 abdit
1335 1271 1618 1342 humoque

210 1369 443 1440 Deponit
467 1386 482 1434 ;
507 1365 796 1422 Marcellus
819 1364 1043 1431 abhinc,
1072 1364 1374 1419 comitante
1397 1364 1559 1419 beata

211 1460 432 1527 Lucina,
458 1457 666 1514 celebri
693 1471 924 1512 comens
955 1456 1206 1526 disponit
1235 1455 1484 1523 honore;

206 1555 438 1626 Suscipit
466 1555 584 1609 haec
603 1553 768 1608 etiam
793 1551 975 1609 socios
1003 1551 1235 1623 Largum
1261 1555 1428 1622 atque
1450 1551 1838 1626 Smaragdum,

208 1649 347 1714 Quos
376 1645 618 1701 dominae
649 1643 876 1715 capiunt
905 1643 1127 1697 Iuliana
1159 1649 1215 1697 et
1243 1643 1456 1698 Menica
1487 1643 1692 1700 busto:

208 1738 400 1793 Fratris
431 1746 564 1792 tunc
594 1735 759 1790 etiam
787 1732 1013 1789 affectus
1042 1734 1321 1788 Arthemia
1351 1735 1550 1798 sensit,

208 1828 455 1885 Germani
490 1827 697 1882 framea
728 1825 954 1898 capiens
983 1825 1233 1882 ccelestia
1264 1841 1456 1901 regna.

207 1924 264 1976 At
287 1921 495 1977 Lucina
517 1921 803 1976 facultates
829 1936 892 1974 ex
925 1935 1048 1973 asse
1088 1918 1366 1972 ministrat

208 2011 482 2077 Ecclesiae,
516 2008 794 2080 traditque
825 2009 1073 2075 domum,
1117 2024 1226 2080 qua
1248 2008 1351 2062 rite
1386 2016 1606 2062 sacrata

209 2103 344 2176 Lege
376 2100 509 2156 licet
538 2099 698 2172 plexa
724 2097 984 2170 mysteria
1011 2114 1155 2170 papa
1185 2097 1524 2170 frequentat,

834 239 922 293 DE
963 237 1222 293 CHRISTI
1262 237 1624 298 TRIUMPHIS
1661 244 1834 300 APUD
1877 238 2148 298 ITALIAM
2190 239 2366 295 LIBRI
2405 239 2539 296 XIV.
2581 273 2652 284 —
2691 244 2819 301 LIB.
2859 245 2997 300 Vlll.

3478 241 3586 300 734

1875 371 1925 439 Α
1953 365 2076 430 Quo
2101 369 2407 435 comperto,
2436 364 2615 421 hostis
2642 367 2924 425 stimulata
2953 374 3141 423 mente
3169 369 3445 430 retractat,

1953 453 2096 520 Quid
2128 469 2306 525 paenae
2335 460 2558 521 statuat,
2599 455 2731 511 dum
2759 457 2982 528 publica
3009 455 3158 510 bella
3187 461 3438 521 renutat;

1952 549 2192 617 Deputat
2233 560 2365 620 ergo
2418 545 2645 599 domum
2695 547 2997 612 stabulum,
3043 551 3368 616 patremque
3413 547 3584 603 mini-

3313 636 3512 706 [strum

1951 726 2228 785 Jumentis
2256 726 2462 793 adicit;
2491 740 2671 797 prono
2701 743 2814 798 qua
2835 725 3006 783 corde
3035 725 3319 796 subactus,

1955 820 1998 872 A
2030 816 2264 873 Domino
2291 816 2429 872 illati
2455 816 2765 873 medicatur
2793 817 3025 875 vulnera
3054 814 3195 884 laesi,

1953 910 2342 982 Temporeque
2373 909 2464 964 hic
2495 907 2662 981 longo
2691 910 2921 984 gemino
2953 907 3084 960 dum
3114 907 3315 978 pabula
3342 910 3448 966 ritu

1954 998 2238 1073 Suggerit,
2261 1013 2325 1052 ac
2349 995 2526 1052 bifido
2551 996 2774 1053 diversa
2803 995 3065 1053 animalia
3089 996 3235 1054 victu

1953 1090 2231 1164 Perfovet,
2264 1090 2530 1146 emeritus
2557 1090 2805 1160 paradisi
2833 1090 2890 1144 in
2921 1094 3077 1158 septa
3105 1089 3337 1147 levatur.

1954 1187 2257 1242 Finetenus
2287 1186 2429 1242 duro
2451 1190 2631 1240 tectus
2656 1185 2915 1240 membra
2951 1182 3155 1257 inclyta
3180 1203 3341 1242 sacco

1952 1277 2126 1332 Nocte
2155 1276 2246 1332 die
2277 1275 2536 1348 precibus
2565 1275 2836 1347 divisque
2862 1275 3093 1334 vacabat
3121 1287 3182 1335 ut
3202 1280 3425 1352 hymnis
3451 1299 3465 1341 ς

1951 1365 2200 1422 Joannes
2229 1373 2381 1420 artus
2409 1379 2568 1420 sacer
2603 1370 2656 1417 et
2693 1363 2916 1419 Lucina
2944 1369 3252 1426 recondunt

1951 1458 2121 1513 dides
2147 1456 2404 1529 Carpasio
2436 1453 2646 1528 Cyriaci
2682 1470 2936 1514 munere
2960 1462 3108 1519 cedit

1943 1547 2206 1614 vaitia,
2235 1548 2520 1620 ingressus
2543 1544 2770 1600 fontem
2807 1563 2972 1620 quem
2994 1571 3137 1628 papa
3155 1565 3424 1614 sam-arat.

1870 1673 1921 1742 Β
1945 1642 2185 1698 Obsceni
2211 1642 2339 1696 luxu
2363 1639 2602 1696 maculat
2628 1637 2927 1704 sordeme
2955 1648 3153 1708 lavacri
3178 1673 3191 1707 ε

1945 1732 2064 1796 Qua
2095 1731 2226 1785 dum
2257 1729 2480 1784 scenica
2512 1744 2635 1784 cum
2671 1733 2880 1796 pravis
2902 1746 2954 1792 et
2978 1738 3122 1794 foeda
3153 1741 3483 1814 frequentat,

1943 1824 2263 1880 Tartareum
2294 1822 2465 1878 subiti
2506 1830 2662 1878 torvo
2699 1817 2851 1881 lethi
2885 1832 3108 1904 agmine
3139 1843 3345 1904 raptus,

1944 1914 2325 1984 Complicibus
2345 1911 2576 1982 junctis,
2610 1910 2928 1972 descendit
2948 1921 3017 1973 ad
3038 1938 3213 1993 usque
3239 1927 3575 1995 profundum

1940 2006 2033 2061 Sic
2075 2006 2168 2078 pia
2197 2005 2383 2060 clausa
2409 2006 2608 2060 domus
2633 2003 2801 2074 diris,
2836 2009 3096 2067 intranda
3119 2015 3404 2090 benignis,

1939 2098 2230 2155 Terrorem
2260 2098 2421 2153 saevis
2448 2097 2700 2162 adhibet,
2747 2100 3023 2156 solamina
3045 2104 3233 2171 justis.

1738 2222 1946 2278 CAPUT
1989 2223 2056 2278 II.

1360 2335 1439 2394 De
1469 2344 1685 2396 sancta
1713 2336 1941 2396 Lucina
1975 2342 2029 2395 et
2059 2336 2244 2394 sociis
2269 2334 2417 2411 ejus.

209 2471 534 2525 Sanctorum
566 2468 755 2540 plures
784 2467 991 2523 Lucina
1011 2468 1174 2522 beata
1200 2465 1440 2533 fovebat,

209 2561 299 2616 Cui
328 2561 534 2630 conjux
557 2559 842 2626 Pinianus,
874 2574 1012 2630 opes
1041 2565 1095 2612 et
1136 2557 1342 2628 praedia
1369 2557 1660 2630 linquens,

213 2654 273 2708 Ut
301 2651 583 2706 Sisinnius
611 2667 675 2706 ac
706 2652 914 2722 pariter
939 2651 1333 2719 Diocletianus,

212 2745 487 2800 Grandine
515 2759 772 2798 saxorum
807 2743 1007 2814 pressi,
1049 2741 1358 2798 Florentius
1383 2747 1552 2814 atque

211 2835 602 2908 Congaudente
622 2833 733 2905 piis
763 2833 833 2888 ab
865 2848 934 2888 eo
964 2833 1091 2887 data
1117 2832 1277 2886 busta
1306 2841 1620 2902 capessunt,

213 2927 299 2981 llis
327 2943 555 2999 quoque
581 2931 881 2994 susceptus
903 2923 1222 2977 meritorum
1257 2919 1430 2992 fulget
1459 2922 1692 2978 honore.

212 3020 413 3075 Imbuit
449 3022 595 3074 hanc
624 3023 832 3088 martyr
861 3013 1193 3070 sublatusab
1221 3028 1317 3069 ore
1347 3013 1572 3081 cloacae,

211 3113 500 3184 Temperet
530 3126 760 3186 egressa
791 3115 851 3163 ut
877 3106 1127 3178 proprias
1150 3105 1362 3176 jejunia
1388 3107 1555 3173 vires,

214 3205 448 3277 Corpore
479 3203 612 3260 dote
635 3202 796 3258 nucis
813 3201 1007 3277 gerula
1028 3200 1252 3256 cornice
1282 3199 1503 3266 referto,

216 3296 380 3350 Parva
404 3295 564 3348 daret
588 3292 702 3347 vini
733 3291 822 3346 cui
856 3289 1262 3346 sorbitiuncula
1291 3306 1500 3357 curam,

217 3385 381 3450 Quam
415 3398 593 3454 penes
622 3380 840 3436 eductis
860 3381 973 3451 jam
1005 3378 1266 3434 fratribus
1293 3379 1436 3434 alma
1461 3380 1676 3435 Beatrix

219 3475 505 3547 Simplicio
535 3473 762 3548 gemina
792 3473 856 3526 ac
879 3471 1137 3527 Faustino
1166 3471 1289 3527 luce
1329 3471 1576 3538 nitebat;

221 3565 384 3628 Queis
412 3563 569 3618 vario
607 3563 711 3616 sub
737 3577 917 3636 agone
948 3562 1060 3632 poli
1093 3561 1398 3633 penetralia
1429 3562 1627 3630 nactis,

219 3654 459 3724 Corpora
485 3652 790 3708 verticibus
818 3651 1103 3722 Tyberinis
1134 3652 1320 3708 abdita
1353 3661 1492 3709 nutu

223 3743 552 3797 Redduntur
583 3740 858 3812 patefacta
873 3741 968 3796 Dei
997 3758 1119 3812 quas
1149 3741 1372 3814 Crispus
1391 3743 1598 3798 honore

216 3836 574 3907 Joannesque
597 3835 781 3889 levant
812 3834 1015 3889 celebri
1042 3835 1342 3908 junctaque
1371 3853 1562 3893 sorore

217 3928 411 3984 Debita
454 3929 731 3983 militibus
760 3926 1084 3998 dependunt
1109 3928 1298 3984 munia
1323 3929 1532 3985 mactis.

3182 2412 3219 2431 ἢ

1941 2465 2038 2521 Ast
2068 2465 2291 2521 inhians
2319 2464 2545 2537 quidam
2576 2464 2928 2521 contermina
2950 2481 3078 2520 rura
3110 2466 3328 2537 piorum

1942 2559 2197 2615 Subdere
2223 2558 2420 2614 vicinis
2441 2557 2798 2630 propriisque
2824 2565 3122 2615 annectere
3144 2560 3352 2627 fundis,

1940 2649 2020 2702 Ad
2051 2647 2170 2704 fera
2200 2647 2328 2703 fana
2350 2647 2655 2703 Beatricem
2679 2646 2963 2702 Lucretius
3000 2656 3180 2722 urget,

1939 2738 2070 2803 Quae
2098 2737 2281 2793 scelus
2297 2739 2602 2793 exhorrens
2623 2737 2854 2794 clamat:
2890 2752 3000 2793 non
3032 2737 3148 2795 libo
3179 2739 3448 2810 profanis,

1939 2826 2236 2882 Altithroni
2263 2826 2458 2882 cultrix
2482 2825 2737 2889 Domini;
2785 2848 2806 2877 ι
2851 2826 2933 2880 sic
2961 2842 3179 2882 carcarc
3210 2835 3361 2884 trusa

1941 2917 2078 2970 Dum
2115 2916 2387 2971 retinetur
2412 2916 2480 2970 ab
2511 2915 2717 2972 infesto
2748 2915 3027 2972 divellitur
3047 2918 3236 2974 hoste:

1941 3009 2241 3068 Praefocata
2269 3011 2444 3086 nigris
2481 3010 2586 3066 sub
2628 3018 2791 3067 nocte
2820 3012 3055 3067 latenter
3080 3011 3134 3066 in
3168 3012 3358 3066 antris.

1944 3108 2117 3173 Quam
2146 3107 2343 3162 fratres
2370 3123 2532 3162 secus
2571 3107 2864 3179 explicitos
2895 3108 3100 3164 Lucina
3132 3115 3390 3179 receptat.

1943 3199 2192 3254 Ambitor
2214 3215 2305 3254 rus
2334 3198 2679 3274 ingrediens,
2709 3199 2960 3255 indebita
2989 3200 3194 3275 gaudet

1945 3289 2261 3345 Pervasisse
2282 3289 2474 3346 colens
2503 3291 2707 3362 Opibus
2733 3291 2986 3347 convivia
3017 3291 3217 3362 raptis;

1944 3382 2060 3447 Quo
2081 3398 2277 3438 securo
2304 3382 2486 3452 epulis
2515 3382 2662 3438 laute
2685 3384 2986 3439 recubante
3016 3383 3278 3449 sinistris,

1946 3475 2210 3530 Parvulus
2239 3473 2480 3530 avellens
2509 3490 2572 3529 os
2612 3475 2804 3530 matris
2831 3476 3088 3531 abcolere
3127 3477 3356 3531 clamat:

1955 3584 1980 3615 α
2017 3563 2180 3630 Audi,
2214 3563 2450 3629 Lucreti,
2476 3569 2600 3634 post
2620 3564 2830 3619 caedem
2860 3564 3046 3618 invasa
3077 3563 3341 3635 capessis.

1947 3657 2205 3713 Traderis
2230 3673 2300 3712 en
2330 3657 2474 3712 hosti
2498 3657 2688 3713 infelix
2717 3659 2993 3729 possessio
3017 3658 3211 3714 factus.
3265 3687 3278 3702 -

1947 3753 2218 3823 Acceptus
2242 3749 2344 3805 sub
2376 3765 2512 3805 voce
2541 3749 2646 3805 feri
2677 3750 3026 3822 laqueamine
3057 3750 3214 3813 lethi,

1949 3840 2184 3894 Prandia
2215 3839 2501 3911 perturbat
2530 3840 2749 3910 patinas
2777 3847 2832 3894 et
2870 3840 3067 3911 pocula
3107 3839 3347 3894 miscens

1945 3928 2277 4000 Tartaraque
2307 3927 2584 3999 irrumpit,
2622 3927 2812 3999 ﬂagris
2830 3927 3066 4002 agitatus
3090 3925 3316 3998 erynnis

1725 4059 1932 4115 CAPUT
1972 4059 2043 4115 Ill
2056 4102 2068 4115 .

1453 4167 1532 4226 De
1554 4175 1759 4229 sancto
1788 4166 2022 4228 Joanne
2048 4175 2102 4227 et
2136 4166 2360 4245 Crispo.

211 4302 466 4357 Joannes
488 4298 844 4372 Crispusque,
877 4299 972 4355 ubi
1002 4301 1159 4372 plura
1181 4301 1380 4358 decore
1412 4301 1610 4357 nitenti

215 4395 464 4467 Pignora
485 4394 760 4463 justorum
792 4394 957 4448 natali
987 4395 1230 4468 tegmine
1270 4395 1535 4460 condunt,

216 4485 478 4556 Ipsorum
508 4483 676 4539 macti
698 4483 931 4551 meritis,
973 4485 1264 4555 capiuntur
1283 4484 1337 4538 in
1368 4485 1535 4539 astris

215 4576 467 4641 Quorum
490 4576 624 4632 sede
649 4575 743 4647 pin
773 4575 1346 4648 mandarantcorpora
1371 4577 1570 4652 glebis.

212 4671 341 4741 Ipse
377 4670 550 4725 etiam
579 4669 735 4724 dives
773 4668 985 4724 sanctis
1014 4668 1107 4740 qui
1141 4670 1311 4725 multa
1331 4669 1656 4726 ministrans

1866 4311 1924 4378 D
1951 4303 2228 4360 Servierat
2254 4304 2524 4372 Thrason,
2556 4301 2724 4378 gibbo
2755 4303 2989 4359 cedente
3014 4302 3232 4368 cameli,

1955 4394 2169 4450 Limina
2197 4393 2394 4450 transit
2423 4410 2577 4460 acus,
2611 4400 2938 4468 gratumque
2964 4399 3225 4465 expertus
3249 4407 3482 4465 agonem

1956 4483 2287 4554 Martyribus
2317 4483 2646 4552 conjunctus
2675 4481 2790 4537 abit
2820 4482 3171 4553 palmamque
3201 4496 3500 4552 capessens

1961 4575 2091 4630 Cum
2133 4573 2532 4645 sociisgemino
2550 4572 2689 4645 petit
2719 4589 2885 4627 aurea
2914 4589 3086 4645 regna
3114 4572 3414 4643 triumpho.

1732 4795 1940 4851 CAPUT
1979 4795 2064 4850 IV.

1571 4910 1648 4970 De
1687 4918 1892 4971 sancto
1935 4909 2203 4969 Erasmo.

210 5042 386 5097 Multa
420 5041 646 5113 quidem
680 5056 1026 5113 quaecunque
1054 5042 1156 5098 loci
1190 5042 1469 5100 celebrata
1499 5047 1745 5117 trophasa

214 5134 329 5190 Hoc
363 5133 587 5188 fervore
616 5132 843 5187 micant.
879 5133 1092 5198 Quanto
1121 5136 1450 5191 cumulatius
1477 5153 1606 5192 arva

216 5227 522 5282 Credimus
548 5226 806 5282 Ausonia:
831 5229 991 5284 rutilo
1019 5229 1260 5285 radiasse
1281 5231 1481 5297 nitore,

217 5319 378 5375 Tunc
409 5319 576 5374 bellis
603 5318 811 5375 clarum
843 5319 1135 5392 Campania
1162 5322 1352 5394 pandit
1379 5324 1682 5392 Erasmum,

216 5409 556 5467 Pontificem
587 5410 841 5484 dignum,
875 5413 1070 5469 crebro
1092 5415 1196 5470 sub
1225 5431 1403 5491 agone
1432 5418 1744 5488 probatum.

217 5500 514 5556 Grandine
541 5515 708 5571 quem
745 5500 955 5570 plumbi
986 5503 1242 5574 quatiens
1276 5504 1644 5560 Diocletianus

218 5588 457 5646 Invenit
481 5596 540 5645 ut
561 5588 830 5657 validum,
847 5590 1030 5648 valido
1051 5591 1143 5647 dat
1169 5592 1397 5649 verbere
1428 5608 1642 5650 rursum

1952 5045 2317 5101 Mactandum.
2351 5043 2548 5118 Rigido
2571 5043 2731 5100 tritus
2753 5043 2846 5116 qui
2876 5043 3074 5100 robore
3099 5044 3262 5115 sylva:

1955 5139 2194 5194 Invictus
2216 5137 2362 5192 victo
2391 5142 2614 5208 superat
2641 5143 2846 5193 tortore
2874 5136 3092 5212 ﬂagella

1954 5230 2204 5283 Arctatur
2234 5226 2495 5282 coluber:
2528 5226 2689 5281 Varia
2717 5242 2976 5282 exercere
3007 5225 3256 5296 palmstra

1955 5319 2224 5376 Athletam
2246 5319 2542 5386 meditans,
2563 5319 2715 5376 vario
2741 5327 2896 5392 parat
2918 5317 3164 5392 unguina
3185 5317 3322 5387 fotu,

1954 5410 2204 5465 Diversas
2215 5409 2408 5482 rapido
2424 5411 2643 5482 species
2660 5411 2822 5466 simul
2840 5411 2971 5483 igne
2987 5409 3288 5476 resolvens,

1957 5503 2177 5570 Resina,
2206 5503 2457 5574 plumbo,
2489 5519 2635 5573 cera,
2669 5503 2811 5576 pice,
2835 5501 3120 5573 sulphure,
3151 5500 3295 5557 olivo

1958 5597 2279 5667 Permixtis;
2313 5598 2520 5671 talique
2546 5604 2754 5656 retecta
2772 5595 3075 5670 liquamine
3095 5595 3346 5652 membra
