3994 6148
398 220 508 276 735
1163 218 1532 275 FLODOARDI
1572 219 1877 277 CANONICI
1918 218 2248 276 REMENSIS
2289 213 2630 272 OPUSCULA
2667 210 2979 269 METHICA.
3653 213 3747 268 736

403 349 711 423 Respergit.
746 349 1067 420 disquisitos
1096 365 1205 406 non
1239 366 1398 421 passa
1424 352 1674 407 calores:

402 441 517 493 Stat
546 439 669 508 pius
697 439 866 493 illaeso
889 440 1207 509 spectacula
1233 455 1468 509 corpore
1499 440 1775 510 praebens,

400 527 725 599 Tutorisque
754 528 918 582 tidem
950 528 1246 584 mirantum
1275 529 1539 584 cordibus
1558 529 1731 584 addit.

402 620 628 675 Carcere
655 621 888 675 vallatus
916 637 1115 695 magno
1145 638 1368 693 quoque
1399 623 1648 692 pondere
1676 622 1805 677 ferri

402 713 724 782 Depressus,
749 714 991 784 posthaec
1017 714 1137 767 dira
1173 715 1462 769 obsidione
1496 721 1733 778 tenetur,

401 806 597 859 Missus
625 813 680 860 at
707 807 980 861 aethereus
1003 823 1218 862 summa
1249 808 1527 862 delabitur
1551 810 1742 876 aethra,

401 893 718 965 Largiturus
749 910 911 965 opem
943 896 1069 950 testi
1103 897 1193 966 pia
1233 897 1377 952 bella
1401 898 1646 968 gerenti:

399 981 624 1036 Vincula
655 983 924 1047 dissolvit,
949 984 1328 1057 patefactaque
1361 985 1551 1040 limina
1581 985 1781 1053 reddit,

407 1073 602 1127 Educit
631 1075 876 1129 tenebris
905 1084 1149 1145 raptum,
1172 1076 1264 1131 dat
1292 1075 1448 1131 abire
1473 1077 1732 1132 solutum.

406 1163 517 1227 Sic,
551 1163 682 1217 dum
717 1165 872 1232 plura
899 1181 1100 1237 gerens
1140 1165 1356 1235 p0pulis
1396 1165 1646 1222 miranda
1672 1168 1950 1223 lucrandis

406 1255 640 1323 Oppida,
671 1271 793 1308 rura
822 1256 997 1326 replet
1027 1255 1181 1309 factis
1205 1255 1536 1328 insignibus,
1565 1257 1680 1310 ales

407 1345 568 1399 Fama
599 1346 854 1416 palatinis
883 1347 1049 1400 eti-am
1074 1354 1224 1401 notat
1253 1347 1480 1400 auribus
1517 1353 1653 1401 acta.

403 1437 632 1508 Jamque
665 1439 1029 1508 triumphator
1059 1441 1304 1508 proceris
1332 1438 1532 1494 virtute
1565 1439 1786 1509 prioris,

403 1532 630 1586 Culmen
664 1533 719 1586 in
750 1534 975 1588 alterius
1004 1534 1296 1589 mandatur
1317 1534 1460 1589 inire
1492 1537 1738 1590 duellum

404 1624 585 1679 Laude
608 1626 895 1680 lacessitus
924 1637 1101 1698 raptat
1133 1644 1294 1698 quem
1332 1628 1694 1682 Maximianus

2043 358 2092 422 Α
2123 347 2540 420 Suppliciisque
2570 345 2739 420 agitat
2775 344 2944 400 variis
2967 344 3213 415 duraque
3244 343 3504 415 palaestra

2126 443 2420 504 Exercens,
2449 440 2574 495 aeris
2600 439 2766 494 lorica
2799 437 3014 493 inducit
3043 438 3260 492 adusta.

2124 538 2188 591 At
2217 536 2482 609 ﬂagrante
2513 535 2700 589 nitens
2727 533 2914 589 tunica
2944 539 3050 587 stat
3081 532 3267 587 nescia
3295 541 3503 603 martyr

2124 629 2365 683 Membra
2392 643 2592 704 gerens
2621 626 2786 701 ignis,
2817 632 3117 696 spretoque
3154 625 3350 678 ardore
3391 633 3655 680 coruscat

2122 717 2182 770 Vi
2212 733 2446 788 supera;
2480 715 2874 770 recrudescunt
2907 721 3202 776 tormenta,
3227 713 3466 767 redactae

2124 809 2425 863 Praemissae
2459 808 2702 863 reﬂuunt
2719 807 2940 878 species
2968 805 3198 861 fervoris
3228 805 3283 859 in
3315 806 3448 870 olla,

2124 904 2278 958 Miles
2305 912 2362 958 et
2387 903 2706 976 ignipotens
2733 901 3025 956 ﬂammatis
3053 900 3319 971 mergitur
3349 901 3543 964 undis,

2125 996 2268 1059 Quas
2297 993 2484 1065 tepido
2513 993 2680 1048 veluti
2725 992 2888 1057 fotus,
2921 992 3277 1063 gaudensque
3310 992 3556 1056 lavacro,

2024 1142 2043 1155 ,
2126 1086 2327 1141 Cuncta
2354 1085 2518 1140 simul
2544 1072 2814 1155 superans
2833 1084 3120 1139 molimina
3148 1083 3266 1138 dira
3297 1083 3630 1154 triumphat.

2125 1175 2526 1249 Egrediturque
2555 1173 2754 1238 alacer,
2785 1173 3025 1242 divoque
3057 1171 3326 1226 levamine
3357 1178 3536 1233 tutus,

2128 1264 2348 1318 Eruitur
2375 1264 2518 1318 duce
2542 1262 2782 1326 sidereo,
2813 1276 3081 1330 campana
3106 1276 3410 1333 peragrans

2125 1358 2282 1422 Arva,
2307 1354 2585 1425 iidemque
2619 1353 2761 1423 piam
2793 1352 3088 1407 multorum
3122 1352 3178 1406 in
3209 1361 3437 1422 pectora
3471 1352 3738 1421 plantaus,

2128 1451 2189 1506 Et
2218 1450 2466 1505 tenebris
2503 1450 2691 1520 plures
2720 1447 2790 1502 ad
2819 1448 2934 1502 veri
2967 1446 3175 1501 lumina
3204 1447 3413 1511 ductat,

2127 1540 2326 1610 Sicque
2355 1539 2468 1594 Deo
2494 1539 2681 1606 jussus
2705 1535 2953 1591 celebres
2983 1540 3327 1589 consummat
3357 1549 3590 1605 agones.

1912 1727 2120 1784 CAPUT
2170 1729 2230 1782 V.

1585 1832 1660 1891 De
1687 1834 1915 1892 sanctis
1943 1832 2140 1892 Sossio
2170 1839 2222 1889 et
2248 1829 2574 1890 Januario.

404 1967 551 2020 Aulae
575 1965 886 2020 ministrum
909 1967 1114 2022 cmlicae
1140 1967 1242 2022 hac
1268 1968 1556 2038 tyrannide

400 2057 606 2112 Misena
632 2059 842 2113 clarum
874 2059 1202 2130 praeferebat
1232 2060 1446 2115 Sosium

400 2149 498 2214 Qui
530 2150 842 2216 sanctitate,
870 2151 996 2206 dote
1027 2151 1120 2222 qui
1162 2153 1471 2223 prudentiae

397 2244 650 2298 Juvenile
681 2244 851 2300 robur
869 2246 1192 2319 protegebat
1217 2253 1460 2302 strenue.

398 2335 575 2398 Quare
607 2333 802 2390 beatus
832 2353 978 2406 saepe
1008 2337 1304 2392 Januarius

404 2428 718 2485 Benevento
743 2430 813 2483 ab
843 2429 978 2484 urbe
1010 2447 1117 2501 qua
1148 2431 1364 2487 nitebat
1384 2432 1627 2503 pontifex

405 2517 559 2572 Hunc
586 2518 806 2572 visitatu
837 2519 1128 2574 sublevare
1158 2528 1433 2576 sueverat.

408 2604 559 2659 Unde
587 2612 641 2660 et
671 2606 902 2676 petitum
935 2607 1082 2661 clara
1111 2607 1305 2662 Christi
1338 2609 1597 2682 dogmata
1655 2678 1663 2685 .

406 2693 619 2748 Domini
651 2694 754 2748 sub
787 2696 912 2750 aula
942 2697 1072 2751 dum
1096 2697 1356 2752 citantem
1385 2699 1632 2769 respicit,

403 2783 585 2838 Cernit
612 2795 918 2842 comantem
951 2787 1105 2842 abire
1136 2788 1411 2846 flammam
1443 2791 1672 2846 vertice.

402 2877 670 2947 Solusque
689 2879 780 2932 tali
800 2879 1154 2935 convibratus
1181 2881 1412 2945 lumine,

405 2966 522 3021 Mox
553 2968 825 3023 exiturum
858 2971 1178 3040 praedicavit
1207 2980 1522 3044 martyrem.

407 3055 558 3109 Haud
583 3056 890 3123 immorata,
921 3060 1064 3114 haud
1095 3061 1259 3115 ducta
1289 3061 1514 3134 longum
1547 3061 1768 3116 famina.

405 3146 566 3201 Pauci
601 3157 848 3204 rotantur
870 3161 992 3221 post
1022 3153 1367 3222 prophetiam
1399 3154 1540 3222 dies,

405 3239 466 3292 Et
497 3255 648 3306 ecce,
681 3249 864 3296 tentus
895 3241 1024 3297 dum
1056 3253 1203 3298 astra
1233 3245 1425 3300 levites
1453 3245 1620 3312 fovet,

407 3327 614 3384 Levare
641 3329 814 3385 solers
843 3331 1024 3386 vincla
1051 3339 1203 3389 vates
1231 3334 1474 3402 advenit,

2046 1974 2092 2040 Β
2118 1970 2289 2039 Atque
2319 1967 2705 2036 apprehensus
2737 1961 2796 2017 tit
2821 1961 3090 2034 palaestrae
3120 1962 3420 2033 particeps.

2123 2056 2339 2109 Haerent
2359 2054 2579 2110 sodales
2609 2052 2826 2124 optimi,
2854 2051 3123 2106 diaconus

2123 2148 2334 2202 Honore
2355 2146 2570 2210 Festus,
2604 2145 2838 2200 lectione
2869 2153 2923 2198 et
2950 2142 3088 2198 clius

2121 2237 2455 2292 Desiderius.
2493 2237 2577 2302 Hi,
2607 2253 2753 2292 saeva
2784 2244 2906 2307 post
2938 2235 3201 2308 egastula,

2118 2331 2369 2387 Mulctam
2397 2331 2587 2386 subire
2625 2331 2976 2387 destinantur
3006 2327 3244 2394 verticis,

2121 2426 2218 2491 Qui
2247 2426 2608 2495 praestitutam
2640 2425 2769 2480 dum
2803 2430 2986 2478 terunt
3015 2423 3314 2488 lethiviam,

2126 2518 2482 2573 Cumulantur
2508 2524 2667 2572 aucto
2694 2516 2980 2590 dignitatis
3006 2514 3219 2579 ordine,

2125 2607 2427 2662 Puteolana
2460 2621 2660 2677 nempe
2688 2605 2757 2659 ab
2789 2604 2926 2659 urbe
2961 2603 3221 2660 Proculus

2123 2697 2310 2752 Levita
2339 2699 2512 2752 fertur
2549 2713 2675 2753 cum
2707 2695 2924 2750 duobus
2953 2695 3151 2750 obvius

2123 2787 2186 2840 Et
2217 2787 2379 2857 plebe
2403 2786 2570 2854 justis
2604 2786 2787 2858 (hique
2822 2788 3047 2848 Acutus,
3084 2783 3322 2848 Eutices,

2126 2881 2217 2935 Isti
2259 2889 2519 2955 rogantes
2551 2897 2650 2936 cur
2679 2896 2870 2935 necem
2897 2880 3034 2948 justi
3068 2885 3285 2949 petant:

2126 2970 2223 3025 Ubi
2250 2970 2553 3040 probantur
2585 2969 2765 3040 plebis
2794 2968 2953 3023 almae
2980 2967 3211 3023 nobiles.

2123 3065 2296 3120 Simul
2321 3065 2590 3133 jubentur
2608 3065 2748 3120 colla
2771 3064 2907 3119 secti
2947 3062 3313 3125 occumbere;

2126 3157 2444 3228 Pariterque
2467 3164 2678 3228 septem
2711 3157 2862 3211 caede
2895 3156 3037 3227 plexi
3065 3171 3322 3224 compare

2128 3248 2432 3319 Rapiuntur
2453 3249 2559 3304 acti
2580 3248 2770 3320 gratia-3
2795 3247 3174 3318 praedonibus,

2041 3317 2090 3384 Ο
2114 3317 2370 3412 Variique
2399 3340 2549 3396 cives
2577 3317 2740 3395 busta
2767 3317 2900 3394 dant
2926 3337 3245 3394 tribulibus.

1905 3472 2117 3528 CAPUT
2162 3475 2249 3528 VI.

1725 3574 1802 3632 De
1842 3584 2046 3634 sancto
2088 3575 2405 3636 Domnino.

400 3715 545 3770 Julia
565 3703 804 3771 Caesarei
829 3730 1114 3786 procerem
1139 3716 1491 3788 primumque
1518 3714 1720 3770 cubilis

405 3808 732 3863 Domninum
763 3807 878 3866 fera
902 3809 1163 3864 vitantem
1194 3808 1469 3864 consortia
1495 3810 1642 3884 regis

373 3924 379 3929 -
405 3899 570 3956 Felici
601 3901 838 3972 hospitio
876 3901 1125 3972 capiens,
1153 3915 1276 3956 mox
1308 3901 1434 3955 laeta
1462 3901 1743 3972 triumpho

2131 3715 2428 3770 Persultat:
2458 3714 2639 3770 rabies
2667 3729 2833 3785 quem
2871 3717 3185 3768 consectata
3213 3712 3430 3767 cruenti

2130 3809 2431 3876 Carniﬁcis,
2460 3809 2622 3880 rapit,
2659 3807 2916 3863 aethereis
2945 3807 3126 3879 gladio
3167 3806 3333 3881 erigit
3361 3807 3550 3861 astris.

1889 4001 2095 4056 CAPUT
2133 4001 2242 4055 Vll.

1743 4103 1822 4162 De
1861 4111 2070 4162 sancta
2114 4103 2400 4161 Barbara.

401 4235 596 4290 Tuscia
626 4243 755 4290 tunc
793 4236 932 4290 vidit
961 4244 1177 4291 certans
1207 4244 1264 4292 ut
1306 4238 1534 4293 Barbara
1562 4239 1716 4312 virgo

411 4325 564 4378 Clara
589 4326 834 4395 trophaea
874 4324 1015 4389 tulit,
1046 4326 1264 4397 genitor
1294 4325 1586 4381 Dioscorus
1613 4333 1759 4382 arcta

409 4417 576 4478 Quam
605 4414 829 4488 longum
854 4414 1148 4469 obsidione
1172 4422 1354 4497 terens
1384 4415 1474 4471 dat
1502 4416 1752 4488 praesidis
1774 4415 1891 4480 irae,

411 4510 526 4573 Qua
553 4510 752 4565 nudata
782 4510 966 4585 llagris
995 4511 1164 4566 crude
1194 4511 1473 4565 divellitur
1497 4512 1650 4579 atris,

410 4601 657 4672 Dumque
684 4608 869 4655 manet
907 4601 1119 4656 stabilis
1148 4616 1348 4656 nervos
1375 4608 1428 4656 et
1457 4609 1646 4657 taurea
1665 4600 1854 4657 ridens

411 4692 585 4746 Fricta
615 4693 1006 4748 recrudescunt
1046 4692 1256 4748 hircina
1294 4691 1524 4747 vulnera
1553 4693 1718 4763 palla,

413 4787 546 4842 Inde
579 4795 802 4859 recepta
828 4795 984 4844 antro
1009 4787 1220 4844 caelesti
1255 4787 1375 4843 luce
1392 4786 1622 4853 levatur,

2130 4240 2412 4294 Costarum
2445 4239 2707 4310 applicita
2738 4238 3048 4293 ﬂammatur
3073 4237 3328 4308 lampade
3363 4237 3570 4300 cratis;

2127 4329 2354 4384 Malleus
2383 4329 2668 4392 incutitur,
2688 4328 2886 4399 capitis
2906 4327 3136 4382 libratus
3161 4328 3214 4381 in
3236 4344 3395 4393 arce;

2129 4421 2402 4477 Praecissae
2433 4421 2554 4476 diro
2571 4427 2772 4475 tenerae
2804 4434 3010 4474 caesare
3042 4419 3321 4483 mamillae,

2129 4510 2390 4584 Stigmata
2410 4508 2618 4564 deinde
2644 4507 2823 4562 crucis
2846 4507 3055 4561 nudare
3077 4513 3279 4561 retecta
3308 4505 3508 4576 plateis

2044 4619 2101 4686 Ι)
2131 4601 2369 4666 Ducitur,
2402 4608 2569 4671 atque
2590 4600 2684 4654 diu
2711 4600 3020 4654 truculenta
3044 4597 3192 4652 caede
3217 4603 3450 4660 resecta,

2135 4693 2380 4747 Culmina
2408 4693 2634 4748 sortitur
2657 4691 2837 4763 juguli
2869 4688 3124 4744 mercede
3153 4703 3397 4758 superna

1895 4887 2103 4942 CAPUT
2146 4886 2280 4941 Vlll.

1529 4988 1608 5047 De
1633 4989 1860 5048 sanctis
1888 4987 2160 5048 Secundo
2191 4996 2243 5046 et
2274 4987 2638 5046 Alexandro.

414 5122 595 5178 Castra
619 5122 778 5177 etiam
803 5120 1210 5188 scrutabantur,
1242 5135 1353 5192 quo
1382 5119 1429 5174 si
1459 5119 1585 5191 quis
1611 5120 1666 5174 in
1695 5119 1862 5175 armis

413 5213 736 5268 Christicola
756 5213 1037 5279 inventus,
1066 5227 1269 5268 nomen
1301 5211 1592 5284 legemque
1620 5209 1922 5280 professus,

410 5302 515 5355 Aut
552 5316 688 5355 nece
717 5301 1048 5365 Caesareum,
1081 5309 1176 5356 aut
1199 5299 1426 5354 satiaret
1450 5299 1609 5354 thure
1635 5297 1901 5352 furorem.

412 5396 742 5469 Lapsacidas
762 5397 907 5452 inter
934 5412 1192 5467 proceres
1217 5403 1348 5450 tunc
1368 5394 1506 5449 forte
1533 5393 1822 5449 Secundus

413 5488 644 5544 Nomine
676 5490 1005 5561 deprensus,
1035 5488 1264 5560 reliquis
1291 5488 1489 5543 virtute
1519 5486 1759 5559 priorem

415 5580 664 5637 Coelestis
679 5598 843 5654 quem
876 5580 1006 5637 fecit
1029 5599 1194 5658 agon,
1227 5588 1352 5652 post
1373 5580 1573 5646 vincla,
1603 5579 1882 5642 tenebras,

2132 5120 2466 5194 Perpetuum
2496 5121 2779 5190 specimen
2802 5127 2966 5189 caput
2995 5133 3128 5172 ense
3153 5117 3366 5171 recisus
3380 5115 3575 5170 adivit.

2134 5211 2304 5280 Hujus
2323 5211 2690 5266 Alexandrum
2721 5208 2956 5284 legionis
2985 5208 3041 5262 in
3081 5209 3305 5281 agmine
3335 5223 3490 5262 sacra

2131 5305 2374 5358 Siderea:
2405 5303 2656 5357 audierat
2683 5302 2843 5356 lucta!
2865 5300 3167 5370 sumpsisse
3199 5307 3469 5370 tyrannus

2134 5395 2349 5450 liitibus
2378 5393 2648 5466 appositis
2678 5393 2812 5463 petit
2844 5393 2990 5446 hunc
3019 5391 3194 5446 libare
3227 5390 3496 5461 profanis.

2130 5487 2181 5542 ls
2211 5487 2334 5542 coeli
2365 5502 2606 5542 convexa
2637 5492 2826 5540 tuens:
2873 5509 2896 5530 σι
2939 5483 3068 5537 Mihi
3100 5483 3274 5554 gratia
3296 5482 3422 5536 talis

2129 5578 2168 5634 Ο
2195 5578 2403 5635 utinam
2435 5583 2785 5649 praestaretur
2803 5591 2914 5647 quo
2945 5591 3084 5630 vana
3109 5575 3386 5644 repellens
