3994 6148
207 274 296 330 737
810 269 894 324 DE
936 267 1200 324 CHRISTI
1239 261 1604 322 TBIUMPHIS
1645 266 1818 322 APUD
1860 265 2130 322 lTALlAM
2171 267 2346 322 LIBRI
2385 268 2516 324 XIV.
2561 300 2620 310 —
2667 271 2792 326 LIB.
2836 271 2970 330 Vlll.
3452 277 3563 334 738‘

210 395 466 453 Sensibus
493 395 598 448 ista
626 393 738 446 tuis
759 397 815 446 et
840 390 1235 446 verterecorda
1255 389 1497 444 valerem
1535 387 1547 442 l
1855 400 1904 463 Α
1937 389 2054 444 ltlox
2084 388 2236 445 furor
2268 390 2414 444 hunc
2447 390 2709 447 frendens
2739 394 2916 448 ultore
2947 395 3040 450 dat
3065 411 3202 450 ense
3224 395 3374 451 feriri
3413 415 3428 462 ;

211 497 262 547 At
286 503 446 545 tueor
468 488 782 560 putridum,
813 487 980 542 video
1009 486 1318 540 insanabile
1347 485 1568 539 vulnus.
1936 483 2052 537 Stat
2073 482 2318 552 trepidus
2355 482 2502 537 ferro
2526 490 2724 539 nutans
2754 486 3023 542 titubante
3045 488 3268 543 satelles
3299 507 3312 553 ;

211 585 544 652 lllegquoque
577 579 675 650 qui
703 588 938 632 cunctas
962 585 1122 632 vocat
1145 578 1212 632 ad
1235 592 1336 632 sua
1363 591 1594 630 munera
1618 583 1831 650 gentes.
1939 574 2108 637 Quem
2143 573 2291 628 ferus
2322 575 2662 644 increpitans
2684 576 2855 643 judex
2884 580 3172 634 succendit
3202 580 3453 635 inertem.

213 669 457 727 Consiliis
494 676 550 723 at
581 683 748 739 parce
779 667 934 733 feris,
955 668 1282 738 Sannzeque
1321 681 1517 719 suasus
1570 697 1572 699 ›
1947 684 1972 715 α
2005 664 2260 734 Hujus(at
2280 665 2423 735 ipse)
2450 673 2616 736 caput
2636 683 2731 737 pro
2754 685 2843 722 me
2874 685 3277 744 monsmagnus
3307 671 3554 735 habetur,

214 767 406 836 Linque
429 771 554 819 tuos
581 770 637 817 et
671 776 853 834 pange
885 761 1060 816 malos
1086 776 1211 832 quae
1243 758 1485 833 gesseris
1516 765 1692 826 actus,
1941 753 2096 809 Unde
2118 760 2325 809 tremor
2354 753 2642 819 membris,
2676 756 2869 812 horror
2891 759 3024 812 mihi
3057 760 3317 815 sensibus
3345 772 3548 815 actus.»

216 857 602 924 Viventemque
635 852 810 905 Deum
844 851 939 922 qui
968 849 1220 905 condidit
1241 848 1430 905 omnia
1452 862 1640 902 nosce.
1672 868 1690 896 ι
1941 841 2038 896 llle
2057 842 2196 896 alios
2215 842 2461 909 adhibet,
2501 841 2686 912 plures
2709 843 2819 899 ciet
2848 846 3010 900 unius
3039 863 3134 902 ora

216 945 376 1000 Motus
405 943 476 998 ad
508 942 618 996 ista
649 939 798 996 obici
833 939 1011 994 Caesar
1031 937 1191 1008 jubet
1212 952 1364 992 arma
1394 936 1618 1009 neganti
1939 932 2039 998 Qui
2071 940 2324 988 resecent
2357 951 2370 996 ;
2414 941 2675 1004 properat
2691 943 2913 1007 martyr,
2941 938 3253 1012 gaudetque
3287 939 3484 993 resolvi

219 1036 556 1105 lnvitumque
588 1031 766 1086 sacris
798 1041 1131 1101 raptumque
1163 1027 1414 1083 litamine
1449 1027 1592 1100 cogi.
1937 1021 2428 1093 Procumbensque
2455 1037 2603 1095 genu
2639 1022 2850 1077 telluris
2871 1024 2939 1078 ad
2970 1025 3079 1080 ima
3109 1027 3346 1093 volutus,

217 1127 299 1180 llle
326 1124 439 1179 ﬁde
471 1123 667 1188 fretus,
703 1119 914 1176 colubri
939 1127 1214 1190 praecepta
1242 1117 1511 1182 refutans,
1936 1112 2252 1168 Mucronem
2282 1113 2420 1184 petit
2448 1129 2512 1168 ac
2544 1129 2715 1184 prona
2744 1116 2956 1170 cervice
2972 1118 3209 1187 capessit

218 1214 708 1271 Confundittorvos
738 1211 957 1267 interno
984 1209 1184 1265 robore
1216 1210 1417 1272 vultus,
1937 1199 2044 1255 Sed
2065 1216 2230 1272 prece
2265 1201 2554 1272 praemissa
2583 1212 2904 1276 mactusque
2933 1205 3181 1261 iitardua
3211 1215 3400 1263 castra.

220 1310 448 1364 Mensam
479 1307 634 1363 calce
656 1311 875 1377 petens,
907 1303 1087 1379 glebis
1105 1303 1459 1374 superaddita
1500 1301 1756 1356 miscens.

1726 1429 1934 1486 CAPUT
1983 1431 2049 1485 ΙΧ

1549 1567 1626 1626 De
1667 1577 1873 1627 sancto
1925 1566 2244 1626 Theodoro.

222 1714 534 1769 Theodorus
559 1710 762 1768 validis
791 1714 958 1764 staret
984 1723 1110 1761 cum
1141 1707 1303 1761 miles
1333 1706 1387 1761 in
1417 1707 1610 1772 armis,
1875 1711 1922 1776 Β
1948 1705 2182 1760 Judiciis
2208 1713 2566 1772 restauratus,
2597 1706 2748 1761 trahe
2780 1708 2992 1762 tollitur
3016 1708 3158 1762 altus

222 1807 480 1860 Strenuus
507 1804 808 1859 altithrono
840 1799 1122 1872 pendebat
1147 1799 1336 1854 munia
1361 1798 1596 1854 Christo.
1955 1797 2243 1870 Unguibus
2272 1798 2512 1864 excisus,
2547 1798 2804 1870 ferroque
2834 1801 3078 1856 insectus
3109 1801 3174 1856 ad
3207 1819 3354 1869 ossa,

227 1901 454 1955 crimine
480 1914 591 1971 quo
612 1896 960 1968 raptuscelsa
989 1895 1056 1950 ad
1089 1893 1341 1965 praetoria
1369 1892 1540 1948 fertur
1953 1885 2237 1941 Costarum
2271 1894 2476 1942 cratem
2508 1887 2745 1943 lacerata
2775 1905 2942 1944 carne
2985 1892 3232 1945 renudat.

223 1990 341 2044 Jura
369 1988 468 2042 Dei
500 1989 701 2050 fassus,
731 1983 983 2039 differtur
1008 1988 1226 2038 vertere
1251 1995 1450 2035 sensus
1479 1997 1494 2045 ;
1953 1976 2090 2030 lnde
2130 1991 2261 2049 roge
2288 1976 2414 2031 data
2449 1977 2718 2034 victorem
2754 1981 3031 2036 sententia
3055 1982 3260 2052 prodit,

222 2080 586 2135 lrrevocanda
616 2087 815 2133 tenens
842 2085 1052 2132 etcrno
1086 2081 1310 2145 pectora
1339 2088 1494 2137 vero,
1953 2068 2055 2132 Qui
2081 2068 2282 2123 vexilla
2311 2068 2493 2130 crucis
2523 2070 2745 2140 rapiens
2777 2079 2966 2142 partos
2994 2074 3327 2148 petitignes,

219 2171 438 2225 Sistitur
462 2167 768 2223 Aineadum
796 2163 1112 2222 censendus
1150 2162 1400 2237 regmine
1429 2161 1616 2236 legum
1654 2180 1669 2229 ;
1957 2162 2391 2233 Cleonicumque
2422 2164 2582 2234 sequi
2604 2165 2837 2239 vestigia
2877 2165 3043 2222 fortia
3070 2170 3363 2225 mandans.

223 2263 449 2338 Agnitus
469 2259 720 2325 infrenis,
753 2258 1048 2314 cohibetur
1078 2253 1316 2309 carceris
1345 2253 1531 2309 antris.
1952 2253 2387 2326 Glorificansque
2422 2255 2614 2322 Deum,
2655 2258 2856 2312 mentis
2897 2259 3010 2314 litat
3050 2260 3272 2334 ignibus
3299 2263 3504 2336 ignem.

219 2355 362 2410 Ostia
393 2354 708 2427 signantur,
737 2352 836 2405 sed
868 2365 976 2404 non
1009 2347 1278 2403 solamina
1309 2345 1434 2400 diva
1954 2347 2168 2402 Funera
2208 2347 2403 2401 devote
2438 2346 2672 2402 Eusebia
2699 2355 2984 2423 satagente
3013 2352 3288 2407 coluntur.

224 2449 495 2502 Arcentur
509 2444 760 2500 claustris
781 2442 1019 2497 relevato
1041 2459 1057 2506 ;
1082 2439 1297 2494 visibus
1323 2437 1445 2492 altis

1758 2533 1962 2590 CAPUT
1999 2533 2062 2589 X.

1240 2661 1317 2720 De
1341 2662 1569 2720 sanctis
1611 2660 1861 2731 Victore,
1891 2661 2084 2720 Felice
2111 2661 2290 2737 atque
2316 2660 2568 2723 Nabore.

222 2802 410 2858 Victor
449 2799 654 2855 canitie
685 2796 930 2868 fideique
961 2795 1166 2850 decore
1200 2793 1432 2858 nitebat,
1969 2793 2182 2849 Cresare
2210 2795 2528 2865 compulsus
2559 2793 2701 2850 fanis
2733 2795 3057 2868 impendere
3088 2800 3378 2868 honorem,

223 2890 519 2965 Sanguine
548 2887 641 2960 qui
671 2886 911 2950 Maurus,
941 2884 1245 2956 primisque
1270 2881 1449 2938 fidelis
1477 2882 1547 2937 ab
1589 2898 1773 2952 annis,
1969 2883 2156 2938 Victor
2186 2883 2608 2956 perduransque
2624 2883 2746 2955 pius
2776 2884 2892 2940 fera
2921 2887 3119 2942 robora
3139 2889 3311 2945 vincit
3339 2909 3352 2944 :

223 2978 511 3032 Caesareas
537 2974 710 3029 animi
739 2973 1032 3029 decorabat
1065 2973 1279 3027 honore
1321 2969 1645 3043 phalanges.
1967 2974 2266 3048 Lignorum
2301 2975 2457 3030 tritus
2487 2976 2738 3050 longum,
2772 2976 3111 3051 ignarusque
3150 2981 3402 3037 dolorum
3431 3001 3446 3046 ;

223 3070 430 3126 Felicis
457 3069 637 3142 patria
665 3069 801 3124 civis
830 3067 1080 3138 civisque
1108 3064 1362 3132 Naboris,
1964 3067 2240 3139 Stansque
2265 3083 2462 3138 expers
2491 3067 2658 3140 ignis,
2690 3067 2901 3138 plumbi
2932 3071 3190 3140 perfusus
3218 3074 3288 3128 ab
3309 3076 3497 3142 undis,

223 3163 409 3219 Africa
432 3177 578 3234 quos
595 3176 768 3217 caesos
790 3159 914 3216 urbi
944 3161 1038 3214 dat
1059 3157 1405 3223 Mediolanze,
1965 3159 2195 3234 Augusti
2234 3158 2449 3234 gladios
2472 3159 2554 3216 sic
2593 3167 2718 3230 post
2748 3167 3022 3218 tormenta
3051 3164 3373 3237 triumphat.

1757 3291 1966 3346 CAPUT
2004 3293 2092 3348 XI.

1284 3424 1361 3482 De
1383 3422 1609 3484 sanctis
1635 3421 2014 3500 Carp0phoro
2046 3432 2098 3481 et
2127 3421 2536 3483 Abundantio.

293 3565 639 3622 Maturitatis
669 3565 774 3620 hoc
804 3564 987 3620 calore
1019 3563 1258 3634 capiam,
1893 3564 1944 3634 ί]
1969 3561 2284 3634 Semenque
2323 3562 2475 3617 verbi
2506 3563 2559 3616 in
2590 3579 2717 3618 arva
2745 3571 3330 3636 sparguntpectorum.

218 3657 632 3729 CarpOphorus
651 3662 813 3709 aucto
837 3653 1069 3724 percipit
1095 3652 1472 3718 Abundantio,
1972 3651 2318 3726 Rursumque
2351 3653 2517 3707 tentis
2545 3669 2642 3708 ora
2680 3669 2878 3707 saxeus
2901 3653 3050 3726 rigor

216 3749 530 3819 Spoletum
563 3759 744 3817 agone
784 3744 878 3816 qui
899 3749 1193 3799 venustant
1219 3743 1414 3816 gloria,
1971 3745 2193 3814 Tundit,
2237 3747 2490 3802 levantur
2513 3746 2643 3802 hinc
2668 3747 2844 3801 eculei
2874 3747 3113 3801 culmine
3145 3766 3159 3810 ;

216 3836 386 3891 Prior
429 3833 700 3888 sacerdos
721 3847 784 3886 ac
812 3831 1067 3886 minister
1085 3831 1432 3902 subsequens
1976 3835 2273 3907 Fortesque
2301 3834 2420 3889 diro
2452 3834 2580 3888 dum
2602 3833 2905 3903 probantur
2929 3834 3167 3888 tormina

221 3930 336 3985 Pro
387 3927 569 3983 laude
601 3925 802 3981 Christi
834 3942 958 3980 nam
987 3925 1198 3980 subacti
1218 3924 1457 3979 fustibus
1983 3927 2182 3981 lterum
2216 3924 2460 3980 tenebris
2483 3925 2810 3998 ingeruntur
2833 3911 3096 3978 horridis.

213 4019 516 4078 Primum,
551 4016 682 4070 inde
710 4021 850 4070 tetro
874 4014 1261 4085 mancipantur
1287 4012 1516 4075 carceri,
1545 4072 1557 4086 ο
1979 4019 2144 4084 Queis
2177 4017 2458 4082 macerati,
2483 4031 2546 4071 ac
2573 4015 2861 4086 praeparati
2893 4014 3103 4069 laureis

215 4114 403 4168 Potus
427 4119 644 4185 negato
675 4108 884 4164 velcibi
908 4105 1198 4164 solamine.
1981 4109 2222 4164 Tandem
2244 4122 2377 4162 ense
2406 4105 2531 4160 cassi
2562 4103 2710 4159 celsa
2740 4103 3012 4157 scandunt
3039 4103 3243 4158 sidera.

214 4205 484 4259 Ductore
530 4208 584 4256 at
614 4199 747 4254 inde
774 4199 1130 4271 proferuntur
1159 4198 1364 4266 ccelite,

1756 4299 1966 4358 CAPUT
2011 4300 2127 4358 ΧΠ.

1469 4433 1544 4490 De
1570 4442 1776 4492 sancto
1809 4433 2091 4509 Gregorio
2122 4439 2410 4506 martyre.

287 4569 471 4624 Tunc
506 4573 564 4621 et
588 4564 787 4643 beatus
808 4564 888 4619 sic
913 4565 1132 4638 subegit
1159 4564 1446 4637 presbyter
1917 4571 1970 4637 ι)
1994 4565 2109 4630 Qua
2140 4570 2293 4635 parte
2315 4561 2466 4632 lapsa
2505 4559 2741 4615 civitatis
2762 4559 3021 4616 occidunt

207 4661 452 4738 Anguis
483 4658 736 4713 furorem
772 4657 923 4712 lividi
952 4656 1267 4728 Gregorius.
1993 4660 2172 4729 Super
2196 4664 2475 4713 trecentos
2503 4669 2657 4709 sacra
2685 4654 2880 4709 dantes
2910 4653 3175 4708 delubris.

210 4754 316 4810 Cui
343 4753 607 4808 Flaccus
637 4738 858 4819 linquit)
890 4765 903 4802 :
935 4773 956 4794 κ
988 4747 1063 4801 'l‘u
1089 4748 1311 4803 rebellis
1339 4747 1672 4819 principum,
1989 4747 2154 4803 Ferro
2184 4746 2316 4801 hinc
2353 4751 2585 4800 onustus
2628 4754 2792 4815 atque
2829 4750 3019 4813 septus
3048 4759 3291 4810 carcere,

203 4845 516 4914 Temptor
539 4853 822 4892 sacrorum
848 4843 978 4892 tunc
1009 4844 1180 4891 restas
1205 4836 1494 4892 numinum
1526 4836 1555 4890 ?
1583 4857 1607 4888 »
1993 4839 2222 4893 Levatur
2252 4851 2387 4892 usus
2410 4835 2606 4890 cretico
2634 4834 2924 4890 solamine,

206 4940 276 4991 At
309 4935 420 4988 illc
465 4949 482 4984 :
522 4950 556 4979 α
587 4927 758 4983 Nosse
786 4928 831 4981 si
872 4926 1011 4981 velis
1039 4928 1405 4982 constantiam
1990 4927 2176 4981 Genua
2209 4926 2338 4981 inde
2367 4924 2590 4980 carduis
2616 4930 2923 4978 atteruntur
2957 4923 3176 4990 ferreis,

204 5029 313 5093 Qui
355 5041 464 5080 me
505 5020 723 5076 creavit
753 5035 782 5074 e
813 5021 925 5074 luto
959 5020 1124 5074 Deum
1162 5035 1342 5074 meum
1993 5015 2263 5086 Latusque
2303 5020 2598 5083 utrumque
2630 5011 2848 5066 ﬂamma
2869 5018 3037 5068 torret
3064 5013 3400 5084 lampadum,

206 5116 290 5169 Ab
328 5113 672 5168 inchoante
704 5123 815 5163 non
846 5107 1101 5178 relinquo
1132 5107 1384 5174 infantia,
1408 5127 1432 5158 ι)
1992 5108 2213 5162 Dicente
2243 5115 2436 5160 sancto
2464 5112 2603 5160 teste
2623 5120 2768 5160 εωνο
2793 5104 2971 5172 judici
3006 5123 3018 5160 :

203 5206 306 5261 Sic
337 5215 752 5276 perseverans
784 5200 840 5253 in
864 5197 1320 5253 fidefortissimus
1997 5226 2020 5248 ιι
2048 5200 2104 5253 Si
2134 5198 2323 5270 perdis
2352 5213 2518 5253 omne
2548 5213 2767 5267 corpus,
2803 5198 2950 5252 haud
2975 5214 3061 5252 me
3085 5198 3301 5251 deseret

207 5295 650 5351 Dilancinatur
678 5291 842 5346 dorsa
871 5291 1035 5344 tritus
1066 5289 1322 5356 fustibus,
1996 5289 2261 5344 Mediator
2297 5288 2475 5342 almus
2494 5286 2589 5358 qui
2620 5286 2864 5359 benigne
2889 5285 3160 5356 perfovet,

206 5385 546 5456 Nodisque
582 5380 727 5434 versi
750 5385 944 5434 venter
972 5385 1127 5433 actus
1151 5379 1376 5434 vellitur
1417 5395 1432 5445 ;
1995 5379 2178 5437 Sanat,
2206 5376 2467 5432 reformat
2505 5383 2691 5431 nostra
2720 5374 2965 5430 Christus
2994 5373 3227 5427 viscera.

205 5477 361 5531 Dein
403 5475 645 5547 ligatus
676 5480 826 5525 crate
866 5471 1078 5540 palmas
1104 5485 1169 5524 ac
1193 5470 1385 5540 pedes,
1994 5471 2127 5526 Tum
2164 5478 2368 5526 tractus
2399 5470 2762 5541 amphiteatra
2792 5468 3000 5540 spargit
3029 5466 3324 5541 sanguine,

203 5574 502 5628 Arctatur
537 5564 694 5636 ignis
729 5565 921 5620 subter
951 5572 1113 5620 aucto
1137 5565 1358 5635 pabulo.
1995 5562 2302 5631 Sectusque
2342 5559 2483 5614 colla
2513 5558 2719 5632 gaudet
2748 5556 2856 5610 alto
2886 5554 3152 5611 culmine.

205 5664 277 5718 At
310 5675 458 5716 mox
502 5654 626 5712 soli
645 5661 834 5711 coacta
858 5653 1075 5710 divellit
1104 5661 1313 5709 tremor
1999 5652 2138 5708 Diris
2167 5651 2472 5708 vorandum
2497 5663 2701 5720 corpus
2728 5647 3006 5716 objectum
3028 5645 3158 5704 feris
