3994 6148
409 259 421 277 ’
495 273 603 329 739
1194 255 1564 315 FLODOARDI
1605 248 1912 306 CANONICI
1951 243 2286 303 REMENSIS
2325 241 2664 300 OPUSCULA
2703 240 3012 298 METRICA.
3710 238 3795 293 740

497 401 881 460 lntaminatum
911 405 967 453 et
995 395 1161 450 dente
1189 399 1245 448 et
1262 405 1450 464 ungue
1476 392 1785 460 permanet.
2109 384 2187 451 ,Α
2212 374 2387 430 Gratis
2413 373 2512 429 sed
2537 371 2791 429 obtinere
2819 370 2972 443 quod
3001 368 3324 440 nequiverat

498 490 752 562 Respocit
778 487 906 542 inde
934 484 1138 560 pignus
1165 462 1368 535 almum
1398 475 1604 532 femina
2213 469 2457 543 Triginta
2476 467 2726 540 quinque
2755 465 2926 521 sumit
2949 463 3136 520 aureis
3166 462 3308 516 datis

495 555 701 639 Pietate
731 555 950 636 fervens
976 555 1231 647 martyris
1254 567 1626 627 Abundantia.
2216 561 2434 616 Honore
2471 559 2718 616 condens
2735 572 2846 630 quo
2866 555 3102 612 decebat
3119 561 3432 624 martyrem.

1956 669 2164 726 CAPUT
2209 671 2355 726 Xlll.

1492 781 1568 840 De
1599 785 1801 838 sancto
1829 773 2056 836 Sabino
2085 772 2353 852 episcopo
2383 781 2435 832 et
2469 772 2651 832 sociis
2680 772 2828 849 ejus.

492 910 816 982 Triumphat
844 908 949 963 hoc
965 904 1201 960 Sabinus
1221 906 1357 956 aestu
1379 894 1668 970 pontifex,
2211 889 2391 960 Super
2412 896 2698 960 coaptans,
2727 887 2974 942 ﬂammat
2993 884 3290 942 exstinctas
3319 881 3493 948 faces,

495 1000 596 1065 Qui
625 979 938 1068 disciplinis
968 992 1170 1049 nobilis
1195 988 1536 1052 caelestibus,
2211 981 2467 1036 Oratione
2485 980 2633 1036 clara
2661 979 2900 1035 fundens
2918 979 3152 1034 lumina.

495 1094 673 1149 Sensu
704 1091 851 1162 pius,
878 1101 1135 1142 sermone
1156 1078 1610 1144 facundissimus,
2210 1076 2420 1132 Virtute
2444 1077 2563 1132 visa
2583 1076 2788 1132 subditi
2817 1073 3083 1132 custodiae

495 1183 829 1241 Venustiano
847 1185 1032 1235 tentus
1061 1176 1245 1231 adstat
1272 1171 1496 1244 prasidi
2209 1165 2290 1220 Pii
2319 1166 2529 1222 datoris
2549 1171 2870 1238 competunt
2896 1163 3152 1238 vestigia,

493 1274 710 1330 Junctis
733 1285 901 1326 sacra}
927 1265 1180 1322 Marcello
1206 1272 1262 1319 et
1288 1258 1675 1332 Exuperautio,
2207 1257 2329 1313 Mox
2358 1258 2510 1314 fonte
2547 1259 2642 1315 loti
2674 1265 3067 1313 consecrantur
3089 1253 3348 1310 undecim
3382 1271 3394 1306 :

495 1371 612 1425 Arae
633 1364 917 1431 ministris,
940 1360 1308 1433 pluribusque
1335 1354 1570 1412 clericis.
2210 1354 2341 1420 Quae
2377 1355 2629 1411 nuntiata
2661 1356 2789 1409 dum
2809 1357 3101 1425 patescunt
3129 1349 3375 1422 praesidi,

497 1460 593 1515 Cui
627 1472 833 1530 praeses
863 1451 1021 1510 obdit
1049 1464 1276 1505 aureum
1298 1444 1700 1513 Jovemﬁsuum,
2213 1444 2500 1518 Languere
2530 1443 2741 1515 lippum
2771 1458 2936 1514 quem
2951 1436 3514 1512 coquebantlumina,

496 1551 574 1607 Ad
604 1545 1029 1622 supplicandum
1061 1550 1216 1597 νθεῐθ
1246 1539 1392 1596 Ῡυινθ
1419 1535 1713 1610 flllgldum-
2218 1539 2282 1594 Ut
2320 1556 2423 1596 nec
2451 1540 2628 1607 cibus,
2659 1554 2763 1594 nec
2789 1553 3018 1593 somnus
3047 1535 3178 1590 huic
3200 1531 3517 1604 captabilis,

498 1646 608 1702 Hoc
637 1643 728 1698 ille
747 1647 968 1712 sumpto
998 1644 1124 1694 vota
1152 1635 1364 1691 Christo
1385 1630 1597 1704 dirigit,
2217 1633 2377 1689 Mittit
2392 1633 2639 1707 jugalem
2670 1647 2794 1686 cum
2819 1629 3038 1685 duobus
3073 1627 3260 1682 liberis

496 1740 721 1809 Deoque
752 1735 878 1789 trito
910 1733 1074 1786 dorsa
1104 1737 1262 1784 terrae
1281 1725 1544 1798 perculit,
2219 1727 2460 1782 Poscens
2499 1725 2765 1780 Sabinum
2795 1723 3010 1790 adesse,
3037 1721 3228 1778 venire
3258 1735 3289 1774 e
3321 1732 3570 1782 carcere,

500 1823 984 1881 Εῐόοῐηῐηίηιιῑυῐη
1014 1817 1255 1873 ἀίδδίιίτθ
1273 1813 1496 1886 Nolle“
1531 1829 1544 1865 ³
2217 1818 2507 1890 Pedesque
2538 1817 2641 1872 visi
2666 1833 2789 1872 cum
2823 1815 3012 1872 dolore
3039 1819 3091 1870 et
3117 1811 3374 1884 lacrymis

497 1911 869 1968 Venustianus
898 1909 1029 1963 hinc
1059 1907 1244 1961 furore
1272 1903 1538 1969 fervidus,
2219 1912 2360 1968 pem
2387 1911 2571 1979 recisi,
2595 1911 2778 1966 dando
2810 1908 3214 1981 ρωηίιηάίηεηι
3248 1925 3264 1971 ς

498 2004 690 2059 Manus
718 2001 915 2057 recidit
945 1995 1248 2070 proterenti
1275 1993 1522 2054 numina,
2220 2001 2481 2057 Lamenta
2509 2003 2711 2070 coniux
2738 2005 2925 2075 auget,
2948 2005 3114 2070 atque
3134 1996 3232 2051 ﬁlii

499 2092 737 2188 Comites
765 2079 1723 2188 castathlancinandospapplicans,
2144 2121 2194 2188 Β
2217 2092 2382 2146 Sacro
2413 2090 2586 2147 dicari
2607 2106 2665 2145 se
2699 2094 2954 2160 petentes
2981 2087 3220 2162 gurgite,

496 2186 642 2251 QUOS
671 2183 791 2238 dire
813 2179 1032 2237 acerbis
1045 2182 1352 2232 "laceratos
1381 2172 1616 2228 fustibus
2145 2172 2194 2188 ν
2217 2181 2488 2237 lntinctus
2514 2180 2663 2236 unda
2689 2179 2846 2252 pelve
2876 2185 2934 2234 ut
2973 2177 3086 2233 exit
3115 2175 3384 2232 candidus

495 2275 665 2332 Suavis
691 2273 932 2330 secando
961 2270 1138 2326 sulcat
1165 2264 1627 2340 alroxlanguibus
1660 2281 1675 2329 ς
2215 2268 2447 2335 Praeses,
2480 2268 2727 2325 dolorem
2760 2267 2908 2322 haud
2950 2265 3122 2321 sentit
3151 2264 3320 2319 ullum
3362 2261 3659 2316 luminum.

496 2368 623 2424 Post
649 2368 778 2442 igne
795 2366 922 2424 tosti
951 2361 1272 2420 confitendo
1300 2358 1532 2434 gloriam
2217 2363 2630 2420 Aununtiantur
2659 2365 2774 2418 haec
2803 2369 3016 2434 patrata
3047 2358 3264 2424 Caesari,

498 2459 692 2514 Christi
724 2459 945 2513 beatum
973 2455 1032 2511 in
1061 2462 1207 2510 astra
1234 2452 1423 2526 legant
1459 2447 1741 2521 spiritum,
2133 2485 2147 2500 .
2218 2452 2320 2518 Qui
2344 2459 2535 2524 raptus
2566 2453 2645 2509 ira
2670 2452 2809 2507 dans
2829 2450 3097 2506 Sabinum
3127 2446 3373 2514 tormini,

495 2553 819 2625 Danturque
844 2550 1087 2623 lymphis
1116 2546 1367 2603 membra
1394 2559 1576 2599 mersa
1604 2540 1810 2617 gurgiti

1758 2540 1810 2595 lti
2219 2545 2616 2602 Venustianum
2641 2547 2823 2617 capite
2853 2545 3020 2616 plecti
3050 2543 3335 2616 priecipit;

495 2642 727 2708 Quidam
753 2640 1062 2696 vividarum
1096 2643 1418 2709 persecutor
1447 2632 1722 2709 gentium,
2219 2635 2390 2700 Quem
2419 2651 2542 2692 cum
2559 2634 2736 2710 jugali
2763 2650 2827 2690 ac
2857 2632 3051 2688 liberis
3080 2631 3186 2686 fert
3203 2630 3402 2684 Lucius

494 2735 693 2792 Juncto
723 2733 1031 2800 sacerdote,
1062 2731 1206 2786 alma
1236 2728 1380 2784 tollit
1400 2742 1659 2790 munera,
2219 2723 2390 2780 Letho
2417 2724 2698 2793 tribunus,
2729 2738 2834 2778 nec
2858 2728 3109 2794 rogatum
3127 2719 3336 2789 judice,

494 2823 764 2897 Yiamque
785 2823 938 2892 juxta
963 2822 1108 2876 lecta
1137 2819 1207 2875 ab
1236 2818 1403 2874 undis
1422 2816 1674 2873 collocat.
2219 2816 2503 2888 Spoletum
2526 2817 2582 2871 in
2611 2815 2807 2871 urbem
2838 2814 2934 2886 qui
2955 2813 3220 2870 Sabinum
3247 2811 3517 2884 dirigens,

495 2912 699 2969 Praesul
727 2911 968 2966 Sabinus
992 2908 1200 2965 carceri
1230 2907 1561 2974 detruditur,
2221 2904 2392 2962 Caedit
2416 2906 2639 2960 beatum
2670 2905 2800 2959 dum
2833 2903 2927 2958 dat
2957 2903 3121 2958 astris
3149 2899 3401 2972 Spiritum
3434 2918 3449 2965 ;

498 3004 703 3061 Devota
729 3001 900 3058 servit
935 3000 1023 3056 cui
1046 2999 1274 3068 Serena,
1313 2998 1525 3052 lumine
2219 2995 2448 3050 Glebam
2477 2995 2680 3050 Serena
2707 3009 2830 3065 quae
2861 3008 3062 3047 manus
3076 2999 3317 3046 aromate

497 3093 728 3165 Captum
755 3096 1018 3162 nepotem
1050 3086 1388 3144 Priscianum
1420 3101 1542 3158 quae
1573 3084 1771 3140 dolens
2221 3087 2550 3146 condiverat
2578 3087 2869 3159 complexa
2892 3085 3019 3143 vitri
3053 3084 3203 3140 dolio

498 3183 757 3240 Perducit
783 3183 906 3252 ejus
927 3179 1326 3236 sublevandum
1351 3178 1615 3253 tegmine.
2151 3247 2185 3253 _
2223 3181 2376 3238 Domi
2405 3189 2697 3252 receptans
2724 3177 2930 3235 moenia
2955 3192 3117 3234 secus
3131 3175 3382 3232 collocat.

495 3277 561 3332 At
589 3247 1059 3342 trunca,vclausos
1086 3269 1293 3343 praesul
1321 3247 1488 3326 orbes
1512 3265 1741 3324 brachia
2137 3247 2188 3316 C

1979 3367 2191 3425 CAPUT
2226 3370 2358 3425 XIV.

1650 3469 1731 3530 De
1756 3471 1983 3531 sanctis
2009 3470 2202 3530 Felice
2231 3480 2284 3531 et
2317 3471 2669 3532 Fortunato.

571 3599 681 3655 Hoc
700 3595 916 3652 fervore
947 3592 1351 3664 triumphantes
1374 3587 1628 3660 Aquileia
1644 3586 1781 3642 vidit
2221 3586 2490 3659 Unguinis
2507 3591 2836 3656 exsuperant
2867 3585 3025 3659 ignes
3046 3581 3310 3638 ferventis
3337 3581 3471 3636 olivi
3506 3599 3523 3645 ;

499 3691 734 3746 Felicem
765 3704 829 3743 ac
859 3687 1239 3749 Fortunatum,
1272 3696 1421 3748 caro,
1445 3677 1834 3754 gratiafratres
2221 3678 2535 3733 Perstantes
2566 3678 2619 3732 in
2652 3677 2813 3732 laude
2841 3676 3017 3730 Patris
3041 3677 3163 3730 sine
3195 3673 3366 3727 limite
3398 3671 3597 3734 fortes,

496 3787 644 3852 Quos
672 3783 846 3850 dedit,
871 3789 924 3836 at
947 3779 1146 3836 Christi
1177 3778 1322 3833 ferro
1356 3773 1632 3847 praeconia
1651 3772 1794 3826 necti
2223 3767 2420 3821 Urbem
2451 3775 2601 3821 extra
2630 3765 2780 3821 ducti
2812 3765 3039 3820 ﬂuvium
3071 3779 3232 3818 secus
3253 3761 3407 3816 urbis
3435 3762 3742 3820 alumnum,

498 3880 863 3936 Prodiderant
890 3895 906 3941 ;
942 3875 1147 3946 quique
1174 3869 1392 3927 Enfimii
1419 3865 1809 3940 suntprazsidis
1836 3863 1941 3919 acti
2220 3858 2454 3913 Verticis
2483 3874 2512 3913 e
2543 3858 2714 3913 multa
2735 3856 2961 3928 capiunt
2990 3856 3234 3912 coelestia
3252 3870 3444 3929 regna,

494 3971 610 4025 Huc
640 3967 853 4033 rostris,
884 3964 977 4019 ubi
1011 3964 1144 4018 dant
1174 3958 1375 4015 fhristi
1417 3956 1713 4013 fortissima
1745 3952 1924 4009 laudis
2225 3950 2285 4004 Et
2316 3949 2458 4005 ferro
2479 3949 2720 4020 expliciti
2750 3949 2991 4004 subeunt
3031 3948 3248 4020 fastigia
3277 3946 3426 4002 cceli.

498 4061 734 4117 Robora.
763 4060 877 4123 Qua
907 4063 1101 4128 pectus
1137 4051 1322 4108 furiati
1341 4049 1545 4120 judicis
1575 4047 1657 4101 ira
2219 4044 2386 4100 Nocte
2414 4044 2491 4116 pii
2521 4045 2739 4100 sublata
2767 4044 2868 4100 viri
2891 4061 3045 4100 sacra
3075 4043 3324 4098 membra
3360 4049 3657 4113 receptant

493 4153 811 4223 Oppletum,
847 4148 958 4202 tela
990 4147 1046 4200 in
1077 4150 1247 4199 testes
1278 4141 1526 4197 crudelia
1557 4143 1797 4209 torquet.
2219 4137 2530 4209 Aulaeisque
2570 4137 2818 4208 obnupta
2837 4137 3015 4203 novis,
3051 4143 3104 4192 et
3126 4143 3373 4190 aromate
3401 4135 3676 4191 condunt.

494 4244 766 4314 Applicat,
797 4238 1176 4310 appenditque
1200 4233 1335 4288 feris
1357 4229 1692 4286 cruciatibus
1712 4235 1913 4292 arctos,
2218 4227 2456 4302 Pignora
2483 4230 2647 4284 chara
2677 4229 2881 4284 referre
2910 4229 3059 4284 viros
3087 4229 3338 4283 Vicentia
3368 4228 3541 4283 mittit
3564 4247 3578 4292 ;

493 4336 676 4391 Mente
705 4333 930 4406 quidem
955 4328 1088 4384 celsi
1117 4327 1386 4382 tolluntur
1407 4325 1616 4379 honore
1647 4328 1901 4383 catastae;
2217 4317 2440 4374 Nisibus
2465 4325 2520 4374 at
2545 4319 2745 4390 ereptis
2769 4318 2995 4374 obstans
3022 4317 3274 4389 Aquileia
3296 4318 3496 4381 sancti,

495 4404 867 4498 Lampadibus
898 4422 1037 4476 latus
1063 4417 1330 4491 appositis
1356 4415 1644 4471 urentibus
1664 4412 1880 4477 ardent,
2217 4405 2460 4462 Tandem
2491 4407 2695 4482 agitata
2723 4407 2831 4480 piis
2859 4406 3075 4477 sopitur
3102 4421 3287 4479 pugna
3316 4404 3564 4476 querelis

496 4520 626 4584 Qua:
659 4525 844 4574 tamen
876 4514 1146 4569 almorum
1168 4510 1358 4565 divino
1389 4509 1630 4564 carmine
1666 4505 1908 4580 frigent;
2221 4500 2383 4554 Pacto
2408 4497 2532 4565 jure
2560 4504 2725 4567 caput
2753 4495 2982 4566 capiens
3011 4494 3269 4566 Aquileia
3296 4495 3497 4560 sancti,

496 4578 735 4668 Fincunt
766 4611 894 4684 igne
926 4605 1096 4663 animi
1130 4602 1415 4680 ﬂagrantis
1441 4601 1726 4673 lampadas
1743 4578 1898 4674 ignis
1931 4615 1944 4663 ;
2219 4587 2434 4653 Felicis,
2468 4584 2748 4640 Fortunati
2769 4578 2931 4639 simul
2955 4599 3077 4639 ossa
3095 4589 3366 4654 capessat.

495 4699 721 4756 Viscera
750 4675 978 4770 perfusi,
1012 4675 1345 4765 ardentique
1379 4690 1595 4763 liquore
1627 4689 1936 4753 madentes,
2135 4717 2194 4787 D
2219 4682 2448 4737 Pectora
2473 4679 2668 4735 Felicis
2695 4685 2862 4750 caput
2889 4685 2945 4734 et
2965 4676 3214 4732 Vicentia
3242 4675 3450 4731 fratris.

496 4789 766 4845 Flammas
795 4780 1384 4854 interimunthymnis,
1425 4780 1662 4851 oleoque
1689 4776 1917 4848 superni

561 4865 576 4877 ”
1977 4874 2190 4932 CAPUT
2241 4873 2346 4929 xv.

1891 4985 1980 5048 De
2017 4994 2231 5048 sancta
2271 4984 2440 5062 Afra.

465 5135 468 5138 ’
557 5113 811 5170 Traditur
839 5113 943 5168 hac
972 5110 1125 5167 rabie
1156 5122 1453 5181 procerum
1495 5119 1761 5178 perpessa
1799 5101 2044 5159 furorem
2222 5099 2391 5164 Quam
2409 5112 2565 5154 sacer
2582 5113 2882 5173 aggressus
2909 5097 3126 5170 laqueis
3146 5095 3341 5152 eduxit
3370 5097 3600 5162 Averni,

491 5201 617 5258 Afra
645 5202 743 5257 Dei
764 5199 985 5268 cultrix,
1017 5197 1316 5268 Zabulique
1347 5201 1538 5265 erepta
1563 5192 1794 5264 rapinis,
2219 5193 2606 5263 Subversaque
2638 5192 2784 5262 lupas
2811 5205 2977 5246 cavea
3006 5188 3206 5244 Christi
3227 5189 3409 5244 edidit
3434 5190 3648 5255 aulam,

491 5295 719 5366 Hospite
741 5294 989 5349 Narcisso
1018 5291 1236 5346 sublata
1263 5286 1513 5342 libidinis
1535 5292 1712 5350 antro,
2218 5285 2329 5340 Nec
2354 5285 2524 5340 solam
2541 5283 2730 5340 evellit
2761 5301 2774 5350 ;
2802 5283 3020 5337 famulae
3049 5281 3385 5337 comitantur
3413 5281 3636 5346 amicae,

491 5385 717 5440 Lumine
746 5383 957 5440 ccelesti
985 5379 1345 5454 squaloribus
1366 5386 1522 5433 eruta
1547 5375 1716 5443 coeni,
2217 5373 2509 5446 Quamque
2538 5372 2916 5445 sequebantur
2938 5370 3122 5436 furiis,
3155 5372 3367 5442 pietate
3393 5377 3748 5442 sequuntur:

485 5477 634 5534 Solis
658 5478 738 5534 uti
772 5477 945 5532 radiis
974 5474 1212 5531 sordens
1242 5471 1396 5546 uligo
1427 5469 1571 5541 (187)
1599 5467 1823 5524 fatiscit.
2217 5463 2391 5536 Digna
2416 5463 2501 5519 vel
2534 5460 2823 5529 Eumeuia,
2840 5467 3142 5532 spretoque
3184 5460 3493 5532 Enprepria
3513 5463 3677 5527 luxu,

558 5632 703 5703 (187)
730 5630 935 5686 Humor
959 5635 1140 5686 terrae.
