4002 6124
255 296 352 352 741

257 429 534 501 Lampade
572 435 870 483 nocturnas
898 427 1024 483 diva
1055 437 1348 498 superante
1377 429 1667 498 tenebras;

259 526 375 591 Qua
403 527 668 580 lustrante
689 523 855 579 etiam
882 533 1058 578 mater
1087 539 1146 578 se
1174 525 1330 594 prole
1360 525 1610 580 trahente

261 619 462 674 Hilaria
494 618 699 673 ascitur
727 617 932 672 cultum
956 616 1210 672 confessa
1242 617 1484 688 profanae

258 710 528 783 Cypridis,
562 709 835 764 addictam
864 709 951 764 cui
984 707 1086 763 fert
1114 709 1428 764 contamine
1457 716 1696 782 gnatam.

265 803 419 860 Unde
449 817 679 876 gemens
710 800 902 865 hostis,
935 801 1288 873 praedamque
1318 803 1572 859 amittere
1616 819 1877 870 moerens,

261 893 466 948 Tristes
490 891 740 945 induitur
758 889 960 953 vultus,
988 891 1273 964 aegerrima
1303 891 1522 962 praefert

263 983 386 1040 Ora.
422 982 646 1053 nigrans
663 981 1037 1052 elephantinae
1069 982 1264 1036 scaber
1283 982 1468 1038 ulcere
1507 985 1700 1054 pestis,

265 1069 496 1140 Vimque
520 1069 630 1139 pati
661 1069 930 1140 queritur,
966 1070 1175 1140 proprii
1199 1070 1492 1140 dispendia
1509 1073 1650 1140 juris

267 1159 641 1231 Ingeminans,
671 1175 772 1214 nec
795 1175 954 1230 posse
985 1159 1102 1214 dari
1134 1177 1233 1214 sua
1264 1163 1485 1216 vascula
1509 1162 1741 1227 Christo,

267 1246 492 1320 Cogitur
518 1258 573 1302 at
604 1247 797 1303 nolens
822 1247 1032 1312 Iesum,
1058 1249 1461 1321 adstrictusque
1493 1250 1670 1317 fateri,

269 1337 371 1390 Pro
411 1335 568 1390 noxis
591 1335 877 1390 Dominum
901 1344 1256 1406 peccatorum
1285 1337 1478 1393 ultimo
1497 1354 1740 1410 passum,

265 1425 481 1496 Accipit
505 1443 661 1498 aequa
692 1427 850 1497 sequi
877 1442 1092 1481 servum
1119 1443 1374 1498 possessa
1397 1437 1675 1500 petentem

267 1515 508 1579 Tutoris,
542 1516 766 1586 pr0pria
796 1515 1128 1587 Dominique
1160 1519 1606 1588 reposcerejura,

269 1607 374 1670 Qui
405 1606 580 1660 furem
612 1607 850 1680 subigat.
883 1608 1098 1678 captiva
1129 1607 1332 1663 talenta
1357 1616 1616 1680 reportet.

272 1702 368 1754 His
396 1701 488 1755 ille
519 1717 840 1772 oppressus,
873 1688 1120 1773 bellique
1151 1712 1342 1758 tenore
1363 1703 1654 1771 subactus,

271 1796 352 1850 Ad
381 1803 600 1850 versuta
633 1797 815 1867 precis
844 1796 1090 1851 fraudem
1123 1797 1416 1870 detorquet
1447 1801 1661 1869 agonis,

275 1891 442 1946 Posse
471 1890 677 1946 referre
705 1899 900 1962 potens
920 1893 1161 1948 animam
1191 1893 1277 1948 vel
1307 1895 1516 1950 retibus
1545 1912 1745 1951 unam:

274 1983 542 2037 Attollunt
566 1983 848 2053 praemissa
879 1984 1147 2051 animum,
1179 1985 1427 2040 solantur
1449 2002 1711 2061 egenum.

275 2075 510 2129 Roboris
541 2074 721 2129 elatus
745 2075 856 2143 jam
875 2092 1028 2147 spem
1063 2078 1336 2133 consumit
1364 2079 1606 2149 inanem,

274 2166 436 2220 Furta
467 2166 735 2238 dolosque
764 2183 921 2222 sacer
941 2170 1159 2223 calcans
1181 2168 1314 2244 ligat
1335 2185 1431 2225 ore
1461 2172 1725 2226 latronem

269 2252 554 2308 Jurantem
577 2255 822 2325 proprio,
853 2257 1092 2326 praedam
1117 2272 1241 2312 mox
1258 2266 1646 2314 enecatactam

273 2345 336 2399 Ni
357 2346 573 2403 Christo
598 2356 889 2418 penetrare
918 2349 1082 2404 imam
1108 2350 1376 2418 jubeatur
1408 2352 1686 2423 abyssum.

274 2441 500 2498 Munera
530 2443 827 2500 constricto
868 2446 1067 2516 praesul
1097 2446 1331 2518 depacta
1363 2447 1650 2522 resignans

851 291 932 346 DE
970 291 1224 346 CHRISTI
1261 290 1624 348 TBIUMPHIS
1665 293 1838 350 APUD
1878 293 2141 350 ITALIAM
2182 293 2359 350 LIBRI
2399 294 2530 352 XIV.
2570 325 2642 336 —
2680 295 2805 352 LIB.
2848 297 2983 353 VIII.

3483 303 3590 358 742

1901 430 2311 510 A'Lethiferum
2341 431 2474 486 Iethi
2505 432 2670 488 tradit
2697 433 2800 488 sub
2823 435 2946 502 jura
2967 435 3279 505 colubrum,

1979 516 2371 572 Colluctantem
2403 534 2611 593 angore
2641 521 2786 587 terit,
2829 521 3037 578 fontem
3069 526 3217 596 capit
3245 527 3412 602 angui

1979 608 2157 678 Ipsius
2187 607 2240 661 in
2269 608 2496 663 charum
2525 610 2685 663 vertit
2708 611 2814 665 tela
2837 612 3260 670 hostisamicum
3293 634 3305 670 :

1981 698 2248 755 Sordibus
2281 701 2600 755 emaculans
2627 711 2842 774 captata
2872 706 3098 761 monilia
3119 717 3314 783 purgat

1981 789 2344 846 Sanctificans
2373 792 2585 848 animas
2613 794 2705 864 pia
2724 804 2846 866 post
2865 797 3079 866 jejunia
3107 800 3244 856 lotas

1982 885 2238 942 Hilariam
2266 888 2642 962 genitamque,
2665 891 3101 965 ancillantesque
3133 896 3367 966 puellas,

1980 975 2171 1030 Plures
2196 985 2460 1047 praeterea
2483 977 2678 1034 affines
2702 980 3012 1053 charosque
3042 985 3286 1050 sodales,

1985 1065 2224 1122 Ecclesia
2248 1068 2561 1134 instruitur,
2595 1073 2800 1143 templo
2819 1090 2976 1128 sacer
3001 1077 3137 1130 ordo
3166 1077 3398 1143 dicatur,

1988 1153 2276 1226 Presbyter
2304 1164 2359 1212 et
2380 1158 2641 1230 Zosymus
2665 1173 2910 1217 sacratur
2934 1166 3236 1220 avunculus
3265 1167 3425 1232 Afrae,

1989 1243 2378 1318 Dispositoque
2419 1256 2577 1320 pater
2605 1252 2754 1306 clero
2789 1252 2995 1323 petisse
3019 1254 3329 1310 Gerundam

1991 1335 2200 1405 Fertur,
2228 1338 2322 1393 ubi
2355 1349 2561 1413 martyr
2580 1343 2772 1412 juncto
2805 1345 2983 1401 Felice
3004 1348 3318 1418 triumphat.

1993 1427 2122 1482 Afra
2144 1429 2304 1487 beata
2333 1434 2438 1504 piis
2471 1452 2665 1506 pravas
2690 1438 2884 1510 largita
2915 1457 3208 1495 crumenas

1994 1517 2362 1591 Pauperibus,
2393 1541 2586 1582 secura
2617 1531 2798 1585 crucis
2821 1539 3061 1586 sectatur
3090 1533 3357 1587 honorem
3395 1551 3409 1597 ;

1993 1605 2159 1677 Capta
2189 1621 2375 1668 manet
2403 1613 2559 1670 fortis
2586 1637 2601 1681 ;
2639 1635 2740 1674 nec
2767 1620 3100 1691 desperatio,
3136 1637 3238 1675 nec
3276 1623 3356 1675 vis

1995 1694 2142 1752 Hanc
2165 1715 2196 1753 a
2219 1718 2318 1771 spe
2344 1721 2624 1761 removere
2657 1710 2860 1775 valent,
2880 1710 2965 1764 vel
3000 1711 3160 1765 laude
3193 1728 3436 1780 superna

1919 1763 1964 1828 Β
1986 1783 2164 1850 Mente
2205 1798 2340 1866 petit
2364 1813 2535 1867 prona
2562 1806 2854 1867 tormenta,
2874 1803 3222 1871 amplectitur
3254 1763 3430 1876 ignes,

1995 1888 2254 1952 Exsultat,
2286 1896 2581 1962 gratesque
2614 1891 2731 1946 litat
2757 1892 3092 1949 circumdata
3125 1894 3382 1964 flammis,

2000 1983 2182 2038 Hostia
2212 1984 2333 2038 viva
2365 1984 2476 2038 Deo
2507 1984 2662 2047 nitet,
2689 1985 2978 2057 hostiaque
2997 1986 3216 2058 ignibus
3244 1989 3355 2044 exit
3386 2007 3400 2055 ;

2000 2078 2188 2133 Hostia
2217 2077 2296 2142 fit,
2325 2093 2427 2133 nec
2457 2086 2607 2132 tanta
2639 2077 2774 2133 focis
2805 2088 3033 2154 purgata
3063 2081 3369 2150 probantur

2000 2167 2240 2222 Membra
2274 2177 2528 2239 ;recepta
2569 2183 2701 2240 rogo
2733 2175 2905 2220 mater
2937 2167 3268 2240 famulaeque
3301 2170 3475 2224 beatae

2001 2257 2122 2312 Haec
2153 2257 2361 2311 tumqu
2379 2257 2507 2310 dum
2534 2263 2687 2326 rapta
2707 2255 2888 2310 locant
2919 2257 3162 2329 ipsaeque
3197 2267 3478 2314 merentur

1999 2351 2294 2406 Emeritam
2326 2348 2820 2421 splendoresequi,
2853 2351 3166 2421 caelumque
3190 2367 3289 2420 per
3319 2351 3476 2426 ignes

2001 2440 2266 2516 lngressze
2297 2439 2528 2495 Domino
2556 2436 2800 2509 perfecta
2824 2437 3146 2492 holocausta
3176 2436 3430 2492 feruntur

1755 2577 1971 2634 CAPUT
2012 2577 2144 2632 XVI.

1632 2688 1711 2748 De
1751 2698 1958 2750 sancto
2003 2688 2274 2748 Eusebio.

283 2814 574 2880 Eusebius,
611 2823 733 2886 post
756 2817 1068 2874 Marcellum
1093 2820 1187 2889 jus
1217 2821 1420 2893 excipit
1451 2823 1656 2878 almum

281 2904 441 2959 Urbis
461 2905 707 2960 Romulae
738 2925 751 2961 :
783 2906 980 2963 (.hristi
1010 2910 1098 2980 pia
1124 2926 1278 2965 sacra
1300 2919 1622 2979 venustans,

278 2993 456 3048 Diruit
483 2994 571 3049 hic
599 2995 906 3068 pressitque
938 2998 1197 3066 hazreses,
1229 3007 1285 3054 et
1313 3001 1379 3055 ad
1412 3017 1569 3073 zequa
1596 3003 1812 3076 redegit

278 3088 454 3144 Prava
483 3105 584 3160 per
611 3090 868 3162 obliquos
885 3094 1122 3148 errantia
1147 3094 1316 3149 corda
1346 3095 1636 3152 Meandros
1669 3115 1682 3151 :

277 3181 481 3253 Sicque
511 3183 690 3238 nitens
710 3185 920 3239 meritis
949 3185 1298 3242 consortibus
1326 3186 1549 3242 additur
1572 3189 1750 3257 almis.

2001 2825 2130 2880 Esse
2160 2823 2288 2895 piis,
2329 2829 2540 2877 terrore
2564 2820 2718 2876 ferox
2748 2829 2980 2892 apparet
3010 2821 3218 2893 iniquis
3249 2842 3266 2886 ;

2001 2914 2295 2968 Perversos
2317 2911 2514 2985 retegit
2547 2929 2561 2975 ;
2596 2911 2750 2966 festis
2775 2911 2987 2980 jejunia
3015 2912 3180 2967 solvit
3205 2931 3220 2977 ;

2003 3001 2300 3057 Ecclesiam
2323 3002 2544 3057 socians
2568 3008 2782 3056 sacrato
2823 3017 3054 3056 munere
3083 3002 3244 3068 ditat,

2002 3095 2112 3152 Nec
2141 3096 2349 3168 patitur
2379 3095 2581 3160 scindi,
2610 3095 2806 3150 Christi
2838 3095 2942 3150 sub
2971 3097 3338 3170 amoreligari

2006 3191 2233 3246 Enitens
2263 3191 2465 3246 mentis
2489 3207 2612 3263 qua:
2643 3200 2766 3261 post
2781 3200 3140 3247 monumenta
3168 3193 3350 3247 fidelis

281 3273 393 3329 Nec
412 3289 568 3331 mora
583 3275 912 3332 Melchiades
940 3278 1212 3349 sequitur,
1237 3277 1533 3350 decorique
1565 3279 1831 3351 probatur
1924 3258 1974 3326 C
2004 3282 2213 3338 Emicat
2242 3258 2523 3339 emeritus
2544 3258 2756 3338 mel—esti
2786 3283 2920 3338 sede
2961 3291 3239 3356 receptus,

1753 3406 1966 3463 CAPUT
2004 3407 2163 3464 XVII.

1605 3514 1684 3574 De
1722 3523 1929 3576 sancto
1979 3515 2304 3578 Timotheo.

285 3655 449 3710 Patre
476 3655 581 3710 sub
621 3657 728 3716 hoc
757 3657 984 3714 Romam
1014 3658 1245 3714 veniens
1269 3658 1408 3714 urbe
1430 3660 1773 3716 Antiochena

286 3753 632 3822 Timotheus,
655 3755 928 3811 Christum
989 3772 1088 3827 per
1135 3758 1376 3827 compita
1415 3774 1516 3828 per
1543 3758 1660 3814 fora
1698 3758 1909 3834 pangit,

287 3849 530 3919 Dapsilis
555 3850 702 3906 hunc
727 3851 952 3920 juvenis
979 3858 1182 3906 sanctae
1214 3852 1433 3922 pietatis
1457 3861 1669 3908 amator

287 3938 578 4005 Silvester,
606 3941 838 4010 cupiens
864 3941 1095 3996 attolere
1128 3941 1385 3996 laudibus
1413 3942 1591 4009 ardet,

289 4027 534 4082 Plurima
551 4029 647 4100 qui
678 4029 1321 4100 postquam‘pOpqurum
1351 4030 1520 4085 corda
1547 4031 1818 4088 sacranda

290 4119 569 4176 Continuo
591 4121 840 4178 hicanno
873 4121 1169 4188 Christum,
1200 4129 1254 4178 et
1281 4123 1591 4195 quadrante
1619 4123 1838 4192 fatetur,

290 4210 503 4266 Tentus
532 4211 693 4266 laude
723 4211 901 4267 crucis
923 4211 1180 4282 praefecto
1196 4212 1429 4266 traditur
1452 4211 1628 4278 urbis,

294 4302 636 4358 Verberibus
663 4309 870 4369 sectus,
899 4303 1065 4376 longo
1092 4303 1348 4374 squalore
1380 4311 1589 4358 catenm

292 4395 500 4463 Tritus,
533 4411 597 4451 ac
615 4395 852 4450 invictus
873 4396 1133 4450 mulctam
1163 4402 1247 4450 ter
1269 4395 1458 4467 judice
1489 4412 1737 4461 sumens,

298 4486 484 4541 Fortia
511 4484 805 4555 suppliciis
831 4484 1081 4540 solidans
1101 4493 1186 4538 ter
1206 4491 1427 4554 pectora
1454 4484 1634 4548 saevis,

299 4576 477 4633 Morte
493 4591 740 4648 sequens
764 4575 1054 4630 Dominum
1075 4575 1233 4630 saevis
1261 4576 1315 4630 in
1344 4575 1538 4632 funere
1571 4576 1820 4644 mixtum,

302 4669 611 4725 Probrosos
636 4668 782 4723 inter
800 4667 1021 4738 capitali
1053 4667 1204 4723 caede
1223 4676 1495 4732 coruscat,

304 4763 370 4819 Ut
394 4762 587 4834 Spinas
616 4762 762 4816 inter
789 4760 1022 4817 rutilans
1047 4775 1170 4816 rosa
1196 4759 1438 4834 fulgurat
1469 4760 1656 4816 hirtas.

304 4850 706 4922 Intempestive
725 4849 990 4905 Silvester
1019 4848 1198 4904 noctis
1220 4849 1412 4904 abacta

302 4943 549 5000 Membra
574 4942 800 4998 domum
830 4940 1097 5007 referens,
1129 4957 1272 5013 papa
1299 4941 1560 5014 cleroque
1597 4948 1814 5009 vocato,

301 5038 625 5110 Martyrium
655 5037 925 5104 excubiis,
957 5037 1100 5092 divis
1156 5051 1379 5109 quoque
1431 5037 1651 5093 dedicat
1680 5037 1919 5110 hymnis.

307 5129 520 5201 Corpus
551 5134 719 5184 humo
749 5128 976 5184 mandat
1005 5127 1227 5199 proprio
1251 5128 1568 5184 veneranda
1618 5128 1922 5197 Theonem,

305 5218 598 5274 Asciseens
617 5218 778 5273 horto
799 5233 961 5272 secus
990 5216 1191 5288 inclyta
1203 5217 1438 5292 pignora
1468 5217 1640 5284 Pauli,

307 5307 402 5364 Cui
428 5323 530 5379 pro
559 5305 834 5377 discipulo
855 5305 1066 5361 socium
1092 5305 1442 5379 cognominis
1471 5306 1642 5372 addit,

309 5395 668 5466 Basilicaeque
699 5394 867 5449 domu
893 5392 1214 5448 venerabile
1244 5392 1410 5449 funus
1438 5394 1692 5449 honorat.

308 5483 590 5539 Deﬁciens
619 5482 914 5553 praefectus
936 5483 991 5536 in
1010 5483 1179 5550 hunc,
1208 5482 1263 5536 in
1291 5489 1515 5553 pectora
1531 5490 1753 5555 torquet

311 5573 554 5644 Hospitis
576 5588 728 5628 arma
754 5573 854 5645 pii,
887 5573 1120 5627 dimissa
1149 5571 1354 5628 talenta
1382 5587 1682 5644 reposcens

311 5663 498 5720 Paenis
512 5663 786 5736 impliciti,
812 5663 998 5720 vincto
1028 5661 1281 5738 graviora
1305 5661 1550 5718 minatur

313 5755 426 5813 Nec
449 5763 744 5830 postquam
775 5755 1010 5813 addiscit
1035 5769 1146 5812 non
1177 5754 1474 5812 adduxisse
1497 5769 1788 5811 crumenas

2016 3653 2306 3721 Punctum,
2333 3653 2492 3708 sedet
2521 3653 2601 3707 ira
2623 3651 2886 3719 fremens,
2919 3652 3347 3725 invisaquejura

2013 3743 2263 3798 Nominis
2290 3743 2553 3811 objectat,
2585 3750 2800 3797 terrens
2827 3757 3046 3796 sacrare
3085 3743 3287 3798 sacella

2016 3827 2080 3881 Ni
2116 3835 2284 3899 petat,
2313 3828 2524 3883 efflabit
2546 3828 2836 3884 tormentis
2865 3829 3016 3883 caede
3033 3831 3344 3901 propinqua
3377 3849 3390 3884 :

2019 3937 2044 3968 α
2067 3917 2365 3989 Suppliciis
2395 3918 2685 3988 (Silvester
2709 3918 2801 3988 ait)
2826 3918 2928 3972 hac
2957 3925 3118 3973 nocte
3147 3918 3421 3972 labantem

2015 4007 2242 4061 Famina
2269 4007 2396 4062 diva
2425 4007 2611 4061 ferunt
2634 4007 2874 4061 animam
2907 4005 2976 4060 de
3003 4006 3136 4060 sede
3169 4007 3360 4062 revelli

2017 4099 2208 4156 Cordis
2227 4102 2395 4156 stulte
2427 4099 2526 4166 tui,
2557 4114 2667 4171 quo
2695 4106 2920 4170 pectora
2949 4106 3102 4155 torva
3135 4099 3387 4166 resultas,

2018 4192 2275 4248 Protinus
2302 4199 2522 4248 aeterna;
2551 4191 2803 4246 subiture
2830 4190 3076 4263 pericula
3103 4192 3341 4259 mulctae,

2022 4285 2087 4342 Ut
2115 4301 2291 4342 cassos
2309 4285 2552 4358 gaudere
2584 4284 2778 4339 videns
2798 4284 2918 4338 sine
2960 4282 3068 4339 fine
3097 4284 3392 4359 gemiscas,

2020 4381 2084 4437 Et
2100 4397 2223 4453 quae
2253 4381 2499 4436 inﬂixisti
2531 4379 2635 4434 sub
2663 4385 2892 4450 puncto,
2917 4379 3212 4434 intermine
3249 4395 3460 4448 sumas,

2023 4473 2218 4528 Infelix
2247 4488 2386 4544 quos
2419 4471 2622 4542 punisti
2651 4478 2872 4527 tuerere
2902 4471 3109 4526 beatos.
3151 4494 3171 4522 ι

2021 4565 2347 4638 Tarquinius
2368 4565 2602 4636 dapibus
2632 4565 2872 4620 discedit
2899 4564 3064 4619 inane
3106 4567 3404 4636 replendus
3439 4587 3454 4634 ;

2027 4659 2290 4714 Silvester
2321 4657 2467 4714 ferro
2499 4665 2758 4729 properat
2775 4656 2877 4712 sub
2910 4657 3120 4712 honore
3153 4661 3513 4728 premendus.

2032 4753 2248 4807 Interea
2277 4758 2538 4822 poscente
2566 4749 2682 4820 pio,
2704 4749 3010 4820 prandente
3041 4765 3260 4818 severo,

2032 4843 2306 4899 Iudicium
2336 4857 2552 4897 summa
2580 4848 2790 4896 rectum
2818 4842 3068 4913 procedit
3095 4841 3163 4896 ab
3195 4843 3390 4912 aethra,

1937 4895 2000 4966 Ι)
2023 4895 2418 5006 Caudiaquevin
2445 4948 2686 5004 poenam,
2712 4895 3047 5005 poenamque
3077 4895 3134 4988 in
3159 4895 3568 5009 ,vertit.

2026 5024 2272 5095 Denique
2300 5021 2518 5078 deliciis
2537 5028 2785 5077 ventrem
2812 5022 3070 5078 intarcire
3095 5023 3300 5093 paratis

2027 5115 2272 5172 Gutturis
2295 5114 2555 5170 annitens
2578 5114 2738 5170 avido
2755 5114 3043 5186 praefectus
3072 5116 3225 5172 hiatu

2029 5208 2099 5264 Os
2126 5207 2298 5280 piscis
2327 5206 2550 5277 rapiens
2575 5205 2794 5261 incauta
2819 5204 2976 5261 fauce
3006 5206 3234 5271 volutat,

2033 5299 2269 5354 Interius
2294 5303 2509 5370 raptare
2540 5295 2733 5353 volens
2762 5297 3056 5352 conamine
3087 5295 3239 5352 nullo

2033 5391 2254 5448 Proficit
2282 5406 2530 5465 egerere,
2549 5405 2846 5463 assurgens
2878 5391 3003 5446 nisu
3023 5397 3180 5464 urget
3219 5390 3392 5455 inani,

2034 5482 2352 5550 Methodici,
2392 5483 2678 5554 empyrici,
2709 5481 2986 5556 logicique
3021 5481 3211 5537 dolore
3233 5482 3465 5551 jubente
3555 5505 3560 5510 τ

2029 5575 2219 5639 Acciti,
2249 5575 2402 5630 nulla
2418 5575 2664 5650 gaudent
2694 5572 2907 5628 ratione
2945 5572 3207 5629 medendi
3237 5593 3254 5628 :

2032 5666 2286 5724 Carmina
2305 5665 2458 5723 nulla
2476 5665 2680 5732 valent,
2707 5663 2858 5719 nulla
2885 5663 3229 5736 experientia
3259 5665 3482 5736 prodest

2028 5759 2222 5817 Tortus
2257 5765 2314 5818 et
2339 5756 2410 5815 ad
2446 5756 2690 5815 medium
2712 5754 2892 5813 noctis
2914 5755 3242 5815 horroribus
3255 5764 3430 5828 actus,
