3994 6148
422 238 530 293 743

424 338 638 391 Tetram
670 340 933 402 tartareas
963 332 1200 386 animam
1233 330 1474 385 demittit
1504 329 1562 382 in
1585 329 1830 395 umbras,

425 431 500 484 Ad
536 444 724 500 prenas
753 427 934 496 prunis
977 425 1315 481 cruciatibus
1336 424 1403 478 ad
1445 423 1718 479 cruciatus

425 519 666 592 Cogitur,
697 519 765 572 ad
799 517 1059 572 tenebras
1088 515 1279 568 mundi
1321 514 1390 567 de
1425 515 1545 566 luce
1575 513 1866 582 superbus.

425 610 688 664 Eximitur
707 609 974 670 tenebris,
1010 607 1230 678 exitque
1256 605 1324 660 ad
1358 604 1568 658 lumina
1590 604 1791 672 justus.

426 703 650 758 Ducitur
672 701 764 756 ille
790 715 923 774 rogo
954 716 1062 772 qua
1090 698 1319 753 verbera
1346 705 1570 752 voverat
1602 696 1754 752 liora.

1191 229 1562 286 FLODOARDI
1605 228 1915 284 CANONIC'I
1959 227 2286 284 BEMENSIS
2325 227 2658 284 OPUSCULA
2699 228 3008 284 METRICA.

2073 339 2125 404 Α
2156 329 2353 384 Privati
2384 329 2676 383 Dominum
2704 329 2844 398 juris
2876 331 3174 402 plangente
3206 329 3441 384 tumultu
3473 348 3488 394 ;

3673 213 3784 285 7'44

2157 419 2382 472 Ducitur
2404 418 2502 472 iste
2523 417 2769 484 domum,
2813 433 2925 488 quo
2958 424 3205 488 tempore
3231 434 3376 474 saeva
3409 426 3638 489 putatus

2154 510 2341 581 Flagra
2367 509 2574 574 subire,
2604 508 2714 579 poli
2746 515 2859 564 toto
2895 510 3194 579 plaudente
3223 519 3442 573 senatu,

2150 605 2421 661 Victorem
2461 620 2680 677 quoque
2709 605 2914 660 livores
2940 612 3259 661 reverenter
3288 606 3544 673 adorant,

1882 795 2090 851 CAPUT
2138 795 2322 850 XVIII.

1563 901 1640 959 De
1672 902 1900 960 sanctis
1929 896 2179 958 Marino
2213 907 2264 956 et
2294 899 2633 958 Almachio.

429 1055 757 1108 Innumeros
786 1065 964 1120 usque
995 1051 1138 1103 hanc
1168 1047 1360 1102 urbem
1389 1048 1696 1118 compsisse
1745 1047 2054 1118 triumphos

427 1141 759 1211 Accipimus,
791 1149 1080 1210 postquam
1113 1138 1375 1209 przecelsa
1407 1137 1646 1212 insignia
1686 1137 1882 1190 Christi

431 1229 545 1283 Huc
575 1229 768 1283 Petrus
791 1227 1103 1297 Paulusque
1137 1226 1338 1293 ferunt,
1383 1227 1670 1298 larvasque
1704 1225 1979 1297 fugantes,

432 1319 600 1395 Signa
629 1336 868 1390 superna
898 1319 1076 1374 crucis
1108 1318 1332 1373 rutilare
1367 1319 1420 1372 in
1454 1319 1660 1372 moenia
1692 1325 1954 1388 praestant

434 1408 551 1462 Non
589 1409 854 1462 intantum
887 1407 1099 1477 apicem
1130 1407 1296 1476 prisci
1328 1423 1528 1461 vexere
1559 1415 1818 1476 parentes

435 1502 659 1557 Romam
694 1500 787 1554 lite
815 1505 1016 1561 truces,
1045 1499 1283 1553 fraterna
1309 1499 1459 1554 caede
1483 1498 1772 1553 madentes
1804 1517 1820 1560 ;

433 1591 549 1645 Non
581 1590 776 1652 Numa,
809 1604 918 1643 non
955 1588 1126 1653 Decii,
1159 1588 1330 1654 Marii,
1356 1587 1589 1654 Camilli,

435 1680 602 1745 Bruti,
621 1679 926 1750 Scipiades,
953 1679 1267 1747 Cicerones,
1303 1680 1417 1734 sive
1447 1680 1682 1734 Catones

436 1775 552 1829 Non
586 1787 765 1846 reges,
795 1785 1069 1840 proceres,
1103 1769 1537 1838 nonannuajura
1567 1777 1842 1842 gerentes,

437 1863 560 1918 Non
590 1861 739 1916 orbis
780 1860 992 1914 Domini
1025 1859 1219 1913 mundi
1253 1858 1466 1932 fulgore
1487 1859 1677 1928 potiti;

439 1961 608 2024 Quam
630 1967 763 2030 quot
802 1958 1153 2028 praetulerant
1183 1956 1368 2026 regnis
1395 1955 1460 2010 ad
1495 1972 1709 2011 summa
1740 1957 1986 2024 relatam,

435 2050 533 2105 Tot
557 2047 720 2102 simul
745 2047 1008 2101 addixere
1033 2046 1182 2117 jugis
1210 2046 1276 2099 ad
1299 2062 1445 2098 szeva
1472 2046 1774 2110 subactam,

439 2142 760 2206 Queishanc
797 2140 1048 2216 signiferi
1067 2139 1244 2193 crucis
1271 2139 1600 2210 athle‘tzeque
1635 2146 1888 2210 potentes

437 2233 661 2287 Solvere
692 2231 1062 2302 compedibus
1095 2238 1330 2294 certant,
1365 2234 1615 2302 coeloque
1638 2239 1914 2302 coaptant,

440 2321 677 2376 Diversis
705 2320 936 2374 ducibus
963 2320 1246 2390 multoque
1277 2319 1472 2374 ardore
1506 2321 1768 2375 nitentes.

440 2410 513 2464 Ex
552 2408 753 2480 quibus
782 2407 1097 2474 Onesimus,
1130 2407 1282 2461 Pauli
1310 2409 1411 2461 sub
1447 2409 1666 2463 vincula
1695 2416 1918 2484 gnatus,

440 2502 615 2556 Verna
642 2500 1002 2562 Philemonis,
1034 2499 1273 2554 famulus
1301 2500 1397 2554 sed
1422 2517 1654 2555 munere
1675 2501 1895 2569 Christi,

440 2591 723 2655 Quondam
737 2590 909 2645 durus
949 2590 1102 2657 hero,
1135 2597 1259 2661 post
1290 2591 1393 2661 ipsi
1425 2599 1478 2646 et
1503 2593 1754 2663 pluribus
1779 2600 1938 2664 aptus

443 2679 667 2750 PrOpria
696 2695 860 2752 quem
896 2696 1131 2754 magnus
1160 2682 1515 2736 commendat
1545 2682 1724 2737 visere
1767 2682 1988 2751 Paulus,

443 2775 880 2847 Pontiﬁcemque
911 2791 1135 2831 sacrans
1167 2775 1386 2849 delegat
1411 2776 1622 2832 semine
1654 2777 1830 2832 verbi.

2161 1036 2434 1090 Pastorem
2472 1035 2620 1089 hunc
2638 1034 2840 1104 Ephesi
2872 1049 3189 1089 memorans
3223 1034 3468 1108 lgnatius
3501 1035 3646 1103 ipse,

2159 1131 2312 1186 Hunc
2333 1131 2439 1186 sibi
2486 1131 2764 1186 doctorem
2798 1129 3020 1200 praefert
3049 1131 3391 1202 charumque
3434 1130 3784 1204 magistrum,

2158 1223 2330 1294 Inque
2361 1222 2484 1290 ejus
2515 1229 2779 1292 praestare
2811 1236 3012 1295 greges
3047 1221 3294 1276 hortatur
3316 1237 3506 1276 amore
3541 1239 3555 1274 :

2156 1312 2512 1388 Magniticans
2544 1313 2833 1368 Dominum
2869 1313 2964 1367 tali
2997 1312 3093 1384 qui
3121 1329 3220 1383 pro
3249 1313 3389 1368 duce
3421 1313 3614 1368 caulas

2154 1405 2462 1460 Servandas
2504 1405 2745 1459 retinere
2785 1405 2966 1473 dedit,
2999 1421 3167 1476 quem
3201 1405 3621 1475 Romapetitum

2084 1530 2131 1597 Β
2155 1497 2307 1554 Nube
2342 1497 2542 1568 premit
2572 1497 2840 1567 lapidum,
2873 1496 3174 1568 conditque
3210 1497 3516 1567 sepultum,

2158 1589 2264 1643 Nec
2293 1588 2495 1642 retinet
2526 1589 2772 1657 longum,
2804 1587 3039 1658 sedique
3069 1588 3336 1662 gregique
3363 1587 3686 1641 remissum.

2160 1678 2254 1732 llic
2285 1678 2449 1732 etiam
2481 1677 2720 1732 occurrit
2748 1677 2930 1731 clarus
2961 1677 3161 1730 virtute
3192 1675 3436 1729 Marinus

2159 1770 2346 1823 Almus
2371 1776 2425 1823 et
2465 1769 2796 1835 Almachius,
2837 1765 3017 1822 valida
3048 1767 3140 1837 qui
3160 1774 3342 1821 mente
3377 1766 3596 1821 furores

2163 1860 2421 1915 Indocilis
2458 1859 2610 1934 vulgi
2639 1874 2979 1930 spurcasque
3011 1857 3290 1931 redarguit
3328 1874 3454 1912 aras

2163 1957 2276 2022 Qua
2304 1955 2529 2010 solitum
2562 1954 2806 2008 insanire
2830 1953 2920 2008 die
2959 1952 3222 2006 libamine
3254 1952 3417 2026 nugis

2165 2051 2318 2102 Anno
2345 2048 2470 2118 plus
2501 2046 2715 2117 reliquo
2752 2063 2765 2111 ;
2799 2045 3042 2116 dumque
3074 2054 3189 2099 atra
3221 2044 3472 2098 recidere
3503 2045 3687 2098 tendit

2167 2139 2435 2194 Cordibus
2456 2147 2621 2210 atque
2654 2137 2797 2193 calet
2829 2137 3046 2192 stolidis
3067 2136 3303 2192 avellere
3333 2136 3480 2200 dira,

2163 2231 2384 2301 Mystica
2415 2244 2523 2301 quo
2547 2227 2690 2282 festo
2715 2227 2845 2282 data
2873 2226 3222 2282 circumcisio
3251 2227 3488 2290 Christo,

2161 2321 2532 2376 Bacchantum
2562 2319 2733 2374 furias
2755 2320 2811 2373 in
2853 2335 2912 2374 se
2943 2326 3101 2385 rotat,
3133 2328 3296 2390 atque
3328 2319 3583 2373 furentes

2163 2413 2262 2467 Tot
2293 2412 2481 2466 turbas
2509 2410 2815 2482 prohibens
2843 2412 3013 2474 solus,
3047 2418 3125 2466 tot
3154 2411 3400 2465 millibus
3433 2427 3585 2465 unus

2165 2504 2449 2560 Obsistens
2477 2505 2690 2559 ratione
2718 2502 2886 2568 feros,
2908 2504 3114 2574 pietate
3153 2519 3374 2558 severos

2165 2596 2505 2670 Aggrediens
2527 2611 2732 2650 vesana
2761 2595 2961 2650 animis
2987 2604 3235 2650 avertere
3261 2594 3433 2650 torvis

2164 2685 2410 2750 Enitens,
2450 2684 2652 2758 gladiis
2678 2685 3060 2759 grassantibus
3085 2685 3294 2755 appetit
3311 2693 3480 2755 atque

2163 2778 2430 2834 Sorilibus
2455 2777 2776 2852 indignatus
2797 2777 2912 2832 adit
2938 2777 3186 2833 coelestia
3205 2777 3430 2852 dignus.

1929 2906 2135 2962 CAPUT
2182 2907 2316 2961 XIX.

1807 3009 1885 3067 De
1923 3016 2135 3068 sancta
2177 3013 2417 3083 Agnete.

446 3142 650 3213 Inclyta
679 3141 934 3197 nobilitat
961 3144 1288 3198 venerandae
1322 3144 1552 3217 virginis
1578 3144 1776 3199 Urbem

443 3234 625 3305 Agnes
643 3230 807 3297 fama,
832 3231 1004 3286 decus
1031 3238 1225 3286 tenero
1255 3249 1377 3304 quae
1398 3243 1558 3288 nacta
1589 3233 1691 3288 sub
1731 3249 1846 3288 aevo

446 3319 703 3390 Martyrii,
737 3318 980 3374 tumidos
1013 3319 1205 3374 mundi
1235 3320 1744 3376 calcavithonores.

446 3410 569 3465 Haec
599 3410 726 3464 dum
762 3411 883 3482 lege
913 3410 1007 3464 Dei
1033 3412 1276 3481 pueriles
1304 3419 1589 3468 consecrat
1616 3428 1812 3476 annos,

443 3504 686 3558 Summis
713 3515 900 3559 mente
930 3521 1132 3559 vacans
1161 3507 1377 3571 studiis,
1406 3507 1593 3578 specie
1613 3507 1738 3562 terit
1768 3507 1861 3561 alti

445 3596 745 3669 Sanguinis
771 3597 1073 3666 impubem,
1108 3598 1349 3668 praefecti
1385 3598 1555 3668 patris
1585 3599 1892 3663 alumnum,

445 3685 545 3749 Qui
573 3701 838 3758 gemmas,
871 3700 1062 3739 aurum
1093 3686 1335 3757 pretiosa
1365 3687 1591 3741 monilia
1620 3686 1785 3753 ferre,

327 3783 352 3804 '
447 3776 692 3844 Divitias,
721 3792 974 3848 pompas,
1009 3777 1263 3844 famulos,
1297 3795 1592 3853 agrosque,
1617 3780 1925 3850 domosque

447 3866 705 3933 Prodere,
740 3866 980 3921 dotalem
1013 3867 1195 3934 donis,
1227 3869 1598 3940 precibusque
1629 3878 1890 3939 parentes

440 3959 873 4030 Muneribusque
898 3961 1053 4030 petit.
1084 3961 1245 4033 Virgo
1275 3961 1392 4014 haec
1417 3967 1476 4015 ut
1504 3969 1745 4015 stercora
1775 3960 1925 4015 ducit

444 4052 732 4122 Serpentis
760 4052 907 4106 velut
945 4069 1040 4107 ora
1073 4053 1226 4124 proci
1258 4053 1406 4122 capit
1438 4070 1452 4118 ;
1481 4053 1685 4107 aethera
1712 4061 1873 4108 terrae

445 4140 668 4196 Praefert
695 4159 708 4205 ;
736 4141 1036 4195 Aineadum
1079 4142 1284 4197 rectori
1316 4149 1605 4196 stemmata
1637 4140 1833 4195 Christi

446 4228 778 4299 Prwponens
802 4247 815 4293 ;
844 4245 1060 4295 aurum,
1085 4244 1354 4301 gemmas,
1377 4228 1724 4292 redimicula,
1745 4235 1926 4283 vestes

445 4317 670 4384 Spernit
709 4318 921 4373 honore
946 4318 1060 4389 poli
1090 4319 1391 4392 gemmanti
1417 4317 1626 4373 lumine
1652 4318 1856 4374 cultam

443 4409 512 4464 Se
541 4423 878 4476 memorans,
911 4409 1099 4480 sponsi
1131 4410 1397 4466 thalamos
1421 4409 1691 4477 melioris,
1721 4409 1892 4464 inisse

445 4496 714 4553 Nobilitas
740 4498 828 4553 cui
853 4498 1200 4569 praecellens,
1233 4499 1528 4572 potiorque
1558 4508 1826 4570 potestas,

449 4592 734 4648 Pulchrior
757 4601 1038 4665 aspectus,
1066 4610 1180 4665 pra
1207 4602 1428 4650 nectare
1455 4595 1632 4670 gratia
1661 4595 1840 4649 dulcis
1873 4613 1889 4658 ;

447 4685 712 4740 Gazarum
737 4701 797 4741 se
826 4686 1039 4742 addens
1067 4686 1299 4758 inOpino
1331 4688 1577 4758 pondere
1616 4697 1853 4758 pactam,

447 4775 788 4832 Continuans
818 4789 872 4832 et
897 4794 1054 4849 opes,
1087 4786 1140 4832 et
1153 4778 1352 4852 gaudia
1374 4779 1561 4834 nescia
1589 4780 1799 4847 moesti,

443 4869 660 4941 Organa
686 4878 942 4924 eurarum
971 4870 1256 4925 duleorem
1287 4871 1455 4925 mella
1485 4882 1829 4942 prementem

445 4962 691 5028 Munera,
723 4962 1015 5036 fulgorem,
1045 4964 1211 5029 vires,
1234 4963 1471 5039 fastigia,
1505 4982 1708 5020 numen

448 5054 731 5110 Caelicolas
759 5055 964 5110 subicit
993 5075 1010 5120 ;
1044 5054 1173 5111 hinc
1201 5057 1374 5111 solem
1394 5073 1457 5112 ac
1487 5057 1672 5112 sidera
1694 5057 1886 5114 subdit

449 5143 577 5208 Quae
593 5144 735 5198 bona
769 5145 1074 5214 provideat,
1107 5153 1329 5214 praestet
1358 5163 1480 5217 quae
1503 5148 1728 5217 praemia
1751 5148 1901 5203 texit.

451 5231 700 5302 Carpitur
731 5233 858 5305 igne
881 5233 997 5289 fero
1019 5234 1240 5303 juvenis
1278 5235 1585 5307 morboque
1615 5245 1877 5306 perustus

451 5327 712 5391 Decubat,
746 5329 890 5383 haud
915 5330 1160 5400 perferre
1177 5331 1366 5386 valens
1409 5341 1514 5388 tam
1550 5332 1769 5403 pondus
1799 5332 2068 5404 iniquum.

453 5415 738 5472 lnsinuant
764 5419 902 5489 patri
935 5436 1084 5476 saevo
1105 5420 1444 5476 decumbere
1463 5431 1690 5496 gnatum

451 5506 784 5578 Oppressum
817 5511 1061 5577 medici;
1097 5527 1272 5584 puero
1310 5514 1651 5583 replicantur
1679 5513 1748 5568 ab
1780 5513 1895 5580 illo,

453 5599 511 5653 In
533 5615 735 5656 vanum
765 5622 782 5669 ;
816 5620 847 5658 a
873 5605 1067 5679 genito
1098 5606 1318 5662 frustra‘
1352 5606 1609 5678 dispersa
1635 5621 1734 5676 per
1763 5620 1948 5662 auras.

2083 3149 2134 3217 ε
2159 3144 2254 3198 [lla
2274 3143 2385 3198 dati
2420 3143 2682 3198 inviolata
2712 3143 2880 3198 refert
2901 3144 3012 3214 jam
3039 3143 3259 3199 vincula
3288 3143 3435 3213 pacti

2168 3237 2549 3297 Permansura,
2582 3235 2747 3291 fidem
2777 3244 2984 3292 aeterno
3016 3237 3214 3292 durare
3247 3237 3349 3291 sub
3381 3253 3526 3292 aevo.

2168 3331 2467 3388 Praefectus
2488 3330 2712 3402 generis
2737 3329 2926 3399 sperni
2955 3345 3017 3384 se
3046 3329 3318 3404 sanguine
3350 3329 3556 3399 quovis

2168 3425 2457 3495 Adstupet,
2479 3423 2858 3494 indagansque
2884 3422 3033 3492 capit
3065 3421 3256 3476 Christi
3288 3421 3463 3476 ardua
3486 3421 3656 3486 ferri;

2171 3515 2351 3568 Laetus
2380 3519 2434 3567 at
2456 3512 2756 3571 illetumet,
2780 3511 2951 3578 jussis
2982 3527 3082 3566 ceu
3106 3517 3258 3580 parta
3288 3509 3466 3564 furori
3512 3528 3527 3573 ;

2171 3601 2472 3672 Perstrepit
2503 3601 2643 3655 hanc
2663 3598 2804 3666 sisti,
2847 3598 3202 3670 blandusque
3254 3598 3560 3669 minaxque
3619 3596 3792 3653 resul-

3629 3696 3724 3743 tat.

3629 3697 3692 3743 tal

2169 3783 2266 3837 Illa
2295 3795 2455 3852 aequo
2486 3789 2756 3850 praestans
2787 3779 2972 3833 animo
2999 3777 3385 3848 tumidumque
3421 3689 3692 3849 piumq[ue

2170 3875 2287 3930 Uno
2319 3873 2422 3928 fert
2438 3873 2615 3938 vultu,
2643 3871 2921 3941 similique
2954 3870 3136 3942 rigore
3167 3869 3490 3939 perhorret;

2169 3969 2394 4038 Aspera,
2427 3981 2531 4020 nec
2561 3964 2819 4036 frangunt
2841 3962 3117 4027 stabilem,
3145 3977 3247 4016 nec
3281 3962 3431 4016 lenia
3458 3961 3692 4027 fallunt,

2167 4062 2266 4117 Ille
2296 4061 2494 4117 videns
2522 4075 2696 4115 vacuo
2726 4059 2832 4113 labi
2861 4059 3146 4114 molimine
3176 4057 3427 4118 fraudes,

2166 4152 2327 4206 Arma
2357 4166 2516 4206 serus
2555 4147 2849 4203 manifesta
2878 4147 3020 4218 rapit
3043 4145 3280 4202 truciore
3315 4153 3534 4215 paratu.

2166 4240 2520 4310 Cernensque
2546 4239 2690 4292 hanc
2718 4244 2909 4307 Optare
2938 4251 3154 4297 necem,
3177 4243 3452 4288 tormenta
3475 4251 3630 4288 voras
3650 4252 3702 4296 ιτ,

2169 4331 2360 4386 Omnia
2387 4346 2497 4402 pra).
2527 4331 2665 4385 votis
2697 4331 2837 4383 hanc
2866 4336 3108 4383 temucre
3139 4327 3276 4381 dura
3307 4328 3586 4396 supernis,

2171 4422 2298 4487 Quae
2328 4423 2504 4494 magis
2522 4423 2802 4476 horrescat
2832 4430 3053 4476 versuto
3074 4419 3321 4490 providet
3357 4430 3507 4485 astu,

2117 4511 2142 4527 "
2175 4514 2518 4585 Pelliceoque
2545 4513 2703 4584 jubet
2732 4513 2935 4567 nudam
2960 4511 3232 4582 raptarier
3253 4520 3436 4577 antro,

2170 4608 2437 4678 Quodque
2469 4607 2641 4678 magis
2671 4605 2873 4669 doleat,
2908 4604 3208 4676 perturpia
3237 4603 3455 4658 ludicra
3493 4603 3651 4659 velli.

2169 4696 2390 4751 Accedit
2417 4694 2688 4750 luctatrici
2721 4694 2812 4764 pia
2833 4694 3006 4766 gratia
3038 4693 3265 4755 Christi,

2167 4786 2537 4860 Tegminaque
2561 4784 2750 4841 effusis
2775 4793 3031 4840 crescunt
3058 4799 3157 4855 per
3184 4783 3434 4838 membra
3465 4782 3712 4852 capillis,

2169 4881 2478 4936 Densantur
2507 4877 2702 4947 raptim
2733 4876 2916 4931 crines
2947 4875 3200 4946 inoperta
3232 4881 3485 4948 tegentes

2169 4967 2494 5038 Corporis,a
2526 4964 2741 5019 Christo
2759 4964 2865 5019 fusi
2894 4981 3003 5020 non
3033 4963 3284 5036 unguine
3315 4963 3451 5016 creti
3497 4979 3510 5014 :

2174 5065 2268 5118 Ast
2295 5061 2390 5116 ubi
2417 5061 2755 5135 belligerans
2778 5058 3288 5116 obscenalibidinis
3319 5065 3477 5112 antra

2174 5152 2336 5224 Virgo
2356 5150 2527 5215 subit,
2563 5148 2897 5204 lucissubito
2929 5149 3142 5221 fulgore
3169 5162 3490 5207 coruscans,

2176 5245 2382 5299 Emicat
2422 5244 2662 5298 aetherea
2693 5233 2895 5312 specus
2922 5241 3181 5295 irradiata
3208 5239 3398 5303 nitela,

2176 5334 2418 5399 Accedit,
2447 5333 2621 5406 magis
2651 5332 2879 5387 insolitu
2906 5330 3160 5402 pulsante
3191 5328 3442 5398 palaestra

2177 5426 2386 5490 Sidera,
2411 5424 2680 5490 coelicola,
2713 5440 2926 5478 summa
2958 5439 3082 5476 nam
3101 5429 3287 5476 vectus
3315 5420 3383 5473 ab
3409 5420 3582 5474 aethra

2178 5515 2434 5589 Congrua
2461 5513 2743 5586 belligerae
2761 5511 2865 5567 fert
2889 5511 3212 5566 indumenta
3235 5510 3456 5580 puellae,

2180 5605 2420 5677 Suscipit
2450 5604 2541 5661 illa
2571 5604 2766 5660 stolam
2793 5603 3003 5661 ccelesti
3035 5603 3244 5660 lumine
3283 5601 3511 5664 cultam,
