3974 6146
465 269 570 344 747
1183 265 1552 343 FLODOARDI
1593 266 1896 344 CANONICI
1937 269 2269 328 REMENSIS
2310 266 2644 326 cpuscum
2685 267 2993 323 METRICA.
3673 275 3752 329 ηε

468 393 606 449 Urbs
624 392 787 448 simul
814 391 1074 458 exsultat;
1107 391 1212 447 soli
1242 399 1570 465 torquentur
1600 393 1798 466 iniqui.
2108 401 2159 468 Α
2188 396 2348 450 Plura
2376 395 2562 449 studet
2583 393 2794 452 Christo
2819 393 3079 449 comitum
3110 393 3350 466 allegare
3373 393 3586 458 talenta,

466 485 563 540 llla
593 492 800 556 patrem
829 481 1134 555 fratresque
1164 490 1360 554 petens
1385 482 1478 538 dat
1505 483 1737 559 virginis
1766 485 1904 540 aulm
2186 488 2546 556 Asservatque
2576 501 2786 539 sacram
2824 484 2927 538 sub
2961 484 3248 558 religionis
3273 499 3458 540 amore

464 575 706 632 Membra
731 573 1011 630 renitendi
1037 573 1507 648 mausolzeumque
1537 575 1726 644 locari,
2187 573 2317 630 Cum
2348 575 2514 630 sociis
2542 574 2770 647 Agnem,
2814 573 3101 644 praesentis
3130 580 3190 629 ut
3215 589 3312 630 ora
3335 575 3619 649 magistrae,

464 669 601 726 Tum
625 668 734 725 sibi
755 668 980 726 mandat
1009 668 1086 726 ibi
1117 677 1178 725 ut
1205 676 1422 725 maneat
1452 685 1578 725 cum
1600 669 1812 744 virgine
1833 671 2010 746 virgo,
2185 671 2420 743 Cujusin
2460 669 2713 740 exemplo
2745 677 2975 725 tractant
3004 670 3252 726 ccelestia
3271 670 3480 726 multae.

465 761 627 818 Fama
647 768 1006 836 propagatur,
1037 770 1265 817 currunt
1294 762 1362 817 ad
1393 761 1540 818 dona
1571 762 1763 817 salutis
2187 761 2308 816 Haec
2327 774 2430 835 ego
2457 758 2758 834 naufragiis
2778 758 2967 813 vulsus
2996 759 3122 814 licet
3149 760 3348 816 horreo
3377 761 3549 828 tetris,

466 854 721 926 Undique
747 853 1023 921 salvandi;
1059 853 1270 909 nullum
1303 871 1433 926 spes
1463 853 1602 909 fallit
1634 854 1832 920 inanis,
2184 848 2369 903 Lintre
2398 864 2611 921 vagans
2635 847 2853 920 pelago,
2872 846 3142 902 Ambrosii
3170 847 3266 902 sed
3289 847 3409 903 vela
3437 855 3643 904 secutus

468 944 894 1013 Lmtanlurjusti
925 945 1210 1016 qumsitam
1235 943 1374 999 ferre
1407 944 1699 1011 medelam,
2184 944 2501 1018 Virginibus
2530 959 2800 998 venerans
2823 942 3022 998 collata
3051 943 3276 998 monilia
3306 943 3439 1018 legi,

469 1035 762 1110 Virginitas
791 1046 883 1091 aut
903 1036 1181 1111 regigenaa
1209 1035 1388 1107 placet
1412 1036 1664 1107 hancque
1685 1043 1987 1091 venustans
2185 1036 2420 1098 Quarum
2443 1049 2531 1087 me
2563 1031 2824 1104 precibus
2849 1030 3002 1086 fusca
3025 1040 3151 1103 peto
3173 1032 3334 1087 sorde
3358 1033 3519 1103 piari,

467 1129 598 1185 Fine
629 1136 790 1186 tenus
819 1127 971 1198 colit,
1003 1129 1467 1202 accumulansque
1488 1129 1727 1202 insignia
1758 1129 1908 1184 lucra
2188 1129 2251 1183 Ut
2277 1128 2488 1200 capiam
2511 1126 2687 1182 veniae
2717 1127 2930 1182 meritis
2961 1142 3085 1199 quae
3115 1142 3225 1183 non
3257 1142 3402 1198 queo
3433 1127 3593 1183 dona.

1398 1337 1898 1428 INCIPIT
1973 1339 2358 1426 LIBER
2431 1336 2909 1427 NONUS.

1865 1525 2076 1580 CAPUT
2125 1525 2407 1581 PRIMUM.

1779 1650 1855 1709 De
1895 1659 2100 1711 sancto
2158 1651 2488 1713 Valentino.

463 1785 604 1840 Luce
635 1784 955 1840 Valentinus
986 1783 1109 1840 (εαξιὶ
1141 1783 1402 1839 rutilante
1432 1783 1653 1839 cluebat
2181 1785 2405 1842 Carccre
2427 1786 2912 1859 detrusus,'calcat
2941 1788 3076 1844 dura
3099 1791 3284 1844 omnia
3315 1791 3490 1856 laetus,

465 1876 672 1930 Praesul
703 1875 974 1940 doctrina,
997 1876 1196 1931 virtute
1223 1884 1278 1930 et
1305 1875 1506 1930 nobilis
1537 1875 1716 1941 alma;
2179 1878 2536 1950 Invictusque
2566 1895 2797 1934 manens
2823 1879 2924 1934 sub
2948 1890 3098 1935 vasta
3129 1882 3350 1936 silentia
3380 1883 3563 1937 noctis

468 1967 600 2022 Huic
630 1967 824 2023 Craton
850 1968 1098 2040 genitum
1131 1967 1485 2038 sophicorum
1511 1967 1712 2024 fotibus
1740 1970 1930 2034 altum,
2103 1993 2153 2061 Β
2183 1965 2425 2038 Exigitur
2446 1967 2693 2034 latebris,
2724 1983 3008 2039 censusque
3028 1969 3334 2024 admittitur
3363 1970 3555 2035 astris;

463 2058 731 2113 Viscereae
757 2057 983 2130 gravido
1003 2058 1174 2128 pestis
1201 2057 1297 2111 sed
1323 2057 1568 2128 pondere
1590 2075 1860 2128 pressum,
2105 2057 2143 2061 ”
2183 2060 2434 2135 Piguoris
2465 2061 2783 2132 impuberes
2803 2063 3021 2136 glebam
3050 2063 3304 2118 furantur
3337 2065 3573 2132 alumni,

465 2150 558 2204 Cui
589 2165 790 2206 nomen
819 2149 1146 2216 Cheremon,
1169 2149 1524 2204 relevandum
1547 2151 1766 2206 casibus
1793 2150 1972 2220 offert,
2184 2153 2445 2208 Proculus
2471 2161 2635 2225 atque
2655 2154 2977 2225 Apollonius
3001 2155 3104 2210 sub
3133 2156 3314 2211 noctis
3339 2172 3536 2227 opaco,

467 2240 694 2296 Fwdere
721 2240 816 2294 sed
839 2246 1024 2310 pacto,
1059 2253 1232 2310 puero
1264 2254 1373 2310 quo
1405 2239 1631 2311 sospite,
1667 2239 1866 2296 Christi
2185 2243 2554 2316 Ecclesiaeque
2581 2245 2760 2300 ferunt
2789 2245 3046 2316 propriae,
3075 2255 3130 2301 et
3163 2247 3295 2301 dant
3326 2247 3521 2302 ultima
3552 2255 3711 2308 caute,

467 2334 577 2388 Sub
613 2333 746 2407 juga
797 2331 938 2388 colla
982 2329 1138 2398 ferat,
1181 2330 1584 2403 Dominumque
1623 2339 1926 2406 sequantur
1963 2332 2083 2388 alu-
2185 2338 2441 2394 Excubiis
2465 2340 2558 2411 qui
2589 2341 2720 2395 dum
2745 2341 2974 2416 jugibus
2994 2358 3148 2396 sacra
3175 2359 3403 2396 munera
3435 2349 3666 2406 servant,

1858 2424 2009 2496 [ῐηηίι
2183 2434 2362 2501 Tcnti,
2386 2436 2670 2507 antrisque
2703 2436 2815 2490 dati
2856 2444 2966 2491 tum
2999 2436 3300 2508 quaesitore
3323 2437 3502 2508 petiti,

466 2517 683 2576 Robore
703 2531 972 2588 corporeo
1004 2515 1116 2572 nati
1143 2531 1301 2571 mens
1328 2514 1556 2588 praedita
1597 2516 1766 2588 patris
2186 2527 2296 2584 Nec
2325 2527 2453 2583 victi
2484 2537 2630 2583 stam
2685 2528 2909 2584 blandn‘

2186 2527 2296 2584 Nec
2325 2527 2453 2583 victi
2484 2537 2630 2583 stant
2685 2528 3097 2601 blanditiasque
3129 2531 3414 2601 minasque
3441 2529 3687 2594 ferentes,

464 2612 729 2666 Eximitur
757 2608 1025 2673 tenebris,
1056 2609 1249 2680 implet
1288 2608 1574 2679 promissa,
1603 2617 1868 2675 sacratur,
2189 2621 2406 2676 ιιηιηοιί
2435 2621 2655 2676 tandem
2687 2622 2965 2677 deduntur
2990 2622 3193 2677 vertice
3222 2623 3410 2693 plecti,

467 2703 597 2758 Cum
618 2702 858 2772 stipante
881 2701 1070 2766 domu,
1104 2716 1207 2754 nec
1227 2699 1455 2773 longum
1478 2716 1692 2754 summa
1718 2700 1959 2770 capessit
2188 2715 2296 2771 Nec
2327 2717 2513 2788 procul
2546 2717 2758 2772 exuviis
2791 2734 2909 2773 mm

1859 2700 1959 2755 88η
2188 2715 2296 2771 Nec
2327 2717 2513 2788 procul
2546 2717 2758 2772 exuviis
2791 2734 2982 2773 urnam
3015 2725 3142 2772 sunt
3171 2717 3344 2788 patris
3373 2717 3559 2788 adepti

467 2793 692 2847 Munera
717 2790 950 2857 militiae,
991 2799 1198 2862 martyr
1231 2790 1359 2844 dum
1397 2796 1575 2844 terrea
1598 2790 1873 2862 linquens,
2190 2807 2416 2874 Domna,
2451 2823 2721 2879 paresque
2769 2807 2909 2862 mica

1860 2832 1873 2858 ν
2190 2807 2416 2874 Domna,
2451 2823 2721 2879 paresque
2769 2807 2974 2863 micant
3011 2807 3236 2880 gemino
3295 2807 3386 2861 hic
3443 2807 3546 2861 sub
3599 2807 3775 2860 honore

467 2884 641 2936 Aurea
678 2880 908 2935 siderea
939 2881 1167 2936 sortitur
1195 2879 1416 2950 prazmia
1442 2879 1588 2935 vitae.
3479 2896 3720 2956 [ουτως.

467 2974 660 3046 Flagra
686 2973 1008 3029 Valentinus
1027 2973 1327 3048 virgarum,
1359 2979 1413 3026 et
1432 2970 1668 3026 tormina
1700 2985 1917 3043 passus,
3479 2957 3493 2967 “

1985 3075 2193 3132 CAPUT
2243 3077 2310 3132 II.

1651 3177 1729 3236 De
1755 3181 1980 3240 sanctis
2009 3181 2251 3240 Antimo
2283 3189 2334 3240 et
2363 3179 2643 3240 Maximo.

466 3318 762 3379 Romuleas
792 3336 1016 3394 quoque
1045 3320 1193 3377 clara
1223 3320 1337 3375 vias
1362 3326 1688 3392 portumque
1718 3327 2018 3376 venustant
2188 3319 2442 3374 Anthime
2477 3319 2736 3374 virtutum
2770 3318 3060 3390 laudisque
3093 3317 3332 3390 insignia
3362 3317 3528 3390 regis,

467 3415 857 3488 Festa.tropaea
890 3413 1114 3485 polique
1143 3412 1414 3484 Erebique
1444 3413 1805 3485 ﬂagrantibus
1832 3414 2001 3468 armis
2190 3413 2289 3477 Qui
2313 3412 2468 3467 factis
2495 3419 2663 3483 atque
2694 3427 2789 3466 ore
2812 3410 2994 3465 ferens
3021 3427 3191 3481 super
3222 3418 3366 3464 astra
3399 3409 3614 3463 ﬂuentis

467 3505 632 3570 Queis
661 3505 902 3560 mundus
931 3504 1238 3576 mundique
1270 3505 1500 3560 subacta
1529 3505 1771 3576 potentia
1807 3505 2018 3560 Christo
2191 3501 2465 3576 Ingereris
2491 3507 2640 3556 tutus
2668 3500 2957 3572 Tyberinis
2995 3515 3136 3570 eque
3168 3499 3446 3570 procellis.

468 3599 601 3655 Hinc
631 3598 768 3666 sale,
801 3603 1011 3665 sancte,
1043 3603 1137 3654 tuo
1169 3597 1391 3654 condita
1421 3597 1622 3652 salaria
1649 3597 1854 3672 gaudet

1981 3698 2190 3754 CAPUT
2213 3694 2330 3754 “lli.

1788 3801 1866 3860 De
1907 3809 2123 3878 septem
2160 3801 2478 3875 fratribus.

466 3935 755 3992 Tiburtina
785 3937 921 4012 tegit
949 3936 1164 3992 cineres
1193 3943 1403 4007 septem
1439 3951 1636 4010 aggere
1669 3935 1889 3991 fratrum
2117 3941 2165 4008 ί]
2189 3934 2481 4008 Indignum
2517 3935 2606 3990 ille
2637 3933 2822 3989 ferens
2851 3949 3100 4008 gemmas
3131 3947 3410 4002 cXponere
3443 3930 3636 4002 porcis,

467 4031 643 4103 Appia
668 4031 901 4087 Caeciliae
933 4038 1100 4086 testes
1130 4038 1351 4086 centum
1385 4032 1558 4087 octies
1576 4031 1729 4086 addit
2188 4024 2480 4098 Lignorum
2505 4039 2568 4079 ac
2595 4023 2839 4094 lapidum
2865 4029 3015 4076 tanto
3048 4021 3409 4077 contenditur
3436 4020 3603 4074 imbre

471 4119 592 4174 limo
618 4135 840 4190 quoque
861 4119 1153 4175 Trasitium
1182 4121 1377 4190 recipit
1397 4121 1498 4174 sub
1527 4121 1685 4174 busta
1719 4120 1920 4186 Calisti,
2189 4114 2322 4168 Dum
2349 4120 2591 4168 mentem
2623 4112 2779 4168 cwlis
2808 4112 3132 4182 capiendam
3161 4111 3439 4165 emitteret
3467 4110 3625 4164 astris

466 4210 651 4265 Munia
677 4211 768 4282 qui
802 4213 1116 4266 veneranda
1143 4229 1367 4286 gerens,
1399 4213 1606 4268 assecla
1637 4229 1940 4276 sacrorum,
2187 4202 2296 4258 Nec
2325 4202 2494 4257 decus
2527 4203 2630 4257 llOC
2663 4202 3050 4271 incorporeum
3082 4199 3230 4253 subit
3257 4200 3464 4253 aethera
3485 4198 3655 4252 solum

463 4303 731 4373 Tempore
753 4303 882 4356 dum
907 4304 1145 4374 quodam
1167 4304 1360 4358 Christi
1391 4321 1543 4360 sacra
1564 4305 1795 4376 mystica
1825 4305 2012 4373 ferret,
2188 4292 2448 4362 (ἷοΐροΐθί
2479 4291 2611 4362 (ιιιίη
2645 4300 2797 4362 mpm
2836 4290 2909 4344 είῖ

1858 4315 2012 4373 πνοι,
2188 4292 2448 4362 Corporei
2479 4291 2611 4362 quin
2645 4300 2797 4362 rapta
2836 4290 3000 4345 simul
3033 4289 3296 4360 mysteria
3326 4288 3479 4359 panis

465 4389 746 4464 Sacrilego
774 4388 1018 4445 offensus
1043 4391 1277 4461 capitur,
1303 4392 1648 4464 trahiturque
1684 4393 1942 4460 tumultu,
2188 4389 2478 4444 Excutiunt
2500 4388 2756 4460 equidem
2786 4395 2968 4444 vestes
2988 4395 3043 4442 et
3072 4386 3317 4442 membra
3349 4386 3618 4440 revolvunt

463 4477 705 4535 Prodere
729 4478 1022 4535 discutitur
1038 4479 1171 4551 quid
1198 4487 1396 4536 tectum
1427 4481 1696 4538 occultius
1726 4482 1908 4538 abdat.
2190 4481 2424 4548 infandi,
2453 4497 2554 4536 nec
2582 4497 2734 4536 sacra
2754 4481 2940 4536 valent
2964 4479 3208 4551 reperire
3234 4487 3450 4554 negata.

1966 4622 2175 4679 CAPUT
2231 4625 2314 4680 IV.

1782 4725 1860 4785 De
1896 4735 2100 4786 sancto
2133 4727 2468 4806 Boni/“acto.

464 4857 567 4915 Pro
585 4858 796 4916 meritis
822 4859 1048 4916 decorat
1066 4859 1380 4915 Bonifacius
1398 4859 1518 4915 aede
1547 4860 1791 4916 Latinam
2180 4863 2408 4919 Vincula
2440 4863 2823 4935 praelambens,
2855 4863 3050 4919 vinclis
3078 4862 3413 4934 appenditur
3441 4861 3599 4922 altus;
3648 4877 3660 4883 ‘

461 4949 735 5020 lmpensis
761 4948 1000 5005 domina:
1022 4948 1243 5021 pietatis
1265 4948 1474 5005 honore
1500 4948 1744 5018 lucrata,
2182 4952 2424 5006 Athletas
2453 4968 2691 5019 armans,
2724 4967 2850 5008 mox
2879 4959 3041 5022 capto
3069 4958 3313 5006 armatur
3339 4965 3546 5022 agone;

460 5037 560 5104 Ωυί
592 5037 722 5093 dum
750 5037 894 5093 furta
923 5038 1027 5094 ιοΓί
1054 5038 1276 5109 ριόρτίο
1297 5037 1500 5094 SlldOl‘e
1523 5039 1705 5095 lavare
2097 5115 2137 5122 _
2181 5047 2448 5103 Attollcns
2479 5047 2687 5122 plagas,
2724 5048 2897 5120 plagis
2926 5049 3200 5103 laceratur
3229 5047 3297 5102 ad
3328 5063 3454 5103 ossa
3481 5065 3494 5112 ;

460 5126 782 5193 Procurant,
803 5128 990 5199 superi
1017 5135 1153 5182 nutu
1175 5127 1571 5184 moderaminis
1599 5129 1708 5185 acti
2093 5115 2150 5182 D
2175 5139 2378 5195 Atﬁxos
2405 5115 2650 5206 ᾗιοίῃειῖε,
2685 5115 2909 5195 οξιιειίῇίε

2093 5115 2150 5182 D
2175 5139 2378 5195 Alﬁxos
2405 5115 2650 5206 firmans,
2685 5115 2914 5195 calamis
2953 5140 3204 5214 infigitur
3228 5155 3464 5213 ungues,

460 5217 776 5272 Decernunt
805 5217 1013 5288 pariter
1042 5215 1358 5271 Bonifacius
1386 5217 1531 5272 alma
1560 5218 1797 5274 levatum
2187 5227 2376 5282 Ρτειειὶδ
2406 5227 2545 5282 ferre
2577 5243 2806 5282 movens
2835 5228 2976 5294 laete,
3011 5228 3116 5282 fert
3148 5227 3336 5298 praelia
3368 5228 3520 5282 laetus
3545 5242 3558 5290 ;

460 5303 699 5375 Corpora
729 5304 951 5360 festinet
981 5302 1178 5358 Christi
1212 5312 1483 5376 prostrata
1511 5305 1731 5375 decore,
2185 5317 2500 5372 Gratiticum
2535 5317 2753 5372 fervens
2783 5317 2978 5389 nequit
3007 5333 3068 5373 os
3097 5318 3394 5372 occludere
3423 5315 3713 5388 plumbum;

458 5395 514 5450 Si
545 5395 658 5452 fors
687 5397 976 5468 obsequiis
993 5402 1310 5452 sanctorum
1333 5396 1401 5451 ad
1425 5403 1551 5453 vota
1581 5397 1799 5468 pieutur
2182 5407 2622 5478 lmmersumque
2648 5407 2755 5462 olla
2778 5407 2866 5478 pix
2900 5406 3113 5462 fervida
3145 5406 3351 5462 laedere
3379 5406 3562 5462 nescit.

455 5489 746 5559 Spectator
765 5505 1070 5562 properans
1099 5488 1256 5558 belli,
1286 5488 1347 5544 fit
1367 5489 1600 5562 belliger
1630 5491 1795 5560 ultro,
2183 5495 2482 5566 Suppliciis
2504 5495 2684 5551 lanius
2713 5496 3003 5551 denuntiat
3030 5496 3225 5551 ultima
3244 5496 3443 5552 victus.

451 5576 640 5632 Jesum
671 5577 1035 5651 magniﬁcans
1061 5577 1229 5634 alieni
1259 5577 1421 5634 laude
1445 5577 1640 5648 duelli,
2182 5590 2247 5642 At
2277 5587 2463 5642 tremit
2493 5589 2741 5645 abscisso
2768 5589 2950 5656 tellus,
2991 5604 3153 5645 mons
3181 5598 3347 5660 atque
3382 5593 3669 5644 trementes,

453 5665 832 5737 Magnificetur
859 5668 935 5722 uti
969 5669 1176 5740 proprii
1207 5676 1363 5739 parat
1388 5669 1594 5740 impete
1624 5670 1786 5734 belli;
2176 5675 2350 5745 lnque
2381 5675 2544 5732 fidem
2579 5691 2804 5752 cogens,
2837 5676 3034 5734 Christi
3068 5677 3347 5749 prteconia
3382 5675 3572 5749 pangit.
