3974 6146
148 303 249 360 749
768 304 851 359 DE
891 303 1146 361 CHRISTI
1185 302 1547 363 TRIUMPHIS
1587 306 1760 365 APUD
1801 304 2068 367 ITALIAM
2108 308 2286 367 LIBRI
2324 305 2454 367 XIV.
2496 340 2566 351 —
2603 307 2731 366 LIB.
2773 308 2861 365 IX.
3379 304 3488 369 730

145 428 256 484 lam
286 428 553 485 ctelorum
584 429 766 500 epulis
792 430 1150 506 gaudentem,
1180 432 1305 489 labe
1328 435 1550 506 popina:
1793 449 1841 515 Α
1869 439 2025 495 Parta
2051 432 2183 495 s'ede
2210 438 2373 506 locat,
2406 438 2786 511 templumque
2818 427 2997 496 nitore
3035 446 3316 510 venustat,

148 517 399 591 lmmergi
426 528 679 573 mussant
708 518 868 585 socii,
902 528 1199 592 scortoque
1231 523 1408 578 teneri

1868 536 2056 591 Mundi
2084 523 2482 607 exemptajugo
2503 549 2785 590 servorum
2815 534 2955 590 colla
2976 536 3226 604 resolvit,

147 609 315 673 Quem
342 617 554 677 rentur,
583 625 787 681 supera
819 610 1111 667 inveniunt
1141 613 1436 670 dulcedine
1490 616 1764 684 functum,
1871 626 2145 681 Libertate
2167 640 2377 680 novans
2409 622 2664 687 famulos,
2697 622 2758 679 ﬁt
2778 623 2949 680 libera
2973 641 3123 693 vere,

147 700 367 757 Mercari
398 710 608 757 sacrata
635 708 855 773 petens,
878 702 1132 757 mercede
1154 711 1411 775 receptus
1872 717 2005 770 Dum
2040 715 2233 771 Christi
2262 714 2522 769 famulam
2555 713 2711 769 factis
2725 730 2785 770 se
2814 715 3007 787 pandit
3034 716 3286 773 honestis
3326 735 3343 783 ;

148 795 338 861 Allata,
368 809 527 849 sacer
565 793 681 865 ipse
702 793 927 861 emitur,
957 794 1248 868 pretioque
1279 795 1534 865 refertur,

1872 806 2033 863 Saecli
2062 823 2123 863 se
2154 806 2443 879 expolians
2473 805 2714 879 pompis,
2745 806 3040 863 virtutibus
3067 817 3245 878 ornat,

149 884 381 956 Sparsus
409 884 768 954 aromatibus,
801 885 1001 942 merito
1040 886 1335 943 decoratur
1368 888 1576 945 honore
1610 905 1623 943 :
1872 897 1981 953 Res
2010 904 2167 954 terrm
2199 896 2413 973 largita,
2448 897 2583 962 Deo,
2608 896 2829 951 ditescit
2850 896 3041 968 epimo

150 979 406 1037 leicola
432 981 579 1056 Aglze
609 998 698 1036 res
729 997 1071 1052 praecursore
1113 990 1336 1038 notatur
1366 1001 1379 1043 :
1873 990 2122 1046 Culmine
2146 992 2429 1051 virtutum.
2460 988 2745 1063 signisque
2775 1004 3003 1045 corusca
3036 990 3276 1058 nitescit,

148 1072 392 1128 Occurrit
430 1089 539 1128 non
562 1074 674 1140 jam
707 1073 938 1140 famulo,
970 1074 1106 1146 quin
1139 1090 1298 1130 serva
1326 1074 1507 1131 fidelis
1672 1136 1677 1140 ,
1787 1140 1790 1142 γ
1873 1080 2384 1152 Consummausquc
2412 1080 2520 1152 piis
2546 1096 2764 1136 cursum
2794 1079 3029 1136 feliciter
3052 1080 3210 1147 actis,

148 1164 316 1220 Obvia
347 1162 521 1220 fertur
550 1166 705 1231 hero,
733 1165 1070 1237 capiensque
1092 1167 1336 1237 optabile
1369 1184 1591 1235 munus,
1875 1169 2125 1241 Martyris
2149 1185 2274 1225 ossa
2295 1169 2484 1235 domo,
2509 1169 2651 1225 ctelo
2685 1184 2841 1223 mens
2870 1167 3085 1224 inditur
3112 1168 3240 1223 alto.

1666 1322 1875 1380 CAPUT
1923 1325 1984 1380 V.

1284 1445 1359 1505 De
1386 1447 1611 1507 sanctis
1639 1444 1939 1524 Gorgonio
1975 1454 2029 1507 et
2061 1447 2367 1517 quutheo.

154 1576 276 1652 Haec
306 1574 454 1633 inter
479 1575 731 1653 geminas
749 1577 951 1633 meruit
992 1576 1081 1633 via
1110 1578 1343 1651 pignore
1374 1580 1562 1636 lauros
1797 1586 1850 1656 Β
1877 1581 2120 1638 Membra
2137 1582 2253 1654 rapi
2276 1582 2540 1638 semiusta
2559 1597 2795 1638 monens
2825 1580 3022 1638 nidore
3054 1579 3255 1637 lanista

151 1669 415 1743 Gargonii
440 1667 610 1737 comi,
640 1667 900 1724 Dorothei
927 1676 983 1724 et
1010 1668 1222 1725 honore
1253 1670 1481 1726 sodalis.
1877 1670 2043 1746 Erigit
2063 1687 2189 1728 arce
2219 1671 2402 1728 crucis
2421 1671 2722 1728 sustollens
2752 1671 2873 1727 luce
2902 1670 3193 1742 triumphi,

152 1760 474 1816 lmbuerant
497 1760 729 1815 comites
747 1758 877 1814 fidei
909 1766 1169 1831 praestare
1199 1760 1390 1836 vigore
1876 1761 2183 1833 Eductique
2209 1763 2369 1817 astris
2398 1768 2690 1834 penetrant
2717 1760 2962 1817 coelestia
2986 1759 3121 1815 laeti.

154 1848 313 1904 Unde
366 1863 589 1921 quoque
649 1846 707 1903 in
771 1845 965 1903 Christi
1052 1848 1274 1904 dantem
1342 1855 1617 1905 tormenta
1686 1857 1775 1922 ty—
1874 1853 2084 1925 Raptus
2114 1861 2170 1909 et
2200 1853 2455 1929 angelico
2484 1852 2659 1909 suetis
2687 1852 2827 1909 duce
2858 1850 3109 1907 redditus
3137 1848 3248 1904 aris

1421 1941 1698 2014 [raunum,
1874 1942 2032 1997 Cessa
2047 1942 2250 1999 talenta
2280 1943 2414 1999 colit
2437 1957 2549 2015 quo
2570 1957 2801 2017 munere
2828 1940 3033 1998 vertice
3067 1939 3283 2011 plexus.

149 2035 458 2110 Objurgaut
484 2033 741 2102 famulos,
770 2050 945 2106 seque
977 2035 1079 2091 hac
1095 2034 1301 2107 pietate
1330 2036 1509 2092 nitere
1872 2034 2137 2090 Maximus
2177 2036 2324 2090 hunc
2350 2035 2621 2107 sequitur,
2654 2034 2810 2103 cujus
2834 2032 2955 2089 vice
2988 2031 3153 2088 corda
3186 2031 3405 2102 piorum

149 2126 382 2180 Pectore
414 2131 469 2179 et
491 2140 586 2180 ore
618 2130 812 2180 notant
844 2141 860 2190 ;
901 2124 1005 2180 hoc
1028 2141 1151 2180 sese
1183 2124 1394 2181 fervere
1426 2128 1599 2193 cultu,
1876 2128 2138 2195 Roborat,
2161 2143 2224 2183 ac
2248 2134 2516 2200 praestans
2544 2127 2760 2182 validus
2796 2125 2947 2181 caede
2975 2125 3179 2180 aethera
3210 2131 3425 2195 captat:

147 2220 422 2277 Omnibus
436 2220 580 2275 hunc
603 2219 852 2274 animum
882 2219 1069 2284 sociis,
1102 2220 1208 2276 hoc
1237 2219 1460 2276 vincere
1485 2221 1629 2290 jure.
1875 2219 2122 2276 Membra
2151 2221 2332 2276 solum
2356 2219 2794 2277 servantsolitus
2813 2232 2924 2290 quo
2951 2224 3075 2273 vota
3095 2216 3274 2271 litare.

148 2311 298 2366 Luce
338 2310 465 2364 data
502 2308 772 2378 hac,totis
799 2309 1111 2364 lacerantur
1126 2309 1338 2365 viscera
1367 2310 1653 2377 membris,
1879 2308 2079 2364 Bassus
2102 2308 2307 2363 abinde
2338 2307 2490 2364 subit
2521 2307 2781 2380 Dionysia
2801 2322 2956 2361 sacra
2984 2304 3267 2371 refellens,

148 2402 416 2475 Pelleque
440 2402 739 2474 discerpta,
768 2401 883 2456 sale
911 2408 964 2456 et
996 2400 1365 2457 infunduntur
1391 2417 1568 2471 aceto,
1878 2404 2057 2474 Atque
2098 2403 2223 2459 terit
2254 2402 2385 2458 tlatu
2416 2419 2684 2471 cererem,
2719 2400 3023 2475 spiramine
3040 2401 3200 2457 divos

148 2492 390 2548 Fortiter
416 2493 531 2548 haec
562 2492 739 2565 passis
775 2493 940 2549 cratis
964 2492 1240 2550 substrata
1255 2493 1483 2564 jubetur
1878 2494 1978 2559 Qui
2006 2501 2267 2550 sternens
2295 2495 2472 2563 tenui,
2498 2511 2676 2551 exesus
2707 2495 2843 2567 petit
2869 2495 3043 2550 ardua
3068 2494 3214 2558 cmli,

150 2584 290 2657 Igne
322 2584 597 2656 vaporari,
635 2585 898 2656 lentoque
923 2583 1201 2639 calescere
1220 2583 1357 2652 fotu,
1879 2584 1972 2639 Sic
2001 2584 2202 2639 Fabius
2227 2584 2454 2658 longum
2481 2584 2682 2641 vinclis
2704 2594 2759 2641 et
2777 2600 3006 2641 carcere
3031 2584 3212 2652 tritus,

149 2678 229 2732 Ne
260 2676 403 2731 ferat
432 2682 687 2747 optantes
718 2676 910 2746 raptim
931 2676 1221 2731 succensio
1240 2684 1491 2745 mentes;
1878 2677 2034 2730 Astra
2060 2691 2219 2731 sacer
2246 2676 2471 2731 tandem
2501 2677 2829 2733 conscendit
2852 2676 3058 2732 vertice
3088 2676 3284 2747 plexus
3309 2691 3325 2741 ;

150 2768 426 2842 Reliquiae
454 2770 662 2838 sicjam
699 2769 843 2824 victo
868 2775 1041 2823 tortor
1063 2766 1359 2842 flagrorum
1885 2768 2085 2834 Victor,
2118 2777 2175 2824 et
2203 2770 2468 2825 emeritus
2496 2770 2620 2827 caeli
2645 2769 2968 2826 conscendit
2988 2769 3256 2824 honorem

152 2860 251 2915 Hic
276 2861 749 2932 superadduntur,
780 2860 924 2915 vinci
951 2860 997 2914 si
1026 2858 1167 2915 forte
1199 2859 1494 2932 coquendo
1808 2910 1855 2934 νη
1884 2859 1975 2914 Bis
2003 2868 2225 2916 centum
2254 2861 2398 2916 hanc
2418 2869 2646 2917 comunt
2674 2876 2897 2934 quoque
2926 2860 3208 2934 sexaginta
3235 2859 3456 2930 duoque
3490 2873 3505 2912 :

148 2948 290 3004 Ossa
320 2910 529 3021 qlueant
557 2910 907 3024 longotostis
934 2949 1131 3021 ardore
1172 2910 1430 3004 medullis
1456 2966 1470 3003 :
1808 2910 1858 2975 Β
1882 2951 2215 3026 Pignoribus
2241 2960 2414 3008 testes
2429 2968 2571 3025 quos
2599 2910 2717 3010 haec
2732 2910 2825 3009 vial
2845 2952 2989 3008 celat
3012 2910 3219 3020 arenis,

151 3044 412 3117 Dumque
436 3046 608 3119 pudet
631 3044 763 3101 fidei
792 3044 1086 3100 vulcanum
1115 3045 1315 3100 ardore
1337 3044 1647 3116 subactum,
1882 3043 1946 3100 Et
1965 3044 2055 3099 cui
2084 3043 2179 3099 dat
2206 3042 2406 3100 famam
2438 3051 2695 3102 ventrosa
2720 3043 3011 3102 cucurbita
3048 3043 3247 3100 clivus.

1636 3181 1847 3238 CAPUT
1897 3182 1984 3238 VI.

1381 3299 1468 3365 De
1492 3304 1687 3363 sanus
1716 3302 1933 3364 Luccia
1960 3309 2014 3362 et
2042 3301 2273 3362 Acceia.

144 3444 295 3501 Tum
323 3443 622 3501 comitante
644 3444 941 3500 salutarem
968 3444 1169 3499 Luccia
1192 3450 1411 3498 caterva
1880 3440 2118 3497 Zenonis
2144 3438 2377 3512 insignis
2413 3453 2647 3493 manans
2667 3438 2803 3511 juge
2832 3444 2987 3513 gutta
3003 3438 3314 3510 palaestram

147 3540 351 3617 Regis,
382 3548 439 3596 et
464 3540 673 3596 Acceize
701 3538 935 3595 victoria
960 3538 1197 3593 barbara
1221 3536 1409 3604 comit,
1538 3568 1549 3579 -
1883 3533 2049 3589 Millia
2088 3547 2253 3605 quem
2292 3537 2499 3587 sectata
2530 3530 2723 3586 decem
2753 3536 2866 3586 tres
2888 3536 3055 3602 atque
3085 3529 3331 3586 ducenti.

143 3631 279 3697 Qua
309 3636 611 3701 properant
639 3628 885 3701 explere,
918 3627 1030 3700 poli
1059 3643 1119 3683 se
1151 3642 1278 3700 rege
1315 3634 1566 3695 vocante,

1661 3749 1867 3805 CAPUT
1904 3749 2016 3806 VII.

872 3881 949 3940 De
969 3882 1199 3942 sanctis
1226 3880 1541 3952 Archelao,
1576 3877 1916 3956 Hippolyto,
1969 3872 2275 3934 Vincentio
2305 3879 2358 3931 et
2385 3871 2568 3931 sociis
2596 3886 2828 3932 eorum.

134 4019 495 4076 Romuleum
528 4017 704 4072 ditant
732 4014 895 4071 etiam
924 4014 1013 4085 pia
1043 4029 1273 4068 munera
1287 4019 1506 4084 portum
1895 4004 2059 4071 Julia,
2090 4020 2218 4060 rure
2248 4018 2347 4058 suo
2380 4001 2587 4057 celebri
2618 4001 2864 4072 disponit
2891 4000 3123 4057 honore.

132 4112 493 4178 Archelaus,
514 4110 679 4166 simul
713 4106 1056 4179 Hippolytus,
1086 4104 1409 4160 Vincentius
1434 4109 1621 4175 atque,
1895 4097 2087 4152 Titulis
2114 4092 2406 4166 triumphis
2426 4092 2549 4165 lege
2572 4090 2769 4147 Christi
2793 4090 3019 4165 fulgidis

132 4204 444 4258 Praeterea
469 4199 659 4272 plures
686 4197 996 4263 Quiriacus,
1038 4202 1094 4250 et
1123 4193 1505 4261 Herculianus,
1898 4186 2168 4242 Notautur
2197 4183 2321 4239 istic
2360 4182 2699 4238 advenarum
2730 4188 3055 4252 martyrum,

134 4292 356 4346 Enitet
383 4289 478 4345 hic
514 4294 720 4359 martyr
758 4285 1043 4358 fortisque,
1073 4285 1393 4356 decensque
1433 4283 1792 4355 Hyacinthus,
1901 4282 2030 4336 Cum
2051 4278 2318 4347 Martiale,
2358 4276 2559 4349 Aprilis
2590 4292 2653 4331 ac
2684 4275 2987 4341 sodalium,

133 4381 405 4457 Ignibus
442 4379 738 4433 immersus
762 4382 985 4448 superat
1014 4375 1107 4447 qui
1128 4373 1390 4430 incendia
1431 4374 1608 4441 laetus,
1900 4372 2094 4429 Felicis
2122 4379 2288 4443 atque
2327 4376 2648 4425 caeterorum
2673 4367 2915 4439 plurium

132 4475 301 4530 Inde
346 4472 510 4527 datus
549 4469 758 4541 rapidis
783 4468 1030 4540 spumosi
1068 4467 1315 4523 fluminis
1354 4465 1539 4531 undis,
1904 4467 2153 4536 lstosque
2186 4468 2388 4534 praeter
2413 4461 2762 4534 cognitorum
2787 4459 2885 4514 uni
2926 4459 3061 4524 Deo,

131 4564 477 4623 Incolumis
514 4563 678 4618 siccae
706 4559 1029 4617 redhibetur
1058 4559 1115 4614 in
1153 4573 1354 4633 aggere
1378 4556 1550 4628 ripae;
1820 4598 1879 4668 D
1904 4555 2004 4620 Qui
2035 4554 2180 4609 circa
2210 4560 2266 4607 et
2288 4550 2431 4605 infra
2454 4549 2615 4668 laude
2641 4548 2829 4668 dignis
2847 4546 3134 4668 Rpmulam

132 4666 175 4668 _
369 4659 384 4668 .
444 4659 480 4668 ..
643 4665 651 4668 _
922 4655 933 4667 ο
1133 4654 1167 4668 ι.
1214 4661 1224 4668 .
1523 4667 1531 4668 ,
1561 4666 1570 4668 Α
1593 4667 1601 4668 ,
1906 4646 2100 4668 IY_L-_..
2148 4648 2407 4668 -.ι-...μηδ
2430 4657 2457 4668 Α
2503 4656 2631 4668 ,ιι-...ιι
2680 4655 2710 4668 Α
2774 4639 2880 4668 ..αι-ζ
2925 4654 2987 4668 ..ο

126 4666 299 4721 Tum
327 4659 522 4734 gladio
543 4665 753 4715 sectum
793 4655 967 4713 servis
1004 4654 1287 4725 comitata,
1315 4666 1611 4725 capessens
1820 4638 1879 4668 ν
1906 4646 2105 4704 Urbem
2144 4648 2411 4702 coronant
2428 4638 2711 4697 efferendo
2751 4639 3012 4698 fascibus.

1655 4779 1862 4839 CAPUT
1913 4778 2054 4835 Vlll.

1507 4908 1585 4968 De
1623 4913 1832 4968 sancto
1872 4896 2201 4981 Sylvestro.

121 5063 479 5140 Sylvestcr,
511 5050 789 5112 cathedra;
818 5049 1046 5109 sonitus
1076 5048 1320 5108 culmina
1350 5046 1514 5113 Petri,
1907 5041 2081 5140 Atque
2119 5050 2314 5140 vacare
2351 5034 2464 5091 Deo
2494 5032 2734 5133 discreto
2755 5037 3003 5140 tempore
3026 5024 3320 5140 mandans.

121 5119 399 5215 Patrem
428 5119 490 5205 se
529 5147 709 5220 plebis
737 5144 955 5219 magnis
975 5142 1335 5214 minimisque
1372 5138 1645 5212 probabat
1683 5156 1698 5205 ;
1910 5130 2177 5220 Praeterea
2197 5130 2477 5220 certamen
2508 5123 2566 5220 ei.
2586 5138 2710 5220 cum
2740 5119 3251 5220 gentibusingens,

122 5213 443 5303 Fin-antes
479 5213 770 5304 revocans,
802 5213 1078 5291 sectantes
1116 5213 1309 5289 ccelica
1340 5228 1587 5294 firmans,
1913 5221 2066 5276 Falsa
2090 5215 2346 5274 refutanti
2375 5213 2621 5281 assertis,
2651 5219 2705 5267 et
2722 5226 2853 5267 vera
2874 5213 3072 5271 tuenti,

120 5288 456 5412 Eegmine
482 5329 721 5385 sollicito
758 5288 1001 5391 ,clerum,
1045 5323 1425 5397 pepulumque
1470 5321 1810 5397 gubernans,
1914 5314 2182 5386 Quodque
2246 5310 2316 5366 ad
2367 5310 2421 5366 id
2476 5323 2656 5381 usque
2710 5305 2913 5371 datam,
2953 5314 3151 5357 manus
3179 5301 3239 5352 ut
3258 5296 3541 5412 fictilium

122 5383 264 5483 Re:
290 5416 729 5495 piusEcclesite
762 5430 1038 5486 perpensa
1077 5413 1235 5468 lance
1268 5409 1503 5465 librabat
2488 5489 2527 5495 _
2667 5486 2678 5495 -
2980 5487 2991 5495 Δ
3079 5477 3094 5495 ‘
3202 5489 3224 5495 Δ
3258 5383 3467 5495 [ponat,

122 5477 463 5589 ίξι-(ξὶέηἰε,
489 5506 679 5577 templi
710 5477 773 5560 et.
808 5477 1053 5568 fabricis,
1087 5499 1380 5587 dignisque
1413 5497 1704 5552 ministris.
1918 5493 2054 5549 Iluic
2082 5491 2292 5589 bellum
2332 5506 2456 5546 cum
2488 5486 2718 5559 Tarpeio
2745 5487 3032 5589 grassante
3062 5477 3329 5589 dracone,

120 5564 929 5674 6;):quoque-di5poncns
959 5564 1120 5645 cauto
1141 5564 1245 5643 sub
1276 5564 1489 5642 honore
1520 5583 1746 5640 dicabat
1919 5581 2174 5639 Carmine
2201 5580 2296 5653 qui
2324 5594 2481 5635 sacro
2511 5573 2978 5674 oratus,-rituque‘
2999 5564 3258 5674 profano,

122 5660 443 5761 ﬁoribus
470 5660 572 5747 bos
598 5660 823 5754 sanctis,
853 5697 1057 5755 supero
1078 5680 1216 5750 sale,
1236 5678 1483 5737 vestibus
1507 5692 1731 5742 ornans,
1921 5676 2055 5750 Igne
2094 5678 2281 5732 tamen
2310 5671 2434 5730 diro
2461 5668 2616 5742 rupis
2644 5664 2827 5725 vicina
2845 5660 3079 5728 terebat,
