3994 6148
492 286 595 349 75f
1141 270 1147 275 ’
1194 342 1195 347 γ
1262 279 1633 349 FLODOARDI
1674 278 1980 337 CANONICI
2025 275 2353 336 REMENSIS
2393 278 2732 336 OPUSCULA
2771 273 3107 337 METRICA.'
3683 286 3763 341 τες),

490 409 745 463 Ineautos
776 401 965 475 populi
996 416 1256 472 suprema
1277 406 1430 471 peste
1454 399 1711 474 fatigans.

484 497 756 553 Convocat
780 495 874 550 ille
902 499 1087 566 patres
1113 490 1360 549 coelestia
1398 490 1544 545 dona
1564 495 1871 555 merentes;

483 584 749 642 Praedicat
767 589 824 639 et
847 580 1019 637 ternis
1040 580 1255 652 jejunis
1274 577 1457 633 danda
1487 576 1708 647 diebus,

481 678 649 745 Queis
677 675 935 750 precibus
956 673 1148 740 castis,
1177 671 1433 742 votisque
1470 667 1676 724 insistit
1705 667 1940 734 anhelis,

480 769 641 824 Parte
660 766 762 822 sub
792 765 893 823 hac
924 762 1121 820 Christi
1151 767 1209 817 ut
1246 758 1544 816 manifesta
1592 756 1841 829 potentia
1885 755 2098 831 gliscat.

480 858 616 915 Tum
647 863 833 931 pastor
860 855 1010 912 visus
1041 852 1221 909 defert
1248 848 1517 908 solamina
1537 849 1753 915 Petrus,

483 951 615 1006 Cum
642 949 870 1006 monitis
895 947 1036 1003 sacri
1067 951 1355 1001 sumantur
1383 944 1439 998 in
1464 943 1661 999 ordine
1684 941 1813 998 cleri

481 1042 804 1099 Theodorus
829 1041 1036 1106 senior,
1067 1055 1130 1093 ac
1160 1036 1553 1103 Fclicissimus,
1588 1045 1755 1106 atque

481 1133 700 1189 Tertius
719 1132 807 1187 his
827 1131 1014 1187 socius
1050 1128 1366 1204 Dionysius,
1409 1127 1538 1182 inde
1562 1124 1824 1192 ministri,

487 1228 899 1298 Romanusque,
931 1233 986 1281 et
1018 1225 1324 1281 Honoratus
1347 1221 1607 1293 mysteria
1637 1221 1774 1274 libet
1802 1237 1817 1286 ;

484 1317 579 1372 His
604 1317 756 1388 prius
787 1316 1016 1370 annisus
1042 1315 1271 1385 posthac
1305 1311 1607 1367 descendat
1632 1308 1820 1383 agoni,

483 1412 715 1470 Additur
740 1416 797 1466 et
816 1410 950 1482 quid
984 1407 1312 1480 reppererit,
1341 1406 1473 1478 quid
1505 1404 1751 1459 muneris
1781 1402 1930 1470 edat,

486 1511 704 1566 Hostem
742 1524 853 1581 quo
883 1508 1064 1563 dirum
1087 1507 1355 1583 snbigens
1384 1504 1689 1560 certamine
1729 1488 1913 1558 vincat

483 1600 827 1676 Aggrediens
866 1599 970 1653 init
1009 1613 1203 1654 aversa
1234 1603 1471 1652 terrente
1501 1596 1765 1661 cohorte;

2130 403 2179 472 Α
2208 398 2391 469 Seque
2422 398 2704 453 hominem
2737 398 2988 453 meminit
3014 397 3119 452 sub
3148 397 3460 453 conditione
3486 410 3692 458 creatum

2206 486 2502 542 Servorum
2530 487 2719 554 simili,
2746 496 2909 558 atque
2942 488 3060 558 pari
3091 488 3186 559 qui
3224 496 3410 561 surgat
3435 490 3498 544 ab
3524 498 3650 559 ortu,

2202 579 2315 635 Nec
2344 596 2508 635 causa
2538 596 2637 651 par
2657 596 2781 636 esse
2799 580 2883 636 sui
2924 587 3003 638 tot
3028 579 3205 634 millia
3233 580 3408 651 perdi.

2203 674 2414 729 Servati
2445 674 2501 728 in
2525 675 2765 730 tumidos
2776 675 2916 744 juris
2956 675 3325 731 reminiscitur
3346 677 3540 744 hostes,

2203 764 2591 837 Subjectisque
2613 765 2785 835 pudet
2813 780 3076 821 concessa
3092 780 3292 838 negare
3324 782 3339 819 :
3365 767 3606 838 superbis

2206 856 2472 914 Hostibus
2493 875 2615 914 esse
2647 865 2877 929 patrem,
2899 858 3182 913 crudelem
3204 857 3417 914 civibus
3443 860 3665 915 hostem:

2211 946 2461 1003 Victores
2503 948 2649 1003 vitiis
2682 948 3009 1018 populorum
3050 948 3249 1003 cedere
3280 948 3470 1015 victos,

2213 1039 2453 1115 Legibus
2484 1045 2649 1108 atque
2683 1055 2809 1095 reos
2840 1038 3080 1110 prOpriis
3109 1039 3408 1111 grassando
3438 1039 3599 1093 teneri
3624 1055 3637 1105 ;

2202 1122 2415 1203 'Sicque
2439 1131 2596 1201 juvat
2614 1131 2814 1187 virtute
2842 1130 2990 1186 feros
3020 1146 3354 1201 componere
3378 1147 3569 1199 mores,

2210 1221 2441 1276 Vincere
2464 1221 2694 1285 saevitia,
2725 1221 2840 1275 sola
2874 1221 3079 1292 pietate
3101 1220 3314 1276 domari
3342 1239 3356 1287 ;

2213 1308 2527 1366 Contemnit
2550 1311 2724 1381 pietas
2739 1327 2954 1366 morum
2983 1311 3231 1366 consulta
3254 1326 3547 1376 sacrorum,

2210 1400 2386 1471 Atque
2416 1399 2535 1454 dari
2562 1398 2820 1470 lacrymis
2849 1400 3184 1455 mandantur
3212 1400 3444 1474 pignora
3469 1406 3695 1453 matrum.

2210 1488 2436 1544 Pectora
2467 1489 2715 1560 percellit
2745 1496 2957 1559 stupor,
2990 1504 3053 1543 ac
3084 1499 3261 1543 metus
3288 1489 3477 1543 intima
3506 1488 3684 1559 pulsat,

2210 1582 2447 1638 Credere
2478 1598 2581 1637 nec
2609 1581 2756 1636 facili
2785 1581 3051 1637 suadetur
3087 1581 3305 1637 tramite
3336 1598 3351 1648 ;
3385 1581 3505 1635 lzeta

485 1674 793 1750 instructus
831 1689 1122 1757 latebram,
1180 1688 1606 1759 intrepidusque
1656 1685 1913 1740 barathra
1939 1699 2111 1755 pene-
2135 1722 2184 1790 Β
2212 1675 2493 1750 Αυςθῐιῑιιῐ·
2514 1675 2745 1745 trepidis
2762 1674 3054 1741 solamina.
3077 1675 3301 1745 prtemia
3336 1674 3510 1739 callis.

1873 1779 1902 1790 ρ.
1981 1788 1987 1790 Α
2220 1764 2534 1790 ΔιΙέησυιΑ-ηοη
2567 1764 2670 1790 ..ζα-ι
2725 1764 2978 1790 Ιηεηηιιηηιζη
3005 1765 3196 1790 ’.Α-..ΗΑ
3232 1772 3487 1790 ΑΑΑΑΛ-ιυι.

1873 1779 1995 1851 [trat
2016 1796 2031 1845 ;

485 1878 789 1951 Appellens
829 1874 1051 1932 tandem
1080 1873 1257 1930 rabidi
1288 1874 1357 1929 ad
1389 1874 1597 1946 spelaea
1623 1872 1891 1944 chelydri,

485 1970 909 2040 Obtrudensque
935 1969 1171 2033 hostem,
1213 1966 1398 2021 valvas
1424 1966 1529 2021 sidi
1554 1965 1706 2020 ducit
1734 1966 1963 2029 ahenas,

485 2061 606 2116 Mox
637 2060 886 2131 chalybis
913 2058 1096 2114 vinclo
1126 2058 1329 2129 cyclos,
1358 2064 1524 2129 atque
1562 2057 1706 2112 ostia
1734 2057 1933 2123 munit,

486 2157 650 2212 Ferro
679 2162 842 2227 atque
863 2170 971 2209 aere
1002 2154 1147 2209 luem
1173 2153 1442 2220 subdens,
1468 2160 1522 2207 et
1548 2153 1698 2207 clave
1726 2166 1990 2207 coercens
2021 2170 2036 2215 ;

487 2245 626 2300 llinc
645 2243 758 2299 voti
789 2257 1018 2313 compos
1048 2241 1247 2313 repetit
1274 2242 1587 2313 Spectacula
1610 2240 1805 2296 victor.

485 2330 801 2404 Anguicolaa
833 2331 1056 2385 demum
1088 2336 1342 2402 portenta
1380 2329 1606 2384 subacta
1635 2329 1953 2401 probantes,

488 2418 675 2474 Livida
703 2418 1004 2489 projiciunt
1032 2417 1181 2473 exuti
1204 2418 1347 2489 pelle
1376 2416 1571 2482 ferina,

489 2508 901 2583 Candentisque
927 2510 1037 2585 tegi
1070 2517 1352 2585 gratantes
1381 2508 1633 2566 vestibus
1655 2507 1806 2583 agni.

486 2600 599 2656 Nec
628 2601 856 2676 longum
876 2593 1076 2667 cessat,
1106 2600 1296 2656 clauso
1326 2609 1608 2671 serpente,
1640 2606 1851 2654 cerasta

487 2696 822 2751 Proturbare
854 2695 1001 2766 pios,
1034 2694 1260 2771 instigat
1294 2695 1350 2749 in
1383 2711 1534 2750 arma
1563 2692 1827 2764 profanos
1856 2710 1871 2759 ;

490 2787 829 2843 Christicolae
862 2788 1019 2843 divos
1057 2787 1335 2859 suplicent
1361 2788 1541 2842 edicta
1564 2793 1858 2857 prepagat;

490 2877 916 2941 Queislaceram
951 2877 1165 2931 fervore
1194 2874 1743 2948 novo:quatientibus
1771 2873 1984 2927 urbem.

490 2969 591 3034 Qui
620 2970 796 3041 magis
824 2970 1129 3041 impetitur,
1162 2977 1382 3024 sanctus
1422 2969 1602 3035 Pater,
1634 2967 1771 3021 urbe
1803 2966 2015 3033 relicta,

490 3056 734 3113 Soractis
759 3066 975 3112 secreta
1002 3056 1173 3125 subit,
1210 3057 1432 3128 rurique
1456 3064 1697 3112 moratus

490 3153 625 3208 Cum
657 3152 793 3207 cleri
823 3152 1017 3207 cuneis
1050 3152 1232 3207 reddit
1259 3168 1359 3207 sua
1388 3159 1513 3207 vota
1541 3150 1794 3217 Tonanti,

488 3248 552 3304 At
580 3246 842 3319 princeps
864 3263 1031 3318 quem
1060 3263 1258 3302 suasus
1290 3247 1401 3323 agit
1432 3247 1771 3303 discriminis
1798 3261 1970 3313 error,

487 3339 910 3406 Constantinus,
941 3340 1019 3395 uti
1050 3346 1276 3395 sanetur
1302 3346 1510 3409 mente,
1552 3339 1749 3394 feritur

491 3435 755 3507 Corpore,
784 3442 1065 3506 quemque
1098 3436 1327 3506 elephas
1355 3435 1475 3490 dira
1505 3435 1792 3507 prurigine
1817 3439 2022 3505 turpat,

488 3528 601 3586 Nec
632 3526 797 3586 modo
829 3528 1023 3585 fordari
1054 3529 1299 3585 infandis
1329 3529 1479 3584 dolet
1506 3544 1601 3584 ora
1632 3529 1874 3599 papillis,

487 3619 629 3683 Quin
656 3633 953 3689 pr0perare
986 3625 1150 3688 pavet
1180 3617 1399 3672 funesto
1431 3617 1537 3672 fata
1566 3632 1780 3672 veneno
1806 3636 1822 3683 ,-

489 3712 695 3777 Quaerit
734 3712 1106 3783 aruspicibus,
1139 3712 1337 3784 quaerit
1368 3711 1630 3786 suffragia
1660 3712 1822 3777 divis,

486 3803 795 3877 Omnigeno
826 3805 1075 3875 explorat
1099 3804 1394 3859 conamine
1420 3803 1545 3871 jura
1584 3802 1838 3857 medelas.

486 3893 642 3948 Nulla
672 3908 871 3947 manus
894 3892 1140 3962 prodest,
1174 3892 1326 3947 nullo
1363 3891 1643 3946 medicina
1675 3891 1866 3946 labore

484 3979 725 4048 Proficit,
758 3979 999 4036 artifices
1026 3978 1258 4036 cunctos
1285 3997 1373 4035 ars
1414 3980 1566 4033 irrita
1596 3978 1737 4034 fallit
1771 3996 1783 4032 :

483 4073 914 4128 Astinventores
944 4071 1215 4127 scelerum
1238 4072 1671 4142 umbrarumque
1703 4070 1938 4125 ministri

487 4164 728 4219 Invisum
761 4171 994 4219 tractant
1014 4163 1248 4228 facinus,
1273 4163 1556 4218 horrenda
1587 4162 1822 4217 lavacra.

486 4255 705 4312 Crimen
738 4256 1077 4319 inauditum,
1106 4255 1402 4310 medicina:
1433 4254 1578 4308 dona
1596 4253 1859 4319 ferentes,

489 4344 811 4416 lnsontique
841 4344 919 4398 lui
943 4345 1188 4398 maculas
1219 4343 1354 4397 dant
1383 4343 1656 4415 sanguine
1684 4350 1891 4397 sontes.

484 4437 661 4507 Atque
688 4434 911 4490 salubre
941 4435 1044 4489 viri
1085 4434 1386 4490 multorum
1418 4432 1610 4489 funera
1639 4434 1867 4489 dictant.

484 4526 717 4582 Mittitur
743 4543 871 4582 arva
904 4527 1027 4594 teri,
1052 4526 1378 4583 famularum
1410 4526 1700 4582 adducitur
1725 4526 1861 4583 ordo
1893 4544 1906 4592 ;

484 4614 652 4670 Millia
681 4622 931 4671 natorum
965 4616 1271 4687 rapiuntur,
1304 4615 1477 4670 millia
1497 4624 1754 4683 matrum,

481 4706 669 4763 Mortis
694 4708 752 4762 in
773 4708 1103 4780 obsequium
1138 4715 1338 4763 matres
1367 4725 1467 4764 sua
1509 4709 1740 4783 pignora
1766 4717 1985 4782 gestant
2015 4728 2030 4765 :

478 4794 842 4851 Fundendum
867 4795 1092 4865 jamjam
1113 4796 1365 4851 nutriunt
1395 4813 1520 4867 quae
1554 4795 1694 4851 lacte
1724 4811 1996 4852 cruorem.

414 4918 419 4930 ι
481 4884 547 4941 Ut
572 4884 749 4940 visum
771 4900 1035 4955 superare
1054 4883 1232 4951 nefas,
1260 4886 1389 4940 data
1417 4884 1672 4939 criminis
1697 4884 1829 4939 hora

476 4977 556 5033 Ad
588 4977 744 5033 necis
765 4978 1068 5051 Augustum
1097 4976 1416 5047 spectacula
1432 4992 1575 5030 saeva
1601 4975 1851 5031 trahebat
1880 4994 1894 5042 ;

473 5068 590 5133 Quo
618 5065 827 5122 strictis
855 5064 1056 5140 gladiis
1081 5065 1354 5121 scelerata
1385 5065 1601 5119 lavacra
1635 5073 1888 5136 petente,

474 5160 649 5216 Obvia
680 5159 841 5215 turba
871 5160 997 5227 ruit,
1035 5157 1243 5215 nudato
1278 5166 1501 5230 pectore
1532 5164 1797 5224 matrum,

474 5251 643 5308 Passo
673 5250 853 5316 crine,
881 5256 1095 5307 trucem
1128 5249 1495 5322 lacrymarum
1524 5254 1579 5303 et
1606 5246 1841 5304 flumine
1870 5256 2103 5306 mortem

472 5345 823 5422 Praegressa,
857 5345 1128 5418 fessasque
1161 5345 1315 5418 gravi
1350 5344 1618 5419 plangore
1651 5343 1923 5399 dolorem.

473 5437 738 5495 Exhorret
768 5437 950 5497 scelus
976 5440 1254 5513 Augustus
1278 5455 1292 5504 ;
1323 5435 1644 5492 tremefacta
1668 5442 1909 5506 potestas

470 5529 734 5601 Expavet,
758 5545 823 5585 ac
854 5528 1017 5585 ﬂetus
1048 5528 1255 5602 regalia
1287 5527 1493 5581 lumina
1528 5525 1768 5579 reddunt
1800 5540 1816 5593 ;

465 5616 700 5692 Figitur,
738 5628 793 5674 et
821 5633 1113 5690 procerum
1134 5617 1355 5674 cinctus
1382 5622 1713 5687 patrumque
1734 5630 1961 5684 corona,

465 5703 666 5761 Tactus
692 5704 861 5762 corda
900 5705 991 5775 pia
1014 5704 1215 5761 mentis
1256 5703 1529 5774 probitate
1563 5711 1816 5777 perorat:

2143 3090 2193 3159 C

2208 1764 2540 1833 Adjumenta
2567 1764 2693 1830 vite,
2723 1764 2980 1818 lamentis
3000 1765 3201 1838 gaudia
3229 1772 3492 1819 crescunt
3521 1780 3534 1828 ;

2208 1859 2273 1914 Ut
2302 1875 2425 1930 qua:
2458 1858 2711 1933 lugentes
2740 1859 2917 1915 invisa
2946 1862 3015 1916 ad
3042 1860 3245 1915 moenia
3284 1861 3464 1915 ductae

2207 1953 2352 2007 Dura
2382 1952 2740 2019 resultabant,
2774 1954 2975 2008 hilares
2999 1970 3097 2008 sua
3126 1959 3266 2007 tecta
3298 1953 3556 2007 revisant.

2212 2044 2366 2099 Unde
2405 2061 2629 2119 egressa
2652 2046 2763 2116 poli
2798 2046 3018 2117 pietatis
3047 2045 3260 2101 semina
3296 2045 3540 2116 pulsant,

2213 2136 2475 2193 Secessus
2504 2139 2724 2209 superis
2755 2153 3014 2209 proceres
3041 2155 3072 2192 a
3103 2137 3329 2191 sedibus
3360 2136 3474 2198 alti,

2214 2226 2349 2281 Dum
2373 2243 2537 2297 sapor
2564 2243 2828 2299 angorum
2851 2233 3109 2298 properat
3133 2228 3326 2280 sedare
3363 2224 3633 2289 tumultus,

2212 2315 2515 2386 Splendida
2528 2315 2820 2370 mittuntur
2847 2316 2960 2389 regi
2986 2315 3094 2371 duo
3114 2316 3321 2370 lumina
3353 2314 3543 2368 mundi

2215 2407 2464 2481 Claviger
2486 2409 2758 2463 aethereus
2787 2407 3001 2478 Cephas
3018 2416 3072 2462 et
3100 2408 3225 2480 quis
3249 2407 3343 2462 fuit
3392 2408 3546 2473 alter,

2216 2498 2461 2554 Excoluit
2488 2506 2661 2554 totum
2684 2499 2854 2555 verbo
2887 2499 2982 2571 qui
3013 2498 3273 2571 gentibus
3306 2498 3527 2565 orbem,

2213 2590 2394 2661 Seque
2419 2590 2623 2661 Deique
2654 2589 2837 2645 ferunt
2867 2591 3131 2657 monitus,
3161 2589 3447 2662 finemque
3480 2588 3637 2645 furori

2215 2682 2921 2753 lmpositum,domitosque
2962 2684 3197 2749 animos,
3235 2688 3287 2736 et
3311 2691 3468 2754 gesta
3489 2680 3709 2754 benigne

2217 2773 2431 2828 [lectori
2458 2790 2719 2843 superum
2755 2774 3029 2846 placuisse
3071 2775 3342 2829 lcvamina
3375 2774 3619 2844 pandunt
3647 2790 3661 2837 ;

2215 2865 2397 2935 Seque
2420 2866 2607 2920 datum
2641 2866 2838 2923 missos
2862 2867 3082 2922 reducis
3111 2868 3363 2922 consulta
3394 2867 3617 2922 salutis:

2215 2955 2491 3009 Audiatac
2517 2964 2763 3029 peragat,
2799 2972 2901 3011 nec
2921 2957 3114 3012 coelica
3132 2957 3285 3026 jussa
3317 2964 3554 3013 renutet.

2218 3043 2560 3115 Sylvestrum
2600 3047 2978 3118 latebramque
3024 3056 3236 3113 notant,
3293 3056 3351 3104 et
3372 3062 3615 3121 quaerere
3663 3060 3796 3100 man-

3615 3137 3747 3208 [dant

2219 3224 2373 3281 Hunc
2402 3226 2507 3281 sibi
2536 3227 2631 3298 qui
2660 3227 2837 3284 valeat
2866 3226 3123 3284 conferre
3142 3229 3360 3286 lavacra
3392 3229 3622 3295 salutis,-

2217 3318 2449 3392 Moxque
2484 3320 2659 3376 vicem
2699 3322 2918 3376 studeat
2948 3323 3109 3377 talem
3141 3323 3441 3378 redhibere
3474 3322 3728 3387 Tonanti;

2215 3411 2475 3467 Ecclesiae
2504 3413 2744 3469 inﬂictas
2773 3424 2928 3470 curet
2959 3417 3342 3471 moderamine
3379 3417 3572 3490 plagas

2214 3499 2484 3555 Restituat
2516 3502 2772 3573 fabricas,
2801 3519 2925 3558 sese
2956 3504 3309 3574 spurcamine
3338 3511 3543 3579 purget

2211 3590 2549 3659 Dzemonico,
2578 3593 2778 3659 solum,
2802 3594 2946 3648 Deus
2976 3602 3061 3650 est
3089 3595 3183 3671 qui
3211 3611 3379 3651 verus
3411 3597 3603 3651 adoret
3632 3613 3647 3656 ;

2210 3684 2342 3753 Ejus
2364 3687 2501 3741 velle
2532 3674 2689 3758 sequi
2717 3695 2831 3743 toto
2849 3689 3141 3742 conamine
3173 3670 3368 3743 certet.

2213 3776 2303 3831 His
2330 3778 2491 3833 simul
2517 3780 2837 3853 astrigeram
2868 3782 3098 3850 posthac
3126 3781 3463 3851 repentibus
3490 3780 3684 3843 aulam,

2211 3870 2454 3927 lmbutus
2480 3874 2700 3943 superis
2731 3871 2988 3927 affatibus
3020 3873 3405 3945 induperator,

2208 3967 2453 4021 Accitum
2486 3967 2631 4042 legat
2658 3966 2784 4022 divo
2816 3966 3093 4022 medicum
3128 3966 3357 4034 auspice
3390 3973 3607 4022 notum.

2212 4057 2308 4111 llle
2338 4065 2498 4112 tuens
2527 4057 2718 4128 rapido
2750 4054 2980 4128 Augusti
3005 4072 3063 4110 se
3108 4056 3279 4110 milite
3312 4055 3497 4131 cingi,

2208 4143 2447 4217 Tempus
2476 4145 2668 4200 adesse
2702 4151 2855 4217 putat
2882 4144 3164 4217 capienda:
3189 4146 3475 4220 sanguine
3503 4144 3713 4217 palmae,

2209 4239 2384 4310 Atque
2417 4246 2603 4294 monet
2634 4247 2890 4310 prompto
2918 4239 3101 4294 socios
3128 4245 3417 4294 certamen
3452 4238 3602 4292 inire

2213 4332 2458 4398 Pectore,
2482 4330 2879 4403 gestandazque
2903 4331 3083 4386 crucis
3115 4330 3315 4387 vexilla
3342 4330 3618 4401 petenda,

2212 4423 2546 4478 Sectandum
2578 4423 2870 4478 Dominum
2898 4422 3166 4493 exemplis
3191 4423 3260 4476 ad
3284 4439 3422 4477 vera
3446 4428 3729 4477 vocantem
3752 4432 3766 4481 ;

2207 4514 2404 4586 Sicque
2438 4516 2547 4569 Deo
2573 4530 2632 4569 se
2662 4513 3036 4579 committens,
3068 4528 3369 4585 oransque,
3396 4512 3703 4583 ferensque

2208 4602 2402 4659 Oscula
2435 4601 2663 4673 pacifico
2690 4601 2974 4670 subjectos
3005 4616 3235 4656 munere
3277 4599 3487 4656 firmat.

2210 4691 2469 4762 Discipuli
2502 4691 2669 4745 fortes
2701 4696 2909 4759 patrem
2939 4688 3276 4743 comitantur
3298 4701 3566 4752 euntem,

2208 4789 2519 4843 Gaudentes
2541 4788 2746 4858 pariter
2777 4785 2921 4856 plexi
2952 4801 3111 4860 mage
3144 4784 3389 4840 tormina
3423 4784 3603 4851 ferre,

2215 4881 2385 4945 Quam
2411 4890 2564 4951 patre
2590 4878 2827 4948 sejuncti
2854 4877 3093 4948 dapibus
3123 4876 3393 4931 recubare
3435 4874 3667 4931 caducis

2212 4975 2307 5027 Ast
2336 4972 2432 5027 ubi
2463 4971 2727 5026 sollicitas
2756 4976 3078 5041 perventum
3113 4968 3260 5043 regis
3287 4968 3344 5021 in
3379 4968 3565 5035 aedes,

2209 5061 2451 5116 Tandem
2483 5060 2675 5115 hilaris
2703 5058 2898 5131 surgit,
2932 5057 3331 5129 stupidumque
3359 5055 3578 5111 salutat
3610 5054 3828 5110 amicum

2215 5156 2329 5212 Rex
2354 5154 2684 5210 resalutatus
2715 5173 2730 5219 ;
2761 5153 2927 5207 sedes
2961 5151 3216 5223 perducit
3243 5150 3302 5205 in
3333 5150 3506 5215 altas,

2209 5249 2598 5320 lncipiensque
2623 5256 2780 5302 actus
2809 5255 2864 5300 et
2894 5246 3088 5301 coelica
3110 5245 3223 5300 visa
3258 5245 3494 5311 retexit,

2210 5342 2658 5413 Continuansque
2691 5346 2871 5413 rogat,
2902 5339 2997 5410 qui
3039 5339 3138 5406 dii,
3172 5354 3295 5411 qum
3328 5339 3577 5393 numina
3600 5337 3714 5393 visa
3806 5384 3821 5397 .

2213 5430 2333 5484 Sint
2355 5429 2548 5483 Petrus
2589 5435 2643 5483 et
2673 5427 2891 5493 Paulus,
2923 5427 3034 5481 sibi
3059 5426 3188 5481 talia
3213 5427 3373 5495 jussa
3406 5426 3686 5482 ferentes.

2214 5546 2241 5570 α
2274 5520 2368 5576 llic
2400 5527 2554 5590 pater
2582 5526 2663 5573 est
2688 5534 2851 5586 unus,
2876 5517 3110 5573 colimus
3131 5533 3295 5589 quem
3331 5518 3545 5573 ritibus
3573 5515 3734 5571 almis
3761 5529 3773 5565 :

2208 5613 2573 5685 Omnipotens
2613 5609 2761 5679 coeli,
2792 5617 3087 5683 terraeque,
3119 5609 3397 5682 marisque
3434 5619 3666 5666 creator
3695 5628 3711 5663 :

2210 5707 2361 5762 Unus
2392 5710 2445 5759 et
2469 5702 2586 5773 ipse
2607 5702 2769 5768 Deus,
2789 5701 2882 5772 qui
2904 5700 3115 5756 viribus
3136 5699 3326 5755 omnia
3354 5699 3569 5770 replet.
