3994 6132
218 294 325 350 ’153

215 422 380 478 Istius
408 423 623 487 Petrus,
654 423 969 495 Paulusque
987 424 1236 479 sciuntur
1262 425 1495 482 alumni.

214 511 317 577 Qui
357 511 557 566 Christi
577 512 768 567 divina
798 512 893 567 Dei
920 513 1177 584 gentibus
1198 513 1357 569 isthic

211 604 608 668 Monstrarunt,
641 604 951 676 orbemque
985 605 1077 675 pio
1098 605 1396 676 splendore
1428 616 1757 676 venustant;

212 696 353 751 Hinc
378 703 553 751 testes
582 697 822 764 Domini,
852 699 1130 771 primique
1164 699 1221 754 in
1249 700 1382 755 sede
1410 716 1652 772 superna

210 788 539 842 Sanctorum
570 788 748 855 asciti,
778 790 905 845 θωΙί
931 790 1263 846 decorentur
1292 791 1349 845 in
1377 807 1524 858 arce,

210 882 567 939 Summorum
596 882 798 938 summi
822 899 1114 954 procerum
1147 883 1557 959 Omniregentis
1583 887 1765 943 amici.
1810 909 1833 940 ι

207 973 392 1029 Caesar
412 974 480 1029 ad
514 975 666 1030 haec:
707 999 735 1021 κ
777 975 975 1030 horum
1002 975 1163 1031 vobis
1194 992 1325 1031 num
1353 977 1498 1032 Iivea
1524 978 1707 1033 vultus

211 1063 527 1135 Exprimit?
566 1085 596 1115 υ
636 1064 976 1135 Ostendique
1008 1065 1115 1120 sibi
1149 1075 1471 1141 argumenta
1502 1069 1770 1140 reposcit:

106 1186 113 1191 -
207 1158 466 1214 Visorum
495 1159 704 1214 intutus
735 1177 878 1232 papa
907 1170 1250 1217 monstrante
1279 1162 1508 1238 figuras:

205 1271 232 1294 αι
278 1247 478 1302 Verius
502 1248 649 1303 haud
680 1249 984 1320 quidquam
1016 1249 1118 1305 hos
1151 1251 1370 1323 (inquit)
1403 1251 1535 1306 mihi
1562 1253 1717 1321 jussa
1743 1252 1844 1307 de-

1578 1344 1765 1415 [disse,

199 1431 276 1485 Te
306 1447 434 1486 mox
465 1432 682 1496 ascisci,
711 1431 918 1486 debere
945 1432 1162 1487 lavacra
1188 1434 1385 1488 salutis

198 1520 276 1574 Te
310 1519 473 1574 nobis
498 1520 691 1586 nostri,
724 1520 928 1591 quibus
970 1522 1158 1576 ulcera
1191 1528 1386 1577 cuncta
1418 1522 1689 1579 fatiscant.
1732 1544 1757 1574 n

200 1612 384 1666 Laetus
414 1612 483 1665 ad
514 1611 638 1676 ista,
670 1627 827 1666 sacer
856 1610 987 1667 fidei
1022 1613 1127 1668 fert
1167 1614 1340 1668 ubera
1375 1615 1512 1686 regi,

202 1707 569 1778 Hortaturque
599 1705 763 1761 fidem
799 1716 1056 1779 prompta
1076 1709 1477 1779 comprendere
1500 1718 1704 1764 mente.

200 1797 444 1852 Credere
473 1812 535 1852 se
564 1798 656 1852 ille
684 1799 872 1865 refert,
905 1800 1141 1871 ideoque
1166 1816 1391 1855 vocasse
1417 1810 1703 1872 patronum

134 1903 145 1912 ‘
200 1884 376 1955 I'Iujus
406 1903 533 1941 eum
564 1886 724 1961 legis,
752 1888 887 1942 ritus
913 1904 1022 1961 quo
1044 1890 1170 1958 jure
1191 1898 1457 1961 capessat.

200 1981 488 2035 Dictantur
518 1997 639 2036 mox
668 1990 958 2037 mansueto
990 1993 1266 2054 praecepta
1294 1993 1562 2053 tyranno:

194 2074 519 2146 Tironique,
555 2090 698 2130 novo
720 2075 1046 2131 submittere
1074 2077 1212 2131 colla
1243 2087 1453 2148 parato,

195 2165 365 2219 Arida
410 2182 508 2236 pro
534 2165 772 2237 dapibus
804 2168 1003 2222 dantur
1024 2168 1238 2236 jejunia
1261 2169 1528 2235 summis;

195 2258 540 2331 Ilircinoque
571 2258 809 2333 ﬂagrans
830 2266 1038 2315 ostrum
1070 2268 1308 2315 mutatur
1337 2261 1540 2317 amictu
1565 2281 1579 2327 ;

195 2350 509 2424 Amplivagi
544 2366 643 2421 pro
684 2351 888 2406 lascivo
920 2352 1134 2425 fulgore
1164 2354 1350 2423 palati.

142 2512 155 2516 -
199 2440 358 2496 Invia
396 2442 730 2497 mandantur
757 2443 927 2497 stricti
961 2450 1171 2498 secreta
1199 2445 1435 2511 cubilis;

194 2533 305 2588 Pro
338 2534 582 2604 pompis,
617 2549 715 2606 pro
741 2535 971 2603 judiciis
999 2538 1336 2606 crudelibus,
1368 2541 1511 2597 alma

197 2620 307 2675 Ore
337 2621 727 2692 triumphantis
755 2631 975 2678 resonet
1005 2624 1281 2682 confessio
1314 2627 1530 2685 Christi.

202 2713 455 2767 Lamenti
488 2714 727 2787 gemitus
756 2715 998 2769 mulctati
1023 2717 1310 2790 sanguinis
1337 2736 1511 2787 error,

200 2804 446 2859 Delubra
475 2805 834 2871 claudantur;
868 2806 1139 2862 larvarum
1173 2810 1284 2864 liba
1310 2810 1616 2882 facessant;

197 2895 401 2950 Debita
433 2897 771 2967 pauperibus
802 2896 937 2953 fisco
961 2898 1238 2954 donentur
1266 2901 1336 2956 ab
1367 2904 1547 2971 omni;

199 2988 441 3043 Vincula
471 2989 787 3044 carceribus
815 2997 928 3046 tota
959 3002 1275 3051 reserentur
1306 2997 1361 3051 in
1392 2997 1526 3052 urbe
1562 3016 1575 3064 ;

202 3080 429 3135 Exsiliis
450 3081 638 3148 etiam,
682 3089 736 3136 et
757 3083 922 3138 variis
941 3086 1280 3143 cruciatibus
1311 3090 1416 3144 acti

199 3169 469 3224 Solentur
484 3170 682 3235 venia;
704 3171 906 3227 dentur
920 3174 1192 3229 solamina
1215 3175 1403 3242 fessis;

197 3262 490 3334 Degentur
517 3262 670 3333 digni
689 3263 856 3339 digne
888 3265 1004 3321 haec
1034 3267 1100 3321 ad
1126 3269 1338 3340 agenda
1367 3271 1627 3326 ministri.

198 3352 422 3422 Excipit
451 3353 746 3426 Augustus,
791 3354 898 3409 fida
929 3373 1152 3429 quoque
1193 3367 1378 3415 mente
1412 3370 1688 3426 retractat.

200 3444 262 3499 Et
310 3443 588 3499 Christum
645 3462 836 3501 verum
887 3448 1293 3523 Dominumque
1352 3452 1645 3526 Deumque
1704 3471 1835 3526 pro-

1546 3545 1762 3617 [fessus,

200 3630 358 3685 Vana
384 3631 631 3702 probans
662 3632 975 3701 simulacra,
1006 3635 1185 3689 crucis
1214 3636 1497 3709 signacula
1527 3640 1694 3695 sumit

200 3722 610 3794 Pontiﬁcisque
639 3739 805 3779 manu
831 3724 1065 3800 insignis
1095 3728 1528 3784 catechumenus
1558 3731 1688 3786 exit.

203 3816 358 3887 Papa
390 3815 564 3870 sacris
597 3825 791 3873 cautus
819 3819 970 3874 ducit
993 3821 1207 3889 jejunia
1229 3821 1406 3889 lmtus,

200 3908 628 3980 Ecclesiamque
656 3911 746 3980 pio
777 3911 881 3966 sibi
909 3913 1094 3987 jungit
1114 3914 1309 3968 adesse
1337 3914 1550 3984 labore,

198 3997 431 4052 Ritibus
451 3998 724 4068 explicitis
754 4015 852 4071 per
879 4008 1002 4055 vota
1025 4002 1265 4056 celebria
1293 3992 1478 4079 dignis

198 4093 443 4147 Conscia
472 4094 749 4163 surgentis
780 4094 973 4149 Christi
1009 4096 1175 4151 instat
1204 4114 1435 4168 vespera
1466 4098 1616 4166 felix,

202 4184 491 4239 Eductura
522 4184 697 4259 nigris
725 4185 987 4240 altissima
1016 4194 1234 4257 sceptra
1264 4188 1527 4257 tenebris,

200 4276 470 4346 Fonsquc
494 4276 755 4346 perennis
785 4270 941 4348 aquae
975 4278 1235 4348 praecelso
1261 4295 1494 4335 munere
1526 4281 1764 4353 lympha).

200 4371 443 4426 Fontem
468 4371 679 4441 implet,
709 4378 893 4442 pestes
917 4372 1265 4447 exstinguere
1289 4390 1397 4429 non
1427 4375 1590 4431 modo
1612 4376 1833 4447 mentis,

196 4461 475 4532 Corporis
508 4469 561 4516 at
592 4464 777 4519 valido
806 4466 1120 4520 morborum
1154 4465 1273 4520 dira
1303 4466 1509 4522 levare.

196 4556 476 4609 Summus
506 4554 548 4610 it
577 4556 805 4611 antistes
831 4571 1103 4611 summum
1137 4574 1351 4613 sacrare
1380 4559 1746 4631 Toparcham,

194 4645 302 4699 Ille
332 4643 432 4697 Dei
460 4644 662 4698 summi
683 4644 942 4700 virtutem
970 4645 1146 4701 lassus
1175 4648 1432 4715 herilem,

187 4732 757 4804 Sordibuslimpuris,
789 4735 1066 4805 saevisque
1083 4742 1359 4792 renuntiat
1389 4738 1499 4793 aris
1528 4758 1545 4802 ;

188 4822 464 4897 Tingitur
492 4832 553 4878 et
578 4824 749 4879 sacris
778 4826 923 4881 trino
955 4828 1284 4883 mersamine
1316 4827 1372 4881 in
1394 4829 1583 4896 undis,

193 4916 260 4970 Et
308 4915 503 4971 subito
530 4917 685 4971 cmlis
714 4918 781 4971 ad
812 4926 959 4983 vota,
984 4920 1053 4973 ad
1085 4921 1337 4990 praesulis
1375 4936 1521 4986 orsa,

192 5007 322 5060 Lux
354 5005 534 5059 radiat
561 5005 799 5060 celebris
822 5022 1094 5077 superans
1116 5009 1430 5065 rutilamina
1451 5010 1603 5066 solis.

190 5100 345 5154 Tum
376 5097 624 5167 crepitus
653 5097 823 5152 fontis
849 5099 1142 5155 stridentia
1173 5101 1313 5156 frixa
1342 5104 1593 5171 resultat,

190 5191 326 5253 Quo
355 5202 594 5257 surgens
626 5188 771 5242 lotus
789 5204 882 5243 rex
921 5196 1105 5245 mente
1135 5206 1200 5245 ac
1225 5206 1457 5262 corpore
1486 5195 1729 5250 mundus

197 5277 513 5354 Egreditur
541 5278 745 5343 salvus,
778 5278 976 5334 Christi
990 5280 1106 5335 visa
1126 5296 1221 5336 ora
1253 5282 1550 5352 professus.

191 5375 395 5431 Mente
430 5373 575 5428 nitet
598 5389 792 5444 purus,
822 5375 980 5446 pueri
1021 5377 1187 5431 micat
1223 5392 1320 5433 ore
1360 5394 1621 5446 serenus;

192 5468 368 5523 Mens
400 5464 550 5519 intus
579 5464 859 5534 splendet,
891 5467 1023 5522 foris
1038 5484 1101 5523 ac
1130 5484 1258 5524 caro
1290 5468 1501 5542 fulgida
1529 5474 1762 5540 candet;

193 5557 428 5613 Gaudet
465 5563 520 5610 at
539 5557 737 5610 eximia
762 5557 996 5613 donatus
1021 5560 1279 5632 utrinque
1306 5563 1543 5618 medela.

194 5649 467 5705 Candida
495 5650 663 5705 sumit
687 5667 876 5717 ovans,
909 5658 963 5707 et
994 5652 1209 5725 legibus
1238 5655 1380 5709 alma
1406 5666 1709 5729 pr0pagat:

202 5741 377 5795 Ilunc
400 5736 605 5791 debere
636 5738 742 5792 coli
786 5738 941 5793 laetus
980 5756 1087 5810 qua
1115 5742 1362 5797 tenditur
1382 5744 1531 5797 orbis

840 294 922 347 DE
961 292 1218 349 CHRISTI
1257 290 1617 353 TRIUMPHIS
1655 300 1829 355 APUD
1870 298 2138 357 ITALIAM
2180 301 2359 355 LIBRI
2404 301 2542 356 XIV.
2586 331 2658 341 —
2696 301 2823 356 LIB.
2866 302 2952 355 IX.

3464 303 3572 358 754

1867 436 1912 503 Α
1942 430 2041 496 Qui
2073 430 2180 485 sibi
2206 446 2351 485 saeva
2372 428 2570 503 fugans
2597 428 2884 483 tribuisset
2903 427 3027 484 laeta
3043 429 3237 485 salutis
3267 445 3281 483 :

1944 521 2101 575 IIunc
2131 518 2224 591 qui
2256 517 2605 588 blasphemet
2631 517 2844 587 punitio
2875 518 3047 593 digna
3075 526 3344 590 sequatur
3372 535 3387 585 ;

1938 608 2275 664 Christicolae
2306 606 2543 663 afﬂictor
2569 616 2769 662 census
2789 614 3004 664 sectore
3036 615 3350 679 prematur:

1939 707 2289 764 Romulidum
2323 723 2521 778 papam
2551 714 2847 763 veneretur
2874 708 3173 779 episcopus
3211 704 3423 765 omnis:

1939 797 1993 851 Si
2019 812 2144 852 reus
2175 795 2469 852 Ecclesium
2502 802 2675 866 petat,
2706 803 2767 851 ut
2794 811 3031 852 censore
3058 803 3310 872 tegatur:

1941 886 2198 943 Praesulis
2228 886 2429 941 annisu
2458 884 2626 941 modo
2655 885 2865 958 templa
2884 886 3141 942 Iocentur
3159 886 3217 941 in
3239 884 3414 942 urbe:

1942 978 2206 1035 Caesareae
2230 974 2469 1034 fabricas
2498 976 2729 1033 decimae
2759 977 3080 1051 redigantur
3107 976 3167 1033 in
3210 977 3406 1036 almus.

1942 1074 2095 1128 Albis
2116 1066 2407 1145 depositis,
2447 1072 2699 1127 ardentia
2729 1081 2789 1128 ut
2809 1078 2957 1127 ostra
2988 1072 3243 1140 resumit,

1949 1168 2187 1224 Mundus
2224 1175 2278 1224 et
2307 1167 2608 1223 incolumis
2632 1167 2777 1222 Petri
2812 1168 3099 1223 mausolea
3124 1167 3333 1225 visens.

1945 1267 2219 1322 Sternitur
2248 1266 2302 1320 in
2344 1265 2561 1332 faciem,
2594 1265 2763 1336 capiti
2795 1263 3107 1320 diademate
3140 1265 3387 1335 dempto.

1942 1363 2002 1417 Et
2022 1361 2277 1434 lacrymis
2302 1366 2528 1416 stratum
2566 1361 2870 1432 Tyriosque
2892 1359 3133 1414 infundit
3162 1360 3422 1427 amictus,

1939 1455 2119 1526 Seque
2142 1469 2295 1509 reum
2328 1468 2639 1508 memorans
2660 1459 2849 1507 sancto
2877 1452 2946 1506 de
2969 1451 3240 1523 sanguine
3271 1448 3419 1519 fuso,

1941 1546 2161 1600 Excibat
2188 1546 2376 1617 populi
2404 1544 2565 1600 ﬂetus
2602 1544 2956 1619 gemitusque
2977 1548 3242 1599 sonantes

1936 1638 2098 1693 Mixto
2126 1638 2423 1711 pangentis
2467 1637 2617 1692 luctu
2659 1653 2802 1691 nova
2840 1636 3043 1711 gaudia
3073 1636 3231 1691 laetis.

1937 1727 2049 1781 Rex
2087 1726 2283 1780 servile
2310 1739 2602 1799 aggressus
2639 1740 2799 1795 opus,
2831 1724 3254 1796 ehlamydisque
3284 1721 3520 1778 nitorem

1934 1815 2232 1884 Rejicieus,
2262 1815 2479 1869 insueta
2505 1813 2663 1885 petit,
2696 1812 2989 1885 fossorque
3021 1812 3304 1869 bidentem

1930 1916 2153 1987 Arripit,
2196 1922 2249 1971 et
2278 1915 2468 1988 glebas
2498 1930 2671 1986 prono
2698 1915 2989 1969 conamine
3021 1913 3208 1979 vertit,

1929 2008 2105 2077 Atque
2135 2005 2275 2060 viam
2310 2005 2499 2076 pandit
2520 2003 2660 2059 sacri
2691 2001 3017 2058 fundamina
3047 2002 3241 2074 templi

1930 2103 2044 2166 Qua
2064 2099 2303 2175 figantur
2321 2098 2632 2170 apostolici,
2664 2115 2775 2171 quo
2815 2114 3016 2153 curvus
3045 2098 3279 2164 honore,

1934 2194 2129 2265 Egesta
2157 2191 2503 2247 fundamenti
2543 2191 2740 2245 scrobe
2764 2189 2862 2245 rite
2895 2188 3139 2256 locandi,

1929 2283 2022 2337 Bis
2050 2298 2144 2337 sex
2174 2281 2279 2336 fert
2306 2280 2549 2335 humeris
2579 2277 2853 2348 cophinos
2885 2278 3079 2332 tellure
3110 2282 3389 2353 gravatos.

1932 2373 2214 2428 Curriculo
2247 2372 2498 2428 residens
2519 2370 2699 2425 aulam
2724 2369 2853 2425 hinc
2882 2385 3006 2425 cum
3031 2368 3269 2440 praesule
3302 2366 3521 2424 scandit
3545 2386 3559 2422 :

1929 2464 2111 2517 Altera
2140 2462 2232 2517 lux
2260 2469 2430 2517 terras
2461 2474 2621 2516 roseo
2650 2457 2949 2530 spargebat
2973 2457 3200 2513 amictu.

1932 2563 2164 2617 Sanctus
2195 2566 2250 2615 et
2270 2559 2527 2616 Ecclesiae
2557 2575 2775 2615 sacrare
2803 2557 3008 2630 palatia
3034 2558 3208 2631 surgit

1933 2652 2043 2706 Rex
2084 2648 2474 2705 Lateranensis
2496 2648 2737 2714 fabricae,
2771 2648 3091 2720 passimque
3126 2646 3333 2702 revelat

1934 2741 2224 2797 Altithroni
2244 2741 2378 2816 juga
2408 2740 2512 2795 sub
2536 2738 2754 2795 Domini
2778 2755 2837 2794 se
2862 2738 3001 2794 colla
3035 2738 3277 2793 dedisse.

1941 2847 2084 2922 Lege
2115 2847 2242 2902 data
2271 2861 2482 2917 pauper
2500 2844 2546 2900 si
2565 2844 2689 2917 quis
2709 2860 2767 2899 se
2789 2841 3030 2898 subdere
3060 2841 3275 2897 Christo

1935 2938 2167 3012 Deligat,
2199 2944 2259 2991 ut
2296 2943 2501 2991 vestem
2529 2934 2710 3005 capiat
2734 2933 2977 2988 candore
3003 2932 3301 2987 micantem

1934 3006 2159 3089 Munbre
2189 3032 2438 3087 Caesareo
2470 3029 2789 3101 solidusque
2820 3027 3011 3083 decem
3039 3026 3377 3103 geminatos.
3460 3006 3467 3012 '

1857 3134 1906 3203 ί]
1929 3123 2204 3181 Accrescit
2234 3120 2452 3177 Domini
2490 3119 2713 3187 messis,
2745 3117 3070 3191 pepulique,
3104 3118 3348 3174 nitentes

1933 3215 2099 3269 Sacra
2138 3210 2234 3265 Dei
2256 3209 2479 3276 summi,
2508 3207 2770 3280 linquunt
2799 3206 3069 3263 scelerata
3097 3204 3337 3273 sacella;

1932 3315 2100 3371 Millia
2128 3314 2465 3370 candentum
2496 3310 2736 3367 renitent
2766 3308 3024 3367 duodena
3047 3309 3319 3376 virorum,

1937 3409 2208 3465 Infantum
2242 3412 2440 3479 prater
2460 3411 2694 3459 matrum
2717 3419 2943 3475 quoque
2967 3402 3156 3458 debile
3176 3402 3396 3478 vulgus,

1935 3499 2174 3564 Quorum
2206 3503 2313 3552 stat
2342 3510 2605 3550 numerus
2632 3493 2760 3550 εαξὶί
2792 3507 3046 3548 mensore
3084 3491 3335 3558 libratus,

1938 3593 2293 3650 Romulidum
2324 3587 2578 3645 Patribus
2608 3584 2736 3641 fidei
2760 3583 3102 3661 fugientibus
3129 3584 3261 3651 alta,

1939 3689 2090 3743 Haud
2121 3687 2255 3743 sinit
2291 3686 2592 3761 Augustum
2624 3681 3144 3756 Paterindignarier
3172 3681 3378 3741 almus.

1939 3778 2032 3833 Ille
2071 3778 2273 3833 throno
2297 3773 2546 3830 residens
2576 3773 2714 3828 aula:
2754 3770 3088 3843 plebemque
3121 3778 3417 3844 patresque

1937 3870 2143 3924 Lumen
2173 3868 2229 3921 in
2252 3867 2552 3922 aethereum
2584 3862 2927 3919 radiantibus
2948 3861 3150 3919 excitat
3165 3862 3339 3919 orsis:

1935 3962 2051 4016 Non
2082 3960 2290 4016 debere
2320 3959 2456 4014 deos
2478 3964 2686 4012 testans
2711 3954 2894 4011 dicive
2921 3954 3103 4011 colive
3160 4014 3163 4015 ν

1936 4054 2301 4120 Quimanibus
2323 4050 2458 4107 ﬁant
2488 4049 2796 4116 hominum,
2828 4055 3092 4105 tueantur
3109 4056 3166 4103 et
3194 4054 3342 4115 actu,

1937 4153 2084 4219 Quos
2102 4150 2512 4208 conservandos
2538 4154 2849 4204 restaurent
2877 4146 3100 4205 casibus
3123 4153 3305 4214 actos;

1941 4246 2033 4301 llis
2061 4261 2120 4302 se
2159 4244 2437 4314 conjicere
2469 4242 2730 4319 indignos
2756 4242 3065 4314 placamina
3093 4241 3235 4299 divo.

1937 4338 2037 4405 Qui
2069 4353 2326 4409 reparare
2355 4343 2522 4408 queat
2545 4335 2732 4390 tritum
2759 4340 2816 4390 et
2846 4349 3107 4391 revocare
3124 4333 3398 4401 salutem;

1937 4435 2206 4507 Quodque
2230 4433 2286 4489 in
2304 4448 2364 4488 se
2390 4432 2594 4488 factum
2624 4431 2836 4504 liquida
2860 4437 2969 4487 stet
2996 4432 3119 4487 luce
3141 4431 3383 4503 probari,

1852 4516 1907 4584 Ι)
1935 4525 2213 4582 Artificem
2246 4525 2520 4580 Christum
2550 4524 2659 4579 ritu
2680 4523 3000 4579 venerarier
3025 4538 3212 4596 aequo,

1941 4618 2096 4673 Unde
2128 4616 2512 4689 superstitiosa
2539 4621 2729 4686 petant
2749 4614 2863 4685 jam
2883 4613 3117 4669 numina
3145 4612 3335 4679 finem,

1938 4711 2099 4766 Solus
2137 4710 2401 4765 adoretur
2426 4708 2520 4779 qui
2549 4714 2748 4763 cuncta
2776 4706 2899 4779 quit
2933 4706 3105 4762 edere
3132 4705 3319 4773 solus;

1936 4802 2035 4868 Qui
2066 4810 2245 4857 servat
2269 4801 2492 4877 dignus,
2525 4815 2637 4855 non
2664 4798 2758 4871 qui
2787 4805 3055 4865 servatur,
3090 4798 3337 4869 honore;

1933 4901 2013 4955 Sit
2037 4899 2199 4955 caecis
2226 4899 2377 4954 visus
2406 4898 2612 4953 ianime
2642 4897 2758 4968 (sic)
2786 4895 3139 4968 imperitetur

1934 4992 2202 5058 Auditus;
2226 4992 2458 5047 desistat
2493 4991 2564 5045 ab
2596 4990 2684 5046 his
2712 4990 2988 5062 sapientia
3018 4996 3240 5055 nostra;

1937 5085 2192 5141 Ecclesiae
2223 5090 2449 5155 pateant
2480 5082 2696 5151 Christi,
2725 5098 2849 5156 quae
2874 5083 3002 5153 jura
3032 5080 3281 5154 profanis

1938 5181 2275 5238 Flaminibus
2302 5188 2538 5248 servata,
2570 5181 2679 5253 piis
2716 5181 2828 5236 sint
2847 5195 3005 5237 cessa
3041 5176 3332 5235 ministris.

1940 5273 2219 5345 Coepimus
2240 5283 2371 5349 ergo
2401 5289 2625 5345 operam
2658 5272 2877 5340 Christi,
2909 5284 3021 5345 quo
3051 5270 3204 5345 regis
3228 5267 3441 5338 templo

1940 5363 2134 5419 Nostra
2154 5362 2342 5430 micet,
2380 5361 2565 5417 videat
2593 5361 2799 5433 passim
2830 5374 3058 5416 romana
3072 5361 3318 5429 potestas

1941 5451 2097 5506 Nulla
2117 5450 2350 5506 subesse
2376 5450 2562 5506 animo
2594 5448 2751 5505 dubii
2781 5446 3015 5520 vestigia
3039 5452 3258 5502 nostro.

1943 5539 2301 5595 Conclamant
2326 5540 2394 5593 ad
2426 5539 2571 5593 dicta
2602 5538 2807 5602 Patres,
2848 5535 3135 5606 fortesque
3164 5533 3424 5601 Quirites,

1940 5638 2215 5694 Christum
2238 5639 2571 5705 attollentes,
2597 5638 2892 5708 claudique
2915 5635 3117 5691 sacella
3143 5640 3415 5710 petentes,

1938 5729 2162 5801 Templa
2193 5736 2379 5801 patere
2403 5730 2495 5784 Dei
2521 5729 2739 5797 Christi,
2771 5727 2864 5801 qui
2890 5742 3058 5785 verus
3085 5735 3141 5785 et
3160 5740 3324 5791 unus.
3429 5772 3438 5783 .
