  <div class='ocr_page' id='page_1' title='image "/cluster/home/n/w/nwhite01/storage/ocr_20150623/135/hvd.32044054759956/383.png"; bbox 0 0 4002 6124; ppageno 0'>
   <div class='ocr_carea' id='block_1_1' title="bbox 485 237 3792 301">
    <p class='ocr_par' dir='ltr' id='par_1_1' title="bbox 485 237 3792 301">
     <span class='ocr_line' id='line_1_1' title="bbox 485 237 3792 301; baseline -0 -3"><span class='ocrx_word' id='word_1_1' title='bbox 485 243 593 301; x_wconf 82' lang='grc'><strong>755</strong></span> <span class='ocrx_word' id='word_1_2' title='bbox 1252 239 1620 296; x_wconf 74' lang='lat' dir='ltr'><strong>FLODOARDI</strong></span> <span class='ocrx_word' id='word_1_3' title='bbox 1663 239 1965 295; x_wconf 80' lang='lat' dir='ltr'><strong>CANONICI</strong></span> <span class='ocrx_word' id='word_1_4' title='bbox 2010 238 2337 294; x_wconf 81' lang='lat' dir='ltr'><strong>REMENSIS</strong></span> <span class='ocrx_word' id='word_1_5' title='bbox 2375 238 2715 295; x_wconf 76' lang='lat' dir='ltr'><strong>OPUSCULA</strong></span> <span class='ocrx_word' id='word_1_6' title='bbox 2755 237 3069 292; x_wconf 86' lang='lat' dir='ltr'><strong>METRICA.</strong></span> <span class='ocrx_word' id='word_1_7' title='bbox 3704 245 3792 298; x_wconf 80' lang='lat'><strong>756</strong></span> 
     </span>
    </p>
   </div>
   <div class='ocr_carea' id='block_1_2' title="bbox 485 369 1938 447">
    <p class='ocr_par' dir='ltr' id='par_1_2' title="bbox 485 369 1938 447">
     <span class='ocr_line' id='line_1_2' title="bbox 485 369 1938 447; baseline -0.003 -19"><span class='ocrx_word' id='word_1_8' title='bbox 485 372 744 428; x_wconf 69' lang='lat' dir='ltr'><strong>Praestitit</strong></span> <span class='ocrx_word' id='word_1_9' title='bbox 773 373 1014 447; x_wconf 84' lang='lat' dir='ltr'><strong>Augusto</strong></span> <span class='ocrx_word' id='word_1_10' title='bbox 1045 371 1282 426; x_wconf 75' lang='lat' dir='ltr'><strong>subitam</strong></span> <span class='ocrx_word' id='word_1_11' title='bbox 1316 370 1441 424; x_wconf 87' lang='lat' dir='ltr'><strong>sine</strong></span> <span class='ocrx_word' id='word_1_12' title='bbox 1471 385 1626 425; x_wconf 92' lang='lat' dir='ltr'><strong>more</strong></span> <span class='ocrx_word' id='word_1_13' title='bbox 1657 369 1888 424; x_wconf 77' lang='lat' dir='ltr'><strong>salutem</strong></span> <span class='ocrx_word' id='word_1_14' title='bbox 1925 387 1938 423; x_wconf 88' lang='lat'><strong>:</strong></span> 
     </span>
    </p>
   </div>
   <div class='ocr_carea' id='block_1_3' title="bbox 486 462 1787 536">
    <p class='ocr_par' dir='ltr' id='par_1_3' title="bbox 486 462 1787 536">
     <span class='ocr_line' id='line_1_3' title="bbox 486 462 1787 536; baseline -0.005 -14"><span class='ocrx_word' id='word_1_15' title='bbox 486 467 628 522; x_wconf 90' lang='lat' dir='ltr'><strong>Urbe</strong></span> <span class='ocrx_word' id='word_1_16' title='bbox 659 465 1001 536; x_wconf 72' lang='lat' dir='ltr'><strong>repellantur</strong></span> <span class='ocrx_word' id='word_1_17' title='bbox 1027 464 1240 519; x_wconf 79' lang='lat' dir='ltr'><strong>Christo</strong></span> <span class='ocrx_word' id='word_1_18' title='bbox 1263 463 1519 518; x_wconf 76' lang='lat' dir='ltr'><strong>vincente</strong></span> <span class='ocrx_word' id='word_1_19' title='bbox 1553 462 1787 533; x_wconf 80' lang='lat' dir='ltr'><strong>profani.</strong></span> 
     </span>
    </p>
   </div>
   <div class='ocr_carea' id='block_1_4' title="bbox 484 552 1961 624">
    <p class='ocr_par' dir='ltr' id='par_1_4' title="bbox 484 552 1961 624">
     <span class='ocr_line' id='line_1_4' title="bbox 484 552 1961 624; baseline -0.004 -14"><span class='ocrx_word' id='word_1_20' title='bbox 484 558 549 611; x_wconf 86' lang='lat' dir='ltr'><strong>At</strong></span> <span class='ocrx_word' id='word_1_21' title='bbox 576 555 893 624; x_wconf 80' lang='lat' dir='ltr'><strong>moderator</strong></span> <span class='ocrx_word' id='word_1_22' title='bbox 919 553 985 608; x_wconf 89' lang='lat' dir='ltr'><strong>ad</strong></span> <span class='ocrx_word' id='word_1_23' title='bbox 1019 554 1137 609; x_wconf 75' lang='lat' dir='ltr'><strong>haec</strong></span> <span class='ocrx_word' id='word_1_24' title='bbox 1166 553 1359 624; x_wconf 77' lang='lat' dir='ltr'><strong>pandit</strong></span> <span class='ocrx_word' id='word_1_25' title='bbox 1384 568 1493 623; x_wconf 89' lang='lat' dir='ltr'><strong>qua</strong></span> <span class='ocrx_word' id='word_1_26' title='bbox 1522 558 1704 607; x_wconf 83' lang='lat' dir='ltr'><strong>mente</strong></span> <span class='ocrx_word' id='word_1_27' title='bbox 1725 552 1961 606; x_wconf 86' lang='lat' dir='ltr'><strong>colenda</strong></span> 
     </span>
    </p>
   </div>
   <div class='ocr_carea' id='block_1_5' title="bbox 481 644 2075 718">
    <p class='ocr_par' dir='ltr' id='par_1_5' title="bbox 481 644 2075 718">
     <span class='ocr_line' id='line_1_5' title="bbox 481 644 2075 718; baseline -0.006 -15"><span class='ocrx_word' id='word_1_28' title='bbox 481 650 614 703; x_wconf 81' lang='lat' dir='ltr'><strong>Jura</strong></span> <span class='ocrx_word' id='word_1_29' title='bbox 637 647 753 715; x_wconf 88' lang='lat' dir='ltr'><strong>Dei,</strong></span> <span class='ocrx_word' id='word_1_30' title='bbox 775 662 899 718; x_wconf 75' lang='lat' dir='ltr'><strong>quae</strong></span> <span class='ocrx_word' id='word_1_31' title='bbox 926 645 1093 701; x_wconf 90' lang='lat' dir='ltr'><strong>corde</strong></span> <span class='ocrx_word' id='word_1_32' title='bbox 1117 644 1368 716; x_wconf 83' lang='lat' dir='ltr'><strong>ﬂagrent,</strong></span> <span class='ocrx_word' id='word_1_33' title='bbox 1401 659 1524 715; x_wconf 73' lang='lat' dir='ltr'><strong>quae</strong></span> <span class='ocrx_word' id='word_1_34' title='bbox 1555 651 1754 714; x_wconf 89' lang='lat' dir='ltr'><strong>sponte</strong></span> <span class='ocrx_word' id='word_1_35' title='bbox 1783 652 2075 714; x_wconf 77' lang='lat' dir='ltr'><strong>petantur;</strong></span> 
     </span>
    </p>
   </div>
   <div class='ocr_carea' id='block_1_6' title="bbox 485 738 1715 812">
    <p class='ocr_par' dir='ltr' id='par_1_6' title="bbox 485 738 1715 812">
     <span class='ocr_line' id='line_1_6' title="bbox 485 738 1715 812; baseline -0.004 -16"><span class='ocrx_word' id='word_1_36' title='bbox 485 741 695 796; x_wconf 87' lang='lat' dir='ltr'><strong>Invitus</strong></span> <span class='ocrx_word' id='word_1_37' title='bbox 719 740 924 807; x_wconf 91' lang='lat' dir='ltr'><strong>nullus,</strong></span> <span class='ocrx_word' id='word_1_38' title='bbox 953 739 1139 794; x_wconf 89' lang='lat' dir='ltr'><strong>nullus</strong></span> <span class='ocrx_word' id='word_1_39' title='bbox 1169 738 1458 812; x_wconf 84' lang='lat' dir='ltr'><strong>subigatur</strong></span> <span class='ocrx_word' id='word_1_40' title='bbox 1487 738 1715 793; x_wconf 91' lang='lat' dir='ltr'><strong>adactus</strong></span> 
     </span>
    </p>
   </div>
   <div class='ocr_carea' id='block_1_7' title="bbox 477 829 1924 902">
    <p class='ocr_par' dir='ltr' id='par_1_7' title="bbox 477 829 1924 902">
     <span class='ocr_line' id='line_1_7' title="bbox 477 829 1924 902; baseline -0.003 -13"><span class='ocrx_word' id='word_1_41' title='bbox 477 829 719 889; x_wconf 59' lang='lat' dir='ltr'><strong>&#39;Censeat</strong></span> <span class='ocrx_word' id='word_1_42' title='bbox 748 831 892 888; x_wconf 91' lang='lat' dir='ltr'><strong>ultro</strong></span> <span class='ocrx_word' id='word_1_43' title='bbox 919 831 1138 886; x_wconf 89' lang='lat' dir='ltr'><strong>animus</strong></span> <span class='ocrx_word' id='word_1_44' title='bbox 1161 831 1367 902; x_wconf 89' lang='lat' dir='ltr'><strong>justum</strong></span> <span class='ocrx_word' id='word_1_45' title='bbox 1397 830 1665 885; x_wconf 84' lang='lat' dir='ltr'><strong>deliberet</strong></span> <span class='ocrx_word' id='word_1_46' title='bbox 1683 845 1924 901; x_wconf 64' lang='lat' dir='ltr'><strong>aequum,</strong></span> 
     </span>
    </p>
   </div>
   <div class='ocr_carea' id='block_1_8' title="bbox 485 923 1820 990">
    <p class='ocr_par' dir='ltr' id='par_1_8' title="bbox 485 923 1820 990">
     <span class='ocr_line' id='line_1_8' title="bbox 485 923 1820 990; baseline -0.001 -10"><span class='ocrx_word' id='word_1_47' title='bbox 485 926 640 990; x_wconf 83' lang='lat' dir='ltr'><strong>Quod</strong></span> <span class='ocrx_word' id='word_1_48' title='bbox 660 941 850 982; x_wconf 88' lang='lat' dir='ltr'><strong>verum</strong></span> <span class='ocrx_word' id='word_1_49' title='bbox 884 924 1128 980; x_wconf 81' lang='lat' dir='ltr'><strong>inveniet</strong></span> <span class='ocrx_word' id='word_1_50' title='bbox 1156 930 1334 978; x_wconf 87' lang='lat' dir='ltr'><strong>sumat</strong></span> <span class='ocrx_word' id='word_1_51' title='bbox 1357 923 1572 979; x_wconf 80' lang='lat' dir='ltr'><strong>ratione</strong></span> <span class='ocrx_word' id='word_1_52' title='bbox 1604 923 1820 978; x_wconf 87' lang='lat' dir='ltr'><strong>librata.</strong></span> 
     </span>
    </p>
   </div>
   <div class='ocr_carea' id='block_1_9' title="bbox 488 1014 1715 1073">
    <p class='ocr_par' dir='ltr' id='par_1_9' title="bbox 488 1014 1715 1073">
     <span class='ocr_line' id='line_1_9' title="bbox 488 1014 1715 1073; baseline -0.003 0"><span class='ocrx_word' id='word_1_53' title='bbox 488 1018 637 1073; x_wconf 79' lang='lat' dir='ltr'><strong>Hanc</strong></span> <span class='ocrx_word' id='word_1_54' title='bbox 664 1031 859 1072; x_wconf 90' lang='lat' dir='ltr'><strong>omnes</strong></span> <span class='ocrx_word' id='word_1_55' title='bbox 883 1016 1039 1070; x_wconf 90' lang='lat' dir='ltr'><strong>vanis</strong></span> <span class='ocrx_word' id='word_1_56' title='bbox 1067 1014 1232 1069; x_wconf 90' lang='lat' dir='ltr'><strong>etiam</strong></span> <span class='ocrx_word' id='word_1_57' title='bbox 1257 1014 1483 1068; x_wconf 87' lang='lat' dir='ltr'><strong>laudare</strong></span> <span class='ocrx_word' id='word_1_58' title='bbox 1504 1015 1715 1069; x_wconf 83' lang='lat' dir='ltr'><strong>subacti</strong></span> 
     </span>
    </p>
   </div>
   <div class='ocr_carea' id='block_1_10' title="bbox 485 1106 1994 1180">
    <p class='ocr_par' dir='ltr' id='par_1_10' title="bbox 485 1106 1994 1180">
     <span class='ocr_line' id='line_1_10' title="bbox 485 1106 1994 1180; baseline 0 -18"><span class='ocrx_word' id='word_1_59' title='bbox 485 1111 687 1179; x_wconf 84' lang='lat' dir='ltr'><strong>Legem</strong></span> <span class='ocrx_word' id='word_1_60' title='bbox 717 1122 841 1180; x_wconf 64' lang='lat' dir='ltr'><strong>quae</strong></span> <span class='ocrx_word' id='word_1_61' title='bbox 870 1107 1079 1162; x_wconf 92' lang='lat' dir='ltr'><strong>nullum</strong></span> <span class='ocrx_word' id='word_1_62' title='bbox 1111 1106 1358 1175; x_wconf 87' lang='lat' dir='ltr'><strong>impellat</strong></span> <span class='ocrx_word' id='word_1_63' title='bbox 1384 1106 1713 1178; x_wconf 88' lang='lat' dir='ltr'><strong>nullumque</strong></span> <span class='ocrx_word' id='word_1_64' title='bbox 1744 1108 1994 1178; x_wconf 86' lang='lat' dir='ltr'><strong>repellat.</strong></span> 
     </span>
    </p>
   </div>
   <div class='ocr_carea' id='block_1_11' title="bbox 488 1200 1752 1272">
    <p class='ocr_par' dir='ltr' id='par_1_11' title="bbox 488 1200 1752 1272">
     <span class='ocr_line' id='line_1_11' title="bbox 488 1200 1752 1272; baseline -0.002 -15"><span class='ocrx_word' id='word_1_65' title='bbox 488 1202 631 1257; x_wconf 88' lang='lat' dir='ltr'><strong>Urbe</strong></span> <span class='ocrx_word' id='word_1_66' title='bbox 654 1209 912 1258; x_wconf 87' lang='lat' dir='ltr'><strong>coronata</strong></span> <span class='ocrx_word' id='word_1_67' title='bbox 946 1200 1138 1255; x_wconf 72' lang='lat' dir='ltr'><strong>thbi</strong></span> <span class='ocrx_word' id='word_1_68' title='bbox 1173 1201 1264 1255; x_wconf 89' lang='lat' dir='ltr'><strong>lux</strong></span> <span class='ocrx_word' id='word_1_69' title='bbox 1287 1200 1540 1272; x_wconf 87' lang='lat' dir='ltr'><strong>lampade</strong></span> <span class='ocrx_word' id='word_1_70' title='bbox 1581 1201 1752 1255; x_wconf 86' lang='lat' dir='ltr'><strong>multa</strong></span> 
     </span>
    </p>
   </div>
   <div class='ocr_carea' id='block_1_12' title="bbox 487 1288 1868 1361">
    <p class='ocr_par' dir='ltr' id='par_1_12' title="bbox 487 1288 1868 1361">
     <span class='ocr_line' id='line_1_12' title="bbox 487 1288 1868 1361; baseline -0.001 -18"><span class='ocrx_word' id='word_1_71' title='bbox 487 1291 751 1357; x_wconf 86' lang='lat' dir='ltr'><strong>Vincitur,</strong></span> <span class='ocrx_word' id='word_1_72' title='bbox 777 1288 1070 1346; x_wconf 85' lang='lat' dir='ltr'><strong>Ecclesiam</strong></span> <span class='ocrx_word' id='word_1_73' title='bbox 1101 1289 1370 1361; x_wconf 89' lang='lat' dir='ltr'><strong>gratantia</strong></span> <span class='ocrx_word' id='word_1_74' title='bbox 1399 1289 1600 1361; x_wconf 85' lang='lat' dir='ltr'><strong>gaudia</strong></span> <span class='ocrx_word' id='word_1_75' title='bbox 1631 1289 1868 1360; x_wconf 86' lang='lat' dir='ltr'><strong>replent.</strong></span> 
     </span>
    </p>
   </div>
   <div class='ocr_carea' id='block_1_13' title="bbox 486 1381 1958 1453">
    <p class='ocr_par' dir='ltr' id='par_1_13' title="bbox 486 1381 1958 1453">
     <span class='ocr_line' id='line_1_13' title="bbox 486 1381 1958 1453; baseline -0.002 -15"><span class='ocrx_word' id='word_1_76' title='bbox 486 1383 808 1439; x_wconf 87' lang='lat' dir='ltr'><strong>Sanctorum</strong></span> <span class='ocrx_word' id='word_1_77' title='bbox 841 1382 1002 1437; x_wconf 90' lang='lat' dir='ltr'><strong>rutilo</strong></span> <span class='ocrx_word' id='word_1_78' title='bbox 1034 1387 1301 1436; x_wconf 91' lang='lat' dir='ltr'><strong>ornantur</strong></span> <span class='ocrx_word' id='word_1_79' title='bbox 1338 1381 1634 1450; x_wconf 89' lang='lat' dir='ltr'><strong>splendore</strong></span> <span class='ocrx_word' id='word_1_80' title='bbox 1674 1381 1958 1453; x_wconf 87' lang='lat' dir='ltr'><strong>sepulcra;</strong></span> 
     </span>
    </p>
   </div>
   <div class='ocr_carea' id='block_1_14' title="bbox 489 1471 1720 1535">
    <p class='ocr_par' dir='ltr' id='par_1_14' title="bbox 489 1471 1720 1535">
     <span class='ocr_line' id='line_1_14' title="bbox 489 1471 1720 1535; baseline -0.002 -8"><span class='ocrx_word' id='word_1_81' title='bbox 489 1472 701 1528; x_wconf 82' lang='lat' dir='ltr'><strong>Exsiliis</strong></span> <span class='ocrx_word' id='word_1_82' title='bbox 723 1471 856 1526; x_wconf 90' lang='lat' dir='ltr'><strong>trusi</strong></span> <span class='ocrx_word' id='word_1_83' title='bbox 890 1471 1038 1526; x_wconf 85' lang='lat' dir='ltr'><strong>claro</strong></span> <span class='ocrx_word' id='word_1_84' title='bbox 1069 1471 1172 1524; x_wconf 85' lang='lat' dir='ltr'><strong>sub</strong></span> <span class='ocrx_word' id='word_1_85' title='bbox 1204 1471 1414 1525; x_wconf 86' lang='lat' dir='ltr'><strong>honore</strong></span> <span class='ocrx_word' id='word_1_86' title='bbox 1435 1480 1720 1535; x_wconf 90' lang='lat' dir='ltr'><strong>vocantur,</strong></span> 
     </span>
    </p>
   </div>
   <div class='ocr_carea' id='block_1_15' title="bbox 486 1561 1729 1635">
    <p class='ocr_par' dir='ltr' id='par_1_15' title="bbox 486 1561 1729 1635">
     <span class='ocr_line' id='line_1_15' title="bbox 486 1561 1729 1635; baseline -0.002 -16"><span class='ocrx_word' id='word_1_87' title='bbox 486 1563 698 1635; x_wconf 86' lang='lat' dir='ltr'><strong>Quique</strong></span> <span class='ocrx_word' id='word_1_88' title='bbox 723 1578 825 1618; x_wconf 88' lang='lat' dir='ltr'><strong>sua</strong></span> <span class='ocrx_word' id='word_1_89' title='bbox 852 1561 960 1617; x_wconf 73' lang='lat' dir='ltr'><strong>laeti</strong></span> <span class='ocrx_word' id='word_1_90' title='bbox 995 1561 1168 1632; x_wconf 89' lang='lat' dir='ltr'><strong>patria</strong></span> <span class='ocrx_word' id='word_1_91' title='bbox 1197 1561 1476 1634; x_wconf 73' lang='lat' dir='ltr'><strong>gaudente</strong></span> <span class='ocrx_word' id='word_1_92' title='bbox 1501 1562 1729 1631; x_wconf 87' lang='lat' dir='ltr'><strong>recepti,</strong></span> 
     </span>
    </p>
   </div>
   <div class='ocr_carea' id='block_1_16' title="bbox 489 1649 1746 1728">
    <p class='ocr_par' dir='ltr' id='par_1_16' title="bbox 489 1649 1746 1728">
     <span class='ocr_line' id='line_1_16' title="bbox 489 1649 1746 1728; baseline -0.003 -18"><span class='ocrx_word' id='word_1_93' title='bbox 489 1653 653 1728; x_wconf 91' lang='lat' dir='ltr'><strong>Regis</strong></span> <span class='ocrx_word' id='word_1_94' title='bbox 681 1662 736 1708; x_wconf 90' lang='lat' dir='ltr'><strong>et</strong></span> <span class='ocrx_word' id='word_1_95' title='bbox 763 1651 921 1708; x_wconf 88' lang='lat' dir='ltr'><strong>asciti</strong></span> <span class='ocrx_word' id='word_1_96' title='bbox 950 1649 1162 1704; x_wconf 90' lang='lat' dir='ltr'><strong>meritis</strong></span> <span class='ocrx_word' id='word_1_97' title='bbox 1200 1658 1537 1706; x_wconf 81' lang='lat' dir='ltr'><strong>venerantur</strong></span> <span class='ocrx_word' id='word_1_98' title='bbox 1566 1652 1746 1706; x_wconf 90' lang='lat' dir='ltr'><strong>amici.</strong></span> 
     </span>
    </p>
   </div>
   <div class='ocr_carea' id='block_1_17' title="bbox 489 1742 1635 1819">
    <p class='ocr_par' dir='ltr' id='par_1_17' title="bbox 489 1742 1635 1819">
     <span class='ocr_line' id='line_1_17' title="bbox 489 1742 1635 1819; baseline -0.004 -18"><span class='ocrx_word' id='word_1_99' title='bbox 489 1748 701 1800; x_wconf 87' lang='lat' dir='ltr'><strong>Interea</strong></span> <span class='ocrx_word' id='word_1_100' title='bbox 739 1743 976 1819; x_wconf 86' lang='lat' dir='ltr'><strong>genitrix</strong></span> <span class='ocrx_word' id='word_1_101' title='bbox 1004 1742 1254 1816; x_wconf 81' lang='lat' dir='ltr'><strong>Augusti,</strong></span> <span class='ocrx_word' id='word_1_102' title='bbox 1288 1742 1493 1796; x_wconf 86' lang='lat' dir='ltr'><strong>femina</strong></span> <span class='ocrx_word' id='word_1_103' title='bbox 1521 1744 1635 1797; x_wconf 89' lang='lat' dir='ltr'><strong>veri</strong></span> 
     </span>
    </p>
   </div>
   <div class='ocr_carea' id='block_1_18' title="bbox 485 1831 1702 1902">
    <p class='ocr_par' dir='ltr' id='par_1_18' title="bbox 485 1831 1702 1902">
     <span class='ocr_line' id='line_1_18' title="bbox 485 1831 1702 1902; baseline -0.004 -12"><span class='ocrx_word' id='word_1_104' title='bbox 485 1833 808 1898; x_wconf 85' lang='lat' dir='ltr'><strong>Scrutatrix,</strong></span> <span class='ocrx_word' id='word_1_105' title='bbox 843 1833 1260 1902; x_wconf 83' lang='lat' dir='ltr'><strong>Hclcna‘partes</strong></span> <span class='ocrx_word' id='word_1_106' title='bbox 1292 1831 1557 1886; x_wconf 86' lang='lat' dir='ltr'><strong>lustrabat</strong></span> <span class='ocrx_word' id='word_1_107' title='bbox 1589 1832 1702 1898; x_wconf 88' lang='lat' dir='ltr'><strong>Eoi,</strong></span> 
     </span>
    </p>
   </div>
   <div class='ocr_carea' id='block_1_19' title="bbox 489 1921 1822 1996">
    <p class='ocr_par' dir='ltr' id='par_1_19' title="bbox 489 1921 1822 1996">
     <span class='ocr_line' id='line_1_19' title="bbox 489 1921 1822 1996; baseline -0.002 -19"><span class='ocrx_word' id='word_1_108' title='bbox 489 1923 781 1993; x_wconf 84' lang='lat' dir='ltr'><strong>Bebrycias</strong></span> <span class='ocrx_word' id='word_1_109' title='bbox 804 1938 1102 1995; x_wconf 84' lang='lat' dir='ltr'><strong>peragrans</strong></span> <span class='ocrx_word' id='word_1_110' title='bbox 1123 1921 1290 1975; x_wconf 86' lang='lat' dir='ltr'><strong>urbes</strong></span> <span class='ocrx_word' id='word_1_111' title='bbox 1313 1928 1366 1975; x_wconf 92' lang='lat' dir='ltr'><strong>et</strong></span> <span class='ocrx_word' id='word_1_112' title='bbox 1389 1937 1555 1993; x_wconf 80' lang='lat' dir='ltr'><strong>regna</strong></span> <span class='ocrx_word' id='word_1_113' title='bbox 1576 1922 1822 1996; x_wconf 74' lang='lat' dir='ltr'><strong>Pelasga,</strong></span> 
     </span>
    </p>
   </div>
   <div class='ocr_carea' id='block_1_20' title="bbox 489 2010 2009 2078">
    <p class='ocr_par' dir='ltr' id='par_1_20' title="bbox 489 2010 2009 2078">
     <span class='ocr_line' id='line_1_20' title="bbox 489 2010 2009 2078; baseline -0.001 -12"><span class='ocrx_word' id='word_1_114' title='bbox 489 2013 617 2078; x_wconf 68' lang='lat' dir='ltr'><strong>Qua:</strong></span> <span class='ocrx_word' id='word_1_115' title='bbox 657 2012 788 2065; x_wconf 92' lang='lat' dir='ltr'><strong>dum</strong></span> <span class='ocrx_word' id='word_1_116' title='bbox 823 2019 1067 2065; x_wconf 87' lang='lat' dir='ltr'><strong>monstra</strong></span> <span class='ocrx_word' id='word_1_117' title='bbox 1106 2011 1273 2064; x_wconf 91' lang='lat' dir='ltr'><strong>Deum</strong></span> <span class='ocrx_word' id='word_1_118' title='bbox 1306 2010 1556 2064; x_wconf 88' lang='lat' dir='ltr'><strong>venerari</strong></span> <span class='ocrx_word' id='word_1_119' title='bbox 1585 2019 1742 2064; x_wconf 86' lang='lat' dir='ltr'><strong>cauta</strong></span> <span class='ocrx_word' id='word_1_120' title='bbox 1770 2019 2009 2074; x_wconf 82' lang='lat' dir='ltr'><strong>renutat,</strong></span> 
     </span>
    </p>
   </div>
   <div class='ocr_carea' id='block_1_21' title="bbox 491 2103 1635 2179">
    <p class='ocr_par' dir='ltr' id='par_1_21' title="bbox 491 2103 1635 2179">
     <span class='ocr_line' id='line_1_21' title="bbox 491 2103 1635 2179; baseline -0.003 -19"><span class='ocrx_word' id='word_1_121' title='bbox 491 2107 692 2179; x_wconf 86' lang='lat' dir='ltr'><strong>Deligit</strong></span> <span class='ocrx_word' id='word_1_122' title='bbox 717 2115 989 2160; x_wconf 88' lang='lat' dir='ltr'><strong>astrorum</strong></span> <span class='ocrx_word' id='word_1_123' title='bbox 1019 2104 1132 2178; x_wconf 85' lang='lat' dir='ltr'><strong>regi</strong></span> <span class='ocrx_word' id='word_1_124' title='bbox 1163 2103 1478 2159; x_wconf 88' lang='lat' dir='ltr'><strong>famularicr</strong></span> <span class='ocrx_word' id='word_1_125' title='bbox 1509 2105 1635 2168; x_wconf 89' lang='lat' dir='ltr'><strong>uni;</strong></span> 
     </span>
    </p>
   </div>
   <div class='ocr_carea' id='block_1_22' title="bbox 491 2200 1729 2272">
    <p class='ocr_par' dir='ltr' id='par_1_22' title="bbox 491 2200 1729 2272">
     <span class='ocr_line' id='line_1_22' title="bbox 491 2200 1729 2272; baseline -0.002 -15"><span class='ocrx_word' id='word_1_126' title='bbox 491 2201 643 2258; x_wconf 90' lang='lat' dir='ltr'><strong>Unde</strong></span> <span class='ocrx_word' id='word_1_127' title='bbox 659 2201 850 2272; x_wconf 80' lang='lat' dir='ltr'><strong>favens</strong></span> <span class='ocrx_word' id='word_1_128' title='bbox 875 2200 1045 2255; x_wconf 89' lang='lat' dir='ltr'><strong>veteri</strong></span> <span class='ocrx_word' id='word_1_129' title='bbox 1069 2200 1260 2254; x_wconf 68' lang='lat' dir='ltr'><strong>Judzea</strong></span> <span class='ocrx_word' id='word_1_130' title='bbox 1292 2200 1542 2254; x_wconf 86' lang='lat' dir='ltr'><strong>litamina</strong></span> <span class='ocrx_word' id='word_1_131' title='bbox 1567 2207 1729 2255; x_wconf 58' lang='lat' dir='ltr'><strong>secta}</strong></span> 
     </span>
    </p>
   </div>
   <div class='ocr_carea' id='block_1_23' title="bbox 491 2291 1968 2361">
    <p class='ocr_par' dir='ltr' id='par_1_23' title="bbox 491 2291 1968 2361">
     <span class='ocr_line' id='line_1_23' title="bbox 491 2291 1968 2361; baseline -0.001 -14"><span class='ocrx_word' id='word_1_132' title='bbox 491 2291 1065 2356; x_wconf 86' lang='lat' dir='ltr'><strong>Censebatsectanda,</strong></span> <span class='ocrx_word' id='word_1_133' title='bbox 1106 2297 1406 2361; x_wconf 90' lang='lat' dir='ltr'><strong>monetque</strong></span> <span class='ocrx_word' id='word_1_134' title='bbox 1441 2291 1751 2346; x_wconf 87' lang='lat' dir='ltr'><strong>hortamine</strong></span> <span class='ocrx_word' id='word_1_135' title='bbox 1785 2299 1968 2346; x_wconf 86' lang='lat' dir='ltr'><strong>natum</strong></span> 
     </span>
    </p>
   </div>
   <div class='ocr_carea' id='block_1_24' title="bbox 490 2378 1826 2454">
    <p class='ocr_par' dir='ltr' id='par_1_24' title="bbox 490 2378 1826 2454">
     <span class='ocr_line' id='line_1_24' title="bbox 490 2378 1826 2454; baseline 0.001 -21"><span class='ocrx_word' id='word_1_136' title='bbox 490 2381 719 2434; x_wconf 88' lang='lat' dir='ltr'><strong>Sumere</strong></span> <span class='ocrx_word' id='word_1_137' title='bbox 745 2378 994 2433; x_wconf 53' lang='lat' dir='ltr'><strong>Mosaeam</strong></span> <span class='ocrx_word' id='word_1_138' title='bbox 1026 2379 1330 2449; x_wconf 89' lang='lat' dir='ltr'><strong>priscorum</strong></span> <span class='ocrx_word' id='word_1_139' title='bbox 1374 2379 1591 2432; x_wconf 80' lang='lat' dir='ltr'><strong>tramite</strong></span> <span class='ocrx_word' id='word_1_140' title='bbox 1623 2379 1826 2454; x_wconf 79' lang='lat' dir='ltr'><strong>legem,</strong></span> 
     </span>
    </p>
   </div>
   <div class='ocr_carea' id='block_1_25' title="bbox 493 2473 1876 2544">
    <p class='ocr_par' dir='ltr' id='par_1_25' title="bbox 493 2473 1876 2544">
     <span class='ocr_line' id='line_1_25' title="bbox 493 2473 1876 2544; baseline 0.001 -16"><span class='ocrx_word' id='word_1_141' title='bbox 493 2474 644 2529; x_wconf 85' lang='lat' dir='ltr'><strong>Haud</strong></span> <span class='ocrx_word' id='word_1_142' title='bbox 675 2474 824 2530; x_wconf 90' lang='lat' dir='ltr'><strong>credi</strong></span> <span class='ocrx_word' id='word_1_143' title='bbox 855 2473 1060 2528; x_wconf 90' lang='lat' dir='ltr'><strong>debere</strong></span> <span class='ocrx_word' id='word_1_144' title='bbox 1085 2475 1256 2527; x_wconf 91' lang='lat' dir='ltr'><strong>Deum</strong></span> <span class='ocrx_word' id='word_1_145' title='bbox 1294 2474 1632 2529; x_wconf 87' lang='lat' dir='ltr'><strong>cruciatibus</strong></span> <span class='ocrx_word' id='word_1_146' title='bbox 1674 2485 1876 2544; x_wconf 91' lang='lat' dir='ltr'><strong>actum,</strong></span> 
     </span>
    </p>
   </div>
   <div class='ocr_carea' id='block_1_26' title="bbox 493 2565 1723 2636">
    <p class='ocr_par' dir='ltr' id='par_1_26' title="bbox 493 2565 1723 2636">
     <span class='ocr_line' id='line_1_26' title="bbox 493 2565 1723 2636; baseline 0 -15"><span class='ocrx_word' id='word_1_147' title='bbox 493 2569 584 2623; x_wconf 84' lang='lat' dir='ltr'><strong>Ast</strong></span> <span class='ocrx_word' id='word_1_148' title='bbox 609 2567 688 2622; x_wconf 90' lang='lat' dir='ltr'><strong>illi</strong></span> <span class='ocrx_word' id='word_1_149' title='bbox 715 2567 902 2622; x_wconf 90' lang='lat' dir='ltr'><strong>divum</strong></span> <span class='ocrx_word' id='word_1_150' title='bbox 930 2565 1298 2620; x_wconf 86' lang='lat' dir='ltr'><strong>medicamina</strong></span> <span class='ocrx_word' id='word_1_151' title='bbox 1329 2565 1452 2620; x_wconf 73' lang='lat' dir='ltr'><strong>laeta</strong></span> <span class='ocrx_word' id='word_1_152' title='bbox 1483 2567 1723 2636; x_wconf 89' lang='lat' dir='ltr'><strong>repulsa.</strong></span> 
     </span>
    </p>
   </div>
   <div class='ocr_carea' id='block_1_27' title="bbox 493 2659 2019 2725">
    <p class='ocr_par' dir='ltr' id='par_1_27' title="bbox 493 2659 2019 2725">
     <span class='ocr_line' id='line_1_27' title="bbox 493 2659 2019 2725; baseline 0.001 -13"><span class='ocrx_word' id='word_1_153' title='bbox 493 2659 698 2714; x_wconf 88' lang='lat' dir='ltr'><strong>Gnatus</strong></span> <span class='ocrx_word' id='word_1_154' title='bbox 728 2659 797 2713; x_wconf 86' lang='lat' dir='ltr'><strong>ad</strong></span> <span class='ocrx_word' id='word_1_155' title='bbox 825 2659 963 2725; x_wconf 64' lang='lat' dir='ltr'><strong>haec,</strong></span> <span class='ocrx_word' id='word_1_156' title='bbox 995 2672 1209 2713; x_wconf 90' lang='lat' dir='ltr'><strong>summo</strong></span> <span class='ocrx_word' id='word_1_157' title='bbox 1246 2673 1370 2712; x_wconf 92' lang='lat' dir='ltr'><strong>sese</strong></span> <span class='ocrx_word' id='word_1_158' title='bbox 1394 2659 1772 2714; x_wconf 89' lang='lat' dir='ltr'><strong>moderamine</strong></span> <span class='ocrx_word' id='word_1_159' title='bbox 1804 2667 2019 2716; x_wconf 88' lang='lat' dir='ltr'><strong>vectum</strong></span> 
     </span>
    </p>
   </div>
   <div class='ocr_carea' id='block_1_28' title="bbox 494 2753 2010 2825">
    <p class='ocr_par' dir='ltr' id='par_1_28' title="bbox 494 2753 2010 2825">
     <span class='ocr_line' id='line_1_28' title="bbox 494 2753 2010 2825; baseline 0.001 -15"><span class='ocrx_word' id='word_1_160' title='bbox 494 2754 718 2810; x_wconf 82' lang='lat' dir='ltr'><strong>Culmen</strong></span> <span class='ocrx_word' id='word_1_161' title='bbox 750 2755 806 2808; x_wconf 93' lang='lat' dir='ltr'><strong>in</strong></span> <span class='ocrx_word' id='word_1_162' title='bbox 837 2753 1097 2809; x_wconf 90' lang='lat' dir='ltr'><strong>eximium</strong></span> <span class='ocrx_word' id='word_1_163' title='bbox 1129 2760 1390 2821; x_wconf 89' lang='lat' dir='ltr'><strong>tractans,</strong></span> <span class='ocrx_word' id='word_1_164' title='bbox 1421 2757 1736 2825; x_wconf 76' lang='lat' dir='ltr'><strong>praecedere</strong></span> <span class='ocrx_word' id='word_1_165' title='bbox 1769 2763 2010 2811; x_wconf 89' lang='lat' dir='ltr'><strong>mentem</strong></span> 
     </span>
    </p>
   </div>
   <div class='ocr_carea' id='block_1_29' title="bbox 496 2843 1844 2912">
    <p class='ocr_par' dir='ltr' id='par_1_29' title="bbox 496 2843 1844 2912">
     <span class='ocr_line' id='line_1_29' title="bbox 496 2843 1844 2912; baseline 0.001 -15"><span class='ocrx_word' id='word_1_166' title='bbox 496 2844 820 2911; x_wconf 88' lang='lat' dir='ltr'><strong>Humanam,</strong></span> <span class='ocrx_word' id='word_1_167' title='bbox 846 2853 905 2899; x_wconf 93' lang='lat' dir='ltr'><strong>ut</strong></span> <span class='ocrx_word' id='word_1_168' title='bbox 933 2843 1155 2910; x_wconf 66' lang='lat' dir='ltr'><strong>caelum,</strong></span> <span class='ocrx_word' id='word_1_169' title='bbox 1179 2849 1375 2912; x_wconf 86' lang='lat' dir='ltr'><strong>terras,</strong></span> <span class='ocrx_word' id='word_1_170' title='bbox 1403 2843 1590 2898; x_wconf 88' lang='lat' dir='ltr'><strong>divina</strong></span> <span class='ocrx_word' id='word_1_171' title='bbox 1622 2845 1844 2910; x_wconf 79' lang='lat' dir='ltr'><strong>fatetur,</strong></span> 
     </span>
    </p>
   </div>
   <div class='ocr_carea' id='block_1_30' title="bbox 495 2934 1880 3008">
    <p class='ocr_par' dir='ltr' id='par_1_30' title="bbox 495 2934 1880 3008">
     <span class='ocr_line' id='line_1_30' title="bbox 495 2934 1880 3008; baseline 0 -18"><span class='ocrx_word' id='word_1_172' title='bbox 495 2937 606 2992; x_wconf 84' lang='lat' dir='ltr'><strong>Nec</strong></span> <span class='ocrx_word' id='word_1_173' title='bbox 625 2952 792 3008; x_wconf 90' lang='lat' dir='ltr'><strong>quem</strong></span> <span class='ocrx_word' id='word_1_174' title='bbox 830 2934 1356 3008; x_wconf 88' lang='lat' dir='ltr'><strong>delegitdefendere</strong></span> <span class='ocrx_word' id='word_1_175' title='bbox 1387 2937 1615 2990; x_wconf 91' lang='lat' dir='ltr'><strong>numine</strong></span> <span class='ocrx_word' id='word_1_176' title='bbox 1648 2937 1880 3004; x_wconf 90' lang='lat' dir='ltr'><strong>cultum,</strong></span> 
     </span>
    </p>
   </div>
   <div class='ocr_carea' id='block_1_31' title="bbox 495 3022 1783 3095">
    <p class='ocr_par' dir='ltr' id='par_1_31' title="bbox 495 3022 1783 3095">
     <span class='ocr_line' id='line_1_31' title="bbox 495 3022 1783 3095; baseline -0.002 -15"><span class='ocrx_word' id='word_1_177' title='bbox 495 3025 573 3080; x_wconf 84' lang='lat' dir='ltr'><strong>Ne</strong></span> <span class='ocrx_word' id='word_1_178' title='bbox 591 3031 699 3079; x_wconf 88' lang='lat' dir='ltr'><strong>tam</strong></span> <span class='ocrx_word' id='word_1_179' title='bbox 729 3022 975 3095; x_wconf 66' lang='lat' dir='ltr'><strong>praecelsi</strong></span> <span class='ocrx_word' id='word_1_180' title='bbox 1009 3023 1144 3076; x_wconf 89' lang='lat' dir='ltr'><strong>ritus</strong></span> <span class='ocrx_word' id='word_1_181' title='bbox 1174 3023 1278 3076; x_wconf 90' lang='lat' dir='ltr'><strong>sibi</strong></span> <span class='ocrx_word' id='word_1_182' title='bbox 1312 3023 1561 3078; x_wconf 89' lang='lat' dir='ltr'><strong>conferat</strong></span> <span class='ocrx_word' id='word_1_183' title='bbox 1589 3041 1783 3092; x_wconf 80' lang='lat' dir='ltr'><strong>ausus,-</strong></span> 
     </span>
    </p>
   </div>
   <div class='ocr_carea' id='block_1_32' title="bbox 496 3109 1813 3184">
    <p class='ocr_par' dir='ltr' id='par_1_32' title="bbox 496 3109 1813 3184">
     <span class='ocr_line' id='line_1_32' title="bbox 496 3109 1813 3184; baseline 0 -15"><span class='ocrx_word' id='word_1_184' title='bbox 496 3115 757 3170; x_wconf 88' lang='lat' dir='ltr'><strong>Doctores</strong></span> <span class='ocrx_word' id='word_1_185' title='bbox 787 3119 840 3167; x_wconf 91' lang='lat' dir='ltr'><strong>at</strong></span> <span class='ocrx_word' id='word_1_186' title='bbox 871 3109 1225 3176; x_wconf 65' lang='lat' dir='ltr'><strong>Christicolae,</strong></span> <span class='ocrx_word' id='word_1_187' title='bbox 1260 3110 1554 3184; x_wconf 84' lang='lat' dir='ltr'><strong>gentisque</strong></span> <span class='ocrx_word' id='word_1_188' title='bbox 1588 3119 1813 3169; x_wconf 69' lang='lat' dir='ltr'><strong>vetustae</strong></span> 
     </span>
    </p>
   </div>
   <div class='ocr_carea' id='block_1_33' title="bbox 498 3203 1607 3263">
    <p class='ocr_par' dir='ltr' id='par_1_33' title="bbox 498 3203 1607 3263">
     <span class='ocr_line' id='line_1_33' title="bbox 498 3203 1607 3263; baseline -0.004 0"><span class='ocrx_word' id='word_1_189' title='bbox 498 3206 840 3263; x_wconf 89' lang='lat' dir='ltr'><strong>Conveniant</strong></span> <span class='ocrx_word' id='word_1_190' title='bbox 869 3203 1130 3260; x_wconf 90' lang='lat' dir='ltr'><strong>certaturi</strong></span> <span class='ocrx_word' id='word_1_191' title='bbox 1163 3203 1460 3258; x_wconf 90' lang='lat' dir='ltr'><strong>libramine</strong></span> <span class='ocrx_word' id='word_1_192' title='bbox 1492 3204 1607 3259; x_wconf 87' lang='lat' dir='ltr'><strong>veri</strong></span> 
     </span>
    </p>
   </div>
   <div class='ocr_carea' id='block_1_34' title="bbox 500 3295 1765 3373">
    <p class='ocr_par' dir='ltr' id='par_1_34' title="bbox 500 3295 1765 3373">
     <span class='ocr_line' id='line_1_34' title="bbox 500 3295 1765 3373; baseline -0.002 -18"><span class='ocrx_word' id='word_1_193' title='bbox 500 3299 644 3373; x_wconf 87' lang='lat' dir='ltr'><strong>Lege</strong></span> <span class='ocrx_word' id='word_1_194' title='bbox 673 3313 849 3361; x_wconf 89' lang='lat' dir='ltr'><strong>sacra,</strong></span> <span class='ocrx_word' id='word_1_195' title='bbox 873 3295 1028 3351; x_wconf 91' lang='lat' dir='ltr'><strong>libris</strong></span> <span class='ocrx_word' id='word_1_196' title='bbox 1049 3295 1249 3361; x_wconf 89' lang='lat' dir='ltr'><strong>cultus,</strong></span> <span class='ocrx_word' id='word_1_197' title='bbox 1281 3302 1337 3351; x_wconf 91' lang='lat' dir='ltr'><strong>et</strong></span> <span class='ocrx_word' id='word_1_198' title='bbox 1363 3295 1624 3370; x_wconf 84' lang='lat' dir='ltr'><strong>dogmate</strong></span> <span class='ocrx_word' id='word_1_199' title='bbox 1654 3298 1765 3354; x_wconf 88' lang='lat' dir='ltr'><strong>divi</strong></span> 
     </span>
    </p>
   </div>
   <div class='ocr_carea' id='block_1_35' title="bbox 500 3386 1764 3461">
    <p class='ocr_par' dir='ltr' id='par_1_35' title="bbox 500 3386 1764 3461">
     <span class='ocr_line' id='line_1_35' title="bbox 500 3386 1764 3461; baseline 0 -16"><span class='ocrx_word' id='word_1_200' title='bbox 500 3389 723 3446; x_wconf 89' lang='lat' dir='ltr'><strong>Alterna</strong></span> <span class='ocrx_word' id='word_1_201' title='bbox 745 3387 880 3461; x_wconf 91' lang='lat' dir='ltr'><strong>quid</strong></span> <span class='ocrx_word' id='word_1_202' title='bbox 904 3388 1241 3460; x_wconf 64' lang='lat' dir='ltr'><strong>praecipuum</strong></span> <span class='ocrx_word' id='word_1_203' title='bbox 1265 3387 1338 3442; x_wconf 89' lang='lat' dir='ltr'><strong>sit</strong></span> <span class='ocrx_word' id='word_1_204' title='bbox 1369 3386 1464 3443; x_wconf 92' lang='lat' dir='ltr'><strong>lite</strong></span> <span class='ocrx_word' id='word_1_205' title='bbox 1497 3391 1764 3457; x_wconf 82' lang='lat' dir='ltr'><strong>revolent,</strong></span> 
     </span>
    </p>
   </div>
   <div class='ocr_carea' id='block_1_36' title="bbox 501 3479 2010 3550">
    <p class='ocr_par' dir='ltr' id='par_1_36' title="bbox 501 3479 2010 3550">
     <span class='ocr_line' id='line_1_36' title="bbox 501 3479 2010 3550; baseline -0.002 -16"><span class='ocrx_word' id='word_1_206' title='bbox 501 3479 780 3534; x_wconf 90' lang='lat' dir='ltr'><strong>Cervicem</strong></span> <span class='ocrx_word' id='word_1_207' title='bbox 809 3479 897 3534; x_wconf 91' lang='lat' dir='ltr'><strong>cui</strong></span> <span class='ocrx_word' id='word_1_208' title='bbox 930 3495 1180 3534; x_wconf 92' lang='lat' dir='ltr'><strong>summus</strong></span> <span class='ocrx_word' id='word_1_209' title='bbox 1211 3495 1371 3550; x_wconf 85' lang='lat' dir='ltr'><strong>apex,</strong></span> <span class='ocrx_word' id='word_1_210' title='bbox 1405 3479 1492 3534; x_wconf 91' lang='lat' dir='ltr'><strong>cui</strong></span> <span class='ocrx_word' id='word_1_211' title='bbox 1526 3482 1727 3535; x_wconf 60' lang='lat' dir='ltr'><strong>saecula</strong></span> <span class='ocrx_word' id='word_1_212' title='bbox 1753 3481 2010 3537; x_wconf 88' lang='lat' dir='ltr'><strong>subdant.</strong></span> 
     </span>
    </p>
   </div>
   <div class='ocr_carea' id='block_1_37' title="bbox 503 3569 1766 3644">
    <p class='ocr_par' dir='ltr' id='par_1_37' title="bbox 503 3569 1766 3644">
     <span class='ocr_line' id='line_1_37' title="bbox 503 3569 1766 3644; baseline 0 -18"><span class='ocrx_word' id='word_1_213' title='bbox 503 3571 758 3642; x_wconf 81' lang='lat' dir='ltr'><strong>[Indique</strong></span> <span class='ocrx_word' id='word_1_214' title='bbox 788 3569 1048 3638; x_wconf 86' lang='lat' dir='ltr'><strong>Rabbini,</strong></span> <span class='ocrx_word' id='word_1_215' title='bbox 1081 3570 1588 3644; x_wconf 88' lang='lat' dir='ltr'><strong>legisquecitantur</strong></span> <span class='ocrx_word' id='word_1_216' title='bbox 1607 3572 1766 3626; x_wconf 89' lang='lat' dir='ltr'><strong>amici</strong></span> 
     </span>
    </p>
   </div>
   <div class='ocr_carea' id='block_1_38' title="bbox 503 3658 1959 3734">
    <p class='ocr_par' dir='ltr' id='par_1_38' title="bbox 503 3658 1959 3734">
     <span class='ocr_line' id='line_1_38' title="bbox 503 3658 1959 3734; baseline -0.001 -19"><span class='ocrx_word' id='word_1_217' title='bbox 503 3659 766 3727; x_wconf 85' lang='lat' dir='ltr'><strong>Carnalis,</strong></span> <span class='ocrx_word' id='word_1_218' title='bbox 800 3658 1105 3730; x_wconf 89' lang='lat' dir='ltr'><strong>superique</strong></span> <span class='ocrx_word' id='word_1_219' title='bbox 1132 3666 1436 3734; x_wconf 86' lang='lat' dir='ltr'><strong>gregantur</strong></span> <span class='ocrx_word' id='word_1_220' title='bbox 1463 3659 1724 3714; x_wconf 84' lang='lat' dir='ltr'><strong>Flaminis</strong></span> <span class='ocrx_word' id='word_1_221' title='bbox 1754 3661 1959 3729; x_wconf 88' lang='lat' dir='ltr'><strong>hostes,</strong></span> 
     </span>
    </p>
   </div>
   <div class='ocr_carea' id='block_1_39' title="bbox 503 3747 1908 3820">
    <p class='ocr_par' dir='ltr' id='par_1_39' title="bbox 503 3747 1908 3820">
     <span class='ocr_line' id='line_1_39' title="bbox 503 3747 1908 3820; baseline -0.001 -15"><span class='ocrx_word' id='word_1_222' title='bbox 503 3748 754 3805; x_wconf 89' lang='lat' dir='ltr'><strong>Culmina</strong></span> <span class='ocrx_word' id='word_1_223' title='bbox 783 3756 1089 3803; x_wconf 86' lang='lat' dir='ltr'><strong>sectantum</strong></span> <span class='ocrx_word' id='word_1_224' title='bbox 1123 3747 1310 3818; x_wconf 90' lang='lat' dir='ltr'><strong>paleas</strong></span> <span class='ocrx_word' id='word_1_225' title='bbox 1341 3747 1599 3802; x_wconf 91' lang='lat' dir='ltr'><strong>duodena</strong></span> <span class='ocrx_word' id='word_1_226' title='bbox 1631 3747 1908 3820; x_wconf 81' lang='lat' dir='ltr'><strong>leguntur,</strong></span> 
     </span>
    </p>
   </div>
   <div class='ocr_carea' id='block_1_40' title="bbox 502 3841 1750 3913">
    <p class='ocr_par' dir='ltr' id='par_1_40' title="bbox 502 3841 1750 3913">
     <span class='ocr_line' id='line_1_40' title="bbox 502 3841 1750 3913; baseline -0.002 -14"><span class='ocrx_word' id='word_1_227' title='bbox 502 3842 824 3899; x_wconf 79' lang='lat' dir='ltr'><strong>Romuleam</strong></span> <span class='ocrx_word' id='word_1_228' title='bbox 857 3842 1043 3896; x_wconf 56' lang='lat' dir='ltr'><strong>Graeco</strong></span> <span class='ocrx_word' id='word_1_229' title='bbox 1074 3841 1338 3913; x_wconf 88' lang='lat' dir='ltr'><strong>Latioque</strong></span> <span class='ocrx_word' id='word_1_230' title='bbox 1371 3841 1559 3913; x_wconf 90' lang='lat' dir='ltr'><strong>lepore</strong></span> <span class='ocrx_word' id='word_1_231' title='bbox 1593 3841 1750 3912; x_wconf 89' lang='lat' dir='ltr'><strong>politi</strong></span> 
     </span>
    </p>
   </div>
   <div class='ocr_carea' id='block_1_41' title="bbox 501 3929 1944 4004">
    <p class='ocr_par' dir='ltr' id='par_1_41' title="bbox 501 3929 1944 4004">
     <span class='ocr_line' id='line_1_41' title="bbox 501 3929 1944 4004; baseline 0.001 -18"><span class='ocrx_word' id='word_1_232' title='bbox 501 3932 712 4004; x_wconf 88' lang='lat' dir='ltr'><strong>Quique</strong></span> <span class='ocrx_word' id='word_1_233' title='bbox 740 3930 956 3986; x_wconf 85' lang='lat' dir='ltr'><strong>habiles</strong></span> <span class='ocrx_word' id='word_1_234' title='bbox 985 3929 1086 3986; x_wconf 85' lang='lat' dir='ltr'><strong>visi</strong></span> <span class='ocrx_word' id='word_1_235' title='bbox 1117 3929 1313 3985; x_wconf 68' lang='lat' dir='ltr'><strong>scriba:</strong></span> <span class='ocrx_word' id='word_1_236' title='bbox 1346 3930 1600 4003; x_wconf 86' lang='lat' dir='ltr'><strong>legantur</strong></span> <span class='ocrx_word' id='word_1_237' title='bbox 1630 3931 1697 3985; x_wconf 91' lang='lat' dir='ltr'><strong>ad</strong></span> <span class='ocrx_word' id='word_1_238' title='bbox 1729 3932 1944 3987; x_wconf 89' lang='lat' dir='ltr'><strong>urbem.</strong></span> 
     </span>
    </p>
   </div>
   <div class='ocr_carea' id='block_1_42' title="bbox 503 4021 1914 4095">
    <p class='ocr_par' dir='ltr' id='par_1_42' title="bbox 503 4021 1914 4095">
     <span class='ocr_line' id='line_1_42' title="bbox 503 4021 1914 4095; baseline 0 -16"><span class='ocrx_word' id='word_1_239' title='bbox 503 4025 616 4079; x_wconf 88' lang='lat' dir='ltr'><strong>lluc</strong></span> <span class='ocrx_word' id='word_1_240' title='bbox 640 4037 860 4095; x_wconf 90' lang='lat' dir='ltr'><strong>quoque</strong></span> <span class='ocrx_word' id='word_1_241' title='bbox 888 4021 1180 4093; x_wconf 80' lang='lat' dir='ltr'><strong>pontifices</strong></span> <span class='ocrx_word' id='word_1_242' title='bbox 1211 4021 1409 4081; x_wconf 86' lang='lat' dir='ltr'><strong>Christi</strong></span> <span class='ocrx_word' id='word_1_243' title='bbox 1441 4022 1646 4092; x_wconf 71' lang='lat' dir='ltr'><strong>pietate</strong></span> <span class='ocrx_word' id='word_1_244' title='bbox 1675 4025 1914 4079; x_wconf 88' lang='lat' dir='ltr'><strong>nitentes</strong></span> 
     </span>
    </p>
   </div>
   <div class='ocr_carea' id='block_1_43' title="bbox 503 4113 1692 4180">
    <p class='ocr_par' dir='ltr' id='par_1_43' title="bbox 503 4113 1692 4180">
     <span class='ocr_line' id='line_1_43' title="bbox 503 4113 1692 4180; baseline -0.002 -10"><span class='ocrx_word' id='word_1_245' title='bbox 503 4115 743 4172; x_wconf 80' lang='lat' dir='ltr'><strong>Sedibus</strong></span> <span class='ocrx_word' id='word_1_246' title='bbox 763 4114 922 4169; x_wconf 86' lang='lat' dir='ltr'><strong>asciti</strong></span> <span class='ocrx_word' id='word_1_247' title='bbox 950 4113 1118 4169; x_wconf 88' lang='lat' dir='ltr'><strong>variis</strong></span> <span class='ocrx_word' id='word_1_248' title='bbox 1143 4113 1198 4168; x_wconf 92' lang='lat' dir='ltr'><strong>in</strong></span> <span class='ocrx_word' id='word_1_249' title='bbox 1228 4113 1376 4168; x_wconf 90' lang='lat' dir='ltr'><strong>bella</strong></span> <span class='ocrx_word' id='word_1_250' title='bbox 1405 4121 1692 4180; x_wconf 84' lang='lat' dir='ltr'><strong>vocantur,</strong></span> 
     </span>
    </p>
   </div>
   <div class='ocr_carea' id='block_1_44' title="bbox 507 4202 1953 4278">
    <p class='ocr_par' dir='ltr' id='par_1_44' title="bbox 507 4202 1953 4278">
     <span class='ocr_line' id='line_1_44' title="bbox 507 4202 1953 4278; baseline -0.001 -17"><span class='ocrx_word' id='word_1_251' title='bbox 507 4208 758 4277; x_wconf 87' lang='lat' dir='ltr'><strong>Dumque</strong></span> <span class='ocrx_word' id='word_1_252' title='bbox 789 4203 900 4278; x_wconf 87' lang='lat' dir='ltr'><strong>legi</strong></span> <span class='ocrx_word' id='word_1_253' title='bbox 929 4202 1129 4258; x_wconf 89' lang='lat' dir='ltr'><strong>alterni</strong></span> <span class='ocrx_word' id='word_1_254' title='bbox 1161 4202 1271 4257; x_wconf 87' lang='lat' dir='ltr'><strong>litis</strong></span> <span class='ocrx_word' id='word_1_255' title='bbox 1299 4203 1392 4274; x_wconf 90' lang='lat' dir='ltr'><strong>qui</strong></span> <span class='ocrx_word' id='word_1_256' title='bbox 1420 4217 1634 4258; x_wconf 90' lang='lat' dir='ltr'><strong>summa</strong></span> <span class='ocrx_word' id='word_1_257' title='bbox 1660 4213 1953 4274; x_wconf 88' lang='lat' dir='ltr'><strong>capessant</strong></span> 
     </span>
    </p>
   </div>
   <div class='ocr_carea' id='block_1_45' title="bbox 506 4290 1833 4361">
    <p class='ocr_par' dir='ltr' id='par_1_45' title="bbox 506 4290 1833 4361">
     <span class='ocr_line' id='line_1_45' title="bbox 506 4290 1833 4361; baseline -0.002 -11"><span class='ocrx_word' id='word_1_258' title='bbox 506 4295 814 4350; x_wconf 88' lang='lat' dir='ltr'><strong>Censentur</strong></span> <span class='ocrx_word' id='word_1_259' title='bbox 838 4290 1037 4346; x_wconf 83' lang='lat' dir='ltr'><strong>Christi</strong></span> <span class='ocrx_word' id='word_1_260' title='bbox 1066 4290 1278 4354; x_wconf 85' lang='lat' dir='ltr'><strong>famuli,</strong></span> <span class='ocrx_word' id='word_1_261' title='bbox 1308 4291 1662 4361; x_wconf 84' lang='lat' dir='ltr'><strong>Sylvesterin</strong></span> <span class='ocrx_word' id='word_1_262' title='bbox 1700 4307 1833 4348; x_wconf 50' lang='lat' dir='ltr'><strong>uno.</strong></span> 
     </span>
    </p>
   </div>
   <div class='ocr_carea' id='block_1_46' title="bbox 504 4381 1916 4456">
    <p class='ocr_par' dir='ltr' id='par_1_46' title="bbox 504 4381 1916 4456">
     <span class='ocr_line' id='line_1_46' title="bbox 504 4381 1916 4456; baseline 0.001 -16"><span class='ocrx_word' id='word_1_263' title='bbox 504 4387 669 4456; x_wconf 91' lang='lat' dir='ltr'><strong>Spem</strong></span> <span class='ocrx_word' id='word_1_264' title='bbox 701 4384 840 4438; x_wconf 82' lang='lat' dir='ltr'><strong>fixus</strong></span> <span class='ocrx_word' id='word_1_265' title='bbox 867 4382 1102 4438; x_wconf 90' lang='lat' dir='ltr'><strong>Domino</strong></span> <span class='ocrx_word' id='word_1_266' title='bbox 1132 4381 1219 4436; x_wconf 87' lang='lat' dir='ltr'><strong>bis</strong></span> <span class='ocrx_word' id='word_1_267' title='bbox 1247 4382 1398 4438; x_wconf 92' lang='lat' dir='ltr'><strong>senis</strong></span> <span class='ocrx_word' id='word_1_268' title='bbox 1427 4399 1487 4438; x_wconf 92' lang='lat' dir='ltr'><strong>se</strong></span> <span class='ocrx_word' id='word_1_269' title='bbox 1515 4383 1705 4452; x_wconf 86' lang='lat' dir='ltr'><strong>objicit</strong></span> <span class='ocrx_word' id='word_1_270' title='bbox 1725 4401 1916 4441; x_wconf 91' lang='lat' dir='ltr'><strong>unum.</strong></span> 
     </span>
    </p>
   </div>
   <div class='ocr_carea' id='block_1_47' title="bbox 507 4477 1843 4548">
    <p class='ocr_par' dir='ltr' id='par_1_47' title="bbox 507 4477 1843 4548">
     <span class='ocr_line' id='line_1_47' title="bbox 507 4477 1843 4548; baseline 0.001 -15"><span class='ocrx_word' id='word_1_271' title='bbox 507 4479 637 4534; x_wconf 87' lang='lat' dir='ltr'><strong>Pars</strong></span> <span class='ocrx_word' id='word_1_272' title='bbox 664 4478 896 4533; x_wconf 87' lang='lat' dir='ltr'><strong>adversa</strong></span> <span class='ocrx_word' id='word_1_273' title='bbox 926 4477 1041 4531; x_wconf 91' lang='lat' dir='ltr'><strong>suis</strong></span> <span class='ocrx_word' id='word_1_274' title='bbox 1066 4477 1298 4532; x_wconf 91' lang='lat' dir='ltr'><strong>horrens</strong></span> <span class='ocrx_word' id='word_1_275' title='bbox 1322 4479 1636 4548; x_wconf 89' lang='lat' dir='ltr'><strong>superarier</strong></span> <span class='ocrx_word' id='word_1_276' title='bbox 1655 4479 1843 4544; x_wconf 88' lang='lat' dir='ltr'><strong>armis,</strong></span> 
     </span>
    </p>
   </div>
   <div class='ocr_carea' id='block_1_48' title="bbox 509 4567 2056 4643">
    <p class='ocr_par' dir='ltr' id='par_1_48' title="bbox 509 4567 2056 4643">
     <span class='ocr_line' id='line_1_48' title="bbox 509 4567 2056 4643; baseline 0.003 -19"><span class='ocrx_word' id='word_1_277' title='bbox 509 4569 631 4625; x_wconf 66' lang='lat' dir='ltr'><strong>Haec</strong></span> <span class='ocrx_word' id='word_1_278' title='bbox 660 4567 917 4640; x_wconf 85' lang='lat' dir='ltr'><strong>prohibet</strong></span> <span class='ocrx_word' id='word_1_279' title='bbox 938 4567 1124 4642; x_wconf 87' lang='lat' dir='ltr'><strong>tangi;</strong></span> <span class='ocrx_word' id='word_1_280' title='bbox 1160 4567 1335 4622; x_wconf 72' lang='lat' dir='ltr'><strong>Caesar</strong></span> <span class='ocrx_word' id='word_1_281' title='bbox 1365 4570 1562 4639; x_wconf 84' lang='lat' dir='ltr'><strong>probat</strong></span> <span class='ocrx_word' id='word_1_282' title='bbox 1585 4578 1714 4642; x_wconf 88' lang='lat' dir='ltr'><strong>apta</strong></span> <span class='ocrx_word' id='word_1_283' title='bbox 1746 4571 2056 4643; x_wconf 87' lang='lat' dir='ltr'><strong>triumpho:</strong></span> 
     </span>
    </p>
   </div>
   <div class='ocr_carea' id='block_1_49' title="bbox 506 4656 1916 4727">
    <p class='ocr_par' dir='ltr' id='par_1_49' title="bbox 506 4656 1916 4727">
     <span class='ocr_line' id='line_1_49' title="bbox 506 4656 1916 4727; baseline 0.001 -13"><span class='ocrx_word' id='word_1_284' title='bbox 506 4659 636 4714; x_wconf 86' lang='lat' dir='ltr'><strong>Pars</strong></span> <span class='ocrx_word' id='word_1_285' title='bbox 664 4657 888 4713; x_wconf 90' lang='lat' dir='ltr'><strong>inimica</strong></span> <span class='ocrx_word' id='word_1_286' title='bbox 916 4656 1035 4711; x_wconf 88' lang='lat' dir='ltr'><strong>suis</strong></span> <span class='ocrx_word' id='word_1_287' title='bbox 1073 4656 1203 4711; x_wconf 92' lang='lat' dir='ltr'><strong>dum</strong></span> <span class='ocrx_word' id='word_1_288' title='bbox 1235 4659 1500 4713; x_wconf 91' lang='lat' dir='ltr'><strong>sternitur</strong></span> <span class='ocrx_word' id='word_1_289' title='bbox 1529 4660 1730 4716; x_wconf 89' lang='lat' dir='ltr'><strong>obruta</strong></span> <span class='ocrx_word' id='word_1_290' title='bbox 1767 4661 1916 4727; x_wconf 90' lang='lat' dir='ltr'><strong>telis,</strong></span> 
     </span>
    </p>
   </div>
   <div class='ocr_carea' id='block_1_50' title="bbox 505 4751 1933 4826">
    <p class='ocr_par' dir='ltr' id='par_1_50' title="bbox 505 4751 1933 4826">
     <span class='ocr_line' id='line_1_50' title="bbox 505 4751 1933 4826; baseline 0 -17"><span class='ocrx_word' id='word_1_291' title='bbox 505 4753 794 4809; x_wconf 59' lang='lat' dir='ltr'><strong>{Ethereus</strong></span> <span class='ocrx_word' id='word_1_292' title='bbox 810 4751 1096 4824; x_wconf 82' lang='lat' dir='ltr'><strong>consurgit</strong></span> <span class='ocrx_word' id='word_1_293' title='bbox 1121 4767 1286 4824; x_wconf 72' lang='lat' dir='ltr'><strong>agon,</strong></span> <span class='ocrx_word' id='word_1_294' title='bbox 1317 4754 1644 4826; x_wconf 90' lang='lat' dir='ltr'><strong>capiturque</strong></span> <span class='ocrx_word' id='word_1_295' title='bbox 1666 4755 1933 4810; x_wconf 90' lang='lat' dir='ltr'><strong>duellum.</strong></span> 
     </span>
    </p>
   </div>
   <div class='ocr_carea' id='block_1_51' title="bbox 509 4847 2057 4920">
    <p class='ocr_par' dir='ltr' id='par_1_51' title="bbox 509 4847 2057 4920">
     <span class='ocr_line' id='line_1_51' title="bbox 509 4847 2057 4920; baseline 0.004 -20"><span class='ocrx_word' id='word_1_296' title='bbox 509 4871 533 4900; x_wconf 80' lang='grc' dir='ltr'>α</span> <span class='ocrx_word' id='word_1_297' title='bbox 581 4849 967 4920; x_wconf 89' lang='lat' dir='ltr'><strong>Blasphemant</strong></span> <span class='ocrx_word' id='word_1_298' title='bbox 994 4847 1180 4902; x_wconf 90' lang='lat' dir='ltr'><strong>stolidi</strong></span> <span class='ocrx_word' id='word_1_299' title='bbox 1213 4855 1322 4902; x_wconf 90' lang='lat' dir='ltr'><strong>tres</strong></span> <span class='ocrx_word' id='word_1_300' title='bbox 1352 4864 1456 4904; x_wconf 87' lang='lat' dir='ltr'><strong>nos</strong></span> <span class='ocrx_word' id='word_1_301' title='bbox 1495 4865 1652 4904; x_wconf 89' lang='lat' dir='ltr'><strong>orare</strong></span> <span class='ocrx_word' id='word_1_302' title='bbox 1692 4850 1985 4906; x_wconf 86' lang='lat' dir='ltr'><strong>Tonantes.</strong></span> <span class='ocrx_word' id='word_1_303' title='bbox 2035 4876 2057 4896; x_wconf 78' lang='grc' dir='ltr'><strong>υ</strong></span> 
     </span>
    </p>
   </div>
   <div class='ocr_carea' id='block_1_52' title="bbox 505 4941 1906 5014">
    <p class='ocr_par' dir='ltr' id='par_1_52' title="bbox 505 4941 1906 5014">
     <span class='ocr_line' id='line_1_52' title="bbox 505 4941 1906 5014; baseline 0.001 -18"><span class='ocrx_word' id='word_1_304' title='bbox 505 4942 649 5013; x_wconf 89' lang='lat' dir='ltr'><strong>Papa</strong></span> <span class='ocrx_word' id='word_1_305' title='bbox 679 4941 833 4996; x_wconf 87' lang='lat' dir='ltr'><strong>libris</strong></span> <span class='ocrx_word' id='word_1_306' title='bbox 853 4941 1045 5012; x_wconf 89' lang='lat' dir='ltr'><strong>pandit</strong></span> <span class='ocrx_word' id='word_1_307' title='bbox 1073 4942 1268 5014; x_wconf 88' lang='lat' dir='ltr'><strong>priscis</strong></span> <span class='ocrx_word' id='word_1_308' title='bbox 1291 4943 1396 4998; x_wconf 90' lang='lat' dir='ltr'><strong>tria</strong></span> <span class='ocrx_word' id='word_1_309' title='bbox 1424 4941 1658 4997; x_wconf 90' lang='lat' dir='ltr'><strong>Numine</strong></span> <span class='ocrx_word' id='word_1_310' title='bbox 1687 4957 1906 4997; x_wconf 92' lang='lat' dir='ltr'><strong>summo</strong></span> 
     </span>
    </p>
   </div>
   <div class='ocr_carea' id='block_1_53' title="bbox 508 5031 1986 5106">
    <p class='ocr_par' dir='ltr' id='par_1_53' title="bbox 508 5031 1986 5106">
     <span class='ocr_line' id='line_1_53' title="bbox 508 5031 1986 5106; baseline 0 -18"><span class='ocrx_word' id='word_1_311' title='bbox 508 5032 833 5105; x_wconf 90' lang='lat' dir='ltr'><strong>Complecti,</strong></span> <span class='ocrx_word' id='word_1_312' title='bbox 866 5041 1155 5106; x_wconf 88' lang='lat' dir='ltr'><strong>totumque</strong></span> <span class='ocrx_word' id='word_1_313' title='bbox 1182 5048 1400 5090; x_wconf 88' lang='lat' dir='ltr'><strong>creasse</strong></span> <span class='ocrx_word' id='word_1_314' title='bbox 1443 5031 1763 5088; x_wconf 88' lang='lat' dir='ltr'><strong>triformiter</strong></span> <span class='ocrx_word' id='word_1_315' title='bbox 1787 5034 1986 5099; x_wconf 91' lang='lat' dir='ltr'><strong>Unum,</strong></span> 
     </span>
    </p>
   </div>
   <div class='ocr_carea' id='block_1_54' title="bbox 503 5124 1914 5197">
    <p class='ocr_par' dir='ltr' id='par_1_54' title="bbox 503 5124 1914 5197">
     <span class='ocr_line' id='line_1_54' title="bbox 503 5124 1914 5197; baseline 0.001 -17"><span class='ocrx_word' id='word_1_316' title='bbox 503 5125 604 5191; x_wconf 86' lang='lat' dir='ltr'><strong>Qui</strong></span> <span class='ocrx_word' id='word_1_317' title='bbox 634 5124 740 5180; x_wconf 88' lang='lat' dir='ltr'><strong>sibi</strong></span> <span class='ocrx_word' id='word_1_318' title='bbox 774 5124 851 5180; x_wconf 92' lang='lat' dir='ltr'><strong>nil</strong></span> <span class='ocrx_word' id='word_1_319' title='bbox 881 5125 1068 5197; x_wconf 88' lang='lat' dir='ltr'><strong>dispar</strong></span> <span class='ocrx_word' id='word_1_320' title='bbox 1087 5126 1336 5194; x_wconf 89' lang='lat' dir='ltr'><strong>majusve</strong></span> <span class='ocrx_word' id='word_1_321' title='bbox 1366 5124 1620 5179; x_wconf 85' lang='lat' dir='ltr'><strong>minusve</strong></span> <span class='ocrx_word' id='word_1_322' title='bbox 1650 5133 1914 5197; x_wconf 88' lang='lat' dir='ltr'><strong>receptet.</strong></span> 
     </span>
    </p>
   </div>
   <div class='ocr_carea' id='block_1_55' title="bbox 505 5212 1820 5288">
    <p class='ocr_par' dir='ltr' id='par_1_55' title="bbox 505 5212 1820 5288">
     <span class='ocr_line' id='line_1_55' title="bbox 505 5212 1820 5288; baseline 0.001 -19"><span class='ocrx_word' id='word_1_323' title='bbox 505 5213 622 5270; x_wconf 92' lang='lat' dir='ltr'><strong>Uno</strong></span> <span class='ocrx_word' id='word_1_324' title='bbox 649 5215 757 5270; x_wconf 87' lang='lat' dir='ltr'><strong>hoc</strong></span> <span class='ocrx_word' id='word_1_325' title='bbox 780 5212 917 5270; x_wconf 89' lang='lat' dir='ltr'><strong>eliso</strong></span> <span class='ocrx_word' id='word_1_326' title='bbox 947 5213 1206 5288; x_wconf 79' lang='lat' dir='ltr'><strong>geminus</strong></span> <span class='ocrx_word' id='word_1_327' title='bbox 1231 5213 1601 5285; x_wconf 89' lang='lat' dir='ltr'><strong>prosternitur</strong></span> <span class='ocrx_word' id='word_1_328' title='bbox 1631 5215 1820 5270; x_wconf 76' lang='lat' dir='ltr'><strong>hostis.</strong></span> 
     </span>
    </p>
   </div>
   <div class='ocr_carea' id='block_1_56' title="bbox 503 5305 1721 5377">
    <p class='ocr_par' dir='ltr' id='par_1_56' title="bbox 503 5305 1721 5377">
     <span class='ocr_line' id='line_1_56' title="bbox 503 5305 1721 5377; baseline 0.002 -18"><span class='ocrx_word' id='word_1_329' title='bbox 503 5305 780 5376; x_wconf 85' lang='lat' dir='ltr'><strong>Objieiunt</strong></span> <span class='ocrx_word' id='word_1_330' title='bbox 796 5305 984 5362; x_wconf 82' lang='lat' dir='ltr'><strong>Jesum</strong></span> <span class='ocrx_word' id='word_1_331' title='bbox 1016 5305 1286 5362; x_wconf 87' lang='lat' dir='ltr'><strong>Christum</strong></span> <span class='ocrx_word' id='word_1_332' title='bbox 1309 5306 1514 5377; x_wconf 87' lang='lat' dir='ltr'><strong>pericla</strong></span> <span class='ocrx_word' id='word_1_333' title='bbox 1533 5307 1721 5361; x_wconf 91' lang='lat' dir='ltr'><strong>tulisse</strong></span> 
     </span>
    </p>
   </div>
   <div class='ocr_carea' id='block_1_57' title="bbox 504 5400 1877 5473">
    <p class='ocr_par' dir='ltr' id='par_1_57' title="bbox 504 5400 1877 5473">
     <span class='ocr_line' id='line_1_57' title="bbox 504 5400 1877 5473; baseline 0.001 -18"><span class='ocrx_word' id='word_1_334' title='bbox 504 5400 677 5473; x_wconf 86' lang='lat' dir='ltr'><strong>quue</strong></span> <span class='ocrx_word' id='word_1_335' title='bbox 715 5407 1029 5473; x_wconf 87' lang='lat' dir='ltr'><strong>peroratum</strong></span> <span class='ocrx_word' id='word_1_336' title='bbox 1065 5401 1369 5472; x_wconf 90' lang='lat' dir='ltr'><strong>priscorum</strong></span> <span class='ocrx_word' id='word_1_337' title='bbox 1419 5401 1680 5472; x_wconf 89' lang='lat' dir='ltr'><strong>panditur</strong></span> <span class='ocrx_word' id='word_1_338' title='bbox 1716 5403 1877 5471; x_wconf 91' lang='lat' dir='ltr'><strong>orsis,</strong></span> 
     </span>
    </p>
   </div>
   <div class='ocr_carea' id='block_1_58' title="bbox 502 5488 1851 5561">
    <p class='ocr_par' dir='ltr' id='par_1_58' title="bbox 502 5488 1851 5561">
     <span class='ocr_line' id='line_1_58' title="bbox 502 5488 1851 5561; baseline 0.003 -19"><span class='ocrx_word' id='word_1_339' title='bbox 502 5488 694 5544; x_wconf 88' lang='lat' dir='ltr'><strong>Omnia</strong></span> <span class='ocrx_word' id='word_1_340' title='bbox 715 5504 839 5561; x_wconf 69' lang='lat' dir='ltr'><strong>quae</strong></span> <span class='ocrx_word' id='word_1_341' title='bbox 867 5489 1076 5544; x_wconf 90' lang='lat' dir='ltr'><strong>Christo</strong></span> <span class='ocrx_word' id='word_1_342' title='bbox 1104 5488 1262 5544; x_wconf 89' lang='lat' dir='ltr'><strong>factis</strong></span> <span class='ocrx_word' id='word_1_343' title='bbox 1285 5489 1591 5560; x_wconf 89' lang='lat' dir='ltr'><strong>implentur</strong></span> <span class='ocrx_word' id='word_1_344' title='bbox 1621 5490 1676 5544; x_wconf 93' lang='lat' dir='ltr'><strong>in</strong></span> <span class='ocrx_word' id='word_1_345' title='bbox 1708 5507 1851 5557; x_wconf 89' lang='lat' dir='ltr'><strong>uno;</strong></span> 
     </span>
    </p>
   </div>
   <div class='ocr_carea' id='block_1_59' title="bbox 503 5578 1826 5654">
    <p class='ocr_par' dir='ltr' id='par_1_59' title="bbox 503 5578 1826 5654">
     <span class='ocr_line' id='line_1_59' title="bbox 503 5578 1826 5654; baseline -0.001 -20"><span class='ocrx_word' id='word_1_346' title='bbox 503 5579 776 5636; x_wconf 85' lang='lat' dir='ltr'><strong>Promitur</strong></span> <span class='ocrx_word' id='word_1_347' title='bbox 793 5578 1066 5635; x_wconf 86' lang='lat' dir='ltr'><strong>adventus</strong></span> <span class='ocrx_word' id='word_1_348' title='bbox 1106 5588 1164 5635; x_wconf 90' lang='lat' dir='ltr'><strong>et</strong></span> <span class='ocrx_word' id='word_1_349' title='bbox 1187 5595 1348 5635; x_wconf 90' lang='lat' dir='ltr'><strong>causa</strong></span> <span class='ocrx_word' id='word_1_350' title='bbox 1384 5588 1574 5654; x_wconf 88' lang='lat' dir='ltr'><strong>rogata</strong></span> <span class='ocrx_word' id='word_1_351' title='bbox 1601 5579 1826 5649; x_wconf 88' lang='lat' dir='ltr'><strong>laboris,</strong></span> 
     </span>
    </p>
   </div>
   <div class='ocr_carea' id='block_1_60' title="bbox 507 5671 1816 5746">
    <p class='ocr_par' dir='ltr' id='par_1_60' title="bbox 507 5671 1816 5746">
     <span class='ocr_line' id='line_1_60' title="bbox 507 5671 1816 5746; baseline 0.004 -22"><span class='ocrx_word' id='word_1_352' title='bbox 507 5671 682 5742; x_wconf 87' lang='lat' dir='ltr'><strong>thue</strong></span> <span class='ocrx_word' id='word_1_353' title='bbox 694 5671 787 5727; x_wconf 85' lang='lat' dir='ltr'><strong>Dei</strong></span> <span class='ocrx_word' id='word_1_354' title='bbox 813 5680 1014 5746; x_wconf 81' lang='lat' dir='ltr'><strong>gnatus</strong></span> <span class='ocrx_word' id='word_1_355' title='bbox 1045 5671 1284 5728; x_wconf 89' lang='lat' dir='ltr'><strong>hominis</strong></span> <span class='ocrx_word' id='word_1_356' title='bbox 1310 5671 1620 5743; x_wconf 87' lang='lat' dir='ltr'><strong>susceperit</strong></span> <span class='ocrx_word' id='word_1_357' title='bbox 1649 5678 1816 5729; x_wconf 89' lang='lat' dir='ltr'><strong>artus.</strong></span> 
     </span>
    </p>
   </div>
   <div class='ocr_carea' id='block_1_61' title="bbox 2146 4442 2210 4515">
    <p class='ocr_par' dir='ltr' id='par_1_61' title="bbox 2146 4442 2210 4515">
     <span class='ocr_line' id='line_1_61' title="bbox 2146 4442 2210 4515; baseline 0 0"><span class='ocrx_word' id='word_1_358' title='bbox 2146 4442 2210 4515; x_wconf 93' lang='lat' dir='ltr'><strong>D</strong></span> 
     </span>
    </p>
   </div>
   <div class='ocr_carea' id='block_1_62' title="bbox 2125 368 3473 441">
    <p class='ocr_par' dir='ltr' id='par_1_62' title="bbox 2125 368 3473 441">
     <span class='ocr_line' id='line_1_62' title="bbox 2125 368 3473 441; baseline 0.001 -18"><span class='ocrx_word' id='word_1_359' title='bbox 2125 374 2173 440; x_wconf 83' lang='grc' dir='ltr'>Α</span> <span class='ocrx_word' id='word_1_360' title='bbox 2203 369 2324 424; x_wconf 80' lang='lat' dir='ltr'><strong>Haec</strong></span> <span class='ocrx_word' id='word_1_361' title='bbox 2344 385 2499 425; x_wconf 86' lang='lat' dir='ltr'><strong>sacer</strong></span> <span class='ocrx_word' id='word_1_362' title='bbox 2525 385 2808 441; x_wconf 86' lang='lat' dir='ltr'><strong>exponens</strong></span> <span class='ocrx_word' id='word_1_363' title='bbox 2838 369 2963 424; x_wconf 89' lang='lat' dir='ltr'><strong>diva</strong></span> <span class='ocrx_word' id='word_1_364' title='bbox 2983 368 3197 424; x_wconf 89' lang='lat' dir='ltr'><strong>ratione</strong></span> <span class='ocrx_word' id='word_1_365' title='bbox 3227 369 3473 437; x_wconf 85' lang='lat' dir='ltr'><strong>resolvit,</strong></span> 
     </span>
    </p>
   </div>
   <div class='ocr_carea' id='block_1_63' title="bbox 2202 462 3469 519">
    <p class='ocr_par' dir='ltr' id='par_1_63' title="bbox 2202 462 3469 519">
     <span class='ocr_line' id='line_1_63' title="bbox 2202 462 3469 519; baseline 0.001 -2"><span class='ocrx_word' id='word_1_366' title='bbox 2202 463 2450 518; x_wconf 63' lang='lat' dir='ltr'><strong>IEmulus</strong></span> <span class='ocrx_word' id='word_1_367' title='bbox 2482 471 2536 518; x_wconf 92' lang='lat' dir='ltr'><strong>et</strong></span> <span class='ocrx_word' id='word_1_368' title='bbox 2559 462 2704 518; x_wconf 87' lang='lat' dir='ltr'><strong>veris</strong></span> <span class='ocrx_word' id='word_1_369' title='bbox 2736 463 2988 519; x_wconf 88' lang='lat' dir='ltr'><strong>tradebat</strong></span> <span class='ocrx_word' id='word_1_370' title='bbox 3009 462 3150 517; x_wconf 90' lang='lat' dir='ltr'><strong>colla</strong></span> <span class='ocrx_word' id='word_1_371' title='bbox 3183 463 3469 519; x_wconf 89' lang='lat' dir='ltr'><strong>tumultus.</strong></span> 
     </span>
    </p>
   </div>
   <div class='ocr_carea' id='block_1_64' title="bbox 2205 556 3472 628">
    <p class='ocr_par' dir='ltr' id='par_1_64' title="bbox 2205 556 3472 628">
     <span class='ocr_line' id='line_1_64' title="bbox 2205 556 3472 628; baseline -0.001 -17"><span class='ocrx_word' id='word_1_372' title='bbox 2205 557 2494 612; x_wconf 89' lang='lat' dir='ltr'><strong>Restiterat</strong></span> <span class='ocrx_word' id='word_1_373' title='bbox 2525 559 2675 613; x_wconf 91' lang='lat' dir='ltr'><strong>solus</strong></span> <span class='ocrx_word' id='word_1_374' title='bbox 2704 558 2834 612; x_wconf 92' lang='lat' dir='ltr'><strong>belli</strong></span> <span class='ocrx_word' id='word_1_375' title='bbox 2865 556 3220 613; x_wconf 87' lang='lat' dir='ltr'><strong>conﬂictibus</strong></span> <span class='ocrx_word' id='word_1_376' title='bbox 3251 571 3472 628; x_wconf 76' lang='lat' dir='ltr'><strong>expers,</strong></span> 
     </span>
    </p>
   </div>
   <div class='ocr_carea' id='block_1_65' title="bbox 2206 653 3380 718">
    <p class='ocr_par' dir='ltr' id='par_1_65' title="bbox 2206 653 3380 718">
     <span class='ocr_line' id='line_1_65' title="bbox 2206 653 3380 718; baseline 0.002 -10"><span class='ocrx_word' id='word_1_377' title='bbox 2206 657 2268 708; x_wconf 88' lang='lat' dir='ltr'><strong>At</strong></span> <span class='ocrx_word' id='word_1_378' title='bbox 2292 655 2625 709; x_wconf 65' lang='lat' dir='ltr'><strong>Zoroastrzeo</strong></span> <span class='ocrx_word' id='word_1_379' title='bbox 2654 655 2806 710; x_wconf 90' lang='lat' dir='ltr'><strong>nisus</strong></span> <span class='ocrx_word' id='word_1_380' title='bbox 2831 653 3119 710; x_wconf 90' lang='lat' dir='ltr'><strong>molimine</strong></span> <span class='ocrx_word' id='word_1_381' title='bbox 3144 655 3380 718; x_wconf 85' lang='lat' dir='ltr'><strong>Zambri,</strong></span> 
     </span>
    </p>
   </div>
   <div class='ocr_carea' id='block_1_66' title="bbox 2209 743 3482 818">
    <p class='ocr_par' dir='ltr' id='par_1_66' title="bbox 2209 743 3482 818">
     <span class='ocr_line' id='line_1_66' title="bbox 2209 743 3482 818; baseline 0.001 -21"><span class='ocrx_word' id='word_1_382' title='bbox 2209 744 2264 797; x_wconf 91' lang='lat' dir='ltr'><strong>ln</strong></span> <span class='ocrx_word' id='word_1_383' title='bbox 2298 758 2408 814; x_wconf 93' lang='lat' dir='ltr'><strong>quo</strong></span> <span class='ocrx_word' id='word_1_384' title='bbox 2435 743 2688 818; x_wconf 83' lang='lat' dir='ltr'><strong>sacrilegi</strong></span> <span class='ocrx_word' id='word_1_385' title='bbox 2719 743 2921 798; x_wconf 84' lang='lat' dir='ltr'><strong>fiducia</strong></span> <span class='ocrx_word' id='word_1_386' title='bbox 2957 760 3172 798; x_wconf 88' lang='lat' dir='ltr'><strong>summa</strong></span> <span class='ocrx_word' id='word_1_387' title='bbox 3202 744 3482 816; x_wconf 89' lang='lat' dir='ltr'><strong>triumphi.</strong></span> 
     </span>
    </p>
   </div>
   <div class='ocr_carea' id='block_1_67' title="bbox 2210 830 3652 901">
    <p class='ocr_par' dir='ltr' id='par_1_67' title="bbox 2210 830 3652 901">
     <span class='ocr_line' id='line_1_67' title="bbox 2210 830 3652 901; baseline 0.001 -16"><span class='ocrx_word' id='word_1_388' title='bbox 2210 831 2507 901; x_wconf 84' lang='lat' dir='ltr'><strong>Exprobrat</strong></span> <span class='ocrx_word' id='word_1_389' title='bbox 2539 830 2643 887; x_wconf 85' lang='lat' dir='ltr'><strong>iste</strong></span> <span class='ocrx_word' id='word_1_390' title='bbox 2681 832 2786 886; x_wconf 90' lang='lat' dir='ltr'><strong>levi</strong></span> <span class='ocrx_word' id='word_1_391' title='bbox 2829 841 2888 887; x_wconf 93' lang='lat' dir='ltr'><strong>ut</strong></span> <span class='ocrx_word' id='word_1_392' title='bbox 2926 833 3094 888; x_wconf 89' lang='lat' dir='ltr'><strong>sociis</strong></span> <span class='ocrx_word' id='word_1_393' title='bbox 3119 834 3420 888; x_wconf 89' lang='lat' dir='ltr'><strong>certamine</strong></span> <span class='ocrx_word' id='word_1_394' title='bbox 3457 834 3652 897; x_wconf 85' lang='lat' dir='ltr'><strong>versis,</strong></span> 
     </span>
    </p>
   </div>
   <div class='ocr_carea' id='block_1_68' title="bbox 2211 920 3691 994">
    <p class='ocr_par' dir='ltr' id='par_1_68' title="bbox 2211 920 3691 994">
     <span class='ocr_line' id='line_1_68' title="bbox 2211 920 3691 994; baseline 0.001 -20"><span class='ocrx_word' id='word_1_395' title='bbox 2211 920 2430 975; x_wconf 83' lang='lat' dir='ltr'><strong>Actibus</strong></span> <span class='ocrx_word' id='word_1_396' title='bbox 2469 929 2524 974; x_wconf 93' lang='lat' dir='ltr'><strong>et</strong></span> <span class='ocrx_word' id='word_1_397' title='bbox 2572 936 2654 986; x_wconf 90' lang='lat' dir='ltr'><strong>se,</strong></span> <span class='ocrx_word' id='word_1_398' title='bbox 2705 937 2815 976; x_wconf 91' lang='lat' dir='ltr'><strong>non</strong></span> <span class='ocrx_word' id='word_1_399' title='bbox 2854 922 3059 985; x_wconf 85' lang='lat' dir='ltr'><strong>verbis,</strong></span> <span class='ocrx_word' id='word_1_400' title='bbox 3101 921 3354 977; x_wconf 88' lang='lat' dir='ltr'><strong>conferre</strong></span> <span class='ocrx_word' id='word_1_401' title='bbox 3395 922 3691 994; x_wconf 67' lang='lat' dir='ltr'><strong>palaestram</strong></span> 
     </span>
    </p>
   </div>
   <div class='ocr_carea' id='block_1_69' title="bbox 2210 1009 3736 1083">
    <p class='ocr_par' dir='ltr' id='par_1_69' title="bbox 2210 1009 3736 1083">
     <span class='ocr_line' id='line_1_69' title="bbox 2210 1009 3736 1083; baseline 0.001 -20"><span class='ocrx_word' id='word_1_402' title='bbox 2210 1009 2411 1076; x_wconf 87' lang='lat' dir='ltr'><strong>Poscit,</strong></span> <span class='ocrx_word' id='word_1_403' title='bbox 2449 1019 2504 1064; x_wconf 90' lang='lat' dir='ltr'><strong>et</strong></span> <span class='ocrx_word' id='word_1_404' title='bbox 2545 1011 2873 1065; x_wconf 90' lang='lat' dir='ltr'><strong>indomitum</strong></span> <span class='ocrx_word' id='word_1_405' title='bbox 2907 1009 3076 1083; x_wconf 73' lang='lat' dir='ltr'><strong>quaeri</strong></span> <span class='ocrx_word' id='word_1_406' title='bbox 3108 1026 3429 1082; x_wconf 68' lang='lat' dir='ltr'><strong>saevumque</strong></span> <span class='ocrx_word' id='word_1_407' title='bbox 3453 1011 3736 1078; x_wconf 86' lang='lat' dir='ltr'><strong>juvencum</strong></span> 
     </span>
    </p>
   </div>
   <div class='ocr_carea' id='block_1_70' title="bbox 2207 1100 3497 1175">
    <p class='ocr_par' dir='ltr' id='par_1_70' title="bbox 2207 1100 3497 1175">
     <span class='ocr_line' id='line_1_70' title="bbox 2207 1100 3497 1175; baseline 0.002 -22"><span class='ocrx_word' id='word_1_408' title='bbox 2207 1100 2467 1155; x_wconf 89' lang='lat' dir='ltr'><strong>Virtutem</strong></span> <span class='ocrx_word' id='word_1_409' title='bbox 2510 1102 2715 1156; x_wconf 90' lang='lat' dir='ltr'><strong>summi</strong></span> <span class='ocrx_word' id='word_1_410' title='bbox 2746 1102 2928 1158; x_wconf 88' lang='lat' dir='ltr'><strong>valido</strong></span> <span class='ocrx_word' id='word_1_411' title='bbox 2960 1119 3069 1175; x_wconf 85' lang='lat' dir='ltr'><strong>quo</strong></span> <span class='ocrx_word' id='word_1_412' title='bbox 3102 1102 3346 1157; x_wconf 88' lang='lat' dir='ltr'><strong>numinis</strong></span> <span class='ocrx_word' id='word_1_413' title='bbox 3373 1107 3497 1156; x_wconf 89' lang='lat' dir='ltr'><strong>actu</strong></span> 
     </span>
    </p>
   </div>
   <div class='ocr_carea' id='block_1_71' title="bbox 2207 1189 3478 1258">
    <p class='ocr_par' dir='ltr' id='par_1_71' title="bbox 2207 1189 3478 1258">
     <span class='ocr_line' id='line_1_71' title="bbox 2207 1189 3478 1258; baseline 0.003 -15"><span class='ocrx_word' id='word_1_414' title='bbox 2207 1189 2410 1255; x_wconf 86' lang='lat' dir='ltr'><strong>Prodit,</strong></span> <span class='ocrx_word' id='word_1_415' title='bbox 2452 1197 2507 1244; x_wconf 89' lang='lat' dir='ltr'><strong>et</strong></span> <span class='ocrx_word' id='word_1_416' title='bbox 2536 1190 2723 1246; x_wconf 89' lang='lat' dir='ltr'><strong>audito</strong></span> <span class='ocrx_word' id='word_1_417' title='bbox 2754 1191 2970 1246; x_wconf 89' lang='lat' dir='ltr'><strong>labatur</strong></span> <span class='ocrx_word' id='word_1_418' title='bbox 3001 1192 3226 1247; x_wconf 90' lang='lat' dir='ltr'><strong>nomine</strong></span> <span class='ocrx_word' id='word_1_419' title='bbox 3255 1201 3478 1258; x_wconf 84' lang='lat' dir='ltr'><strong>taurus;</strong></span> 
     </span>
    </p>
   </div>
   <div class='ocr_carea' id='block_1_72' title="bbox 2208 1279 3652 1353">
    <p class='ocr_par' dir='ltr' id='par_1_72' title="bbox 2208 1279 3652 1353">
     <span class='ocr_line' id='line_1_72' title="bbox 2208 1279 3652 1353; baseline 0.002 -18"><span class='ocrx_word' id='word_1_420' title='bbox 2208 1279 2362 1345; x_wconf 88' lang='lat' dir='ltr'><strong>Quod</strong></span> <span class='ocrx_word' id='word_1_421' title='bbox 2393 1280 2465 1334; x_wconf 93' lang='lat' dir='ltr'><strong>nil</strong></span> <span class='ocrx_word' id='word_1_422' title='bbox 2502 1281 2638 1336; x_wconf 89' lang='lat' dir='ltr'><strong>ferre</strong></span> <span class='ocrx_word' id='word_1_423' title='bbox 2670 1289 2836 1353; x_wconf 88' lang='lat' dir='ltr'><strong>queat</strong></span> <span class='ocrx_word' id='word_1_424' title='bbox 2867 1283 3080 1349; x_wconf 88' lang='lat' dir='ltr'><strong>vivens,</strong></span> <span class='ocrx_word' id='word_1_425' title='bbox 3113 1299 3218 1338; x_wconf 91' lang='lat' dir='ltr'><strong>nec</strong></span> <span class='ocrx_word' id='word_1_426' title='bbox 3246 1283 3474 1339; x_wconf 80' lang='lat' dir='ltr'><strong>sufferat</strong></span> <span class='ocrx_word' id='word_1_427' title='bbox 3502 1285 3652 1338; x_wconf 88' lang='lat' dir='ltr'><strong>auris</strong></span> 
     </span>
    </p>
   </div>
   <div class='ocr_carea' id='block_1_73' title="bbox 2206 1372 3633 1443">
    <p class='ocr_par' dir='ltr' id='par_1_73' title="bbox 2206 1372 3633 1443">
     <span class='ocr_line' id='line_1_73' title="bbox 2206 1372 3633 1443; baseline 0.001 -18"><span class='ocrx_word' id='word_1_428' title='bbox 2206 1372 2301 1425; x_wconf 87' lang='lat' dir='ltr'><strong>Vix</strong></span> <span class='ocrx_word' id='word_1_429' title='bbox 2321 1372 2468 1426; x_wconf 90' lang='lat' dir='ltr'><strong>haud</strong></span> <span class='ocrx_word' id='word_1_430' title='bbox 2502 1372 2612 1427; x_wconf 91' lang='lat' dir='ltr'><strong>ulla</strong></span> <span class='ocrx_word' id='word_1_431' title='bbox 2648 1373 2758 1443; x_wconf 83' lang='lat' dir='ltr'><strong>pati</strong></span> <span class='ocrx_word' id='word_1_432' title='bbox 2788 1376 2984 1440; x_wconf 83' lang='lat' dir='ltr'><strong>valeat,</strong></span> <span class='ocrx_word' id='word_1_433' title='bbox 3014 1374 3098 1430; x_wconf 88' lang='lat' dir='ltr'><strong>vel</strong></span> <span class='ocrx_word' id='word_1_434' title='bbox 3125 1375 3332 1430; x_wconf 86' lang='lat' dir='ltr'><strong>habere</strong></span> <span class='ocrx_word' id='word_1_435' title='bbox 3364 1380 3633 1430; x_wconf 88' lang='lat' dir='ltr'><strong>notatum.</strong></span> 
     </span>
    </p>
   </div>
   <div class='ocr_carea' id='block_1_74' title="bbox 2208 1462 3426 1534">
    <p class='ocr_par' dir='ltr' id='par_1_74' title="bbox 2208 1462 3426 1534">
     <span class='ocr_line' id='line_1_74' title="bbox 2208 1462 3426 1534; baseline 0.003 -18"><span class='ocrx_word' id='word_1_436' title='bbox 2208 1462 2456 1518; x_wconf 84' lang='lat' dir='ltr'><strong>Exhibito</strong></span> <span class='ocrx_word' id='word_1_437' title='bbox 2475 1464 2739 1531; x_wconf 87' lang='lat' dir='ltr'><strong>juvenum</strong></span> <span class='ocrx_word' id='word_1_438' title='bbox 2769 1466 2941 1520; x_wconf 90' lang='lat' dir='ltr'><strong>multo</strong></span> <span class='ocrx_word' id='word_1_439' title='bbox 2963 1466 3162 1521; x_wconf 91' lang='lat' dir='ltr'><strong>sudore</strong></span> <span class='ocrx_word' id='word_1_440' title='bbox 3187 1466 3426 1534; x_wconf 88' lang='lat' dir='ltr'><strong>juvenco</strong></span> 
     </span>
    </p>
   </div>
   <div class='ocr_carea' id='block_1_75' title="bbox 2208 1552 3517 1623">
    <p class='ocr_par' dir='ltr' id='par_1_75' title="bbox 2208 1552 3517 1623">
     <span class='ocr_line' id='line_1_75' title="bbox 2208 1552 3517 1623; baseline 0.006 -19"><span class='ocrx_word' id='word_1_441' title='bbox 2208 1552 2464 1606; x_wconf 88' lang='lat' dir='ltr'><strong>Cruribus</strong></span> <span class='ocrx_word' id='word_1_442' title='bbox 2493 1553 2783 1623; x_wconf 87' lang='lat' dir='ltr'><strong>implicito,</strong></span> <span class='ocrx_word' id='word_1_443' title='bbox 2814 1554 3010 1609; x_wconf 88' lang='lat' dir='ltr'><strong>vinclis</strong></span> <span class='ocrx_word' id='word_1_444' title='bbox 3040 1563 3096 1610; x_wconf 89' lang='lat' dir='ltr'><strong>et</strong></span> <span class='ocrx_word' id='word_1_445' title='bbox 3126 1555 3349 1610; x_wconf 87' lang='lat' dir='ltr'><strong>funibus</strong></span> <span class='ocrx_word' id='word_1_446' title='bbox 3376 1563 3517 1622; x_wconf 85' lang='lat' dir='ltr'><strong>aeto,</strong></span> 
     </span>
    </p>
   </div>
   <div class='ocr_carea' id='block_1_76' title="bbox 2133 1643 3466 1746">
    <p class='ocr_par' dir='ltr' id='par_1_76' title="bbox 2133 1643 3466 1746">
     <span class='ocr_line' id='line_1_76' title="bbox 2133 1643 3466 1746; baseline -0.001 -47"><span class='ocrx_word' id='word_1_447' title='bbox 2133 1679 2186 1746; x_wconf 76' lang='grc' dir='ltr'><strong>Β</strong></span> <span class='ocrx_word' id='word_1_448' title='bbox 2212 1645 2512 1700; x_wconf 81' lang='lat' dir='ltr'><strong>Fraudibus</strong></span> <span class='ocrx_word' id='word_1_449' title='bbox 2544 1644 2790 1698; x_wconf 90' lang='lat' dir='ltr'><strong>innitens</strong></span> <span class='ocrx_word' id='word_1_450' title='bbox 2819 1643 3045 1698; x_wconf 90' lang='lat' dir='ltr'><strong>insultat</strong></span> <span class='ocrx_word' id='word_1_451' title='bbox 3071 1660 3197 1699; x_wconf 85' lang='lat' dir='ltr'><strong>vera</strong></span> <span class='ocrx_word' id='word_1_452' title='bbox 3230 1644 3466 1712; x_wconf 87' lang='lat' dir='ltr'><strong>tenenti,</strong></span> 
     </span>
    </p>
   </div>
   <div class='ocr_carea' id='block_1_77' title="bbox 2211 1735 3801 1807">
    <p class='ocr_par' dir='ltr' id='par_1_77' title="bbox 2211 1735 3801 1807">
     <span class='ocr_line' id='line_1_77' title="bbox 2211 1735 3801 1807; baseline -0.002 -17"><span class='ocrx_word' id='word_1_453' title='bbox 2211 1737 2378 1791; x_wconf 86' lang='lat' dir='ltr'><strong>Morte</strong></span> <span class='ocrx_word' id='word_1_454' title='bbox 2410 1737 2606 1807; x_wconf 89' lang='lat' dir='ltr'><strong>probet</strong></span> <span class='ocrx_word' id='word_1_455' title='bbox 2635 1735 2841 1790; x_wconf 88' lang='lat' dir='ltr'><strong>cultum</strong></span> <span class='ocrx_word' id='word_1_456' title='bbox 2883 1736 3170 1801; x_wconf 88' lang='lat' dir='ltr'><strong>mandans,</strong></span> <span class='ocrx_word' id='word_1_457' title='bbox 3203 1735 3290 1790; x_wconf 87' lang='lat' dir='ltr'><strong>vel</strong></span> <span class='ocrx_word' id='word_1_458' title='bbox 3336 1744 3511 1791; x_wconf 90' lang='lat' dir='ltr'><strong>morte</strong></span> <span class='ocrx_word' id='word_1_459' title='bbox 3544 1735 3801 1806; x_wconf 86' lang='lat' dir='ltr'><strong>probetur.</strong></span> 
     </span>
    </p>
   </div>
   <div class='ocr_carea' id='block_1_78' title="bbox 2212 1823 3594 1895">
    <p class='ocr_par' dir='ltr' id='par_1_78' title="bbox 2212 1823 3594 1895">
     <span class='ocr_line' id='line_1_78' title="bbox 2212 1823 3594 1895; baseline -0.004 -16"><span class='ocrx_word' id='word_1_460' title='bbox 2212 1826 2397 1895; x_wconf 64' lang='lat' dir='ltr'><strong>(Empta</strong></span> <span class='ocrx_word' id='word_1_461' title='bbox 2427 1823 2584 1895; x_wconf 90' lang='lat' dir='ltr'><strong>sequi</strong></span> <span class='ocrx_word' id='word_1_462' title='bbox 2609 1824 2790 1892; x_wconf 86' lang='lat' dir='ltr'><strong>justus</strong></span> <span class='ocrx_word' id='word_1_463' title='bbox 2823 1825 3035 1894; x_wconf 86' lang='lat' dir='ltr'><strong>patiens</strong></span> <span class='ocrx_word' id='word_1_464' title='bbox 3062 1824 3291 1879; x_wconf 90' lang='lat' dir='ltr'><strong>dimittit</strong></span> <span class='ocrx_word' id='word_1_465' title='bbox 3317 1823 3594 1895; x_wconf 86' lang='lat' dir='ltr'><strong>iniquum.</strong></span> 
     </span>
    </p>
   </div>
   <div class='ocr_carea' id='block_1_79' title="bbox 2212 1913 3562 1978">
    <p class='ocr_par' dir='ltr' id='par_1_79' title="bbox 2212 1913 3562 1978">
     <span class='ocr_line' id='line_1_79' title="bbox 2212 1913 3562 1978; baseline -0.001 -11"><span class='ocrx_word' id='word_1_466' title='bbox 2212 1914 2306 1968; x_wconf 92' lang='lat' dir='ltr'><strong>llle</strong></span> <span class='ocrx_word' id='word_1_467' title='bbox 2339 1913 2496 1969; x_wconf 89' lang='lat' dir='ltr'><strong>bovis</strong></span> <span class='ocrx_word' id='word_1_468' title='bbox 2518 1913 2695 1968; x_wconf 89' lang='lat' dir='ltr'><strong>dirum</strong></span> <span class='ocrx_word' id='word_1_469' title='bbox 2725 1930 2978 1968; x_wconf 87' lang='lat' dir='ltr'><strong>mussans</strong></span> <span class='ocrx_word' id='word_1_470' title='bbox 3008 1915 3390 1968; x_wconf 89' lang='lat' dir='ltr'><strong>immurmurat</strong></span> <span class='ocrx_word' id='word_1_471' title='bbox 3419 1914 3562 1978; x_wconf 91' lang='lat' dir='ltr'><strong>auri,</strong></span> 
     </span>
    </p>
   </div>
   <div class='ocr_carea' id='block_1_80' title="bbox 2213 2005 3624 2079">
    <p class='ocr_par' dir='ltr' id='par_1_80' title="bbox 2213 2005 3624 2079">
     <span class='ocr_line' id='line_1_80' title="bbox 2213 2005 3624 2079; baseline -0.002 -18"><span class='ocrx_word' id='word_1_472' title='bbox 2213 2006 2434 2061; x_wconf 88' lang='lat' dir='ltr'><strong>Labitur</strong></span> <span class='ocrx_word' id='word_1_473' title='bbox 2455 2015 2621 2076; x_wconf 87' lang='lat' dir='ltr'><strong>atque</strong></span> <span class='ocrx_word' id='word_1_474' title='bbox 2650 2005 2815 2059; x_wconf 91' lang='lat' dir='ltr'><strong>miser</strong></span> <span class='ocrx_word' id='word_1_475' title='bbox 2842 2007 3055 2079; x_wconf 80' lang='lat' dir='ltr'><strong>mugitu</strong></span> <span class='ocrx_word' id='word_1_476' title='bbox 3087 2007 3312 2061; x_wconf 84' lang='lat' dir='ltr'><strong>ﬂamina</strong></span> <span class='ocrx_word' id='word_1_477' title='bbox 3343 2007 3624 2077; x_wconf 71' lang='lat' dir='ltr'><strong>linrpiens.</strong></span> 
     </span>
    </p>
   </div>
   <div class='ocr_carea' id='block_1_81' title="bbox 2219 2099 3691 2169">
    <p class='ocr_par' dir='ltr' id='par_1_81' title="bbox 2219 2099 3691 2169">
     <span class='ocr_line' id='line_1_81' title="bbox 2219 2099 3691 2169; baseline -0.003 -15"><span class='ocrx_word' id='word_1_478' title='bbox 2219 2101 2280 2154; x_wconf 88' lang='lat' dir='ltr'><strong>Et</strong></span> <span class='ocrx_word' id='word_1_479' title='bbox 2309 2115 2444 2152; x_wconf 83' lang='lat' dir='ltr'><strong>nece</strong></span> <span class='ocrx_word' id='word_1_480' title='bbox 2467 2106 2810 2169; x_wconf 86' lang='lat' dir='ltr'><strong>spectantum</strong></span> <span class='ocrx_word' id='word_1_481' title='bbox 2845 2106 3208 2154; x_wconf 83' lang='lat' dir='ltr'><strong>consternaris</strong></span> <span class='ocrx_word' id='word_1_482' title='bbox 3237 2099 3402 2154; x_wconf 91' lang='lat' dir='ltr'><strong>corda</strong></span> <span class='ocrx_word' id='word_1_483' title='bbox 3434 2099 3691 2152; x_wconf 83' lang='lat' dir='ltr'><strong>virorum.</strong></span> 
     </span>
    </p>
   </div>
   <div class='ocr_carea' id='block_1_82' title="bbox 2215 2187 3558 2262">
    <p class='ocr_par' dir='ltr' id='par_1_82' title="bbox 2215 2187 3558 2262">
     <span class='ocr_line' id='line_1_82' title="bbox 2215 2187 3558 2262; baseline -0.001 -19"><span class='ocrx_word' id='word_1_484' title='bbox 2215 2189 2444 2243; x_wconf 87' lang='lat' dir='ltr'><strong>Tollitur</strong></span> <span class='ocrx_word' id='word_1_485' title='bbox 2462 2188 2810 2262; x_wconf 89' lang='lat' dir='ltr'><strong>ingeminans</strong></span> <span class='ocrx_word' id='word_1_486' title='bbox 2835 2187 3044 2243; x_wconf 89' lang='lat' dir='ltr'><strong>clamor</strong></span> <span class='ocrx_word' id='word_1_487' title='bbox 3068 2188 3297 2254; x_wconf 82' lang='lat' dir='ltr'><strong>confusa</strong></span> <span class='ocrx_word' id='word_1_488' title='bbox 3317 2203 3558 2242; x_wconf 67' lang='lat' dir='ltr'><strong>coronae.</strong></span> 
     </span>
    </p>
   </div>
   <div class='ocr_carea' id='block_1_83' title="bbox 2220 2277 3421 2349">
    <p class='ocr_par' dir='ltr' id='par_1_83' title="bbox 2220 2277 3421 2349">
     <span class='ocr_line' id='line_1_83' title="bbox 2220 2277 3421 2349; baseline -0.002 -16"><span class='ocrx_word' id='word_1_489' title='bbox 2220 2278 2283 2333; x_wconf 90' lang='lat' dir='ltr'><strong>Ut</strong></span> <span class='ocrx_word' id='word_1_490' title='bbox 2307 2278 2394 2334; x_wconf 91' lang='lat' dir='ltr'><strong>leo</strong></span> <span class='ocrx_word' id='word_1_491' title='bbox 2425 2278 2707 2349; x_wconf 86' lang='lat' dir='ltr'><strong>Sylvcstcr</strong></span> <span class='ocrx_word' id='word_1_492' title='bbox 2737 2277 2915 2332; x_wconf 82' lang='lat' dir='ltr'><strong>fidens</strong></span> <span class='ocrx_word' id='word_1_493' title='bbox 2947 2278 3233 2331; x_wconf 61' lang='lat' dir='ltr'><strong>interritus</strong></span> <span class='ocrx_word' id='word_1_494' title='bbox 3261 2283 3421 2344; x_wconf 86' lang='lat' dir='ltr'><strong>astat,</strong></span> 
     </span>
    </p>
   </div>
   <div class='ocr_carea' id='block_1_84' title="bbox 2219 2369 3670 2440">
    <p class='ocr_par' dir='ltr' id='par_1_84' title="bbox 2219 2369 3670 2440">
     <span class='ocr_line' id='line_1_84' title="bbox 2219 2369 3670 2440; baseline -0.002 -15"><span class='ocrx_word' id='word_1_495' title='bbox 2219 2371 2328 2425; x_wconf 82' lang='lat' dir='ltr'><strong>Nec</strong></span> <span class='ocrx_word' id='word_1_496' title='bbox 2352 2369 2526 2424; x_wconf 70' lang='lat' dir='ltr'><strong>turba:</strong></span> <span class='ocrx_word' id='word_1_497' title='bbox 2551 2376 2703 2424; x_wconf 86' lang='lat' dir='ltr'><strong>curat</strong></span> <span class='ocrx_word' id='word_1_498' title='bbox 2730 2370 3018 2440; x_wconf 89' lang='lat' dir='ltr'><strong>strepitus,</strong></span> <span class='ocrx_word' id='word_1_499' title='bbox 3052 2388 3152 2424; x_wconf 81' lang='lat' dir='ltr'><strong>nec</strong></span> <span class='ocrx_word' id='word_1_500' title='bbox 3183 2369 3382 2439; x_wconf 89' lang='lat' dir='ltr'><strong>probra</strong></span> <span class='ocrx_word' id='word_1_501' title='bbox 3405 2369 3670 2439; x_wconf 87' lang='lat' dir='ltr'><strong>pavescit,</strong></span> 
     </span>
    </p>
   </div>
   <div class='ocr_carea' id='block_1_85' title="bbox 2220 2460 3594 2532">
    <p class='ocr_par' dir='ltr' id='par_1_85' title="bbox 2220 2460 3594 2532">
     <span class='ocr_line' id='line_1_85' title="bbox 2220 2460 3594 2532; baseline -0.001 -16"><span class='ocrx_word' id='word_1_502' title='bbox 2220 2463 2380 2516; x_wconf 80' lang='lat' dir='ltr'><strong>Fixus</strong></span> <span class='ocrx_word' id='word_1_503' title='bbox 2401 2477 2562 2531; x_wconf 89' lang='lat' dir='ltr'><strong>opem</strong></span> <span class='ocrx_word' id='word_1_504' title='bbox 2596 2461 2750 2516; x_wconf 65' lang='lat' dir='ltr'><strong>caelis</strong></span> <span class='ocrx_word' id='word_1_505' title='bbox 2774 2469 2885 2516; x_wconf 91' lang='lat' dir='ltr'><strong>tota</strong></span> <span class='ocrx_word' id='word_1_506' title='bbox 2913 2460 3047 2532; x_wconf 92' lang='lat' dir='ltr'><strong>quin</strong></span> <span class='ocrx_word' id='word_1_507' title='bbox 3079 2468 3263 2516; x_wconf 89' lang='lat' dir='ltr'><strong>mente</strong></span> <span class='ocrx_word' id='word_1_508' title='bbox 3296 2467 3553 2531; x_wconf 88' lang='lat' dir='ltr'><strong>precatur</strong></span> <span class='ocrx_word' id='word_1_509' title='bbox 3579 2479 3594 2525; x_wconf 88' lang='lat'><strong>;</strong></span> 
     </span>
    </p>
   </div>
   <div class='ocr_carea' id='block_1_86' title="bbox 2218 2553 3662 2628">
    <p class='ocr_par' dir='ltr' id='par_1_86' title="bbox 2218 2553 3662 2628">
     <span class='ocr_line' id='line_1_86' title="bbox 2218 2553 3662 2628; baseline -0.001 -19"><span class='ocrx_word' id='word_1_510' title='bbox 2218 2556 2351 2609; x_wconf 85' lang='lat' dir='ltr'><strong>Tum</strong></span> <span class='ocrx_word' id='word_1_511' title='bbox 2377 2563 2532 2628; x_wconf 89' lang='lat' dir='ltr'><strong>rogat</strong></span> <span class='ocrx_word' id='word_1_512' title='bbox 2561 2555 2862 2626; x_wconf 83' lang='lat' dir='ltr'><strong>Augustum</strong></span> <span class='ocrx_word' id='word_1_513' title='bbox 2885 2553 2969 2607; x_wconf 85' lang='lat' dir='ltr'><strong>vel</strong></span> <span class='ocrx_word' id='word_1_514' title='bbox 3002 2569 3126 2608; x_wconf 88' lang='lat' dir='ltr'><strong>sera</strong></span> <span class='ocrx_word' id='word_1_515' title='bbox 3145 2553 3366 2608; x_wconf 90' lang='lat' dir='ltr'><strong>silentia</strong></span> <span class='ocrx_word' id='word_1_516' title='bbox 3395 2554 3662 2617; x_wconf 87' lang='lat' dir='ltr'><strong>mandet;</strong></span> 
     </span>
    </p>
   </div>
   <div class='ocr_carea' id='block_1_87' title="bbox 2220 2645 3666 2717">
    <p class='ocr_par' dir='ltr' id='par_1_87' title="bbox 2220 2645 3666 2717">
     <span class='ocr_line' id='line_1_87' title="bbox 2220 2645 3666 2717; baseline -0.001 -15"><span class='ocrx_word' id='word_1_517' title='bbox 2220 2647 2346 2712; x_wconf 80' lang='lat' dir='ltr'><strong>Qua:</strong></span> <span class='ocrx_word' id='word_1_518' title='bbox 2366 2663 2550 2714; x_wconf 90' lang='lat' dir='ltr'><strong>voces,</strong></span> <span class='ocrx_word' id='word_1_519' title='bbox 2569 2646 2664 2700; x_wconf 90' lang='lat' dir='ltr'><strong>ubi</strong></span> <span class='ocrx_word' id='word_1_520' title='bbox 2690 2646 2848 2714; x_wconf 89' lang='lat' dir='ltr'><strong>jussa</strong></span> <span class='ocrx_word' id='word_1_521' title='bbox 2872 2654 3152 2717; x_wconf 90' lang='lat' dir='ltr'><strong>premunt,</strong></span> <span class='ocrx_word' id='word_1_522' title='bbox 3171 2646 3388 2701; x_wconf 84' lang='lat' dir='ltr'><strong>excelsa</strong></span> <span class='ocrx_word' id='word_1_523' title='bbox 3409 2645 3666 2701; x_wconf 85' lang='lat' dir='ltr'><strong>sacerdos</strong></span> 
     </span>
    </p>
   </div>
   <div class='ocr_carea' id='block_1_88' title="bbox 2222 2735 3633 2807">
    <p class='ocr_par' dir='ltr' id='par_1_88' title="bbox 2222 2735 3633 2807">
     <span class='ocr_line' id='line_1_88' title="bbox 2222 2735 3633 2807; baseline -0.001 -16"><span class='ocrx_word' id='word_1_524' title='bbox 2222 2737 2561 2802; x_wconf 89' lang='lat' dir='ltr'><strong>Ascendeus,</strong></span> <span class='ocrx_word' id='word_1_525' title='bbox 2590 2735 2659 2788; x_wconf 91' lang='lat' dir='ltr'><strong>ad</strong></span> <span class='ocrx_word' id='word_1_526' title='bbox 2687 2751 2815 2789; x_wconf 90' lang='lat' dir='ltr'><strong>vera</strong></span> <span class='ocrx_word' id='word_1_527' title='bbox 2846 2735 2951 2806; x_wconf 91' lang='lat' dir='ltr'><strong>piis</strong></span> <span class='ocrx_word' id='word_1_528' title='bbox 2981 2735 3243 2806; x_wconf 91' lang='lat' dir='ltr'><strong>populum</strong></span> <span class='ocrx_word' id='word_1_529' title='bbox 3273 2735 3435 2807; x_wconf 84' lang='lat' dir='ltr'><strong>erigit</strong></span> <span class='ocrx_word' id='word_1_530' title='bbox 3459 2736 3633 2791; x_wconf 82' lang='lat' dir='ltr'><strong>orsis:</strong></span> 
     </span>
    </p>
   </div>
   <div class='ocr_carea' id='block_1_89' title="bbox 2222 2829 3580 2898">
    <p class='ocr_par' dir='ltr' id='par_1_89' title="bbox 2222 2829 3580 2898">
     <span class='ocr_line' id='line_1_89' title="bbox 2222 2829 3580 2898; baseline 0 -14"><span class='ocrx_word' id='word_1_531' title='bbox 2222 2832 2292 2886; x_wconf 88' lang='lat' dir='ltr'><strong>Se</strong></span> <span class='ocrx_word' id='word_1_532' title='bbox 2314 2831 2437 2886; x_wconf 84' lang='lat' dir='ltr'><strong>vitae</strong></span> <span class='ocrx_word' id='word_1_533' title='bbox 2477 2837 2784 2898; x_wconf 89' lang='lat' dir='ltr'><strong>auctorem,</strong></span> <span class='ocrx_word' id='word_1_534' title='bbox 2813 2829 3103 2884; x_wconf 90' lang='lat' dir='ltr'><strong>Dominum</strong></span> <span class='ocrx_word' id='word_1_535' title='bbox 3126 2845 3185 2884; x_wconf 91' lang='lat' dir='ltr'><strong>se</strong></span> <span class='ocrx_word' id='word_1_536' title='bbox 3215 2829 3357 2885; x_wconf 87' lang='lat' dir='ltr'><strong>ferre</strong></span> <span class='ocrx_word' id='word_1_537' title='bbox 3383 2830 3580 2884; x_wconf 85' lang='lat' dir='ltr'><strong>salutis</strong></span> 
     </span>
    </p>
   </div>
   <div class='ocr_carea' id='block_1_90' title="bbox 2224 2921 3552 2994">
    <p class='ocr_par' dir='ltr' id='par_1_90' title="bbox 2224 2921 3552 2994">
     <span class='ocr_line' id='line_1_90' title="bbox 2224 2921 3552 2994; baseline -0.001 -17"><span class='ocrx_word' id='word_1_538' title='bbox 2224 2923 2460 2977; x_wconf 81' lang='lat' dir='ltr'><strong>Auribus</strong></span> <span class='ocrx_word' id='word_1_539' title='bbox 2482 2922 2756 2988; x_wconf 63' lang='lat' dir='ltr'><strong>Ausonia},</strong></span> <span class='ocrx_word' id='word_1_540' title='bbox 2784 2922 2952 2976; x_wconf 77' lang='lat' dir='ltr'><strong>ccecis</strong></span> <span class='ocrx_word' id='word_1_541' title='bbox 2981 2921 3076 2994; x_wconf 91' lang='lat' dir='ltr'><strong>qui</strong></span> <span class='ocrx_word' id='word_1_542' title='bbox 3105 2921 3332 2988; x_wconf 88' lang='lat' dir='ltr'><strong>lumina,</strong></span> <span class='ocrx_word' id='word_1_543' title='bbox 3363 2922 3552 2976; x_wconf 87' lang='lat' dir='ltr'><strong>surdis</strong></span> 
     </span>
    </p>
   </div>
   <div class='ocr_carea' id='block_1_91' title="bbox 2224 3011 3532 3087">
    <p class='ocr_par' dir='ltr' id='par_1_91' title="bbox 2224 3011 3532 3087">
     <span class='ocr_line' id='line_1_91' title="bbox 2224 3011 3532 3087; baseline -0.002 -18"><span class='ocrx_word' id='word_1_544' title='bbox 2224 3014 2480 3069; x_wconf 83' lang='lat' dir='ltr'><strong>Reddidit</strong></span> <span class='ocrx_word' id='word_1_545' title='bbox 2507 3013 2778 3079; x_wconf 90' lang='lat' dir='ltr'><strong>auditum,</strong></span> <span class='ocrx_word' id='word_1_546' title='bbox 2821 3013 2988 3067; x_wconf 91' lang='lat' dir='ltr'><strong>mutis</strong></span> <span class='ocrx_word' id='word_1_547' title='bbox 3017 3011 3272 3067; x_wconf 76' lang='lat' dir='ltr'><strong>atfamina</strong></span> <span class='ocrx_word' id='word_1_548' title='bbox 3304 3013 3532 3087; x_wconf 89' lang='lat' dir='ltr'><strong>linguis,</strong></span> 
     </span>
    </p>
   </div>
   <div class='ocr_carea' id='block_1_92' title="bbox 2151 3074 3538 3181">
    <p class='ocr_par' dir='ltr' id='par_1_92' title="bbox 2151 3074 3538 3181">
     <span class='ocr_line' id='line_1_92' title="bbox 2151 3074 3538 3181; baseline -0.002 -19"><span class='ocrx_word' id='word_1_549' title='bbox 2151 3074 2201 3144; x_wconf 69' lang='grc' dir='ltr'>Ο</span> <span class='ocrx_word' id='word_1_550' title='bbox 2227 3107 2448 3162; x_wconf 79' lang='lat' dir='ltr'><strong>Dextras</strong></span> <span class='ocrx_word' id='word_1_551' title='bbox 2481 3106 2718 3160; x_wconf 89' lang='lat' dir='ltr'><strong>restituit</strong></span> <span class='ocrx_word' id='word_1_552' title='bbox 2747 3106 2980 3172; x_wconf 87' lang='lat' dir='ltr'><strong>mancis,</strong></span> <span class='ocrx_word' id='word_1_553' title='bbox 3013 3106 3245 3181; x_wconf 80' lang='lat' dir='ltr'><strong>vestigia</strong></span> <span class='ocrx_word' id='word_1_554' title='bbox 3280 3074 3494 3162; x_wconf 63' lang='lat' dir='ltr'><strong>claudis</strong></span> <span class='ocrx_word' id='word_1_555' title='bbox 3523 3123 3538 3171; x_wconf 92' lang='lat'><strong>;</strong></span> 
     </span>
    </p>
   </div>
   <div class='ocr_carea' id='block_1_93' title="bbox 2227 3197 3625 3269">
    <p class='ocr_par' dir='ltr' id='par_1_93' title="bbox 2227 3197 3625 3269">
     <span class='ocr_line' id='line_1_93' title="bbox 2227 3197 3625 3269; baseline 0.001 -18"><span class='ocrx_word' id='word_1_556' title='bbox 2227 3198 2322 3252; x_wconf 84' lang='lat' dir='ltr'><strong>Hic</strong></span> <span class='ocrx_word' id='word_1_557' title='bbox 2347 3197 2515 3252; x_wconf 87' lang='lat' dir='ltr'><strong>verbo</strong></span> <span class='ocrx_word' id='word_1_558' title='bbox 2558 3197 2760 3268; x_wconf 79' lang='lat' dir='ltr'><strong>leprus,</strong></span> <span class='ocrx_word' id='word_1_559' title='bbox 2790 3199 3013 3253; x_wconf 88' lang='lat' dir='ltr'><strong>morbos</strong></span> <span class='ocrx_word' id='word_1_560' title='bbox 3040 3198 3131 3252; x_wconf 91' lang='lat' dir='ltr'><strong>hic</strong></span> <span class='ocrx_word' id='word_1_561' title='bbox 3161 3198 3374 3269; x_wconf 89' lang='lat' dir='ltr'><strong>depulit</strong></span> <span class='ocrx_word' id='word_1_562' title='bbox 3404 3213 3625 3265; x_wconf 89' lang='lat' dir='ltr'><strong>omnes,</strong></span> 
     </span>
    </p>
   </div>
   <div class='ocr_carea' id='block_1_94' title="bbox 2229 3285 3481 3342">
    <p class='ocr_par' dir='ltr' id='par_1_94' title="bbox 2229 3285 3481 3342">
     <span class='ocr_line' id='line_1_94' title="bbox 2229 3285 3481 3342; baseline -0.002 0"><span class='ocrx_word' id='word_1_563' title='bbox 2229 3287 2453 3342; x_wconf 88' lang='lat' dir='ltr'><strong>Rettulit</strong></span> <span class='ocrx_word' id='word_1_564' title='bbox 2474 3294 2526 3341; x_wconf 90' lang='lat' dir='ltr'><strong>ct</strong></span> <span class='ocrx_word' id='word_1_565' title='bbox 2549 3287 2737 3341; x_wconf 90' lang='lat' dir='ltr'><strong>reduci</strong></span> <span class='ocrx_word' id='word_1_566' title='bbox 2761 3285 3019 3342; x_wconf 87' lang='lat' dir='ltr'><strong>defuncta</strong></span> <span class='ocrx_word' id='word_1_567' title='bbox 3040 3287 3310 3342; x_wconf 87' lang='lat' dir='ltr'><strong>cadavera</strong></span> <span class='ocrx_word' id='word_1_568' title='bbox 3332 3286 3440 3341; x_wconf 86' lang='lat' dir='ltr'><strong>luci</strong></span> <span class='ocrx_word' id='word_1_569' title='bbox 3467 3304 3481 3340; x_wconf 87' lang='lat'><strong>:</strong></span> 
     </span>
    </p>
   </div>
   <div class='ocr_carea' id='block_1_95' title="bbox 2228 3377 3432 3450">
    <p class='ocr_par' dir='ltr' id='par_1_95' title="bbox 2228 3377 3432 3450">
     <span class='ocr_line' id='line_1_95' title="bbox 2228 3377 3432 3450; baseline 0 -18"><span class='ocrx_word' id='word_1_570' title='bbox 2228 3379 2322 3433; x_wconf 91' lang='lat' dir='ltr'><strong>llle</strong></span> <span class='ocrx_word' id='word_1_571' title='bbox 2344 3379 2512 3433; x_wconf 88' lang='lat' dir='ltr'><strong>Deum</strong></span> <span class='ocrx_word' id='word_1_572' title='bbox 2541 3377 2908 3434; x_wconf 89' lang='lat' dir='ltr'><strong>seseindiciis</strong></span> <span class='ocrx_word' id='word_1_573' title='bbox 2938 3377 3198 3450; x_wconf 88' lang='lat' dir='ltr'><strong>patefecit</strong></span> <span class='ocrx_word' id='word_1_574' title='bbox 3227 3378 3432 3449; x_wconf 86' lang='lat' dir='ltr'><strong>apertis</strong></span> 
     </span>
    </p>
   </div>
   <div class='ocr_carea' id='block_1_96' title="bbox 2226 3472 3619 3546">
    <p class='ocr_par' dir='ltr' id='par_1_96' title="bbox 2226 3472 3619 3546">
     <span class='ocr_line' id='line_1_96' title="bbox 2226 3472 3619 3546; baseline -0.002 -18"><span class='ocrx_word' id='word_1_575' title='bbox 2226 3475 2288 3530; x_wconf 85' lang='lat' dir='ltr'><strong>At</strong></span> <span class='ocrx_word' id='word_1_576' title='bbox 2311 3473 2405 3546; x_wconf 89' lang='lat' dir='ltr'><strong>qui</strong></span> <span class='ocrx_word' id='word_1_577' title='bbox 2437 3481 2612 3528; x_wconf 90' lang='lat' dir='ltr'><strong>morte</strong></span> <span class='ocrx_word' id='word_1_578' title='bbox 2645 3473 2787 3538; x_wconf 90' lang='lat' dir='ltr'><strong>ferit,</strong></span> <span class='ocrx_word' id='word_1_579' title='bbox 2820 3473 2984 3527; x_wconf 88' lang='lat' dir='ltr'><strong>vitam</strong></span> <span class='ocrx_word' id='word_1_580' title='bbox 3018 3473 3127 3526; x_wconf 90' lang='lat' dir='ltr'><strong>nisi</strong></span> <span class='ocrx_word' id='word_1_581' title='bbox 3158 3472 3390 3526; x_wconf 87' lang='lat' dir='ltr'><strong>reddere</strong></span> <span class='ocrx_word' id='word_1_582' title='bbox 3421 3473 3619 3542; x_wconf 87' lang='lat' dir='ltr'><strong>possit,</strong></span> 
     </span>
    </p>
   </div>
   <div class='ocr_carea' id='block_1_97' title="bbox 2225 3566 3770 3640">
    <p class='ocr_par' dir='ltr' id='par_1_97' title="bbox 2225 3566 3770 3640">
     <span class='ocr_line' id='line_1_97' title="bbox 2225 3566 3770 3640; baseline -0.002 -17"><span class='ocrx_word' id='word_1_583' title='bbox 2225 3569 2522 3640; x_wconf 90' lang='lat' dir='ltr'><strong>Supremus</strong></span> <span class='ocrx_word' id='word_1_584' title='bbox 2550 3583 2660 3622; x_wconf 90' lang='lat' dir='ltr'><strong>non</strong></span> <span class='ocrx_word' id='word_1_585' title='bbox 2679 3567 2772 3622; x_wconf 90' lang='lat' dir='ltr'><strong>ille</strong></span> <span class='ocrx_word' id='word_1_586' title='bbox 2792 3568 2960 3622; x_wconf 89' lang='lat' dir='ltr'><strong>Deus:</strong></span> <span class='ocrx_word' id='word_1_587' title='bbox 2986 3566 3236 3622; x_wconf 86' lang='lat' dir='ltr'><strong>fraudem</strong></span> <span class='ocrx_word' id='word_1_588' title='bbox 3265 3583 3387 3620; x_wconf 89' lang='lat' dir='ltr'><strong>nam</strong></span> <span class='ocrx_word' id='word_1_589' title='bbox 3409 3566 3608 3621; x_wconf 90' lang='lat' dir='ltr'><strong>mortis</strong></span> <span class='ocrx_word' id='word_1_590' title='bbox 3624 3567 3770 3620; x_wconf 88' lang='lat' dir='ltr'><strong>amici</strong></span> 
     </span>
    </p>
   </div>
   <div class='ocr_carea' id='block_1_98' title="bbox 2227 3663 3711 3739">
    <p class='ocr_par' dir='ltr' id='par_1_98' title="bbox 2227 3663 3711 3739">
     <span class='ocr_line' id='line_1_98' title="bbox 2227 3663 3711 3739; baseline -0.002 -19"><span class='ocrx_word' id='word_1_591' title='bbox 2227 3665 2498 3720; x_wconf 66' lang='lat' dir='ltr'><strong>Dzemonis</strong></span> <span class='ocrx_word' id='word_1_592' title='bbox 2536 3664 2624 3718; x_wconf 87' lang='lat' dir='ltr'><strong>hic</strong></span> <span class='ocrx_word' id='word_1_593' title='bbox 2650 3664 2892 3739; x_wconf 88' lang='lat' dir='ltr'><strong>viguisse</strong></span> <span class='ocrx_word' id='word_1_594' title='bbox 2922 3664 3119 3735; x_wconf 87' lang='lat' dir='ltr'><strong>liquet,</strong></span> <span class='ocrx_word' id='word_1_595' title='bbox 3155 3663 3206 3716; x_wconf 91' lang='lat' dir='ltr'><strong>ni</strong></span> <span class='ocrx_word' id='word_1_596' title='bbox 3237 3671 3389 3734; x_wconf 87' lang='lat' dir='ltr'><strong>rapta</strong></span> <span class='ocrx_word' id='word_1_597' title='bbox 3423 3663 3711 3732; x_wconf 87' lang='lat' dir='ltr'><strong>rependat.</strong></span> 
     </span>
    </p>
   </div>
   <div class='ocr_carea' id='block_1_99' title="bbox 2227 3751 3532 3824">
    <p class='ocr_par' dir='ltr' id='par_1_99' title="bbox 2227 3751 3532 3824">
     <span class='ocr_line' id='line_1_99' title="bbox 2227 3751 3532 3824; baseline -0.003 -16"><span class='ocrx_word' id='word_1_598' title='bbox 2227 3754 2434 3810; x_wconf 60' lang='lat' dir='ltr'><strong>Aistuat</strong></span> <span class='ocrx_word' id='word_1_599' title='bbox 2457 3754 2719 3810; x_wconf 90' lang='lat' dir='ltr'><strong>Abracius</strong></span> <span class='ocrx_word' id='word_1_600' title='bbox 2750 3754 3008 3824; x_wconf 85' lang='lat' dir='ltr'><strong>cultuque</strong></span> <span class='ocrx_word' id='word_1_601' title='bbox 3049 3762 3104 3808; x_wconf 92' lang='lat' dir='ltr'><strong>et</strong></span> <span class='ocrx_word' id='word_1_602' title='bbox 3129 3752 3291 3807; x_wconf 91' lang='lat' dir='ltr'><strong>corde</strong></span> <span class='ocrx_word' id='word_1_603' title='bbox 3319 3751 3532 3806; x_wconf 90' lang='lat' dir='ltr'><strong>recisus</strong></span> 
     </span>
    </p>
   </div>
   <div class='ocr_carea' id='block_1_100' title="bbox 2225 3846 3743 3916">
    <p class='ocr_par' dir='ltr' id='par_1_100' title="bbox 2225 3846 3743 3916">
     <span class='ocr_line' id='line_1_100' title="bbox 2225 3846 3743 3916; baseline -0.003 -15"><span class='ocrx_word' id='word_1_604' title='bbox 2225 3847 2377 3901; x_wconf 83' lang='lat' dir='ltr'><strong>Justa</strong></span> <span class='ocrx_word' id='word_1_605' title='bbox 2407 3862 2510 3901; x_wconf 92' lang='lat' dir='ltr'><strong>nec</strong></span> <span class='ocrx_word' id='word_1_606' title='bbox 2538 3862 2669 3901; x_wconf 89' lang='lat' dir='ltr'><strong>aure</strong></span> <span class='ocrx_word' id='word_1_607' title='bbox 2702 3846 2844 3900; x_wconf 85' lang='lat' dir='ltr'><strong>valet</strong></span> <span class='ocrx_word' id='word_1_608' title='bbox 2875 3846 3112 3916; x_wconf 82' lang='lat' dir='ltr'><strong>patiens,</strong></span> <span class='ocrx_word' id='word_1_609' title='bbox 3145 3861 3250 3900; x_wconf 90' lang='lat' dir='ltr'><strong>nec</strong></span> <span class='ocrx_word' id='word_1_610' title='bbox 3277 3859 3496 3898; x_wconf 87' lang='lat' dir='ltr'><strong>sumere</strong></span> <span class='ocrx_word' id='word_1_611' title='bbox 3539 3856 3743 3907; x_wconf 66' lang='lat' dir='ltr'><strong>mentas,</strong></span> 
     </span>
    </p>
   </div>
   <div class='ocr_carea' id='block_1_101' title="bbox 2228 3932 3548 4004">
    <p class='ocr_par' dir='ltr' id='par_1_101' title="bbox 2228 3932 3548 4004">
     <span class='ocr_line' id='line_1_101' title="bbox 2228 3932 3548 4004; baseline -0.003 -14"><span class='ocrx_word' id='word_1_612' title='bbox 2228 3935 2468 3990; x_wconf 89' lang='lat' dir='ltr'><strong>Postulat</strong></span> <span class='ocrx_word' id='word_1_613' title='bbox 2499 3942 2553 3989; x_wconf 90' lang='lat' dir='ltr'><strong>et</strong></span> <span class='ocrx_word' id='word_1_614' title='bbox 2583 3934 2788 3989; x_wconf 89' lang='lat' dir='ltr'><strong>latrans</strong></span> <span class='ocrx_word' id='word_1_615' title='bbox 2818 3950 3132 4004; x_wconf 87' lang='lat' dir='ltr'><strong>superasse,</strong></span> <span class='ocrx_word' id='word_1_616' title='bbox 3163 3932 3385 3987; x_wconf 88' lang='lat' dir='ltr'><strong>silentia</strong></span> <span class='ocrx_word' id='word_1_617' title='bbox 3413 3932 3548 4002; x_wconf 91' lang='lat' dir='ltr'><strong>poni</strong></span> 
     </span>
    </p>
   </div>
   <div class='ocr_carea' id='block_1_102' title="bbox 2229 4021 3418 4095">
    <p class='ocr_par' dir='ltr' id='par_1_102' title="bbox 2229 4021 3418 4095">
     <span class='ocr_line' id='line_1_102' title="bbox 2229 4021 3418 4095; baseline -0.001 -19"><span class='ocrx_word' id='word_1_618' title='bbox 2229 4024 2577 4079; x_wconf 81' lang='lat' dir='ltr'><strong>Colluctatori</strong></span> <span class='ocrx_word' id='word_1_619' title='bbox 2610 4024 2765 4090; x_wconf 91' lang='lat' dir='ltr'><strong>belli,</strong></span> <span class='ocrx_word' id='word_1_620' title='bbox 2795 4039 2975 4095; x_wconf 92' lang='lat' dir='ltr'><strong>neque</strong></span> <span class='ocrx_word' id='word_1_621' title='bbox 3001 4023 3128 4091; x_wconf 84' lang='lat' dir='ltr'><strong>jura</strong></span> <span class='ocrx_word' id='word_1_622' title='bbox 3158 4021 3418 4093; x_wconf 86' lang='lat' dir='ltr'><strong>relinqui.</strong></span> 
     </span>
    </p>
   </div>
   <div class='ocr_carea' id='block_1_103' title="bbox 2229 4114 3838 4188">
    <p class='ocr_par' dir='ltr' id='par_1_103' title="bbox 2229 4114 3838 4188">
     <span class='ocr_line' id='line_1_103' title="bbox 2229 4114 3838 4188; baseline -0.005 -18"><span class='ocrx_word' id='word_1_623' title='bbox 2229 4116 2381 4171; x_wconf 82' lang='lat' dir='ltr'><strong>Haud</strong></span> <span class='ocrx_word' id='word_1_624' title='bbox 2430 4117 2588 4170; x_wconf 88' lang='lat' dir='ltr'><strong>Pater</strong></span> <span class='ocrx_word' id='word_1_625' title='bbox 2630 4116 2817 4188; x_wconf 86' lang='lat' dir='ltr'><strong>[patet]</strong></span> <span class='ocrx_word' id='word_1_626' title='bbox 2869 4115 2923 4170; x_wconf 92' lang='lat' dir='ltr'><strong>id</strong></span> <span class='ocrx_word' id='word_1_627' title='bbox 2971 4116 3224 4188; x_wconf 82' lang='lat' dir='ltr'><strong>dignum,</strong></span> <span class='ocrx_word' id='word_1_628' title='bbox 3256 4114 3617 4185; x_wconf 87' lang='lat' dir='ltr'><strong>priscumque</strong></span> <span class='ocrx_word' id='word_1_629' title='bbox 3671 4128 3838 4167; x_wconf 74' lang='lat' dir='ltr'><strong>orasse</strong></span> 
     </span>
    </p>
   </div>
   <div class='ocr_carea' id='block_1_104' title="bbox 3439 4209 3780 4282">
    <p class='ocr_par' dir='ltr' id='par_1_104' title="bbox 3439 4209 3780 4282">
     <span class='ocr_line' id='line_1_104' title="bbox 3439 4209 3780 4282; baseline -0.012 -18"><span class='ocrx_word' id='word_1_630' title='bbox 3439 4209 3780 4282; x_wconf 82' lang='lat' dir='ltr'><strong>[prophetam</strong></span> 
     </span>
    </p>
   </div>
   <div class='ocr_carea' id='block_1_105' title="bbox 2233 4302 3782 4375">
    <p class='ocr_par' dir='ltr' id='par_1_105' title="bbox 2233 4302 3782 4375">
     <span class='ocr_line' id='line_1_105' title="bbox 2233 4302 3782 4375; baseline -0.005 -17"><span class='ocrx_word' id='word_1_631' title='bbox 2233 4304 2376 4375; x_wconf 87' lang='lat' dir='ltr'><strong>Papa</strong></span> <span class='ocrx_word' id='word_1_632' title='bbox 2405 4302 2591 4370; x_wconf 88' lang='lat' dir='ltr'><strong>refert,</strong></span> <span class='ocrx_word' id='word_1_633' title='bbox 2627 4303 2912 4358; x_wconf 88' lang='lat' dir='ltr'><strong>Dominum</strong></span> <span class='ocrx_word' id='word_1_634' title='bbox 2942 4303 3179 4375; x_wconf 62' lang='lat' dir='ltr'><strong>vitaeque</strong></span> <span class='ocrx_word' id='word_1_635' title='bbox 3210 4303 3472 4374; x_wconf 89' lang='lat' dir='ltr'><strong>necisque</strong></span> <span class='ocrx_word' id='word_1_636' title='bbox 3506 4311 3782 4373; x_wconf 84' lang='lat' dir='ltr'><strong>potentem</strong></span> 
     </span>
    </p>
   </div>
   <div class='ocr_carea' id='block_1_106' title="bbox 2233 4397 3653 4470">
    <p class='ocr_par' dir='ltr' id='par_1_106' title="bbox 2233 4397 3653 4470">
     <span class='ocr_line' id='line_1_106' title="bbox 2233 4397 3653 4470; baseline -0.001 -18"><span class='ocrx_word' id='word_1_637' title='bbox 2233 4398 2299 4452; x_wconf 86' lang='lat' dir='ltr'><strong>Ut</strong></span> <span class='ocrx_word' id='word_1_638' title='bbox 2328 4397 2421 4469; x_wconf 89' lang='lat' dir='ltr'><strong>qui</strong></span> <span class='ocrx_word' id='word_1_639' title='bbox 2454 4404 2627 4451; x_wconf 90' lang='lat' dir='ltr'><strong>morte</strong></span> <span class='ocrx_word' id='word_1_640' title='bbox 2652 4406 2884 4468; x_wconf 90' lang='lat' dir='ltr'><strong>premat,</strong></span> <span class='ocrx_word' id='word_1_641' title='bbox 2910 4397 3100 4452; x_wconf 76' lang='lat' dir='ltr'><strong>flabris</strong></span> <span class='ocrx_word' id='word_1_642' title='bbox 3120 4398 3210 4470; x_wconf 92' lang='lat' dir='ltr'><strong>qui</strong></span> <span class='ocrx_word' id='word_1_643' title='bbox 3247 4405 3425 4452; x_wconf 90' lang='lat' dir='ltr'><strong>motus</strong></span> <span class='ocrx_word' id='word_1_644' title='bbox 3452 4397 3653 4451; x_wconf 88' lang='lat' dir='ltr'><strong>reddat</strong></span> 
     </span>
    </p>
   </div>
   <div class='ocr_carea' id='block_1_107' title="bbox 2237 4489 3625 4561">
    <p class='ocr_par' dir='ltr' id='par_1_107' title="bbox 2237 4489 3625 4561">
     <span class='ocr_line' id='line_1_107' title="bbox 2237 4489 3625 4561; baseline -0.001 -15"><span class='ocrx_word' id='word_1_645' title='bbox 2237 4489 2527 4554; x_wconf 86' lang='lat' dir='ltr'><strong>Percutial,</strong></span> <span class='ocrx_word' id='word_1_646' title='bbox 2559 4500 2738 4554; x_wconf 88' lang='lat' dir='ltr'><strong>sanet,</strong></span> <span class='ocrx_word' id='word_1_647' title='bbox 2770 4490 2986 4546; x_wconf 84' lang='lat' dir='ltr'><strong>validus</strong></span> <span class='ocrx_word' id='word_1_648' title='bbox 3018 4491 3332 4546; x_wconf 87' lang='lat' dir='ltr'><strong>moderator</strong></span> <span class='ocrx_word' id='word_1_649' title='bbox 3359 4490 3625 4561; x_wconf 89' lang='lat' dir='ltr'><strong>utrinque</strong></span> 
     </span>
    </p>
   </div>
   <div class='ocr_carea' id='block_1_108' title="bbox 2233 4584 3766 4656">
    <p class='ocr_par' dir='ltr' id='par_1_108' title="bbox 2233 4584 3766 4656">
     <span class='ocr_line' id='line_1_108' title="bbox 2233 4584 3766 4656; baseline -0.004 -16"><span class='ocrx_word' id='word_1_650' title='bbox 2233 4584 2387 4640; x_wconf 93' lang='lat' dir='ltr'><strong>Unde</strong></span> <span class='ocrx_word' id='word_1_651' title='bbox 2421 4584 2656 4656; x_wconf 84' lang='lat' dir='ltr'><strong>probum</strong></span> <span class='ocrx_word' id='word_1_652' title='bbox 2685 4601 2914 4655; x_wconf 88' lang='lat' dir='ltr'><strong>superas</strong></span> <span class='ocrx_word' id='word_1_653' title='bbox 2947 4593 3072 4654; x_wconf 83' lang='lat' dir='ltr'><strong>post</strong></span> <span class='ocrx_word' id='word_1_654' title='bbox 3103 4584 3294 4639; x_wconf 90' lang='lat' dir='ltr'><strong>funera</strong></span> <span class='ocrx_word' id='word_1_655' title='bbox 3327 4584 3579 4639; x_wconf 89' lang='lat' dir='ltr'><strong>conferat</strong></span> <span class='ocrx_word' id='word_1_656' title='bbox 3606 4597 3766 4638; x_wconf 88' lang='lat' dir='ltr'><strong>auras</strong></span> 
     </span>
    </p>
   </div>
   <div class='ocr_carea' id='block_1_109' title="bbox 2231 4676 3576 4748">
    <p class='ocr_par' dir='ltr' id='par_1_109' title="bbox 2231 4676 3576 4748">
     <span class='ocr_line' id='line_1_109' title="bbox 2231 4676 3576 4748; baseline -0.001 -16"><span class='ocrx_word' id='word_1_657' title='bbox 2231 4677 2420 4732; x_wconf 89' lang='lat' dir='ltr'><strong>Omnia</strong></span> <span class='ocrx_word' id='word_1_658' title='bbox 2449 4677 2549 4731; x_wconf 85' lang='lat' dir='ltr'><strong>rite</strong></span> <span class='ocrx_word' id='word_1_659' title='bbox 2571 4677 2676 4731; x_wconf 91' lang='lat' dir='ltr'><strong>sibi</strong></span> <span class='ocrx_word' id='word_1_660' title='bbox 2699 4692 2809 4748; x_wconf 91' lang='lat' dir='ltr'><strong>quo</strong></span> <span class='ocrx_word' id='word_1_661' title='bbox 2840 4676 3064 4732; x_wconf 86' lang='lat' dir='ltr'><strong>credula</strong></span> <span class='ocrx_word' id='word_1_662' title='bbox 3093 4677 3259 4732; x_wconf 91' lang='lat' dir='ltr'><strong>corda</strong></span> <span class='ocrx_word' id='word_1_663' title='bbox 3292 4686 3576 4747; x_wconf 88' lang='lat' dir='ltr'><strong>parentur.</strong></span> 
     </span>
    </p>
   </div>
   <div class='ocr_carea' id='block_1_110' title="bbox 2233 4764 3715 4835">
    <p class='ocr_par' dir='ltr' id='par_1_110' title="bbox 2233 4764 3715 4835">
     <span class='ocr_line' id='line_1_110' title="bbox 2233 4764 3715 4835; baseline -0.003 -15"><span class='ocrx_word' id='word_1_664' title='bbox 2233 4764 2407 4820; x_wconf 87' lang='lat' dir='ltr'><strong>Instat</strong></span> <span class='ocrx_word' id='word_1_665' title='bbox 2433 4765 2499 4818; x_wconf 89' lang='lat' dir='ltr'><strong>ad</strong></span> <span class='ocrx_word' id='word_1_666' title='bbox 2538 4766 2655 4820; x_wconf 66' lang='lat' dir='ltr'><strong>haec</strong></span> <span class='ocrx_word' id='word_1_667' title='bbox 2684 4764 2881 4819; x_wconf 86' lang='lat' dir='ltr'><strong>fallens</strong></span> <span class='ocrx_word' id='word_1_668' title='bbox 2911 4765 3065 4818; x_wconf 81' lang='lat' dir='ltr'><strong>vafer</strong></span> <span class='ocrx_word' id='word_1_669' title='bbox 3093 4774 3258 4835; x_wconf 89' lang='lat' dir='ltr'><strong>atque</strong></span> <span class='ocrx_word' id='word_1_670' title='bbox 3288 4764 3504 4818; x_wconf 90' lang='lat' dir='ltr'><strong>silentis</strong></span> <span class='ocrx_word' id='word_1_671' title='bbox 3533 4764 3715 4835; x_wconf 83' lang='lat' dir='ltr'><strong>poscit</strong></span> 
     </span>
    </p>
   </div>
   <div class='ocr_carea' id='block_1_111' title="bbox 2233 4854 3537 4925">
    <p class='ocr_par' dir='ltr' id='par_1_111' title="bbox 2233 4854 3537 4925">
     <span class='ocr_line' id='line_1_111' title="bbox 2233 4854 3537 4925; baseline -0.002 -15"><span class='ocrx_word' id='word_1_672' title='bbox 2233 4857 2493 4910; x_wconf 87' lang='lat' dir='ltr'><strong>Virtutem</strong></span> <span class='ocrx_word' id='word_1_673' title='bbox 2528 4864 2788 4925; x_wconf 87' lang='lat' dir='ltr'><strong>repetens</strong></span> <span class='ocrx_word' id='word_1_674' title='bbox 2818 4855 2983 4925; x_wconf 86' lang='lat' dir='ltr'><strong>pandi</strong></span> <span class='ocrx_word' id='word_1_675' title='bbox 3015 4854 3343 4908; x_wconf 89' lang='lat' dir='ltr'><strong>solemniter</strong></span> <span class='ocrx_word' id='word_1_676' title='bbox 3381 4855 3537 4921; x_wconf 87' lang='lat' dir='ltr'><strong>actis,</strong></span> 
     </span>
    </p>
   </div>
   <div class='ocr_carea' id='block_1_112' title="bbox 2234 4946 3754 5019">
    <p class='ocr_par' dir='ltr' id='par_1_112' title="bbox 2234 4946 3754 5019">
     <span class='ocr_line' id='line_1_112' title="bbox 2234 4946 3754 5019; baseline -0.001 -19"><span class='ocrx_word' id='word_1_677' title='bbox 2234 4947 2538 5018; x_wconf 86' lang='lat' dir='ltr'><strong>Spondenti</strong></span> <span class='ocrx_word' id='word_1_678' title='bbox 2571 4947 2735 5001; x_wconf 90' lang='lat' dir='ltr'><strong>vitam</strong></span> <span class='ocrx_word' id='word_1_679' title='bbox 2763 4947 3032 5002; x_wconf 88' lang='lat' dir='ltr'><strong>attonitus</strong></span> <span class='ocrx_word' id='word_1_680' title='bbox 3058 4946 3407 5016; x_wconf 90' lang='lat' dir='ltr'><strong>demensque</strong></span> <span class='ocrx_word' id='word_1_681' title='bbox 3439 4953 3754 5019; x_wconf 85' lang='lat' dir='ltr'><strong>repugnat;</strong></span> 
     </span>
    </p>
   </div>
   <div class='ocr_carea' id='block_1_113' title="bbox 2234 5039 3687 5113">
    <p class='ocr_par' dir='ltr' id='par_1_113' title="bbox 2234 5039 3687 5113">
     <span class='ocr_line' id='line_1_113' title="bbox 2234 5039 3687 5113; baseline 0 -19"><span class='ocrx_word' id='word_1_682' title='bbox 2234 5039 2456 5113; x_wconf 88' lang='lat' dir='ltr'><strong>Cogitur</strong></span> <span class='ocrx_word' id='word_1_683' title='bbox 2481 5050 2536 5094; x_wconf 87' lang='lat' dir='ltr'><strong>at</strong></span> <span class='ocrx_word' id='word_1_684' title='bbox 2567 5040 2857 5095; x_wconf 88' lang='lat' dir='ltr'><strong>Dominum</strong></span> <span class='ocrx_word' id='word_1_685' title='bbox 2893 5056 3078 5094; x_wconf 88' lang='lat' dir='ltr'><strong>verum</strong></span> <span class='ocrx_word' id='word_1_686' title='bbox 3107 5056 3496 5111; x_wconf 89' lang='lat' dir='ltr'><strong>summumque</strong></span> <span class='ocrx_word' id='word_1_687' title='bbox 3525 5039 3687 5095; x_wconf 87' lang='lat' dir='ltr'><strong>fateri</strong></span> 
     </span>
    </p>
   </div>
   <div class='ocr_carea' id='block_1_114' title="bbox 2233 5131 3578 5204">
    <p class='ocr_par' dir='ltr' id='par_1_114' title="bbox 2233 5131 3578 5204">
     <span class='ocr_line' id='line_1_114' title="bbox 2233 5131 3578 5204; baseline -0.001 -16"><span class='ocrx_word' id='word_1_688' title='bbox 2233 5132 2476 5188; x_wconf 85' lang='lat' dir='ltr'><strong>Flamina</strong></span> <span class='ocrx_word' id='word_1_689' title='bbox 2493 5133 2585 5204; x_wconf 88' lang='lat' dir='ltr'><strong>qui</strong></span> <span class='ocrx_word' id='word_1_690' title='bbox 2619 5132 2807 5187; x_wconf 89' lang='lat' dir='ltr'><strong>functo</strong></span> <span class='ocrx_word' id='word_1_691' title='bbox 2840 5132 3061 5198; x_wconf 86' lang='lat' dir='ltr'><strong>referat,</strong></span> <span class='ocrx_word' id='word_1_692' title='bbox 3085 5131 3312 5187; x_wconf 90' lang='lat' dir='ltr'><strong>denotat</strong></span> <span class='ocrx_word' id='word_1_693' title='bbox 3339 5140 3394 5187; x_wconf 86' lang='lat' dir='ltr'><strong>et</strong></span> <span class='ocrx_word' id='word_1_694' title='bbox 3414 5132 3578 5187; x_wconf 88' lang='lat' dir='ltr'><strong>addit</strong></span> 
     </span>
    </p>
   </div>
   <div class='ocr_carea' id='block_1_115' title="bbox 2232 5222 3622 5298">
    <p class='ocr_par' dir='ltr' id='par_1_115' title="bbox 2232 5222 3622 5298">
     <span class='ocr_line' id='line_1_115' title="bbox 2232 5222 3622 5298; baseline -0.001 -19"><span class='ocrx_word' id='word_1_695' title='bbox 2232 5226 2416 5297; x_wconf 89' lang='lat' dir='ltr'><strong>Seque</strong></span> <span class='ocrx_word' id='word_1_696' title='bbox 2441 5241 2680 5296; x_wconf 90' lang='lat' dir='ltr'><strong>suosque</strong></span> <span class='ocrx_word' id='word_1_697' title='bbox 2719 5224 2876 5296; x_wconf 89' lang='lat' dir='ltr'><strong>sequi</strong></span> <span class='ocrx_word' id='word_1_698' title='bbox 2909 5225 3088 5280; x_wconf 84' lang='lat' dir='ltr'><strong>cultus</strong></span> <span class='ocrx_word' id='word_1_699' title='bbox 3121 5223 3361 5298; x_wconf 84' lang='lat' dir='ltr'><strong>insignia</strong></span> <span class='ocrx_word' id='word_1_700' title='bbox 3393 5222 3622 5290; x_wconf 88' lang='lat' dir='ltr'><strong>Christi,</strong></span> 
     </span>
    </p>
   </div>
   <div class='ocr_carea' id='block_1_116' title="bbox 2231 5313 3469 5386">
    <p class='ocr_par' dir='ltr' id='par_1_116' title="bbox 2231 5313 3469 5386">
     <span class='ocr_line' id='line_1_116' title="bbox 2231 5313 3469 5386; baseline 0 -18"><span class='ocrx_word' id='word_1_701' title='bbox 2231 5315 2286 5369; x_wconf 86' lang='lat' dir='ltr'><strong>Si</strong></span> <span class='ocrx_word' id='word_1_702' title='bbox 2311 5315 2436 5370; x_wconf 88' lang='lat' dir='ltr'><strong>data</strong></span> <span class='ocrx_word' id='word_1_703' title='bbox 2465 5315 2725 5386; x_wconf 83' lang='lat' dir='ltr'><strong>Sylvestri</strong></span> <span class='ocrx_word' id='word_1_704' title='bbox 2749 5315 2907 5370; x_wconf 89' lang='lat' dir='ltr'><strong>cedat</strong></span> <span class='ocrx_word' id='word_1_705' title='bbox 2943 5313 3215 5386; x_wconf 88' lang='lat' dir='ltr'><strong>promissa</strong></span> <span class='ocrx_word' id='word_1_706' title='bbox 3244 5313 3469 5384; x_wconf 87' lang='lat' dir='ltr'><strong>patrari.</strong></span> 
     </span>
    </p>
   </div>
   <div class='ocr_carea' id='block_1_117' title="bbox 2229 5402 3771 5476">
    <p class='ocr_par' dir='ltr' id='par_1_117' title="bbox 2229 5402 3771 5476">
     <span class='ocr_line' id='line_1_117' title="bbox 2229 5402 3771 5476; baseline -0.003 -18"><span class='ocrx_word' id='word_1_707' title='bbox 2229 5404 2353 5459; x_wconf 89' lang='lat' dir='ltr'><strong>Edit</strong></span> <span class='ocrx_word' id='word_1_708' title='bbox 2379 5421 2519 5476; x_wconf 89' lang='lat' dir='ltr'><strong>papa</strong></span> <span class='ocrx_word' id='word_1_709' title='bbox 2551 5419 2764 5475; x_wconf 89' lang='lat' dir='ltr'><strong>preces,</strong></span> <span class='ocrx_word' id='word_1_710' title='bbox 2798 5419 2908 5458; x_wconf 91' lang='lat' dir='ltr'><strong>non</strong></span> <span class='ocrx_word' id='word_1_711' title='bbox 2940 5419 3221 5458; x_wconf 89' lang='lat' dir='ltr'><strong>murmura</strong></span> <span class='ocrx_word' id='word_1_712' title='bbox 3251 5402 3420 5457; x_wconf 89' lang='lat' dir='ltr'><strong>surda</strong></span> <span class='ocrx_word' id='word_1_713' title='bbox 3449 5417 3771 5464; x_wconf 88' lang='lat' dir='ltr'><strong>susurrans,</strong></span> 
     </span>
    </p>
   </div>
   <div class='ocr_carea' id='block_1_118' title="bbox 2227 5493 3631 5564">
    <p class='ocr_par' dir='ltr' id='par_1_118' title="bbox 2227 5493 3631 5564">
     <span class='ocr_line' id='line_1_118' title="bbox 2227 5493 3631 5564; baseline -0.002 -15"><span class='ocrx_word' id='word_1_714' title='bbox 2227 5495 2380 5550; x_wconf 88' lang='lat' dir='ltr'><strong>Clara</strong></span> <span class='ocrx_word' id='word_1_715' title='bbox 2402 5495 2498 5549; x_wconf 91' lang='lat' dir='ltr'><strong>sed</strong></span> <span class='ocrx_word' id='word_1_716' title='bbox 2526 5495 2714 5549; x_wconf 87' lang='lat' dir='ltr'><strong>auditu</strong></span> <span class='ocrx_word' id='word_1_717' title='bbox 2747 5503 3072 5548; x_wconf 90' lang='lat' dir='ltr'><strong>cunctorum</strong></span> <span class='ocrx_word' id='word_1_718' title='bbox 3106 5502 3229 5550; x_wconf 85' lang='lat' dir='ltr'><strong>vota</strong></span> <span class='ocrx_word' id='word_1_719' title='bbox 3262 5493 3631 5564; x_wconf 87' lang='lat' dir='ltr'><strong>profundens,</strong></span> 
     </span>
    </p>
   </div>
   <div class='ocr_carea' id='block_1_119' title="bbox 2227 5582 3778 5654">
    <p class='ocr_par' dir='ltr' id='par_1_119' title="bbox 2227 5582 3778 5654">
     <span class='ocr_line' id='line_1_119' title="bbox 2227 5582 3778 5654; baseline -0.001 -18"><span class='ocrx_word' id='word_1_720' title='bbox 2227 5585 2398 5654; x_wconf 84' lang='lat' dir='ltr'><strong>Atque</strong></span> <span class='ocrx_word' id='word_1_721' title='bbox 2431 5583 2610 5654; x_wconf 78' lang='lat' dir='ltr'><strong>palam</strong></span> <span class='ocrx_word' id='word_1_722' title='bbox 2637 5582 2906 5636; x_wconf 86' lang='lat' dir='ltr'><strong>Christum</strong></span> <span class='ocrx_word' id='word_1_723' title='bbox 2938 5589 3240 5649; x_wconf 76' lang='lat' dir='ltr'><strong>auctorem,</strong></span> <span class='ocrx_word' id='word_1_724' title='bbox 3269 5582 3508 5654; x_wconf 69' lang='lat' dir='ltr'><strong>vitaeque</strong></span> <span class='ocrx_word' id='word_1_725' title='bbox 3531 5583 3778 5637; x_wconf 74' lang='lat' dir='ltr'><strong>datorem</strong></span> 
     </span>
    </p>
   </div>
   <div class='ocr_carea' id='block_1_120' title="bbox 2226 5673 3751 5747">
    <p class='ocr_par' dir='ltr' id='par_1_120' title="bbox 2226 5673 3751 5747">
     <span class='ocr_line' id='line_1_120' title="bbox 2226 5673 3751 5747; baseline -0.001 -18"><span class='ocrx_word' id='word_1_726' title='bbox 2226 5677 2448 5731; x_wconf 83' lang='lat' dir='ltr'><strong>lnvocat</strong></span> <span class='ocrx_word' id='word_1_727' title='bbox 2475 5676 2907 5747; x_wconf 81' lang='lat' dir='ltr'><strong>a-tlicreumque,</strong></span> <span class='ocrx_word' id='word_1_728' title='bbox 2943 5675 3171 5730; x_wconf 86' lang='lat' dir='ltr'><strong>haustus</strong></span> <span class='ocrx_word' id='word_1_729' title='bbox 3205 5681 3487 5746; x_wconf 85' lang='lat' dir='ltr'><strong>repetente</strong></span> <span class='ocrx_word' id='word_1_730' title='bbox 3505 5673 3751 5743; x_wconf 81' lang='lat' dir='ltr'><strong>juvenco</strong></span> 
     </span>
    </p>
   </div>
  </div>
