4002 6124
248 258 356 312 ἹὸἹ
886 253 969 307 DE
1009 251 1266 306 CHRISTI
1305 251 1667 306 TRIUMPIIIS
1706 251 1879 307 APUD
1920 247 2184 305 ITAIJAM
2224 247 2402 302 LIBRI
2441 247 2571 302 XIV.
2612 276 2682 288 -—
2722 247 2848 302 LIB.
2891 246 2977 302 IX.
3493 248 3599 304 758

249 389 516 442 Aurarum
541 383 769 454 positos,
801 382 1012 436 Numen
1041 381 1398 436 monstrarier
1429 390 1599 452 Optat,
1901 385 1956 453 Α
1986 381 2113 446 Quae
2144 376 2435 450 patefacta,
2465 375 2598 430 viris
2623 375 2856 431 diversae
2870 376 3042 448 partis
3060 376 3319 449 utrinque

250 478 651 546 Accedensque
683 473 811 528 ferae
846 488 1046 528 nomen
1081 473 1384 543 proclamat
1415 474 1556 539 Iesu,
1988 473 2238 528 Consona
2259 468 2489 536 testatis,
2517 468 2711 542 regina
2725 484 2986 543 aggressa
3005 484 3304 541 capessens

251 566 488 620 Nomine
510 562 615 616 sub
647 562 805 630 cujus
837 567 1146 615 revocatum
1177 577 1406 636 surgere
1436 569 1649 616 taurum
1982 565 2148 635 Spem
2180 563 2423 618 divinam
2437 560 2657 627 animis,
2675 561 2964 616 scrobibus
2980 561 3211 618 rimatur
3229 569 3456 634 operta;

253 659 511 728 Imperat,
539 655 776 709 absolvit
798 652 1032 724 laqueis,
1075 659 1130 707 et
1161 669 1395 726 pergere
1421 653 1665 708 mandat.
1983 657 2092 712 Nec
2120 671 2273 712 mora
2304 657 2468 730 longa
2488 655 2643 727 Operi
2678 671 2692 710 :
2724 653 3026 710 connivent
3051 660 3180 710 vota
3207 653 3384 710 labori
3413 671 3428 710 :

250 746 510 802 Protinus
541 743 807 805 exsiliens
838 740 1078 813 stupida;
1110 741 1371 797 miracula
1411 742 1585 813 plebi,
1973 748 2170 804 Munus
2195 755 2251 803 et
2275 747 2540 803 ambitum
2574 746 2875 820 cupidisse
2905 745 3121 802 visibus
3149 744 3348 811 θῆαι-ις

252 839 515 893 Lzetitiam
542 836 725 905 justis,
761 849 1054 890 mmrorem
1087 834 1343 904 importat
1375 833 1602 906 iniquis,

1973 843 2137 897 Tecta
2164 841 2259 896 diu
2281 840 2466 896 inﬁdis
2495 856 2694 896 arcana
2731 837 2992 894 ﬁdelibus
3011 837 3235 895 adsunt.

253 933 326 986 Ac
354 947 480 986 sese
510 927 776 984 armentis
804 927 1025 983 viduata
1055 926 1109 981 in
1141 943 1344 999 pascua
1382 927 1583 984 reddit.
1975 931 2182 985 Gaudia
2207 929 2304 985 sed
2335 929 2473 985 lucri
2505 927 2745 985 obnubit
2769 925 3025 984 titubatio
3045 927 3182 984 certi
3210 941 3224 982 :

251 1026 504 1083 Vincenti
537 1032 809 1098 prostrAta
841 1040 1008 1079 ruens
1034 1024 1268 1097 vestigia
1297 1024 1458 1079 turba
1978 1025 2136 1086 Dum,
2169 1023 2348 1078 tribus
2376 1022 2634 1087 inventis,
2659 1037 2784 1094 qua:
2810 1035 2943 1076 crux
2962 1020 3172 1078 erectio
3194 1020 3323 1078 vitis

251 1124 370 1179 Mox
402 1123 632 1177 adversa
665 1121 805 1191 petit
836 1135 1077 1190 poscens
1095 1120 1303 1174 victore
1330 1121 1589 1186 salutem,
1979 1114 2215 1169 Viviﬁcae
2246 1113 2461 1168 steterit
2489 1118 2647 1168 nutat
2676 1111 2948 1167 discussio
2974 1110 3112 1168 veri.

256 1217 494 1286 Ipsaque
525 1211 846 1286 regiparens
863 1209 1053 1264 aulaeis
1086 1201 1304 1281 publica
1330 1211 1502 1282 raptis
1982 1209 2200 1264 Arbiter
2230 1218 2284 1262 at
2301 1224 2551 1262 summus
2581 1223 2741 1262 curas
2771 1221 3103 1277 componere
3127 1204 3358 1260 anhelas

253 1303 564 1378 Egreditur,
602 1299 931 1369 veniamque
955 1299 1071 1352 dari
1103 1299 1208 1352 sibi
1235 1314 1409 1369 prona
1441 1306 1713 1370 precatur.
1985 1302 2317 1372 Dispouens,
2351 1298 2599 1354 animum
2623 1297 2832 1373 reginae
2863 1297 3094 1353 numine
3124 1295 3301 1368 tangit

251 1397 366 1451 Nec
392 1395 571 1450 solum
595 1393 698 1447 bos
716 1392 885 1446 sentit
908 1408 1092 1463 opem,
1122 1391 1535 1467 pugnantiaque
1566 1409 1739 1446 arma.
1985 1396 2214 1451 Sidereo
2247 1413 2261 1449 :
2292 1393 2536 1450 functum
2561 1394 2652 1448 illa
2678 1408 2876 1448 recens
2898 1406 3182 1465 exsangue
3200 1390 3439 1446 cadaver

254 1487 537 1558 Sylvestro
568 1483 853 1550 vincente,
888 1491 1118 1552 crepant
1149 1482 1281 1552 quin
1312 1481 1534 1535 flamina
1566 1481 1724 1554 nigra
1988 1490 2225 1558 Imperat
2251 1486 2464 1552 inferri,
2495 1485 2701 1542 donum
2734 1483 2938 1538 virtute
2969 1482 3214 1554 probari.

252 1577 530 1646 Linquere
563 1590 646 1639 se.
681 1579 873 1641 οθρῐοε
894 1571 1020 1625 οωὶί
1051 1587 1192 1642 (11105
1219 1571 1392 1644 gratia
1417 1570 1599 1625 δεινοῦ
1985 1579 2301 1634 Produntur
2329 1576 2530 1652 gelidis
2555 1575 2833 1647 torpentia
2860 1574 3076 1630 viscera
3091 1573 3251 1628 venis
3279 1590 3295 1639 ;

255 1666 480 1731 Reddit,
508 1672 566 1718 et
597 1661 852 1717 aethereis
874 1661 1064 1731 plures
1093 1676 1247 1716 sacer
1276 1661 1451 1714 abluit
1481 1661 1665 1716 undis.
1908 1708 1960 1776 Β
1988 1671 2344 1740 Admotgcquc
2373 1685 2567 1724 cruces
2601 1685 2615 1722 :
2649 1667 2893 1738 poenalia
2917 1666 3069 1741 ligna
3095 1664 3370 1722 latronum

256 1757 288 1776 η
508 1765 549 1776 Α.
592 1763 815 1776 --μμη
849 1753 1060 1776 ρι--ε-.,.
1101 1754 1367 1776 ..--_-_-_
1418 1754 1664 1776 “Lm.--
1987 1761 2025 1776 ..η
2245 1767 2254 1776 .
2463 1775 2471 1776 ,
2549 1758 2583 1776 ..
2820 1757 2947 1776 μμ
2996 1773 3009 1776 Α

253 1757 470 1812 Crescit
500 1765 554 1811 et
584 1763 816 1811 ornatur
849 1753 1065 1808 Christo
1097 1754 1374 1824 desponsa
1412 1754 1670 1809 columba
1908 1753 1960 1776 υ
1987 1761 2349 1824 Tcmnuntur,
2384 1758 2592 1830 promit
2609 1757 2797 1813 vitalia
2819 1757 3019 1814 robora
3044 1757 3176 1822 vita,

254 1847 521 1918 Templis,
556 1845 902 1910 muneribus,
932 1843 1200 1914 cultuque
1219 1845 1434 1899 dicatur
1463 1859 1704 1911 amoeno,

1989 1853 2106 1907 Vita
2135 1851 2474 1925 resurgentis
2503 1849 2627 1906 vitae
2657 1849 2853 1906 arbore
2871 1848 3072 1922 gaudia
3109 1848 3375 1920 complet,

261 1941 492 1995 Exuitur
517 1940 705 1994 fractis
731 1939 900 1994 elisus
921 1938 1136 1993 viribus
1169 1936 1368 2002 hostis,
1990 1948 2090 2012 Qui
2115 1944 2460 2018 spectatores
2485 1945 2732 2002 redivivo
2755 1961 2985 2001 munere
3006 1960 3262 2016 pascens,

259 2037 477 2110 z‘Egypti
508 2035 890 2110 primogenitis
920 2033 1022 2088 sub
1051 2040 1248 2088 tartara
1277 2033 1495 2098 mersis,

1992 2044 2145 2098 Inter
2173 2043 2440 2096 mirantes
2470 2057 2597 2096 sese
2617 2040 2852 2095 miratur
2879 2046 3124 2095 euntem.

260 2127 490 2182 Pellzeas
520 2127 666 2180 acies
699 2126 810 2178 imo
840 2140 1061 2196 aequora
1091 2123 1307 2196 gurgite
1338 2123 1586 2189 volvunt,

1991 2137 2082 2192 Sic
2104 2137 2232 2191 divo
2265 2136 2514 2190 renitens
2532 2151 2663 2189 crux
2691 2131 2988 2188 clariﬁcata
3029 2133 3254 2198 decore,

257 2215 636 2286 Victricesque
659 2212 856 2285 aquilae
883 2213 1012 2267 Jesu
1041 2212 1268 2266 ductore
1293 2211 1655 2282 triumphant,

1992 2227 2254 2281 Votorum
2276 2223 2583 2295 obsequiis,
2613 2222 2871 2294 claraque
2897 2221 3202 2277 assumitur
3229 2221 3374 2276 aula.

257 2310 446 2365 Sensit
476 2315 529 2362 et
560 2307 791 2362 internis
821 2323 1079 2381 grassans
1117 2306 1423 2362 Maxentius
1451 2307 1641 2376 armis,
1719 2305 1722 2307 Α
1991 2319 2118 2384 Quae
2149 2317 2312 2373 cultis
2337 2317 2503 2372 rutilo
2535 2315 2715 2370 radiat
2742 2313 3099 2386 laquearibus
3125 2329 3283 2370 auro.

259 2401 385 2466 Qui,
421 2406 641 2454 terrena
669 2406 854 2451 terens
883 2397 1323 2468 divinaquejura
1351 2397 1652 2463 lacessens,
1992 2409 2186 2462 Fertur
2214 2414 2267 2462 οι
2295 2406 2360 2460 ad
2393 2421 2578 2477 regem
2611 2404 2843 2476 pretiosi
2867 2404 3048 2475 portio
3079 2403 3215 2478 ligni
3239 2420 3255 2457 ε

260 2492 366 2545 Par
396 2489 699 2544 Pharaonis
727 2488 935 2542 lethum
968 2487 1115 2541 subit
1151 2487 1436 2557 improbus
1459 2488 1648 2554 undis,
1990 2498 2134 2552 Crux
2174 2495 2283 2550 sibi
2311 2503 2424 2551 tota
2454 2510 2683 2550 manens
2702 2492 2810 2549 late
2840 2509 2940 2548 sua
2968 2493 3166 2549 robora
3184 2492 3414 2565 spargit,

266 2584 563 2637 lncurrens
593 2579 802 2634 foveam
837 2594 1020 2649 pugna
1046 2577 1152 2631 sibi
1182 2576 1374 2632 fraude
1407 2585 1671 2647 paratam,
1990 2587 2198 2640 Damna
2221 2601 2325 2640 nec
2353 2584 2592 2639 admittit
2621 2583 2775 2658 largo
2803 2598 2928 2638 cum
2961 2583 3172 2653 repleat
3193 2581 3386 2638 orbem

260 2674 402 2727 Dum
437 2670 563 2742 pius
592 2669 872 2724 exsultans
899 2666 1222 2721 catlestibus
1237 2665 1437 2721 emicat
1461 2666 1649 2733 armis,

1989 2675 2238 2739 Munere,
2272 2683 2602 2745 perpetuum
2630 2672 2876 2728 retinens
2905 2670 3028 2725 sine
3055 2686 3209 2726 more
3235 2671 3504 2745 vigorem.

264 2764 362 2819 Cui
387 2763 544 2819 cmlis
577 2761 851 2833 patefacta
876 2760 1266 2815 crucisvexilla
1296 2769 1610 2826 coruscant,
1996 2763 2165 2830 Queis
2191 2762 2384 2817 mundi
2419 2761 2657 2833 pretium
2688 2760 2878 2816 divina
2909 2760 3115 2815 talenta
3151 2759 3349 2816 librata

259 2854 354 2908 Cui
378 2851 651 2924 promissa
680 2848 1066 2904 favetvictoria
1096 2863 1230 2904 voce
1257 2864 1520 2919 superna,
1998 2852 2289 2908 Clavorum
2320 2867 2386 2906 ex
2413 2850 2534 2906 acie
2560 2849 2765 2926 regalis
2801 2851 3046 2907 culmina
3073 2852 3224 2908 coni.

262 2947 356 3000 llis
385 2944 624 3021 genitrix
659 2943 883 3015 Augusti
917 2941 1053 2996 actis
1070 2940 1304 2995 feliciter
1324 2948 1484 2995 aucta
1995 2941 2263 2997 Tutantur
2288 2940 2515 3010 compti,
2549 2939 2804 3012 frenique
2834 2947 3121 2997 sacrantur
3149 2940 3405 3007 habenas,

261 3041 443 3109 Atque
465 3035 711 3091 animum
746 3033 957 3087 ﬁrmata
989 3032 1098 3086 ﬁde
1127 3039 1418 3102 percenset
1450 3032 1613 3086 amici
1930 3055 1980 3124 Ο
1999 3033 2090 3088 Vis
2119 3033 2276 3101 cujus
2308 3041 2578 3104 praestans
2597 3029 2838 3087 eﬁ'renas
2864 3030 3063 3088 difﬁcit
3088 3030 3334 3100 umbras,

264 3126 526 3182 Tramitis
545 3126 613 3179 ad
645 3125 920 3194 Solymam
950 3140 1050 3193 spe
1078 3121 1406 3176 continuare
1440 3121 1708 3187 laborem,
1946 3121 1966 3124 ⁷
2002 3126 2155 3190 Quod
2188 3123 2319 3178 ﬁdei
2352 3123 2580 3191 meritis,
2614 3123 2871 3194 princeps
2896 3122 3131 3190 Iustine,
3160 3123 3422 3193 probasti.

268 3219 669 3290 Exsultansque
701 3224 912 3270 sacrata
942 3216 1037 3269 Dei
1072 3215 1191 3269 loca
1221 3213 1467 3269 lambere
1498 3215 1718 3285 plantis.
2002 3215 2114 3269 Nec
2156 3230 2303 3267 mare
2335 3212 2627 3268 frustratur
2648 3220 2815 3268 tantae
2845 3211 3066 3268 virtutis
3095 3213 3327 3279 honore,

268 3313 547 3382 Expurgat
576 3310 760 3365 scelus
791 3307 1073 3363 undecimi
1107 3307 1278 3362 livore
1308 3314 1582 3377 patratum
2002 3307 2164 3377 Cujus
2185 3307 2358 3362 sedati
2397 3307 2620 3374 fluctus,
2639 3307 2916 3362 obstructa
2946 3321 3171 3382 vorago.

272 3403 525 3468 Caesaris,
543 3403 856 3457 emundaus
883 3401 1097 3471 spurcis
1124 3416 1277 3454 sacra
1301 3417 1426 3454 rura
1450 3393 1693 3468 sacellis,
2002 3401 2194 3456 Lintea
2225 3415 2349 3470 qua:
2372 3407 2556 3453 texere
2587 3414 2806 3454 ciucem
2834 3413 3016 3469 neque
3043 3414 3199 3454 cassa
3222 3397 3474 3454 residunt
3501 3416 3517 3464 ;

273 3492 564 3564 Religione
599 3493 689 3562 pia
709 3491 1030 3562 sanctisque
1059 3489 1322 3544 altaribus
1347 3505 1576 3544 ornans.
2005 3491 2220 3547 Robore
2242 3491 2378 3562 quin
2411 3498 2632 3560 sumpto
2654 3490 2900 3555 morbos,
2930 3497 2987 3544 et
3013 3489 3216 3564 frigora
3247 3490 3482 3561 pellunt,

274 3585 608 3638 Perventum
631 3583 928 3653 Solymam,
955 3598 1078 3653 quae
1115 3582 1258 3636 lectu
1291 3590 1553 3654 coeperat,
1579 3581 1762 3638 haurit
1969 3591 1975 3599 '
2005 3583 2300 3643 Dzemonas,
2321 3581 2572 3649 ejiciunt,
2603 3579 2766 3636 caecis
2789 3594 2890 3634 sua
2911 3578 3122 3634 lumina
3147 3578 3426 3634 reddunt:

275 3673 635 3727 Perscrutans
660 3672 858 3739 oculis,
885 3672 1139 3743 interque
1161 3672 1402 3744 insignia
1435 3688 1616 3726 rerum
2010 3669 2176 3724 Mutis
2213 3686 2394 3726 sermo
2425 3671 2606 3734 datur,
2637 3668 2936 3741 paralytica
2951 3667 3201 3724 membra
3230 3669 3500 3724 levantur.

277 3765 550 3837 lndagare
580 3765 759 3819 crucis
782 3763 933 3819 cordi
964 3764 1121 3819 sedet
1159 3764 1361 3834 inclyta
1392 3764 1564 3838 ligna,
2011 3761 2072 3814 In
2101 3759 2299 3814 vexilla
2330 3759 2511 3815 crucis
2541 3759 2786 3814 labarum
2822 3757 3202 3813 transvertitur
3231 3758 3448 3832 ingens.

279 3853 449 3915 Queis
481 3852 715 3922 pretium
749 3852 930 3906 cuncti
965 3851 1129 3906 vitale
1161 3850 1692 3922 pependeratorbis,
2011 3851 2309 3907 Prazﬁcitur
2329 3851 2544 3918 cuneis,
2585 3850 2736 3906 acies
2756 3850 2990 3905 illustrat
3027 3849 3234 3904 honore

279 3944 420 3997 Dum
456 3943 542 3996 via
565 3943 718 3996 nulla
751 3948 918 4012 patet,
957 3959 1067 4013 qua
1098 3949 1241 3997 tecta
1284 3941 1490 3996 talenta
1522 3950 1800 4014 petantur,
2011 3943 2632 4019 Signiferossociosque
2663 3940 2817 4016 tegit,
2853 3955 2956 3997 nec
2983 3940 3138 3997 clade
3167 3939 3384 3996 laborat

287 4035 486 4092 Accitis
512 4034 662 4090 varia
693 4035 794 4088 sub
819 4033 1138 4089 conditione
1166 4034 1462 4106 magistris,
2015 4037 2259 4100 Evector,
2300 4049 2401 4089 nec
2430 4033 2536 4088 tela
2558 4039 2768 4105 queunt
2798 4041 3069 4088 temerare
3093 4029 3384 4086 vehentem
3414 4046 3430 4091 ;

285 4123 561 4198 Golgotha
589 4123 848 4195 supplicii
873 4123 1193 4180 discrimina
1215 4140 1376 4180 nosse
1406 4123 1620 4180 laborat
1645 4143 1660 4190 ;
2017 4125 2298 4196 Linquens
2335 4122 2494 4196 signa
2520 4120 2686 4194 perit,
2725 4120 2950 4196 gerulus
2973 4117 3291 4177 servaturin
3323 4118 3528 4176 hostes.

1792 4276 2001 4333 CAPUT
2046 4277 2137 4332 IX.

1214 4404 1291 4462 De
1317 4403 1543 4478 synodo
1573 4420 1704 4480 quae
1727 4403 1891 4481 facta
1920 4411 2003 4462 est
2030 4403 2140 4462 sub
2168 4410 2374 4463 sancto
2405 4399 2734 4478 Sytvestro.

292 4539 556 4610 Sylvestri
587 4539 820 4610 imperio
846 4546 1068 4605 coeunt,
1100 4546 1155 4594 et
1182 4539 1393 4595 lumina
1422 4539 1607 4594 Patres
1933 4543 1993 4612 Ι)
2015 4537 2241 4608 Templa
2271 4537 2447 4592 nitent
2471 4535 2711 4604 fabricis,
2732 4542 3266 4612 sacrantur_munera
3293 4535 3539 4608 templis,

291 4629 590 4684 Catholicae
609 4637 860 4702 retegunt
891 4630 1041 4697 ﬁdei,
1077 4632 1457 4705 damnantque
1490 4632 1726 4688 rebelles
1757 4651 1770 4699 ;
1935 4610 1964 4612 ’ί
2018 4631 2253 4705 Pignora
2291 4627 2578 4700 apostolici
2611 4627 2828 4682 decoris
2858 4610 3030 4683 multo
3055 4643 3164 4682 aere
3191 4634 3473 4704 teguntur.

293 4724 456 4778 Lucis
480 4732 536 4778 et
564 4725 819 4781 Ecclesia:
848 4727 1119 4782 tutissima
1149 4729 1346 4784 robora
1375 4730 1624 4786 condunt
1648 4747 1662 4797 ;
2020 4725 2224 4780 Emicat
2252 4722 2532 4795 oppressis
2554 4722 2784 4778 victoria
2812 4722 2958 4777 clara
2987 4721 3233 4793 tyrannis
3271 4739 3287 4789 ;

296 4813 640 4868 Pontiﬁcalis
664 4831 802 4885 apex
830 4817 1044 4882 colitur,
1074 4817 1318 4889 cleriquc
1351 4825 1576 4874 senatus
2017 4816 2285 4874 Gentibus
2305 4815 2573 4890 effulgent
2609 4814 2874 4886 praecelsa
2902 4821 3109 4886 tropaea
3137 4814 3397 4881 subactis,

296 4902 544 4977 Legibus
582 4903 865 4960 instruitur
895 4921 909 4973 ;
941 4907 1360 4977 sacrorumjura
1389 4909 1672 4976 feruntur;
2016 4907 2397 4982 Discussisque
2429 4907 2551 4982 pios
2580 4905 2822 4962 tenebris
2850 4906 2940 4962 lux
2970 4905 3098 4963 laeta
3125 4914 3395 4963 venustat.

1823 5042 2034 5100 CAPUT
2073 5044 2136 5100 Χ.

1515 5152 1593 5212 De
1623 5149 1937 5213 Gallicana
1966 5160 2019 5212 et
2049 5151 2428 5212 Gomtantia.

305 5282 458 5337 Tunc
499 5283 810 5338 Gallicanus
843 5301 971 5359 rege
1001 5294 1216 5341 mactus
1249 5287 1453 5359 inclyto
2034 5290 2144 5345 Rex
2170 5296 2404 5346 aestuare
2438 5295 2624 5344 mente
2653 5288 2825 5360 coepit
2850 5287 3032 5351 anxia,

310 5371 634 5428 Victoriosis
662 5373 984 5429 sublevatus
1016 5374 1230 5443 infulis,

2033 5383 2226 5438 Sciens
2265 5381 2452 5437 necari
2480 5396 2641 5452 posse
2681 5388 2886 5443 natam,
2910 5394 3074 5451 quam
3095 5376 3215 5433 teri.

314 5467 448 5519 [lum
473 5473 663 5540 gratus
688 5467 934 5540 Augusto
964 5474 1128 5539 atque
1153 5485 1312 5523 carus
1333 5471 1602 5536 cernitur,
2033 5471 2144 5526 Iloc
2175 5471 2267 5526 illa
2308 5471 2487 5526 nitens
2514 5477 2700 5526 mente
2729 5469 2932 5526 vulnus
2955 5466 3130 5538 patria

312 5555 531 5611 Christo
562 5556 796 5612 dicatam
841 5557 962 5630 lege
992 5559 1134 5614 necti
1178 5569 1429 5630 perpete,
2032 5569 2310 5632 Avertere,
2333 5565 2597 5620 inﬁttunc
2629 5581 2642 5618 :
2677 5584 2702 5610 ιι
2735 5560 3042 5636 Jugandam
3070 5559 3302 5632 perhibe

311 5649 426 5703 Sibi
456 5650 703 5723 iugalem
740 5651 979 5722 postulat
1018 5651 1406 5710 Constantiam.
2033 5659 2116 5715 )le
2148 5660 2445 5726 Gallicano,
2479 5659 2608 5713 dum
2640 5657 2869 5728 Scythas
2898 5653 3142 5710 evicerit.
