3994 6132
447 162 553 218 ’759
1192 172 1559 240 FLODOABDI
1599 178 1901 258 CANONlCI
1949 186 2275 250 REMENSIS
2317 191 2654 247 OPUSCULA
2698 195 3006 252 METRICA.

446 289 565 345 Mox
594 293 787 346 consul
818 300 875 347 ut
902 279 1186 367 generque
1221 297 1312 354 fiat
1342 302 1544 375 regius.
1580 328 1604 350 ιο

443 384 629 438 Ατι-ὴω
659 384 912 441 feruntur
941 387 1086 443 inter
1108 390 1222 446 haec
1243 392 1596 463 altrinsecus,

445 473 658 528 Fratres
693 475 943 531 Joannes
971 484 1138 549 atque
1178 479 1379 536 Paulus
1407 484 1637 557 virginis

442 563 610 618 Celsae
639 564 888 638 magistri
917 566 1187 622 castitatis
1219 572 1504 640 priesules,

443 652 751 723 Ambasque
777 654 931 728 virgo
963 656 1225 712 Gallicani
1259 657 1402 715 ﬁlios

441 747 556 803 Sibi
589 756 827 804 retentat
857 737 1087 807 Atticam
1114 761 1278 827 atque
1295 758 1569 814 Arteniam

441 834 583 902 Quas
607 852 703 893 ore
734 839 877 897 votis
907 839 1024 911 ipsa
1047 842 1264 900 Christo
1294 845 1530 903 dedicat.

440 925 645 982 Procus
672 928 910 983 subinde
934 929 1153 986 clausulis
1176 933 1314 989 urbe
1335 934 1578 991 Thraciae

440 1013 629 1072 Gentis
666 1019 989 1091 Scytharum
1014 1022 1219 1079 inferre
1251 1043 1426 1096 pauca
1458 1029 1586 1084 dum
1617 1040 1775 1102 pavet

440 1109 851 1168 Formidolosus
875 1113 1034 1186 signa
1052 1115 1414 1184 multitudini,

439 1200 668 1256 Acervat
699 1201 808 1256 aris
828 1219 983 1259 sacra
1015 1205 1352 1263 Martialibus
1385 1228 1398 1275 ;

439 1292 701 1348 Increscit
716 1295 912 1362 hostis,
932 1294 1279 1355 invalescunt
1310 1301 1506 1365 tristia.

438 1386 716 1460 Linquunt
745 1389 985 1456 Quirites
1013 1394 1191 1468 signa,
1223 1397 1428 1453 cedunt
1455 1399 1722 1469 barbaris,

436 1476 698 1550 Princeps
727 1483 980 1538 volutans
1003 1486 1243 1540 exeundi
1284 1489 1522 1559 cepiam,

432 1567 654 1623 Portum
684 1570 879 1625 salutis
905 1576 1139 1645 satrapis
1175 1576 1523 1644 Constantize,

431 1658 601 1715 Paulo
630 1677 696 1716 ac
722 1661 934 1718 Joanne
966 1666 1218 1737 percipit,
1241 1676 1426 1723 votum
1449 1671 1559 1726 Deo

432 1751 659 1806 Summo
690 1753 946 1822 polorum
970 1756 1061 1827 qui
1090 1762 1604 1826 monentenuntiet,

433 1837 646 1895 Christo
677 1848 737 1894 ut
764 1840 982 1896 dicetur
1010 1852 1200 1899 erutus
1226 1847 1555 1916 discrimini,

433 1927 662 2000 Fietque
692 1929 868 1986 victor
886 1948 1053 2003 quam
1085 1934 1280 1990 fuisset
1309 1936 1535 1994 clarior.

431 2017 692 2072 Voventis
711 2034 808 2074 ore
838 2021 986 2092 quod
1019 2023 1318 2092 probatum
1341 2036 1400 2080 ut
1421 2037 1703 2097 personat,

427 2104 658 2160 Juvenis
686 2113 832 2163 statu
860 2109 1079 2166 videtur
1107 2129 1237 2168 ecce
1269 2116 1606 2184 praeminens

432 2193 669 2252 llumero
697 2197 881 2254 crucis
911 2200 1110 2256 vexilla
1139 2210 1429 2274 promptus
1455 2205 1722 2279 ingerens
1754 2228 1767 2263 :

433 2307 458 2338 ι
500 2286 730 2353 Sectare.
751 2298 806 2347 et
837 2291 1055 2364 (inquit)
1089 2309 1179 2349 me
1209 2311 1470 2353 mucrone
1499 2300 1766 2369 pneditus
1801 2302 1813 2356 l
1849 2327 1874 2350 η

430 2374 602 2440 Quem
638 2395 763 2436 mox
792 2388 1020 2437 secutus
1044 2381 1341 2441 bellicosos
1359 2401 1431 2441 en
1461 2387 1614 2445 videt

428 2470 585 2527 Viros
603 2472 863 2546 utrinque
889 2482 1228 2546 praeparatos
1256 2479 1466 2548 praelia,

427 2559 498 2615 Se
533 2559 856 2618 roborantes
885 2570 1053 2636 atque
1083 2565 1394 2636 praebentes
1410 2585 1571 2641 opem

427 2654 638 2712 Subeat
653 2656 918 2726 jubentes
944 2665 1124 2715 castra
1149 2667 1300 2717 tutus
1319 2663 1550 2731 hostica,

427 2742 626 2799 Ensem
665 2752 934 2802 retectum
962 2748 1092 2805 hinc
1122 2750 1252 2806 inde
1269 2757 1503 2810 ’securus
1525 2756 1727 2826 vibret,

425 2837 564 2892 Dum
589 2839 740 2913 regis
765 2838 834 2894 ad
861 2848 1072 2896 secreta
1098 2844 1316 2901 scandit
1336 2845 1579 2905 barbari.

427 2927 640 2993 Quibus
667 2929 760 2984 ille
791 2929 924 2986 visis
953 2948 1161 3004 pronus
1197 2936 1267 2990 ad
1297 2939 1530 3013 vestigia

423 3018 543 3074 Jam
575 3020 864 3090 Gallicani,
886 3032 1012 3080 vcta
1041 3023 1304 3096 fundens,
1331 3031 1612 3088 sternitur.

427 3113 602 3170 Vitam
634 3117 880 3188 petendo
910 3136 1036 3175 cum
1062 3137 1286 3178 suorum
1319 3127 1612 3200 sanguine,

431 3206 524 3263 His
546 3206 876 3280 impetratis,
909 3211 1133 3267 deditur
1157 3229 1284 3269 cum
1314 3214 1510 3272 liberis
1539 3235 1552 3272 :

425 3297 657 3353 Posthac
673 3297 878 3354 tributa
905 3315 968 3355 se
988 3300 1214 3358 daturos
1241 3313 1517 3373 asserunt,

427 3388 607 3445 Paetis
638 3397 694 3446 et
723 3391 879 3447 hoste
906 3392 1210 3450 liberantur
1235 3395 1498 3453 Thraciae.

428 3477 566 3535 Hinc
586 3479 700 3548 jam
722 3480 930 3536 tribuni
955 3483 1268 3556 redditique
1301 3486 1508 3542 milites

425 3566 624 3623 Christi
655 3578 920 3640 parantur
947 3571 1191 3634 militare
1210 3575 1438 3630 muniis.

427 3655 692 3729 Princeps
718 3666 984 3737 sacratur,
1013 3663 1225 3733 nuptiis
1244 3664 1548 3722 abstemius

429 3749 657 3807 Vovens
683 3768 932 3819 manere,
973 3754 1055 3810 sic
1083 3756 1450 3828 triumphator
1489 3761 1649 3816 redit.

426 3842 536 3898 Nec
563 3850 691 3898 ante
723 3844 951 3900 Romam
977 3848 1368 3916 provehendus
1411 3852 1624 3919 introit,

425 3930 645 3991 Sacrata
672 3935 833 3992 Petro
853 3937 1104 4012 dirigens
1131 3941 1200 3996 ad
1231 3941 1447 4009 limina,

426 4024 618 4080 Grates
643 4025 822 4082 datori
852 4043 1016 4099 quam
1051 4030 1170 4085 litet
1197 4033 1462 4089 victoriae.

427 4111 862 4188 Augustusihuic
887 4133 1012 4173 cum
1035 4119 1189 4189 prole
1229 4120 1405 4177 factus
1435 4123 1652 4179 obvius‘

407 4201 493 4258 .Ut
522 4204 687 4260 reseit
723 4211 866 4272 acta,
897 4207 1070 4278 cingit
1099 4208 1246 4263 hunc
1283 4211 1632 4282 amplexibus

329 4307 338 4316 '
427 4290 578 4347 Cazlo
603 4292 816 4347 dicatas
846 4294 1180 4365 nuutiatque
1211 4295 1367 4352 filias.

427 4384 618 4439 Aulam
645 4385 858 4456 petenti
892 4402 1023 4461 rege
1049 4385 1186 4443 fulto
1218 4390 1455 4464 principi

427 4479 638 4556 Regina
665 4488 856 4536 sancta
888 4491 1056 4554 nepte
1083 4483 1207 4540 nixa
1237 4486 1410 4542 nobili

426 4569 668 4627 Occurrit
691 4572 834 4644 ejus,
869 4571 1209 4646 exhibetque
1235 4574 1468 4648 pignora

427 4661 703 4733 Lacrymis
741 4663 928 4736 Opima
945 4665 1276 4740 proluuntur
1299 4669 1519 4741 gaudia.

425 4749 673 4806 Privatus
704 4750 798 4807 ille
817 4751 984 4823 gestit
1013 4752 1091 4808 ire
1107 4752 1370 4822 fascibus,

427 4844 597 4900 Celsis
623 4845 930 4901 vocationis
959 4861 1144 4902 arcem
1169 4848 1490 4920 praeferens.

425 4936 671 5013 Rogatur
696 4946 877 4994 autem
909 4939 1103 4996 consul
1132 4941 1259 4998 aula
1298 4943 1531 5014 prodeat
1563 4961 1577 5009 ;

2087 319 2134 385 Α
2165 315 2398 372 Sumens
2430 319 2689 390 honores,
2717 322 2966 394 quinque
2997 325 3162 382 solvit
3183 329 3355 383 millia

2165 407 2482 473 Vernarum,
2517 411 2752 466 habenis
2778 413 3061 471 servitutis
3084 417 3349 474 eximens.

2162 499 2305 563 Quos
2326 500 2463 556 ditat
2493 503 2636 556 arvis
2663 513 2829 576 atque
2845 506 3016 560 cessis
3043 508 3300 578 aedibus;

2162 586 2480 662 Censusque
2514 600 2714 661 praeter
2753 593 2989 649 filiarum
3026 597 3250 667 proprio

2168 680 2298 735 Foro
2331 683 2591 738 subactos
2620 687 2830 760 spargit
2853 687 3234 761 indigentibus
3265 711 3280 757 ;

2162 770 2468 844 Comesque
2497 785 2688 830 saneto
2719 776 2891 834 factus
2926 780 3170 837 llilarino
3209 784 3359 840 subit

2160 865 2386 924 Virtutis
2418 869 2810 938 alta,serviens
2831 861 3126 949 egentibus
3156 897 3170 942 ;

2161 960 2359 1016 Domos
2383 962 2660 1036 benignus
2690 966 2994 1037 hospitales
3021 972 3268 1042 ampliat,

2159 1054 2305 1110 Socii
2334 1056 2613 1111 cohaerent
2651 1057 2745 1128 qui
2769 1058 2922 1116 fuere
2953 1064 3179 1119 servuli.

2157 1149 2424 1223 Vulgatur
2459 1152 2594 1208 orbe
2625 1153 2766 1209 fama
2809 1164 2920 1212 toto
2952 1159 3221 1231 prodiga:

2161 1241 2571 1298 Ardentvidcre
2595 1247 3013 1316 praeminentem
3041 1253 3326 1308 consulem

2163 1331 2336 1386 Pedes
2359 1332 2665 1388 ministrum
2701 1336 3002 1392 diluentem
3041 1357 3370 1412 pauperum.

2161 1419 2415 1474 Hostensi
2448 1421 2500 1475 in
2534 1423 2671 1477 urbe
2711 1425 2915 1494 templa
2943 1426 3153 1483 Christo
3193 1431 3485 1494 construit,

2160 1508 2222 1562 Et
2249 1508 2585 1564 excubantes
2611 1510 2702 1566 hic
2730 1513 3014 1569 ministros
3045 1517 3302 1584 destinat,

2077 1639 2127 1707 Β
2161 1595 2345 1650 Levita
2365 1613 2600 1669 magnus
2639 1601 2787 1655 visus
2809 1601 2937 1657 huic
2966 1604 3311 1672 Laurentius,

2161 1685 2411 1707 Il_,_|_a___
2446 1687 2556 1707 -ε---
2601 1705 2614 1707 -
2647 1689 2714 1707 ιν.
2821 1691 2830 1707 1
3033 1695 3109 1707 1.·-

2159 1685 2412 1740 Hortatur
2440 1687 2560 1755 ejus
2593 1689 2721 1744 edat
2751 1691 2924 1746 aedem
2958 1695 3198 1750 cultibus

2157 1777 2255 1841 Qui
2281 1778 2433 1846 jussa
2462 1781 2752 1852 supplens,
2783 1793 3064 1857 nuncupat
3097 1787 3461 1844 Laurentiam.

2158 1870 2423 1926 Przestare
2456 1875 2651 1943 praesul
2686 1875 2832 1930 haud
2863 1877 3009 1933 favet
3041 1882 3402 1953 rogantibus;

2151 1962 2215 2015 At
2246 1963 2341 2033 qui
2375 1964 2613 2021 nitescat
2646 1967 2751 2022 hoc
2773 1969 2972 2025 decore
3003 1972 3213 2047 deligit.

2153 2054 2342 2110 Vicem
2379 2060 2637 2129 rependit
2667 2062 2997 2119 distributor
3025 2083 3314 2123 munerum

2154 2142 2501 2218 Tantamque
2532 2149 2750 2205 confert
2778 2152 3041 2209 claritatis
3055 2156 3284 2230 gloriam

2157 2233 2271 2297 Quo
2291 2235 2530 2305 spiritali
2555 2239 2770 2310 praediti
2799 2245 3041 2299 versui":

2157 2322 2512 2393 Mundentur,
2547 2327 2668 2395 ejus
2693 2339 2752 2385 ut
2792 2331 3047 2388 feruntur
3080 2337 3308 2394 visibus.

2154 2410 2348 2484 Magna
2379 2429 2512 2488 ergo
2540 2413 2707 2472 fultus
2734 2419 3029 2476 sanitatum
3059 2425 3235 2498 gratia

2155 2501 2425 2574 Splendet
2447 2507 2672 2563 micanti
2703 2513 3008 2569 sanctitatis
3044 2518 3224 2588 copia.

2155 2597 2291 2654 llinc
2319 2599 2574 2658 Julianus
2604 2605 2780 2661 hostis
2810 2607 3166 2679 innocentiae,

2156 2689 2218 2743 Ut
2245 2707 2303 2745 re
2329 2692 2538 2762 potitus
2560 2694 2807 2751 elevatur
2834 2699 3078 2770 publica,

2152 2782 2566 2840 Arctatstatutis
2586 2787 2923 2845 christianos
2948 2791 3200 2849 subdolis

2152 2870 2228 2924 Ne
2260 2872 2618 2941 possiderent
2639 2875 2957 2950 indigentes
2970 2881 3257 2952 quippiam
3294 2903 3306 2938 :

2151 2960 2288 3015 Tum
2319 2961 2580 3018 Gallicani
2608 2971 2773 3035 tecta,
2804 2970 2969 3040 queis
2995 2973 3278 3046 egentium

2066 3018 2115 3085 Ο
2154 3050 2318 3107 Levat
2347 3052 2587 3122 labores,
2613 3056 2659 3110 si
2678 3018 3061 3134 quisingredi3
3081 3064 3240 3134 petit,

2152 3142 2360 3200 Titulos
2390 3145 2620 3202 daturus
2647 3150 2950 3219 pensiones
2982 3163 3078 3209 aut
3107 3172 3299 3231 agens.

2153 3238 2338 3294 Ultore
2361 3247 2555 3311 captus
2584 3241 2898 3300 lancinatur
2928 3247 3179 3305 daemone
3213 3269 3227 3316 ;

2154 3328 2383 3384 Exactor
2411 3339 2566 3386 actus
2598 3334 2843 3406 utleprze
2873 3340 3245 3408 spurcamina.

2153 3419 2436 3489 Responsa
2475 3424 2718 3493 produnt
2748 3426 2835 3480 his
2868 3430 3043 3503 rogati
3065 3432 3298 3502 Spiritus

2145 3510 2348 3566 Rerum
2368 3515 2517 3584 quod
2545 3515 2667 3584 ejus
2697 3528 3059 3590 occupatores
3085 3540 3148 3578 ea

2147 3603 2328 3658 Vitare
2357 3606 2567 3674 possint
2608 3607 2754 3663 haud
2782 3627 2942 3666 secus
2969 3615 3236 3684 pericula,

2148 3693 2208 3748 Ni
2235 3694 2546 3752 Gallicanus
2577 3699 2682 3754 diis
2722 3712 2844 3775 agat
2874 3703 3146 3774 litamina,

2153 3783 2412 3838 Sanctum
2435 3785 2533 3839 sed
2561 3787 2729 3843 audet
2759 3790 2907 3856 inde,
2953 3809 3116 3850 nemo
3146 3797 3277 3852 dum
3319 3800 3492 3855 virum

2155 3874 2414 3942 Tentare,
2445 3877 2600 3935 dirus
2626 3883 2824 3951 praesul
2849 3886 2989 3941 aulae
3020 3887 3282 3958 destinat,

2157 3971 2409 4028 Mandata
2438 3973 2629 4046 legans
2655 3984 2714 4031 ut
2744 3979 2863 4033 deis
2903 3979 3040 4037 ferat
3067 4000 3223 4039 sacra

2160 4060 2392 4117 Latiisve
2424 4065 2601 4131 cedat,
2632 4074 2724 4122 aut
2747 4077 2990 4127 remotus
3017 4071 3238 4142 ﬁnibus,

2152 4152 2338 4209 Rebus
2369 4156 2590 4212 relictis.
2621 4158 2716 4214 Ille
2749 4150 3037 4218 Alexandri
3072 4168 3208 4237 petit

2067 4289 2122 4357 υ
2151 4245 2375 4303 Exortus
2401 4249 2616 4316 urbem,
2645 4267 2816 4324 seque
2837 4256 3251 4314 confcssoribus

2154 4332 2473 4357 ρι-ξ-.ξ--Α
2518 4354 2572 4357 -d
2605 4341 2639 4357 Α·
2677 4341 2687 4351 ο
2812 4343 2844 4357 ι.
2918 4345 2952 4357 ι,
3086 4347 3096 4357 ο
3207 4350 3218 4357 .

2153 4332 2348 4391 Christi
2377 4352 2475 4408 per
2512 4341 2641 4394 anni
2667 4341 2850 4417 jungit
2879 4345 3022 4401 ultro
3049 4347 3316 4404 circulum
3341 4371 3356 4403 :

2154 4426 2374 4482 Deserta
2404 4429 2607 4486 deinde
2631 4432 2757 4500 jure
2778 4437 2992 4492 scandit
3031 4440 3204 4496 arduo
3229 4460 3242 4495 :

2155 4513 2271 4570 Huc
2300 4531 2479 4572 saevus
2506 4518 2681 4575 hostis
2711 4521 2994 4580 insecutus
3020 4529 3257 4603 principi

2151 4606 2318 4662 Jubet
2346 4607 2508 4665 beato
2550 4611 2712 4667 thura
2736 4623 2916 4670 sacret
2948 4617 3156 4690 impiis,

2148 4701 2540 4766 Quisuasionis
2572 4713 2812 4778 temptor
2830 4727 3019 4766 ensem
3051 4716 3272 4772 subdita

2147 4791 2369 4849 Cervice
2399 4812 2626 4852 sumens
2659 4799 2818 4856 laetus
2849 4812 2995 4859 astra
3026 4810 3309 4879 competit.

2147 4881 2380 4938 Locatur
2408 4884 2528 4953 ejus
2546 4886 2685 4941 sedis
2717 4889 2861 4945 alma
2889 4893 3123 4959 nomini,

2146 4970 2262 5035 Qua
2286 4971 2433 5028 dona
2456 4973 2650 5031 Christi
2685 4976 2894 5036 honore
2927 4979 3142 5055 fulgent
3172 4988 3445 5059 martyris.

1937 5126 2145 5183 CAPUT
2189 5128 2277 5185 Xl.

1471 5245 1547 5304 De
1573 5246 1802 5306 sanctis
1831 5249 2203 5324 martyribus
2228 5248 2462 5311 Joanne
2494 5261 2546 5312 et
2576 5253 2790 5315 Paulo.

431 5379 600 5451 Hujus
629 5375 874 5457 magistri
902 5381 970 5438 ad
993 5391 1118 5440 vota
1144 5384 1340 5442 fratres
1362 5386 1549 5459 inclyti

429 5472 623 5529 Christi
647 5473 890 5531 Joannes
921 5483 1085 5549 atque
1115 5477 1319 5533 Paulus
1359 5494 1652 5550 pauperes,

419 5564 638 5636 Opibus
669 5565 1114 5644 relictisvirginis
1141 5569 1475 5626 Constantim

2155 5397 2288 5452 Dum
2321 5398 2654 5456 christianos
2670 5404 2972 5461 recreando
2996 5408 3304 5477 pcrfovent,

2152 5489 2342 5546 Fertur
2367 5499 2599 5562 tyranno
2630 5513 2645 5560 ;
2675 5495 2894 5550 lenibus
2927 5513 3066 5568 quos
3096 5504 3359 5558 convenit

2147 5581 2339 5638 Actare
2369 5584 2556 5641 verbis
2595 5586 2841 5644 hasreant
2868 5603 3066 5659 rogans
3095 5590 3199 5648 sibi
3231 5613 3248 5658 ς
