  <div class='ocr_page' id='page_1' title='image "/cluster/home/n/w/nwhite01/storage/ocr_20150623/135/hvd.32044054759956/386.png"; bbox 0 0 3994 6132; ppageno 0'>
   <div class='ocr_carea' id='block_1_1' title="bbox 210 261 2971 331">
    <p class='ocr_par' dir='ltr' id='par_1_1' title="bbox 210 261 2971 331">
     <span class='ocr_line' id='line_1_1' title="bbox 210 261 2971 331; baseline 0.011 -30"><span class='ocrx_word' id='word_1_1' title='bbox 210 264 350 320; x_wconf 69' lang='grc'><strong>,761</strong></span> <span class='ocrx_word' id='word_1_2' title='bbox 874 261 958 316; x_wconf 86' lang='lat' dir='ltr'><strong>DE</strong></span> <span class='ocrx_word' id='word_1_3' title='bbox 1000 262 1261 319; x_wconf 77' lang='lat' dir='ltr'><strong>CHRISTI</strong></span> <span class='ocrx_word' id='word_1_4' title='bbox 1301 264 1661 321; x_wconf 81' lang='lat' dir='ltr'><strong>TRIUMPIIIS</strong></span> <span class='ocrx_word' id='word_1_5' title='bbox 1702 264 1874 319; x_wconf 85' lang='lat' dir='ltr'><strong>APUD</strong></span> <span class='ocrx_word' id='word_1_6' title='bbox 1913 267 2178 324; x_wconf 77' lang='lat' dir='ltr'><strong>ITALIAM</strong></span> <span class='ocrx_word' id='word_1_7' title='bbox 2221 272 2396 327; x_wconf 77' lang='lat' dir='ltr'><strong>LIBRI</strong></span> <span class='ocrx_word' id='word_1_8' title='bbox 2437 273 2565 327; x_wconf 85' lang='lat' dir='ltr'><strong>XIV.</strong></span> <span class='ocrx_word' id='word_1_9' title='bbox 2607 304 2672 315; x_wconf 92' lang='lat'>--</span> <span class='ocrx_word' id='word_1_10' title='bbox 2716 275 2840 331; x_wconf 88' lang='lat' dir='ltr'><strong>LIB.</strong></span> <span class='ocrx_word' id='word_1_11' title='bbox 2884 275 2971 330; x_wconf 88' lang='lat' dir='ltr'><strong>IX.</strong></span> 
     </span>
    </p>
   </div>
   <div class='ocr_carea' id='block_1_2' title="bbox 1892 396 3055 471">
    <p class='ocr_par' dir='ltr' id='par_1_2' title="bbox 1892 396 3055 471">
     <span class='ocr_line' id='line_1_2' title="bbox 1892 396 3055 471; baseline 0.007 -21"><span class='ocrx_word' id='word_1_12' title='bbox 1892 397 1945 466; x_wconf 86' lang='grc' dir='ltr'>Α</span> <span class='ocrx_word' id='word_1_13' title='bbox 1968 396 2073 452; x_wconf 83' lang='lat' dir='ltr'><strong>Aut</strong></span> <span class='ocrx_word' id='word_1_14' title='bbox 2099 398 2392 455; x_wconf 79' lang='lat' dir='ltr'><strong>obstinatis</strong></span> <span class='ocrx_word' id='word_1_15' title='bbox 2410 401 2551 456; x_wconf 92' lang='lat' dir='ltr'><strong>colla</strong></span> <span class='ocrx_word' id='word_1_16' title='bbox 2571 417 2759 458; x_wconf 87' lang='lat' dir='ltr'><strong>mucro</strong></span> <span class='ocrx_word' id='word_1_17' title='bbox 2791 408 3055 471; x_wconf 74' lang='lat' dir='ltr'><strong>transeat,</strong></span> 
     </span>
    </p>
   </div>
   <div class='ocr_carea' id='block_1_3' title="bbox 1969 486 2907 567">
    <p class='ocr_par' dir='ltr' id='par_1_3' title="bbox 1969 486 2907 567">
     <span class='ocr_line' id='line_1_3' title="bbox 1969 486 2907 567; baseline 0.009 -28"><span class='ocrx_word' id='word_1_18' title='bbox 1969 486 2045 539; x_wconf 87' lang='lat' dir='ltr'><strong>Ne</strong></span> <span class='ocrx_word' id='word_1_19' title='bbox 2074 503 2207 563; x_wconf 88' lang='lat' dir='ltr'><strong>rege</strong></span> <span class='ocrx_word' id='word_1_20' title='bbox 2236 489 2390 564; x_wconf 82' lang='lat' dir='ltr'><strong>digni</strong></span> <span class='ocrx_word' id='word_1_21' title='bbox 2415 491 2510 561; x_wconf 92' lang='lat' dir='ltr'><strong>qui</strong></span> <span class='ocrx_word' id='word_1_22' title='bbox 2540 492 2728 547; x_wconf 83' lang='lat' dir='ltr'><strong>nutriti</strong></span> <span class='ocrx_word' id='word_1_23' title='bbox 2757 493 2907 567; x_wconf 87' lang='lat' dir='ltr'><strong>regia</strong></span> 
     </span>
    </p>
   </div>
   <div class='ocr_carea' id='block_1_4' title="bbox 1970 575 3053 651">
    <p class='ocr_par' dir='ltr' id='par_1_4' title="bbox 1970 575 3053 651">
     <span class='ocr_line' id='line_1_4' title="bbox 1970 575 3053 651; baseline 0.007 -21"><span class='ocrx_word' id='word_1_24' title='bbox 1970 575 2285 651; x_wconf 87' lang='lat' dir='ltr'><strong>Vulgarium</strong></span> <span class='ocrx_word' id='word_1_25' title='bbox 2318 578 2600 634; x_wconf 65' lang='lat' dir='ltr'><strong>caedantur</strong></span> <span class='ocrx_word' id='word_1_26' title='bbox 2626 580 2731 635; x_wconf 84' lang='lat' dir='ltr'><strong>acti</strong></span> <span class='ocrx_word' id='word_1_27' title='bbox 2752 581 3053 640; x_wconf 88' lang='lat' dir='ltr'><strong>obtutibus.</strong></span> 
     </span>
    </p>
   </div>
   <div class='ocr_carea' id='block_1_5' title="bbox 1979 668 3149 744">
    <p class='ocr_par' dir='ltr' id='par_1_5' title="bbox 1979 668 3149 744">
     <span class='ocr_line' id='line_1_5' title="bbox 1979 668 3149 744; baseline 0.005 -24"><span class='ocrx_word' id='word_1_28' title='bbox 1979 688 2004 719; x_wconf 78' lang='grc' dir='ltr'><strong>α</strong></span> <span class='ocrx_word' id='word_1_29' title='bbox 2043 668 2307 725; x_wconf 89' lang='lat' dir='ltr'><strong>Dominus</strong></span> <span class='ocrx_word' id='word_1_30' title='bbox 2338 677 2461 725; x_wconf 89' lang='lat' dir='ltr'><strong>tuus</strong></span> <span class='ocrx_word' id='word_1_31' title='bbox 2486 669 2532 725; x_wconf 88' lang='lat' dir='ltr'><strong>si</strong></span> <span class='ocrx_word' id='word_1_32' title='bbox 2556 671 2807 726; x_wconf 81' lang='lat' dir='ltr'><strong>Julianus</strong></span> <span class='ocrx_word' id='word_1_33' title='bbox 2836 672 3149 744; x_wconf 81' lang='lat' dir='ltr'><strong>(inquiunt).</strong></span> 
     </span>
    </p>
   </div>
   <div class='ocr_carea' id='block_1_6' title="bbox 1974 757 3097 832">
    <p class='ocr_par' dir='ltr' id='par_1_6' title="bbox 1974 757 3097 832">
     <span class='ocr_line' id='line_1_6' title="bbox 1974 757 3097 832; baseline 0.004 -21"><span class='ocrx_word' id='word_1_34' title='bbox 1974 757 2181 813; x_wconf 78' lang='lat' dir='ltr'><strong>Habeto</strong></span> <span class='ocrx_word' id='word_1_35' title='bbox 2210 773 2401 830; x_wconf 88' lang='lat' dir='ltr'><strong>pacem</strong></span> <span class='ocrx_word' id='word_1_36' title='bbox 2428 758 2539 828; x_wconf 89' lang='lat' dir='ltr'><strong>jam</strong></span> <span class='ocrx_word' id='word_1_37' title='bbox 2567 765 2660 814; x_wconf 86' lang='lat' dir='ltr'><strong>tuo</strong></span> <span class='ocrx_word' id='word_1_38' title='bbox 2691 776 2817 815; x_wconf 92' lang='lat' dir='ltr'><strong>cum</strong></span> <span class='ocrx_word' id='word_1_39' title='bbox 2851 760 3097 832; x_wconf 83' lang='lat' dir='ltr'><strong>principe</strong></span> 
     </span>
    </p>
   </div>
   <div class='ocr_carea' id='block_1_7' title="bbox 1975 847 3024 914">
    <p class='ocr_par' dir='ltr' id='par_1_7' title="bbox 1975 847 3024 914">
     <span class='ocr_line' id='line_1_7' title="bbox 1975 847 3024 914; baseline -0.002 -11"><span class='ocrx_word' id='word_1_40' title='bbox 1975 847 2145 904; x_wconf 87' lang='lat' dir='ltr'><strong>Nobis</strong></span> <span class='ocrx_word' id='word_1_41' title='bbox 2163 854 2217 902; x_wconf 91' lang='lat' dir='ltr'><strong>et</strong></span> <span class='ocrx_word' id='word_1_42' title='bbox 2246 847 2385 902; x_wconf 91' lang='lat' dir='ltr'><strong>alius</strong></span> <span class='ocrx_word' id='word_1_43' title='bbox 2416 862 2527 902; x_wconf 91' lang='lat' dir='ltr'><strong>non</strong></span> <span class='ocrx_word' id='word_1_44' title='bbox 2555 848 2680 911; x_wconf 87' lang='lat' dir='ltr'><strong>erit,</strong></span> <span class='ocrx_word' id='word_1_45' title='bbox 2710 847 2869 903; x_wconf 87' lang='lat' dir='ltr'><strong>Pater</strong></span> <span class='ocrx_word' id='word_1_46' title='bbox 2894 847 3024 914; x_wconf 84' lang='lat' dir='ltr'><strong>nisi,</strong></span> 
     </span>
    </p>
   </div>
   <div class='ocr_carea' id='block_1_8' title="bbox 1974 943 3253 1015">
    <p class='ocr_par' dir='ltr' id='par_1_8' title="bbox 1974 943 3253 1015">
     <span class='ocr_line' id='line_1_8' title="bbox 1974 943 3253 1015; baseline -0.002 -17"><span class='ocrx_word' id='word_1_47' title='bbox 1974 944 2253 1015; x_wconf 88' lang='lat' dir='ltr'><strong>Natusque</strong></span> <span class='ocrx_word' id='word_1_48' title='bbox 2281 943 2452 1010; x_wconf 90' lang='lat' dir='ltr'><strong>solus,</strong></span> <span class='ocrx_word' id='word_1_49' title='bbox 2485 950 2709 998; x_wconf 86' lang='lat' dir='ltr'><strong>sanctus</strong></span> <span class='ocrx_word' id='word_1_50' title='bbox 2736 950 2901 1015; x_wconf 89' lang='lat' dir='ltr'><strong>atque</strong></span> <span class='ocrx_word' id='word_1_51' title='bbox 2929 943 3186 1015; x_wconf 83' lang='lat' dir='ltr'><strong>Spiritus.</strong></span> <span class='ocrx_word' id='word_1_52' title='bbox 3231 966 3253 995; x_wconf 75' lang='grc' dir='ltr'><strong>ι</strong></span> 
     </span>
    </p>
   </div>
   <div class='ocr_carea' id='block_1_9' title="bbox 1976 1034 3079 1106">
    <p class='ocr_par' dir='ltr' id='par_1_9' title="bbox 1976 1034 3079 1106">
     <span class='ocr_line' id='line_1_9' title="bbox 1976 1034 3079 1106; baseline -0.001 -16"><span class='ocrx_word' id='word_1_53' title='bbox 1976 1036 2025 1090; x_wconf 87' lang='lat' dir='ltr'><strong>Is</strong></span> <span class='ocrx_word' id='word_1_54' title='bbox 2051 1051 2215 1106; x_wconf 86' lang='lat' dir='ltr'><strong>quem</strong></span> <span class='ocrx_word' id='word_1_55' title='bbox 2243 1035 2561 1090; x_wconf 88' lang='lat' dir='ltr'><strong>renuntiare</strong></span> <span class='ocrx_word' id='word_1_56' title='bbox 2582 1049 2692 1089; x_wconf 91' lang='lat' dir='ltr'><strong>non</strong></span> <span class='ocrx_word' id='word_1_57' title='bbox 2725 1043 2811 1089; x_wconf 89' lang='lat' dir='ltr'><strong>est</strong></span> <span class='ocrx_word' id='word_1_58' title='bbox 2839 1034 3079 1101; x_wconf 89' lang='lat' dir='ltr'><strong>territus,</strong></span> 
     </span>
    </p>
   </div>
   <div class='ocr_carea' id='block_1_10' title="bbox 1976 1126 3096 1198">
    <p class='ocr_par' dir='ltr' id='par_1_10' title="bbox 1976 1126 3096 1198">
     <span class='ocr_line' id='line_1_10' title="bbox 1976 1126 3096 1198; baseline -0.001 -17"><span class='ocrx_word' id='word_1_59' title='bbox 1976 1127 2112 1183; x_wconf 83' lang='lat' dir='ltr'><strong>Huic</strong></span> <span class='ocrx_word' id='word_1_60' title='bbox 2139 1131 2195 1182; x_wconf 83' lang='lat' dir='ltr'><strong>et</strong></span> <span class='ocrx_word' id='word_1_61' title='bbox 2223 1127 2319 1182; x_wconf 87' lang='lat' dir='ltr'><strong>Dei</strong></span> <span class='ocrx_word' id='word_1_62' title='bbox 2345 1126 2623 1198; x_wconf 90' lang='lat' dir='ltr'><strong>projectus</strong></span> <span class='ocrx_word' id='word_1_63' title='bbox 2653 1142 2684 1180; x_wconf 91' lang='lat' dir='ltr'><strong>a</strong></span> <span class='ocrx_word' id='word_1_64' title='bbox 2705 1127 3096 1196; x_wconf 87' lang='lat' dir='ltr'><strong>conspectibus</strong></span> 
     </span>
    </p>
   </div>
   <div class='ocr_carea' id='block_1_11' title="bbox 248 407 1273 482">
    <p class='ocr_par' dir='ltr' id='par_1_11' title="bbox 248 407 1273 482">
     <span class='ocr_line' id='line_1_11' title="bbox 248 407 1273 482; baseline 0.001 -17"><span class='ocrx_word' id='word_1_65' title='bbox 248 431 277 457; x_wconf 74' lang='grc' dir='ltr'>α</span> <span class='ocrx_word' id='word_1_66' title='bbox 321 407 632 482; x_wconf 87' lang='lat' dir='ltr'><strong>Iniquitatis</strong></span> <span class='ocrx_word' id='word_1_67' title='bbox 646 407 951 481; x_wconf 88' lang='lat' dir='ltr'><strong>(inquiunt)</strong></span> <span class='ocrx_word' id='word_1_68' title='bbox 977 424 1139 466; x_wconf 87' lang='lat' dir='ltr'><strong>causa</strong></span> <span class='ocrx_word' id='word_1_69' title='bbox 1167 416 1273 466; x_wconf 64' lang='lat' dir='ltr'><strong>tute</strong></span> 
     </span>
    </p>
   </div>
   <div class='ocr_carea' id='block_1_12' title="bbox 249 497 1343 569">
    <p class='ocr_par' dir='ltr' id='par_1_12' title="bbox 249 497 1343 569">
     <span class='ocr_line' id='line_1_12' title="bbox 249 497 1343 569; baseline 0.005 -19"><span class='ocrx_word' id='word_1_70' title='bbox 249 497 650 555; x_wconf 79' lang='lat' dir='ltr'><strong>Communiono</strong></span> <span class='ocrx_word' id='word_1_71' title='bbox 681 498 919 569; x_wconf 65' lang='lat' dir='ltr'><strong>publicae</strong></span> <span class='ocrx_word' id='word_1_72' title='bbox 948 498 1029 553; x_wconf 85' lang='lat' dir='ltr'><strong>rei</strong></span> <span class='ocrx_word' id='word_1_73' title='bbox 1059 499 1343 555; x_wconf 89' lang='lat' dir='ltr'><strong>absumus.</strong></span> 
     </span>
    </p>
   </div>
   <div class='ocr_carea' id='block_1_13' title="bbox 248 587 1338 644">
    <p class='ocr_par' dir='ltr' id='par_1_13' title="bbox 248 587 1338 644">
     <span class='ocr_line' id='line_1_13' title="bbox 248 587 1338 644; baseline -0.001 0"><span class='ocrx_word' id='word_1_74' title='bbox 248 589 372 644; x_wconf 87' lang='lat' dir='ltr'><strong>Jam</strong></span> <span class='ocrx_word' id='word_1_75' title='bbox 411 593 462 641; x_wconf 90' lang='lat' dir='ltr'><strong>te</strong></span> <span class='ocrx_word' id='word_1_76' title='bbox 487 588 783 643; x_wconf 89' lang='lat' dir='ltr'><strong>salutatum</strong></span> <span class='ocrx_word' id='word_1_77' title='bbox 816 587 894 642; x_wconf 91' lang='lat' dir='ltr'><strong>ire</strong></span> <span class='ocrx_word' id='word_1_78' title='bbox 922 603 1037 643; x_wconf 91' lang='lat' dir='ltr'><strong>non</strong></span> <span class='ocrx_word' id='word_1_79' title='bbox 1066 588 1338 643; x_wconf 87' lang='lat' dir='ltr'><strong>exibimus</strong></span> 
     </span>
    </p>
   </div>
   <div class='ocr_carea' id='block_1_14' title="bbox 248 682 1415 759">
    <p class='ocr_par' dir='ltr' id='par_1_14' title="bbox 248 682 1415 759">
     <span class='ocr_line' id='line_1_14' title="bbox 248 682 1415 759; baseline 0 -21"><span class='ocrx_word' id='word_1_80' title='bbox 248 682 386 738; x_wconf 83' lang='lat' dir='ltr'><strong>Nam</strong></span> <span class='ocrx_word' id='word_1_81' title='bbox 419 682 614 737; x_wconf 88' lang='lat' dir='ltr'><strong>Christi</strong></span> <span class='ocrx_word' id='word_1_82' title='bbox 645 682 854 737; x_wconf 85' lang='lat' dir='ltr'><strong>alumni</strong></span> <span class='ocrx_word' id='word_1_83' title='bbox 885 682 1113 739; x_wconf 84' lang='lat' dir='ltr'><strong>veritate</strong></span> <span class='ocrx_word' id='word_1_84' title='bbox 1143 683 1415 759; x_wconf 91' lang='lat' dir='ltr'><strong>degimus.</strong></span> 
     </span>
    </p>
   </div>
   <div class='ocr_carea' id='block_1_15' title="bbox 247 769 1557 844">
    <p class='ocr_par' dir='ltr' id='par_1_15' title="bbox 247 769 1557 844">
     <span class='ocr_line' id='line_1_15' title="bbox 247 769 1557 844; baseline 0.002 -20"><span class='ocrx_word' id='word_1_85' title='bbox 247 800 321 810; x_wconf 90' lang='lat'><strong>—</strong></span> <span class='ocrx_word' id='word_1_86' title='bbox 350 769 823 825; x_wconf 86' lang='lat' dir='ltr'><strong>Considerandum</strong></span> <span class='ocrx_word' id='word_1_87' title='bbox 845 777 949 836; x_wconf 89' lang='lat' dir='ltr'><strong>est,</strong></span> <span class='ocrx_word' id='word_1_88' title='bbox 981 771 1064 826; x_wconf 87' lang='lat' dir='ltr'><strong>his</strong></span> <span class='ocrx_word' id='word_1_89' title='bbox 1104 771 1268 828; x_wconf 82' lang='lat' dir='ltr'><strong>refert</strong></span> <span class='ocrx_word' id='word_1_90' title='bbox 1290 781 1557 844; x_wconf 87' lang='lat' dir='ltr'><strong>apostata,</strong></span> 
     </span>
    </p>
   </div>
   <div class='ocr_carea' id='block_1_16' title="bbox 247 860 1203 939">
    <p class='ocr_par' dir='ltr' id='par_1_16' title="bbox 247 860 1203 939">
     <span class='ocr_line' id='line_1_16' title="bbox 247 860 1203 939; baseline 0.002 -23"><span class='ocrx_word' id='word_1_91' title='bbox 247 860 385 916; x_wconf 82' lang='lat' dir='ltr'><strong>Aula</strong></span> <span class='ocrx_word' id='word_1_92' title='bbox 413 862 654 916; x_wconf 89' lang='lat' dir='ltr'><strong>nutritus</strong></span> <span class='ocrx_word' id='word_1_93' title='bbox 686 862 801 934; x_wconf 82' lang='lat' dir='ltr'><strong>regi</strong></span> <span class='ocrx_word' id='word_1_94' title='bbox 822 863 1018 918; x_wconf 90' lang='lat' dir='ltr'><strong>adesse</strong></span> <span class='ocrx_word' id='word_1_95' title='bbox 1052 864 1203 939; x_wconf 89' lang='lat' dir='ltr'><strong>regia</strong></span> 
     </span>
    </p>
   </div>
   <div class='ocr_carea' id='block_1_17' title="bbox 246 952 1268 1026">
    <p class='ocr_par' dir='ltr' id='par_1_17' title="bbox 246 952 1268 1026">
     <span class='ocr_line' id='line_1_17' title="bbox 246 952 1268 1026; baseline 0.004 -20"><span class='ocrx_word' id='word_1_96' title='bbox 246 952 460 1008; x_wconf 88' lang='lat' dir='ltr'><strong>Debere</strong></span> <span class='ocrx_word' id='word_1_97' title='bbox 492 953 723 1023; x_wconf 90' lang='lat' dir='ltr'><strong>primos,</strong></span> <span class='ocrx_word' id='word_1_98' title='bbox 766 962 826 1009; x_wconf 93' lang='lat' dir='ltr'><strong>ut</strong></span> <span class='ocrx_word' id='word_1_99' title='bbox 854 954 1030 1009; x_wconf 91' lang='lat' dir='ltr'><strong>colam</strong></span> <span class='ocrx_word' id='word_1_100' title='bbox 1062 955 1268 1026; x_wconf 88' lang='lat' dir='ltr'><strong>palatii,</strong></span> 
     </span>
    </p>
   </div>
   <div class='ocr_carea' id='block_1_18' title="bbox 250 1042 1651 1119">
    <p class='ocr_par' dir='ltr' id='par_1_18' title="bbox 250 1042 1651 1119">
     <span class='ocr_line' id='line_1_18' title="bbox 250 1042 1651 1119; baseline 0.003 -21"><span class='ocrx_word' id='word_1_101' title='bbox 250 1042 582 1099; x_wconf 89' lang='lat' dir='ltr'><strong>Contemnar</strong></span> <span class='ocrx_word' id='word_1_102' title='bbox 610 1052 826 1100; x_wconf 90' lang='lat' dir='ltr'><strong>autem:</strong></span> <span class='ocrx_word' id='word_1_103' title='bbox 854 1061 1041 1117; x_wconf 65' lang='lat' dir='ltr'><strong>quaero</strong></span> <span class='ocrx_word' id='word_1_104' title='bbox 1059 1061 1129 1101; x_wconf 88' lang='lat' dir='ltr'><strong>ne</strong></span> <span class='ocrx_word' id='word_1_105' title='bbox 1160 1046 1332 1102; x_wconf 89' lang='lat' dir='ltr'><strong>temni</strong></span> <span class='ocrx_word' id='word_1_106' title='bbox 1359 1062 1580 1119; x_wconf 87' lang='lat' dir='ltr'><strong>queam.</strong></span> <span class='ocrx_word' id='word_1_107' title='bbox 1626 1071 1651 1094; x_wconf 73' lang='grc' dir='ltr'><strong><em>η</em></strong></span> 
     </span>
    </p>
   </div>
   <div class='ocr_carea' id='block_1_19' title="bbox 248 1132 1621 1210">
    <p class='ocr_par' dir='ltr' id='par_1_19' title="bbox 248 1132 1621 1210">
     <span class='ocr_line' id='line_1_19' title="bbox 248 1132 1621 1210; baseline 0.004 -23"><span class='ocrx_word' id='word_1_108' title='bbox 248 1132 499 1188; x_wconf 78' lang='lat' dir='ltr'><strong>Fratres:</strong></span> <span class='ocrx_word' id='word_1_109' title='bbox 545 1158 570 1181; x_wconf 72' lang='grc' dir='ltr'><strong><em>α</em></strong></span> <span class='ocrx_word' id='word_1_110' title='bbox 610 1133 728 1189; x_wconf 85' lang='lat' dir='ltr'><strong>Tibi</strong></span> <span class='ocrx_word' id='word_1_111' title='bbox 750 1135 892 1191; x_wconf 89' lang='lat' dir='ltr'><strong>hanc</strong></span> <span class='ocrx_word' id='word_1_112' title='bbox 914 1135 1153 1192; x_wconf 84' lang='lat' dir='ltr'><strong>feramus</strong></span> <span class='ocrx_word' id='word_1_113' title='bbox 1179 1138 1621 1210; x_wconf 89' lang='lat' dir='ltr'><strong>haudinjuriam,</strong></span> 
     </span>
    </p>
   </div>
   <div class='ocr_carea' id='block_1_20' title="bbox 248 1222 1378 1295">
    <p class='ocr_par' dir='ltr' id='par_1_20' title="bbox 248 1222 1378 1295">
     <span class='ocr_line' id='line_1_20' title="bbox 248 1222 1378 1295; baseline 0.004 -19"><span class='ocrx_word' id='word_1_114' title='bbox 248 1222 559 1277; x_wconf 79' lang='lat' dir='ltr'><strong>Mortalium</strong></span> <span class='ocrx_word' id='word_1_115' title='bbox 583 1239 747 1295; x_wconf 86' lang='lat' dir='ltr'><strong>quem</strong></span> <span class='ocrx_word' id='word_1_116' title='bbox 781 1223 1141 1295; x_wconf 68' lang='lat' dir='ltr'><strong>praeferamus</strong></span> <span class='ocrx_word' id='word_1_117' title='bbox 1168 1232 1229 1281; x_wconf 93' lang='lat' dir='ltr'><strong>ut</strong></span> <span class='ocrx_word' id='word_1_118' title='bbox 1251 1226 1378 1293; x_wconf 87' lang='lat' dir='ltr'><strong>tibi;</strong></span> 
     </span>
    </p>
   </div>
   <div class='ocr_carea' id='block_1_21' title="bbox 248 1309 1443 1386">
    <p class='ocr_par' dir='ltr' id='par_1_21' title="bbox 248 1309 1443 1386">
     <span class='ocr_line' id='line_1_21' title="bbox 248 1309 1443 1386; baseline 0.003 -20"><span class='ocrx_word' id='word_1_119' title='bbox 248 1309 405 1378; x_wconf 57' lang='lat' dir='ltr'><strong>Caeli,</strong></span> <span class='ocrx_word' id='word_1_120' title='bbox 434 1327 498 1367; x_wconf 85' lang='lat' dir='ltr'><strong>ac</strong></span> <span class='ocrx_word' id='word_1_121' title='bbox 527 1313 649 1379; x_wconf 87' lang='lat' dir='ltr'><strong>sali,</strong></span> <span class='ocrx_word' id='word_1_122' title='bbox 683 1313 895 1368; x_wconf 86' lang='lat' dir='ltr'><strong>telluris</strong></span> <span class='ocrx_word' id='word_1_123' title='bbox 920 1322 1088 1386; x_wconf 90' lang='lat' dir='ltr'><strong>atque</strong></span> <span class='ocrx_word' id='word_1_124' title='bbox 1129 1316 1443 1386; x_wconf 61' lang='lat' dir='ltr'><strong>prmsulem,</strong></span> 
     </span>
    </p>
   </div>
   <div class='ocr_carea' id='block_1_22' title="bbox 246 1399 1584 1476">
    <p class='ocr_par' dir='ltr' id='par_1_22' title="bbox 246 1399 1584 1476">
     <span class='ocr_line' id='line_1_22' title="bbox 246 1399 1584 1476; baseline 0.004 -23"><span class='ocrx_word' id='word_1_125' title='bbox 246 1399 349 1465; x_wconf 85' lang='lat' dir='ltr'><strong>Qui</strong></span> <span class='ocrx_word' id='word_1_126' title='bbox 370 1400 501 1455; x_wconf 80' lang='lat' dir='ltr'><strong>fecit</strong></span> <span class='ocrx_word' id='word_1_127' title='bbox 528 1417 759 1472; x_wconf 90' lang='lat' dir='ltr'><strong>usquam</strong></span> <span class='ocrx_word' id='word_1_128' title='bbox 777 1402 1049 1475; x_wconf 88' lang='lat' dir='ltr'><strong>quidquid</strong></span> <span class='ocrx_word' id='word_1_129' title='bbox 1079 1410 1162 1458; x_wconf 89' lang='lat' dir='ltr'><strong>est</strong></span> <span class='ocrx_word' id='word_1_130' title='bbox 1190 1406 1584 1476; x_wconf 66' lang='lat' dir='ltr'><strong>praeponimus.</strong></span> 
     </span>
    </p>
   </div>
   <div class='ocr_carea' id='block_1_23' title="bbox 248 1491 1373 1570">
    <p class='ocr_par' dir='ltr' id='par_1_23' title="bbox 248 1491 1373 1570">
     <span class='ocr_line' id='line_1_23' title="bbox 248 1491 1373 1570; baseline 0.006 -25"><span class='ocrx_word' id='word_1_131' title='bbox 248 1491 612 1565; x_wconf 82' lang='lat' dir='ltr'><strong>Hominisque</strong></span> <span class='ocrx_word' id='word_1_132' title='bbox 645 1496 965 1565; x_wconf 89' lang='lat' dir='ltr'><strong>temporalis</strong></span> <span class='ocrx_word' id='word_1_133' title='bbox 996 1496 1126 1551; x_wconf 89' lang='lat' dir='ltr'><strong>inde</strong></span> <span class='ocrx_word' id='word_1_134' title='bbox 1144 1497 1373 1570; x_wconf 84' lang='lat' dir='ltr'><strong>gloriam</strong></span> 
     </span>
    </p>
   </div>
   <div class='ocr_carea' id='block_1_24' title="bbox 246 1583 1326 1659">
    <p class='ocr_par' dir='ltr' id='par_1_24' title="bbox 246 1583 1326 1659">
     <span class='ocr_line' id='line_1_24' title="bbox 246 1583 1326 1659; baseline 0.006 -22"><span class='ocrx_word' id='word_1_135' title='bbox 246 1583 530 1656; x_wconf 80' lang='lat' dir='ltr'><strong>Fugimus,</strong></span> <span class='ocrx_word' id='word_1_136' title='bbox 562 1586 791 1655; x_wconf 90' lang='lat' dir='ltr'><strong>superni</strong></span> <span class='ocrx_word' id='word_1_137' title='bbox 824 1587 969 1659; x_wconf 88' lang='lat' dir='ltr'><strong>regis</strong></span> <span class='ocrx_word' id='word_1_138' title='bbox 997 1588 1090 1642; x_wconf 75' lang='lat' dir='ltr'><strong>irae</strong></span> <span class='ocrx_word' id='word_1_139' title='bbox 1114 1588 1326 1658; x_wconf 83' lang='lat' dir='ltr'><strong>providi</strong></span> 
     </span>
    </p>
   </div>
   <div class='ocr_carea' id='block_1_25' title="bbox 242 1672 1196 1745">
    <p class='ocr_par' dir='ltr' id='par_1_25' title="bbox 242 1672 1196 1745">
     <span class='ocr_line' id='line_1_25' title="bbox 242 1672 1196 1745; baseline 0.004 -18"><span class='ocrx_word' id='word_1_140' title='bbox 242 1672 511 1745; x_wconf 85' lang='lat' dir='ltr'><strong>&#39;I&#39;eueque</strong></span> <span class='ocrx_word' id='word_1_141' title='bbox 538 1674 682 1729; x_wconf 89' lang='lat' dir='ltr'><strong>scire</strong></span> <span class='ocrx_word' id='word_1_142' title='bbox 715 1690 817 1730; x_wconf 90' lang='lat' dir='ltr'><strong>nec</strong></span> <span class='ocrx_word' id='word_1_143' title='bbox 836 1676 1071 1731; x_wconf 89' lang='lat' dir='ltr'><strong>salutatu</strong></span> <span class='ocrx_word' id='word_1_144' title='bbox 1101 1684 1196 1732; x_wconf 89' lang='lat' dir='ltr'><strong>tuo</strong></span> 
     </span>
    </p>
   </div>
   <div class='ocr_carea' id='block_1_26' title="bbox 245 1767 1159 1842">
    <p class='ocr_par' dir='ltr' id='par_1_26' title="bbox 245 1767 1159 1842">
     <span class='ocr_line' id='line_1_26' title="bbox 245 1767 1159 1842; baseline 0.004 -20"><span class='ocrx_word' id='word_1_145' title='bbox 245 1767 464 1824; x_wconf 90' lang='lat' dir='ltr'><strong>Cultum</strong></span> <span class='ocrx_word' id='word_1_146' title='bbox 489 1786 591 1825; x_wconf 89' lang='lat' dir='ltr'><strong>nos</strong></span> <span class='ocrx_word' id='word_1_147' title='bbox 615 1770 769 1825; x_wconf 90' lang='lat' dir='ltr'><strong>adire</strong></span> <span class='ocrx_word' id='word_1_148' title='bbox 794 1770 907 1839; x_wconf 90' lang='lat' dir='ltr'><strong>jam</strong></span> <span class='ocrx_word' id='word_1_149' title='bbox 934 1772 1159 1842; x_wconf 88' lang='lat' dir='ltr'><strong>palatia.</strong></span> 
     </span>
    </p>
   </div>
   <div class='ocr_carea' id='block_1_27' title="bbox 242 1860 1422 1931">
    <p class='ocr_par' dir='ltr' id='par_1_27' title="bbox 242 1860 1422 1931">
     <span class='ocr_line' id='line_1_27' title="bbox 242 1860 1422 1931; baseline 0.003 -18"><span class='ocrx_word' id='word_1_150' title='bbox 242 1889 318 1900; x_wconf 91' lang='lat'><strong>—</strong></span> <span class='ocrx_word' id='word_1_151' title='bbox 337 1860 533 1915; x_wconf 89' lang='lat' dir='ltr'><strong>Decem</strong></span> <span class='ocrx_word' id='word_1_152' title='bbox 564 1864 870 1931; x_wconf 88' lang='lat' dir='ltr'><strong>(tyrannus)</strong></span> <span class='ocrx_word' id='word_1_153' title='bbox 895 1877 994 1917; x_wconf 88' lang='lat' dir='ltr'><strong>vos</strong></span> <span class='ocrx_word' id='word_1_154' title='bbox 1024 1861 1225 1917; x_wconf 91' lang='lat' dir='ltr'><strong>diebus</strong></span> <span class='ocrx_word' id='word_1_155' title='bbox 1253 1863 1422 1918; x_wconf 90' lang='lat' dir='ltr'><strong>edere</strong></span> 
     </span>
    </p>
   </div>
   <div class='ocr_carea' id='block_1_28' title="bbox 241 1946 1347 2018">
    <p class='ocr_par' dir='ltr' id='par_1_28' title="bbox 241 1946 1347 2018">
     <span class='ocr_line' id='line_1_28' title="bbox 241 1946 1347 2018; baseline 0.002 -14"><span class='ocrx_word' id='word_1_156' title='bbox 241 1946 502 2005; x_wconf 87' lang='lat' dir='ltr'><strong>Concedo</strong></span> <span class='ocrx_word' id='word_1_157' title='bbox 532 1957 772 2005; x_wconf 88' lang='lat' dir='ltr'><strong>mentem</strong></span> <span class='ocrx_word' id='word_1_158' title='bbox 801 1951 1078 2006; x_wconf 87' lang='lat' dir='ltr'><strong>cautionis</strong></span> <span class='ocrx_word' id='word_1_159' title='bbox 1108 1952 1347 2018; x_wconf 88' lang='lat' dir='ltr'><strong>tramite,</strong></span> 
     </span>
    </p>
   </div>
   <div class='ocr_carea' id='block_1_29' title="bbox 242 2039 1357 2110">
    <p class='ocr_par' dir='ltr' id='par_1_29' title="bbox 242 2039 1357 2110">
     <span class='ocr_line' id='line_1_29' title="bbox 242 2039 1357 2110; baseline 0.004 -18"><span class='ocrx_word' id='word_1_160' title='bbox 242 2039 551 2094; x_wconf 86' lang='lat' dir='ltr'><strong>Sodalitate</strong></span> <span class='ocrx_word' id='word_1_161' title='bbox 578 2046 636 2094; x_wconf 89' lang='lat' dir='ltr'><strong>ut</strong></span> <span class='ocrx_word' id='word_1_162' title='bbox 663 2049 860 2110; x_wconf 89' lang='lat' dir='ltr'><strong>sponte</strong></span> <span class='ocrx_word' id='word_1_163' title='bbox 889 2048 1076 2096; x_wconf 89' lang='lat' dir='ltr'><strong>nostra</strong></span> <span class='ocrx_word' id='word_1_164' title='bbox 1102 2043 1357 2109; x_wconf 89' lang='lat' dir='ltr'><strong>utamini,</strong></span> 
     </span>
    </p>
   </div>
   <div class='ocr_carea' id='block_1_30' title="bbox 241 2131 1482 2206">
    <p class='ocr_par' dir='ltr' id='par_1_30' title="bbox 241 2131 1482 2206">
     <span class='ocr_line' id='line_1_30' title="bbox 241 2131 1482 2206; baseline -0.001 -21"><span class='ocrx_word' id='word_1_165' title='bbox 241 2131 351 2185; x_wconf 80' lang='lat' dir='ltr'><strong>Aut</strong></span> <span class='ocrx_word' id='word_1_166' title='bbox 377 2131 632 2202; x_wconf 87' lang='lat' dir='ltr'><strong>publicos</strong></span> <span class='ocrx_word' id='word_1_167' title='bbox 657 2132 905 2203; x_wconf 89' lang='lat' dir='ltr'><strong>plectens</strong></span> <span class='ocrx_word' id='word_1_168' title='bbox 930 2142 991 2188; x_wconf 90' lang='lat' dir='ltr'><strong>ut</strong></span> <span class='ocrx_word' id='word_1_169' title='bbox 1014 2134 1203 2189; x_wconf 89' lang='lat' dir='ltr'><strong>hostes</strong></span> <span class='ocrx_word' id='word_1_170' title='bbox 1232 2135 1426 2206; x_wconf 90' lang='lat' dir='ltr'><strong>punio.</strong></span> <span class='ocrx_word' id='word_1_171' title='bbox 1460 2157 1482 2184; x_wconf 77' lang='grc' dir='ltr'><strong><em>ρ</em></strong></span> 
     </span>
    </p>
   </div>
   <div class='ocr_carea' id='block_1_31' title="bbox 243 2218 1247 2291">
    <p class='ocr_par' dir='ltr' id='par_1_31' title="bbox 243 2218 1247 2291">
     <span class='ocr_line' id='line_1_31' title="bbox 243 2218 1247 2291; baseline 0.006 -18"><span class='ocrx_word' id='word_1_172' title='bbox 243 2218 405 2275; x_wconf 86' lang='lat' dir='ltr'><strong>Viros</strong></span> <span class='ocrx_word' id='word_1_173' title='bbox 423 2220 571 2276; x_wconf 87' lang='lat' dir='ltr'><strong>beati</strong></span> <span class='ocrx_word' id='word_1_174' title='bbox 594 2227 707 2275; x_wconf 90' lang='lat' dir='ltr'><strong>tum</strong></span> <span class='ocrx_word' id='word_1_175' title='bbox 738 2221 1247 2291; x_wconf 83' lang='lat' dir='ltr'><strong>ﬁdelesadvocant,</strong></span> 
     </span>
    </p>
   </div>
   <div class='ocr_carea' id='block_1_32' title="bbox 245 2311 1442 2387">
    <p class='ocr_par' dir='ltr' id='par_1_32' title="bbox 245 2311 1442 2387">
     <span class='ocr_line' id='line_1_32' title="bbox 245 2311 1442 2387; baseline 0.004 -20"><span class='ocrx_word' id='word_1_176' title='bbox 245 2313 357 2367; x_wconf 84' lang='lat' dir='ltr'><strong>Res</strong></span> <span class='ocrx_word' id='word_1_177' title='bbox 383 2311 704 2368; x_wconf 86' lang='lat' dir='ltr'><strong>ordinantes</strong></span> <span class='ocrx_word' id='word_1_178' title='bbox 730 2329 867 2386; x_wconf 87' lang='lat' dir='ltr'><strong>quas</strong></span> <span class='ocrx_word' id='word_1_179' title='bbox 903 2315 1101 2387; x_wconf 84' lang='lat' dir='ltr'><strong>reliqui</strong></span> <span class='ocrx_word' id='word_1_180' title='bbox 1132 2331 1442 2386; x_wconf 66' lang='lat' dir='ltr'><strong>praecavere</strong></span> 
     </span>
    </p>
   </div>
   <div class='ocr_carea' id='block_1_33' title="bbox 240 2404 1224 2482">
    <p class='ocr_par' dir='ltr' id='par_1_33' title="bbox 240 2404 1224 2482">
     <span class='ocr_line' id='line_1_33' title="bbox 240 2404 1224 2482; baseline 0.004 -23"><span class='ocrx_word' id='word_1_181' title='bbox 240 2404 379 2460; x_wconf 90' lang='lat' dir='ltr'><strong>Toto</strong></span> <span class='ocrx_word' id='word_1_182' title='bbox 418 2411 674 2460; x_wconf 84' lang='lat' dir='ltr'><strong>vacantes</strong></span> <span class='ocrx_word' id='word_1_183' title='bbox 703 2406 895 2478; x_wconf 78' lang='lat' dir='ltr'><strong>capias</strong></span> <span class='ocrx_word' id='word_1_184' title='bbox 927 2408 1224 2482; x_wconf 88' lang='lat' dir='ltr'><strong>egentibus</strong></span> 
     </span>
    </p>
   </div>
   <div class='ocr_carea' id='block_1_34' title="bbox 243 2497 1223 2571">
    <p class='ocr_par' dir='ltr' id='par_1_34' title="bbox 243 2497 1223 2571">
     <span class='ocr_line' id='line_1_34' title="bbox 243 2497 1223 2571; baseline 0.005 -19"><span class='ocrx_word' id='word_1_185' title='bbox 243 2497 600 2553; x_wconf 90' lang='lat' dir='ltr'><strong>Induciarum</strong></span> <span class='ocrx_word' id='word_1_186' title='bbox 633 2497 923 2571; x_wconf 88' lang='lat' dir='ltr'><strong>largiendo</strong></span> <span class='ocrx_word' id='word_1_187' title='bbox 954 2509 1223 2571; x_wconf 91' lang='lat' dir='ltr'><strong>tempore.</strong></span> 
     </span>
    </p>
   </div>
   <div class='ocr_carea' id='block_1_35' title="bbox 239 2585 1383 2661">
    <p class='ocr_par' dir='ltr' id='par_1_35' title="bbox 239 2585 1383 2661">
     <span class='ocr_line' id='line_1_35' title="bbox 239 2585 1383 2661; baseline 0.005 -22"><span class='ocrx_word' id='word_1_188' title='bbox 239 2585 481 2641; x_wconf 84' lang='lat' dir='ltr'><strong>Posthac</strong></span> <span class='ocrx_word' id='word_1_189' title='bbox 508 2585 872 2641; x_wconf 80' lang='lat' dir='ltr'><strong>Terentianus</strong></span> <span class='ocrx_word' id='word_1_190' title='bbox 904 2588 1005 2643; x_wconf 92' lang='lat' dir='ltr'><strong>hos</strong></span> <span class='ocrx_word' id='word_1_191' title='bbox 1025 2589 1130 2643; x_wconf 90' lang='lat' dir='ltr'><strong>sub</strong></span> <span class='ocrx_word' id='word_1_192' title='bbox 1158 2589 1383 2661; x_wconf 90' lang='lat' dir='ltr'><strong>pr0pria</strong></span> 
     </span>
    </p>
   </div>
   <div class='ocr_carea' id='block_1_36' title="bbox 240 2680 1315 2753">
    <p class='ocr_par' dir='ltr' id='par_1_36' title="bbox 240 2680 1315 2753">
     <span class='ocr_line' id='line_1_36' title="bbox 240 2680 1315 2753; baseline 0.003 -19"><span class='ocrx_word' id='word_1_193' title='bbox 240 2680 482 2735; x_wconf 87' lang='lat' dir='ltr'><strong>Adortus</strong></span> <span class='ocrx_word' id='word_1_194' title='bbox 511 2681 631 2736; x_wconf 64' lang='lat' dir='ltr'><strong>aede</strong></span> <span class='ocrx_word' id='word_1_195' title='bbox 660 2689 782 2736; x_wconf 80' lang='lat' dir='ltr'><strong>vota</strong></span> <span class='ocrx_word' id='word_1_196' title='bbox 814 2681 1007 2738; x_wconf 87' lang='lat' dir='ltr'><strong>dantes</strong></span> <span class='ocrx_word' id='word_1_197' title='bbox 1037 2684 1315 2753; x_wconf 88' lang='lat' dir='ltr'><strong>repperit:</strong></span> 
     </span>
    </p>
   </div>
   <div class='ocr_carea' id='block_1_37' title="bbox 241 2772 1296 2847">
    <p class='ocr_par' dir='ltr' id='par_1_37' title="bbox 241 2772 1296 2847">
     <span class='ocr_line' id='line_1_37' title="bbox 241 2772 1296 2847; baseline 0.005 -22"><span class='ocrx_word' id='word_1_198' title='bbox 241 2772 282 2824; x_wconf 83' lang='grc' dir='ltr'><strong>Λ</strong></span> <span class='ocrx_word' id='word_1_199' title='bbox 314 2787 445 2847; x_wconf 85' lang='lat' dir='ltr'><strong>rege</strong></span> <span class='ocrx_word' id='word_1_200' title='bbox 467 2772 645 2827; x_wconf 83' lang='lat' dir='ltr'><strong>fassus</strong></span> <span class='ocrx_word' id='word_1_201' title='bbox 673 2788 899 2828; x_wconf 87' lang='lat' dir='ltr'><strong>aureum</strong></span> <span class='ocrx_word' id='word_1_202' title='bbox 930 2774 1076 2829; x_wconf 89' lang='lat' dir='ltr'><strong>mitti</strong></span> <span class='ocrx_word' id='word_1_203' title='bbox 1105 2774 1296 2830; x_wconf 87' lang='lat' dir='ltr'><strong>Jovem</strong></span> 
     </span>
    </p>
   </div>
   <div class='ocr_carea' id='block_1_38' title="bbox 240 2862 1367 2941">
    <p class='ocr_par' dir='ltr' id='par_1_38' title="bbox 240 2862 1367 2941">
     <span class='ocr_line' id='line_1_38' title="bbox 240 2862 1367 2941; baseline 0.004 -23"><span class='ocrx_word' id='word_1_204' title='bbox 240 2862 342 2919; x_wconf 90' lang='lat' dir='ltr'><strong>Cui</strong></span> <span class='ocrx_word' id='word_1_205' title='bbox 374 2864 537 2920; x_wconf 86' lang='lat' dir='ltr'><strong>thura</strong></span> <span class='ocrx_word' id='word_1_206' title='bbox 565 2866 820 2941; x_wconf 84' lang='lat' dir='ltr'><strong>ﬂagrent,</strong></span> <span class='ocrx_word' id='word_1_207' title='bbox 852 2867 937 2922; x_wconf 90' lang='lat' dir='ltr'><strong>his</strong></span> <span class='ocrx_word' id='word_1_208' title='bbox 967 2866 1017 2922; x_wconf 91' lang='lat' dir='ltr'><strong>ei</strong></span> <span class='ocrx_word' id='word_1_209' title='bbox 1059 2867 1367 2934; x_wconf 86' lang='lat' dir='ltr'><strong>litantibus,</strong></span> 
     </span>
    </p>
   </div>
   <div class='ocr_carea' id='block_1_39' title="bbox 1974 1221 3010 1293">
    <p class='ocr_par' dir='ltr' id='par_1_39' title="bbox 1974 1221 3010 1293">
     <span class='ocr_line' id='line_1_39' title="bbox 1974 1221 3010 1293; baseline -0.002 -16"><span class='ocrx_word' id='word_1_210' title='bbox 1974 1221 2306 1277; x_wconf 86' lang='lat' dir='ltr'><strong>Cerditionis</strong></span> <span class='ocrx_word' id='word_1_211' title='bbox 2333 1228 2437 1276; x_wconf 88' lang='lat' dir='ltr'><strong>stat</strong></span> <span class='ocrx_word' id='word_1_212' title='bbox 2468 1236 2657 1293; x_wconf 88' lang='lat' dir='ltr'><strong>parare</strong></span> <span class='ocrx_word' id='word_1_213' title='bbox 2688 1221 3010 1292; x_wconf 89' lang='lat' dir='ltr'><strong>complices,</strong></span> 
     </span>
    </p>
   </div>
   <div class='ocr_carea' id='block_1_40' title="bbox 1974 1313 2986 1384">
    <p class='ocr_par' dir='ltr' id='par_1_40' title="bbox 1974 1313 2986 1384">
     <span class='ocr_line' id='line_1_40' title="bbox 1974 1313 2986 1384; baseline -0.001 -16"><span class='ocrx_word' id='word_1_214' title='bbox 1974 1315 2179 1369; x_wconf 89' lang='lat' dir='ltr'><strong>Suasor</strong></span> <span class='ocrx_word' id='word_1_215' title='bbox 2204 1315 2312 1369; x_wconf 89' lang='lat' dir='ltr'><strong>alto</strong></span> <span class='ocrx_word' id='word_1_216' title='bbox 2343 1313 2654 1384; x_wconf 89' lang='lat' dir='ltr'><strong>procubans</strong></span> <span class='ocrx_word' id='word_1_217' title='bbox 2684 1314 2986 1369; x_wconf 83' lang='lat' dir='ltr'><strong>certamine</strong></span> 
     </span>
    </p>
   </div>
   <div class='ocr_carea' id='block_1_41' title="bbox 1977 1404 3106 1476">
    <p class='ocr_par' dir='ltr' id='par_1_41' title="bbox 1977 1404 3106 1476">
     <span class='ocr_line' id='line_1_41' title="bbox 1977 1404 3106 1476; baseline -0.001 -16"><span class='ocrx_word' id='word_1_218' title='bbox 1977 1405 2198 1476; x_wconf 80' lang='lat' dir='ltr'><strong>Aperire</strong></span> <span class='ocrx_word' id='word_1_219' title='bbox 2230 1412 2429 1461; x_wconf 90' lang='lat' dir='ltr'><strong>terram</strong></span> <span class='ocrx_word' id='word_1_220' title='bbox 2458 1405 2631 1472; x_wconf 66' lang='lat' dir='ltr'><strong>saevit,</strong></span> <span class='ocrx_word' id='word_1_221' title='bbox 2674 1414 2729 1459; x_wconf 93' lang='lat' dir='ltr'><strong>et</strong></span> <span class='ocrx_word' id='word_1_222' title='bbox 2752 1404 3106 1459; x_wconf 89' lang='lat' dir='ltr'><strong>venientibus</strong></span> 
     </span>
    </p>
   </div>
   <div class='ocr_carea' id='block_1_42' title="bbox 1975 1496 3067 1568">
    <p class='ocr_par' dir='ltr' id='par_1_42' title="bbox 1975 1496 3067 1568">
     <span class='ocr_line' id='line_1_42' title="bbox 1975 1496 3067 1568; baseline -0.001 -17"><span class='ocrx_word' id='word_1_223' title='bbox 1975 1497 2139 1553; x_wconf 86' lang='lat' dir='ltr'><strong>Ferus</strong></span> <span class='ocrx_word' id='word_1_224' title='bbox 2166 1497 2422 1568; x_wconf 87' lang='lat' dir='ltr'><strong>sepulcra</strong></span> <span class='ocrx_word' id='word_1_225' title='bbox 2453 1497 2704 1568; x_wconf 87' lang='lat' dir='ltr'><strong>providet</strong></span> <span class='ocrx_word' id='word_1_226' title='bbox 2736 1496 3067 1561; x_wconf 89' lang='lat' dir='ltr'><strong>domestica,</strong></span> 
     </span>
    </p>
   </div>
   <div class='ocr_carea' id='block_1_43' title="bbox 1971 1589 3129 1661">
    <p class='ocr_par' dir='ltr' id='par_1_43' title="bbox 1971 1589 3129 1661">
     <span class='ocr_line' id='line_1_43' title="bbox 1971 1589 3129 1661; baseline -0.001 -17"><span class='ocrx_word' id='word_1_227' title='bbox 1971 1589 2093 1645; x_wconf 87' lang='lat' dir='ltr'><strong>Mox</strong></span> <span class='ocrx_word' id='word_1_228' title='bbox 2124 1596 2179 1645; x_wconf 91' lang='lat' dir='ltr'><strong>et</strong></span> <span class='ocrx_word' id='word_1_229' title='bbox 2206 1591 2431 1644; x_wconf 90' lang='lat' dir='ltr'><strong>resectis</strong></span> <span class='ocrx_word' id='word_1_230' title='bbox 2447 1590 2588 1645; x_wconf 87' lang='lat' dir='ltr'><strong>colla</strong></span> <span class='ocrx_word' id='word_1_231' title='bbox 2610 1589 2916 1661; x_wconf 82' lang='lat' dir='ltr'><strong>submergit</strong></span> <span class='ocrx_word' id='word_1_232' title='bbox 2934 1589 3129 1643; x_wconf 90' lang='lat' dir='ltr'><strong>scrobe</strong></span> 
     </span>
    </p>
   </div>
   <div class='ocr_carea' id='block_1_44' title="bbox 1971 1679 3176 1752">
    <p class='ocr_par' dir='ltr' id='par_1_44' title="bbox 1971 1679 3176 1752">
     <span class='ocr_line' id='line_1_44' title="bbox 1971 1679 3176 1752; baseline -0.002 -18"><span class='ocrx_word' id='word_1_233' title='bbox 1971 1679 2214 1752; x_wconf 86' lang='lat' dir='ltr'><strong>Vulgans</strong></span> <span class='ocrx_word' id='word_1_234' title='bbox 2238 1679 2470 1749; x_wconf 87' lang='lat' dir='ltr'><strong>jubente</strong></span> <span class='ocrx_word' id='word_1_235' title='bbox 2495 1680 2642 1751; x_wconf 88' lang='lat' dir='ltr'><strong>quod</strong></span> <span class='ocrx_word' id='word_1_236' title='bbox 2673 1680 2926 1734; x_wconf 89' lang='lat' dir='ltr'><strong>exulares</strong></span> <span class='ocrx_word' id='word_1_237' title='bbox 2948 1679 3176 1734; x_wconf 68' lang='lat' dir='ltr'><strong>Caesare.</strong></span> 
     </span>
    </p>
   </div>
   <div class='ocr_carea' id='block_1_45' title="bbox 1894 1739 3232 1839">
    <p class='ocr_par' dir='ltr' id='par_1_45' title="bbox 1894 1739 3232 1839">
     <span class='ocr_line' id='line_1_45' title="bbox 1894 1739 3232 1839; baseline -0.001 -17"><span class='ocrx_word' id='word_1_238' title='bbox 1894 1739 1943 1807; x_wconf 81' lang='grc' dir='ltr'>Β</span> <span class='ocrx_word' id='word_1_239' title='bbox 1967 1739 2135 1832; x_wconf 49' lang='grc' dir='ltr'><strong>ρυειῖἶι</strong></span> <span class='ocrx_word' id='word_1_240' title='bbox 2170 1739 2296 1838; x_wconf 74' lang='lat' dir='ltr'><strong>post</strong></span> <span class='ocrx_word' id='word_1_241' title='bbox 2320 1739 2618 1839; x_wconf 83' lang='lat' dir='ltr'><strong>procelIam</strong></span> <span class='ocrx_word' id='word_1_242' title='bbox 2641 1768 2752 1836; x_wconf 91' lang='lat' dir='ltr'><strong>jam</strong></span> <span class='ocrx_word' id='word_1_243' title='bbox 2785 1783 2986 1823; x_wconf 89' lang='lat' dir='ltr'><strong>sereuo</strong></span> <span class='ocrx_word' id='word_1_244' title='bbox 3016 1767 3232 1822; x_wconf 88' lang='lat' dir='ltr'><strong>reddito</strong></span> 
     </span>
    </p>
   </div>
   <div class='ocr_carea' id='block_1_46' title="bbox 1968 1862 3086 1933">
    <p class='ocr_par' dir='ltr' id='par_1_46' title="bbox 1968 1862 3086 1933">
     <span class='ocr_line' id='line_1_46' title="bbox 1968 1862 3086 1933; baseline 0 -16"><span class='ocrx_word' id='word_1_245' title='bbox 1968 1863 2146 1917; x_wconf 67' lang='lat' dir='ltr'><strong>Multae</strong></span> <span class='ocrx_word' id='word_1_246' title='bbox 2172 1863 2401 1918; x_wconf 85' lang='lat' dir='ltr'><strong>subacto</strong></span> <span class='ocrx_word' id='word_1_247' title='bbox 2420 1862 2655 1919; x_wconf 87' lang='lat' dir='ltr'><strong>vindicis</strong></span> <span class='ocrx_word' id='word_1_248' title='bbox 2683 1869 2862 1933; x_wconf 81' lang='lat' dir='ltr'><strong>strage</strong></span> <span class='ocrx_word' id='word_1_249' title='bbox 2893 1862 3086 1933; x_wconf 91' lang='lat' dir='ltr'><strong>impio,</strong></span> 
     </span>
    </p>
   </div>
   <div class='ocr_carea' id='block_1_47' title="bbox 1964 1954 3222 2030">
    <p class='ocr_par' dir='ltr' id='par_1_47' title="bbox 1964 1954 3222 2030">
     <span class='ocr_line' id='line_1_47' title="bbox 1964 1954 3222 2030; baseline -0.002 -19"><span class='ocrx_word' id='word_1_250' title='bbox 1964 1957 2286 2012; x_wconf 90' lang='lat' dir='ltr'><strong>Sanctorum</strong></span> <span class='ocrx_word' id='word_1_251' title='bbox 2319 1971 2553 2030; x_wconf 88' lang='lat' dir='ltr'><strong>agonem</strong></span> <span class='ocrx_word' id='word_1_252' title='bbox 2582 1954 2910 2011; x_wconf 85' lang='lat' dir='ltr'><strong>conﬁtentes</strong></span> <span class='ocrx_word' id='word_1_253' title='bbox 2940 1955 3222 2011; x_wconf 76' lang='lat' dir='ltr'><strong>daemones</strong></span> 
     </span>
    </p>
   </div>
   <div class='ocr_carea' id='block_1_48' title="bbox 1964 2043 3072 2115">
    <p class='ocr_par' dir='ltr' id='par_1_48' title="bbox 1964 2043 3072 2115">
     <span class='ocr_line' id='line_1_48' title="bbox 1964 2043 3072 2115; baseline -0.001 -16"><span class='ocrx_word' id='word_1_254' title='bbox 1964 2045 2224 2101; x_wconf 88' lang='lat' dir='ltr'><strong>Possessa</strong></span> <span class='ocrx_word' id='word_1_255' title='bbox 2252 2052 2394 2100; x_wconf 84' lang='lat' dir='ltr'><strong>tacto</strong></span> <span class='ocrx_word' id='word_1_256' title='bbox 2424 2060 2555 2099; x_wconf 91' lang='lat' dir='ltr'><strong>vasa</strong></span> <span class='ocrx_word' id='word_1_257' title='bbox 2576 2044 2836 2115; x_wconf 89' lang='lat' dir='ltr'><strong>iinquunt</strong></span> <span class='ocrx_word' id='word_1_258' title='bbox 2861 2043 3072 2098; x_wconf 91' lang='lat' dir='ltr'><strong>limine.</strong></span> 
     </span>
    </p>
   </div>
   <div class='ocr_carea' id='block_1_49' title="bbox 1961 2138 3015 2210">
    <p class='ocr_par' dir='ltr' id='par_1_49' title="bbox 1961 2138 3015 2210">
     <span class='ocr_line' id='line_1_49' title="bbox 1961 2138 3015 2210; baseline -0.001 -17"><span class='ocrx_word' id='word_1_259' title='bbox 1961 2140 2272 2195; x_wconf 86' lang='lat' dir='ltr'><strong>Terentiani</strong></span> <span class='ocrx_word' id='word_1_260' title='bbox 2305 2140 2412 2194; x_wconf 89' lang='lat' dir='ltr'><strong>huc</strong></span> <span class='ocrx_word' id='word_1_261' title='bbox 2437 2138 2769 2210; x_wconf 87' lang='lat' dir='ltr'><strong>actaproles</strong></span> <span class='ocrx_word' id='word_1_262' title='bbox 2794 2138 3015 2193; x_wconf 88' lang='lat' dir='ltr'><strong>ﬂamine</strong></span> 
     </span>
    </p>
   </div>
   <div class='ocr_carea' id='block_1_50' title="bbox 1970 2232 3015 2290">
    <p class='ocr_par' dir='ltr' id='par_1_50' title="bbox 1970 2232 3015 2290">
     <span class='ocr_line' id='line_1_50' title="bbox 1970 2232 3015 2290; baseline -0.005 0"><span class='ocrx_word' id='word_1_263' title='bbox 1970 2235 2175 2290; x_wconf 83' lang='lat' dir='ltr'><strong>Clamat</strong></span> <span class='ocrx_word' id='word_1_264' title='bbox 2206 2234 2384 2289; x_wconf 88' lang='lat' dir='ltr'><strong>beatis</strong></span> <span class='ocrx_word' id='word_1_265' title='bbox 2410 2249 2531 2288; x_wconf 89' lang='lat' dir='ltr'><strong>sese</strong></span> <span class='ocrx_word' id='word_1_266' title='bbox 2559 2233 2715 2288; x_wconf 88' lang='lat' dir='ltr'><strong>aduri</strong></span> <span class='ocrx_word' id='word_1_267' title='bbox 2738 2232 3015 2287; x_wconf 81' lang='lat' dir='ltr'><strong>fratribus.</strong></span> 
     </span>
    </p>
   </div>
   <div class='ocr_carea' id='block_1_51' title="bbox 1969 2324 2815 2398">
    <p class='ocr_par' dir='ltr' id='par_1_51' title="bbox 1969 2324 2815 2398">
     <span class='ocr_line' id='line_1_51' title="bbox 1969 2324 2815 2398; baseline -0.005 -16"><span class='ocrx_word' id='word_1_268' title='bbox 1969 2329 2129 2382; x_wconf 84' lang='lat' dir='ltr'><strong>Pater</strong></span> <span class='ocrx_word' id='word_1_269' title='bbox 2158 2326 2384 2398; x_wconf 90' lang='lat' dir='ltr'><strong>periclis</strong></span> <span class='ocrx_word' id='word_1_270' title='bbox 2416 2325 2671 2381; x_wconf 87' lang='lat' dir='ltr'><strong>incitatus</strong></span> <span class='ocrx_word' id='word_1_271' title='bbox 2697 2324 2815 2388; x_wconf 83' lang='lat' dir='ltr'><strong>filii,</strong></span> 
     </span>
    </p>
   </div>
   <div class='ocr_carea' id='block_1_52' title="bbox 1972 2412 2923 2486">
    <p class='ocr_par' dir='ltr' id='par_1_52' title="bbox 1972 2412 2923 2486">
     <span class='ocr_line' id='line_1_52' title="bbox 1972 2412 2923 2486; baseline -0.004 -16"><span class='ocrx_word' id='word_1_272' title='bbox 1972 2417 2028 2470; x_wconf 92' lang='lat' dir='ltr'><strong>In</strong></span> <span class='ocrx_word' id='word_1_273' title='bbox 2051 2430 2148 2470; x_wconf 88' lang='lat' dir='ltr'><strong>ora</strong></span> <span class='ocrx_word' id='word_1_274' title='bbox 2164 2413 2658 2486; x_wconf 64' lang='lat' dir='ltr'><strong>lapsus,:przedicat</strong></span> <span class='ocrx_word' id='word_1_275' title='bbox 2689 2412 2923 2484; x_wconf 87' lang='lat' dir='ltr'><strong>piacula,</strong></span> 
     </span>
    </p>
   </div>
   <div class='ocr_carea' id='block_1_53' title="bbox 1968 2503 3071 2574">
    <p class='ocr_par' dir='ltr' id='par_1_53' title="bbox 1968 2503 3071 2574">
     <span class='ocr_line' id='line_1_53' title="bbox 1968 2503 3071 2574; baseline -0.006 -12"><span class='ocrx_word' id='word_1_276' title='bbox 1968 2507 2109 2562; x_wconf 87' lang='lat' dir='ltr'><strong>Petit</strong></span> <span class='ocrx_word' id='word_1_277' title='bbox 2139 2506 2370 2573; x_wconf 87' lang='lat' dir='ltr'><strong>lavacra,</strong></span> <span class='ocrx_word' id='word_1_278' title='bbox 2401 2505 2644 2561; x_wconf 89' lang='lat' dir='ltr'><strong>luctibus</strong></span> <span class='ocrx_word' id='word_1_279' title='bbox 2682 2504 2777 2559; x_wconf 89' lang='lat' dir='ltr'><strong>dat</strong></span> <span class='ocrx_word' id='word_1_280' title='bbox 2800 2503 3071 2574; x_wconf 85' lang='lat' dir='ltr'><strong>Iacrymas</strong></span> 
     </span>
    </p>
   </div>
   <div class='ocr_carea' id='block_1_54' title="bbox 1972 2590 3110 2650">
    <p class='ocr_par' dir='ltr' id='par_1_54' title="bbox 1972 2590 3110 2650">
     <span class='ocr_line' id='line_1_54' title="bbox 1972 2590 3110 2650; baseline -0.006 0"><span class='ocrx_word' id='word_1_281' title='bbox 1972 2596 2188 2650; x_wconf 90' lang='lat' dir='ltr'><strong>Piorum</strong></span> <span class='ocrx_word' id='word_1_282' title='bbox 2216 2596 2285 2650; x_wconf 89' lang='lat' dir='ltr'><strong>ad</strong></span> <span class='ocrx_word' id='word_1_283' title='bbox 2313 2610 2505 2649; x_wconf 87' lang='lat' dir='ltr'><strong>urnam</strong></span> <span class='ocrx_word' id='word_1_284' title='bbox 2538 2593 2772 2649; x_wconf 84' lang='lat' dir='ltr'><strong>solvitur</strong></span> <span class='ocrx_word' id='word_1_285' title='bbox 2800 2592 2928 2646; x_wconf 92' lang='lat' dir='ltr'><strong>dum</strong></span> <span class='ocrx_word' id='word_1_286' title='bbox 2964 2590 3110 2645; x_wconf 84' lang='lat' dir='ltr'><strong>filius</strong></span> 
     </span>
    </p>
   </div>
   <div class='ocr_carea' id='block_1_55' title="bbox 1968 2683 3059 2757">
    <p class='ocr_par' dir='ltr' id='par_1_55' title="bbox 1968 2683 3059 2757">
     <span class='ocr_line' id='line_1_55' title="bbox 1968 2683 3059 2757; baseline -0.005 -20"><span class='ocrx_word' id='word_1_287' title='bbox 1968 2683 2095 2738; x_wconf 89' lang='lat' dir='ltr'><strong>Tam</strong></span> <span class='ocrx_word' id='word_1_288' title='bbox 2130 2683 2403 2755; x_wconf 88' lang='lat' dir='ltr'><strong>passionis</strong></span> <span class='ocrx_word' id='word_1_289' title='bbox 2426 2690 2577 2757; x_wconf 88' lang='lat' dir='ltr'><strong>gesta</strong></span> <span class='ocrx_word' id='word_1_290' title='bbox 2614 2697 2737 2753; x_wconf 68' lang='lat' dir='ltr'><strong>quze</strong></span> <span class='ocrx_word' id='word_1_291' title='bbox 2768 2686 3059 2753; x_wconf 80' lang='lat' dir='ltr'><strong>peregerat</strong></span> 
     </span>
    </p>
   </div>
   <div class='ocr_carea' id='block_1_56' title="bbox 1970 2773 3057 2849">
    <p class='ocr_par' dir='ltr' id='par_1_56' title="bbox 1970 2773 3057 2849">
     <span class='ocr_line' id='line_1_56' title="bbox 1970 2773 3057 2849; baseline -0.006 -15"><span class='ocrx_word' id='word_1_292' title='bbox 1970 2778 2344 2835; x_wconf 79' lang='lat' dir='ltr'><strong>Confessionis</strong></span> <span class='ocrx_word' id='word_1_293' title='bbox 2373 2778 2491 2832; x_wconf 89' lang='lat' dir='ltr'><strong>dira</strong></span> <span class='ocrx_word' id='word_1_294' title='bbox 2531 2791 2773 2849; x_wconf 78' lang='lat' dir='ltr'><strong>purgans</strong></span> <span class='ocrx_word' id='word_1_295' title='bbox 2802 2773 3057 2846; x_wconf 88' lang='lat' dir='ltr'><strong>lacrymis</strong></span> 
     </span>
    </p>
   </div>
   <div class='ocr_carea' id='block_1_57' title="bbox 1971 2869 2915 2943">
    <p class='ocr_par' dir='ltr' id='par_1_57' title="bbox 1971 2869 2915 2943">
     <span class='ocr_line' id='line_1_57' title="bbox 1971 2869 2915 2943; baseline 0 -18"><span class='ocrx_word' id='word_1_296' title='bbox 1971 2871 2140 2928; x_wconf 87' lang='lat' dir='ltr'><strong>Certis</strong></span> <span class='ocrx_word' id='word_1_297' title='bbox 2169 2880 2316 2927; x_wconf 87' lang='lat' dir='ltr'><strong>arata</strong></span> <span class='ocrx_word' id='word_1_298' title='bbox 2342 2870 2649 2943; x_wconf 86' lang='lat' dir='ltr'><strong>propalavit</strong></span> <span class='ocrx_word' id='word_1_299' title='bbox 2677 2869 2915 2943; x_wconf 86' lang='lat' dir='ltr'><strong>paginis.</strong></span> 
     </span>
    </p>
   </div>
   <div class='ocr_carea' id='block_1_58' title="bbox 1740 3030 2098 3088">
    <p class='ocr_par' dir='ltr' id='par_1_58' title="bbox 1740 3030 2098 3088">
     <span class='ocr_line' id='line_1_58' title="bbox 1740 3030 2098 3088; baseline 0.008 -3"><span class='ocrx_word' id='word_1_300' title='bbox 1740 3030 1947 3087; x_wconf 83' lang='lat' dir='ltr'><strong>CAPUT</strong></span> <span class='ocrx_word' id='word_1_301' title='bbox 1985 3032 2098 3088; x_wconf 87' lang='lat' dir='ltr'><strong>XII.</strong></span> 
     </span>
    </p>
   </div>
   <div class='ocr_carea' id='block_1_59' title="bbox 1261 3160 2601 3237">
    <p class='ocr_par' dir='ltr' id='par_1_59' title="bbox 1261 3160 2601 3237">
     <span class='ocr_line' id='line_1_59' title="bbox 1261 3160 2601 3237; baseline 0 -19"><span class='ocrx_word' id='word_1_302' title='bbox 1261 3161 1337 3219; x_wconf 89' lang='lat' dir='ltr'><strong>De</strong></span> <span class='ocrx_word' id='word_1_303' title='bbox 1358 3163 1583 3222; x_wconf 80' lang='lat' dir='ltr'><strong>sanctis</strong></span> <span class='ocrx_word' id='word_1_304' title='bbox 1619 3161 1944 3237; x_wconf 81' lang='lat' dir='ltr'><strong>Januario,</strong></span> <span class='ocrx_word' id='word_1_305' title='bbox 1989 3162 2293 3223; x_wconf 78' lang='lat' dir='ltr'><strong>Gordiano</strong></span> <span class='ocrx_word' id='word_1_306' title='bbox 2324 3171 2376 3222; x_wconf 73' lang='lat' dir='ltr'><strong>et</strong></span> <span class='ocrx_word' id='word_1_307' title='bbox 2408 3160 2601 3223; x_wconf 79' lang='lat' dir='ltr'><strong>sociis.</strong></span> 
     </span>
    </p>
   </div>
   <div class='ocr_carea' id='block_1_60' title="bbox 312 3332 1279 3407">
    <p class='ocr_par' dir='ltr' id='par_1_60' title="bbox 312 3332 1279 3407">
     <span class='ocr_line' id='line_1_60' title="bbox 312 3332 1279 3407; baseline 0.003 -20"><span class='ocrx_word' id='word_1_308' title='bbox 312 3332 509 3388; x_wconf 87' lang='lat' dir='ltr'><strong>Plures</strong></span> <span class='ocrx_word' id='word_1_309' title='bbox 538 3332 699 3389; x_wconf 88' lang='lat' dir='ltr'><strong>beata</strong></span> <span class='ocrx_word' id='word_1_310' title='bbox 727 3335 1117 3407; x_wconf 82' lang='lat' dir='ltr'><strong>tergiversator</strong></span> <span class='ocrx_word' id='word_1_311' title='bbox 1140 3351 1279 3390; x_wconf 89' lang='lat' dir='ltr'><strong>nece</strong></span> 
     </span>
    </p>
   </div>
   <div class='ocr_carea' id='block_1_61' title="bbox 459 3422 1155 3495">
    <p class='ocr_par' dir='ltr' id='par_1_61' title="bbox 459 3422 1155 3495">
     <span class='ocr_line' id='line_1_61' title="bbox 459 3422 1155 3495; baseline 0 -20"><span class='ocrx_word' id='word_1_312' title='bbox 459 3422 656 3477; x_wconf 87' lang='lat' dir='ltr'><strong>Christi</strong></span> <span class='ocrx_word' id='word_1_313' title='bbox 679 3423 914 3478; x_wconf 87' lang='lat' dir='ltr'><strong>sacravit</strong></span> <span class='ocrx_word' id='word_1_314' title='bbox 934 3423 1155 3495; x_wconf 77' lang='lat' dir='ltr'><strong>deiu&#39;ga.</strong></span> 
     </span>
    </p>
   </div>
   <div class='ocr_carea' id='block_1_62' title="bbox 314 3512 1423 3585">
    <p class='ocr_par' dir='ltr' id='par_1_62' title="bbox 314 3512 1423 3585">
     <span class='ocr_line' id='line_1_62' title="bbox 314 3512 1423 3585; baseline 0.003 -19"><span class='ocrx_word' id='word_1_315' title='bbox 314 3513 453 3567; x_wconf 90' lang='lat' dir='ltr'><strong>Dum</strong></span> <span class='ocrx_word' id='word_1_316' title='bbox 487 3512 688 3567; x_wconf 86' lang='lat' dir='ltr'><strong>crescit</strong></span> <span class='ocrx_word' id='word_1_317' title='bbox 718 3519 869 3569; x_wconf 86' lang='lat' dir='ltr'><strong>atrox</strong></span> <span class='ocrx_word' id='word_1_318' title='bbox 902 3513 982 3567; x_wconf 91' lang='lat' dir='ltr'><strong>ira</strong></span> <span class='ocrx_word' id='word_1_319' title='bbox 1011 3514 1138 3569; x_wconf 90' lang='lat' dir='ltr'><strong>victi</strong></span> <span class='ocrx_word' id='word_1_320' title='bbox 1168 3514 1423 3585; x_wconf 85' lang='lat' dir='ltr'><strong>publicis,</strong></span> 
     </span>
    </p>
   </div>
   <div class='ocr_carea' id='block_1_63' title="bbox 468 3604 1179 3679">
    <p class='ocr_par' dir='ltr' id='par_1_63' title="bbox 468 3604 1179 3679">
     <span class='ocr_line' id='line_1_63' title="bbox 468 3604 1179 3679; baseline 0.006 -21"><span class='ocrx_word' id='word_1_321' title='bbox 468 3604 634 3678; x_wconf 82' lang='lat' dir='ltr'><strong>Legat</strong></span> <span class='ocrx_word' id='word_1_322' title='bbox 662 3604 786 3675; x_wconf 89' lang='lat' dir='ltr'><strong>pios</strong></span> <span class='ocrx_word' id='word_1_323' title='bbox 805 3605 1108 3670; x_wconf 86' lang='lat' dir='ltr'><strong>custodiis;</strong></span> <span class='ocrx_word' id='word_1_324' title='bbox 1174 3674 1179 3679; x_wconf 20' lang='grc' dir='ltr'><strong><em>δ</em></strong></span> 
     </span>
    </p>
   </div>
   <div class='ocr_carea' id='block_1_64' title="bbox 314 3693 1305 3764">
    <p class='ocr_par' dir='ltr' id='par_1_64' title="bbox 314 3693 1305 3764">
     <span class='ocr_line' id='line_1_64' title="bbox 314 3693 1305 3764; baseline 0.003 -16"><span class='ocrx_word' id='word_1_325' title='bbox 314 3693 445 3749; x_wconf 90' lang='lat' dir='ltr'><strong>Diro</strong></span> <span class='ocrx_word' id='word_1_326' title='bbox 476 3694 953 3764; x_wconf 90' lang='lat' dir='ltr'><strong>prehensumjure</strong></span> <span class='ocrx_word' id='word_1_327' title='bbox 985 3694 1305 3751; x_wconf 85' lang='lat' dir='ltr'><strong>Januarium</strong></span> 
     </span>
    </p>
   </div>
   <div class='ocr_carea' id='block_1_65' title="bbox 459 3783 1205 3857">
    <p class='ocr_par' dir='ltr' id='par_1_65' title="bbox 459 3783 1205 3857">
     <span class='ocr_line' id='line_1_65' title="bbox 459 3783 1205 3857; baseline 0.005 -20"><span class='ocrx_word' id='word_1_328' title='bbox 459 3783 610 3839; x_wconf 90' lang='lat' dir='ltr'><strong>Tunc</strong></span> <span class='ocrx_word' id='word_1_329' title='bbox 635 3783 911 3839; x_wconf 88' lang='lat' dir='ltr'><strong>Gordiano</strong></span> <span class='ocrx_word' id='word_1_330' title='bbox 943 3785 1205 3857; x_wconf 89' lang='lat' dir='ltr'><strong>deputat:</strong></span> 
     </span>
    </p>
   </div>
   <div class='ocr_carea' id='block_1_66' title="bbox 315 3876 1281 3951">
    <p class='ocr_par' dir='ltr' id='par_1_66' title="bbox 315 3876 1281 3951">
     <span class='ocr_line' id='line_1_66' title="bbox 315 3876 1281 3951; baseline 0.002 -19"><span class='ocrx_word' id='word_1_331' title='bbox 315 3877 399 3932; x_wconf 88' lang='lat' dir='ltr'><strong>Pii</strong></span> <span class='ocrx_word' id='word_1_332' title='bbox 426 3876 689 3932; x_wconf 88' lang='lat' dir='ltr'><strong>sacerdos</strong></span> <span class='ocrx_word' id='word_1_333' title='bbox 716 3876 865 3951; x_wconf 88' lang='lat' dir='ltr'><strong>regis</strong></span> <span class='ocrx_word' id='word_1_334' title='bbox 890 3878 1070 3932; x_wconf 89' lang='lat' dir='ltr'><strong>almus</strong></span> <span class='ocrx_word' id='word_1_335' title='bbox 1099 3878 1281 3950; x_wconf 66' lang='lat' dir='ltr'><strong>impiae</strong></span> 
     </span>
    </p>
   </div>
   <div class='ocr_carea' id='block_1_67' title="bbox 462 3965 1037 4024">
    <p class='ocr_par' dir='ltr' id='par_1_67' title="bbox 462 3965 1037 4024">
     <span class='ocr_line' id='line_1_67' title="bbox 462 3965 1037 4024; baseline 0.007 -4"><span class='ocrx_word' id='word_1_336' title='bbox 462 3967 629 4021; x_wconf 88' lang='lat' dir='ltr'><strong>Datur</strong></span> <span class='ocrx_word' id='word_1_337' title='bbox 653 3965 782 4021; x_wconf 65' lang='lat' dir='ltr'><strong>ferte</strong></span> <span class='ocrx_word' id='word_1_338' title='bbox 812 3966 1037 4024; x_wconf 79' lang='lat' dir='ltr'><strong>vicario.</strong></span> 
     </span>
    </p>
   </div>
   <div class='ocr_carea' id='block_1_68' title="bbox 314 4055 1557 4132">
    <p class='ocr_par' dir='ltr' id='par_1_68' title="bbox 314 4055 1557 4132">
     <span class='ocr_line' id='line_1_68' title="bbox 314 4055 1557 4132; baseline 0.004 -21"><span class='ocrx_word' id='word_1_339' title='bbox 314 4055 441 4123; x_wconf 86' lang='lat' dir='ltr'><strong>Qui,</strong></span> <span class='ocrx_word' id='word_1_340' title='bbox 473 4056 606 4111; x_wconf 91' lang='lat' dir='ltr'><strong>dum</strong></span> <span class='ocrx_word' id='word_1_341' title='bbox 629 4057 882 4113; x_wconf 91' lang='lat' dir='ltr'><strong>modesto</strong></span> <span class='ocrx_word' id='word_1_342' title='bbox 908 4058 1077 4113; x_wconf 86' lang='lat' dir='ltr'><strong>verba</strong></span> <span class='ocrx_word' id='word_1_343' title='bbox 1105 4061 1271 4115; x_wconf 89' lang='lat' dir='ltr'><strong>corde</strong></span> <span class='ocrx_word' id='word_1_344' title='bbox 1304 4060 1557 4132; x_wconf 82' lang='lat' dir='ltr'><strong>percipit,</strong></span> 
     </span>
    </p>
   </div>
   <div class='ocr_carea' id='block_1_69' title="bbox 464 4152 1179 4226">
    <p class='ocr_par' dir='ltr' id='par_1_69' title="bbox 464 4152 1179 4226">
     <span class='ocr_line' id='line_1_69' title="bbox 464 4152 1179 4226; baseline 0.004 -19"><span class='ocrx_word' id='word_1_345' title='bbox 464 4152 616 4208; x_wconf 85' lang='lat' dir='ltr'><strong>Fidei</strong></span> <span class='ocrx_word' id='word_1_346' title='bbox 647 4153 893 4224; x_wconf 90' lang='lat' dir='ltr'><strong>repletur</strong></span> <span class='ocrx_word' id='word_1_347' title='bbox 929 4154 1133 4226; x_wconf 88' lang='lat' dir='ltr'><strong>Spiritu</strong></span> <span class='ocrx_word' id='word_1_348' title='bbox 1164 4174 1179 4219; x_wconf 86' lang='lat'><strong>;</strong></span> 
     </span>
    </p>
   </div>
   <div class='ocr_carea' id='block_1_70' title="bbox 315 4245 1312 4313">
    <p class='ocr_par' dir='ltr' id='par_1_70' title="bbox 315 4245 1312 4313">
     <span class='ocr_line' id='line_1_70' title="bbox 315 4245 1312 4313; baseline 0.005 -13"><span class='ocrx_word' id='word_1_349' title='bbox 315 4246 495 4300; x_wconf 84' lang='lat' dir='ltr'><strong>Uxore</strong></span> <span class='ocrx_word' id='word_1_350' title='bbox 520 4245 713 4313; x_wconf 90' lang='lat' dir='ltr'><strong>juncta</strong></span> <span class='ocrx_word' id='word_1_351' title='bbox 742 4245 823 4301; x_wconf 91' lang='lat' dir='ltr'><strong>sic</strong></span> <span class='ocrx_word' id='word_1_352' title='bbox 849 4246 1054 4302; x_wconf 80' lang='lat' dir='ltr'><strong>Marina</strong></span> <span class='ocrx_word' id='word_1_353' title='bbox 1086 4249 1312 4306; x_wconf 91' lang='lat' dir='ltr'><strong>nomine</strong></span> 
     </span>
    </p>
   </div>
   <div class='ocr_carea' id='block_1_71' title="bbox 460 4328 1199 4415">
    <p class='ocr_par' dir='ltr' id='par_1_71' title="bbox 460 4328 1199 4415">
     <span class='ocr_line' id='line_1_71' title="bbox 460 4328 1199 4415; baseline 0.005 -25"><span class='ocrx_word' id='word_1_354' title='bbox 460 4335 582 4391; x_wconf 82' lang='lat' dir='ltr'><strong>Mox</strong></span> <span class='ocrx_word' id='word_1_355' title='bbox 596 4335 749 4391; x_wconf 89' lang='lat' dir='ltr'><strong>fonte</strong></span> <span class='ocrx_word' id='word_1_356' title='bbox 780 4328 907 4393; x_wconf 85' lang='lat' dir='ltr'><strong>divo</strong></span> <span class='ocrx_word' id='word_1_357' title='bbox 935 4339 1199 4415; x_wconf 88' lang='lat' dir='ltr'><strong>tingitur;</strong></span> 
     </span>
    </p>
   </div>
   <div class='ocr_carea' id='block_1_72' title="bbox 315 4426 1497 4506">
    <p class='ocr_par' dir='ltr' id='par_1_72' title="bbox 315 4426 1497 4506">
     <span class='ocr_line' id='line_1_72' title="bbox 315 4426 1497 4506; baseline 0.008 -25"><span class='ocrx_word' id='word_1_358' title='bbox 315 4426 527 4481; x_wconf 82' lang='lat' dir='ltr'><strong>Famuli</strong></span> <span class='ocrx_word' id='word_1_359' title='bbox 553 4435 807 4498; x_wconf 87' lang='lat' dir='ltr'><strong>petentes</strong></span> <span class='ocrx_word' id='word_1_360' title='bbox 829 4445 982 4485; x_wconf 90' lang='lat' dir='ltr'><strong>sacra</strong></span> <span class='ocrx_word' id='word_1_361' title='bbox 1008 4431 1167 4487; x_wconf 89' lang='lat' dir='ltr'><strong>denis</strong></span> <span class='ocrx_word' id='word_1_362' title='bbox 1197 4433 1497 4506; x_wconf 89' lang='lat' dir='ltr'><strong>quinquies</strong></span> 
     </span>
    </p>
   </div>
   <div class='ocr_carea' id='block_1_73' title="bbox 455 4519 1342 4596">
    <p class='ocr_par' dir='ltr' id='par_1_73' title="bbox 455 4519 1342 4596">
     <span class='ocr_line' id='line_1_73' title="bbox 455 4519 1342 4596; baseline 0.009 -22"><span class='ocrx_word' id='word_1_363' title='bbox 455 4519 720 4576; x_wconf 89' lang='lat' dir='ltr'><strong>Dominos</strong></span> <span class='ocrx_word' id='word_1_364' title='bbox 748 4530 1057 4594; x_wconf 90' lang='lat' dir='ltr'><strong>sequuntur</strong></span> <span class='ocrx_word' id='word_1_365' title='bbox 1083 4526 1342 4596; x_wconf 88' lang='lat' dir='ltr'><strong>amplius.</strong></span> 
     </span>
    </p>
   </div>
   <div class='ocr_carea' id='block_1_74' title="bbox 310 4609 1482 4684">
    <p class='ocr_par' dir='ltr' id='par_1_74' title="bbox 310 4609 1482 4684">
     <span class='ocr_line' id='line_1_74' title="bbox 310 4609 1482 4684; baseline 0.008 -21"><span class='ocrx_word' id='word_1_366' title='bbox 310 4609 444 4674; x_wconf 62' lang='lat' dir='ltr'><strong>Quae</strong></span> <span class='ocrx_word' id='word_1_367' title='bbox 470 4616 627 4684; x_wconf 86' lang='lat' dir='ltr'><strong>gesta</strong></span> <span class='ocrx_word' id='word_1_368' title='bbox 646 4625 791 4667; x_wconf 72' lang='lat' dir='ltr'><strong>szevo</strong></span> <span class='ocrx_word' id='word_1_369' title='bbox 819 4611 947 4666; x_wconf 91' lang='lat' dir='ltr'><strong>dum</strong></span> <span class='ocrx_word' id='word_1_370' title='bbox 981 4612 1234 4669; x_wconf 82' lang='lat' dir='ltr'><strong>feruntur</strong></span> <span class='ocrx_word' id='word_1_371' title='bbox 1257 4616 1482 4683; x_wconf 89' lang='lat' dir='ltr'><strong>arbitro,</strong></span> 
     </span>
    </p>
   </div>
   <div class='ocr_carea' id='block_1_75' title="bbox 457 4699 1295 4774">
    <p class='ocr_par' dir='ltr' id='par_1_75' title="bbox 457 4699 1295 4774">
     <span class='ocr_line' id='line_1_75' title="bbox 457 4699 1295 4774; baseline 0.005 -21"><span class='ocrx_word' id='word_1_372' title='bbox 457 4699 687 4771; x_wconf 90' lang='lat' dir='ltr'><strong>Scriptis</strong></span> <span class='ocrx_word' id='word_1_373' title='bbox 714 4709 1009 4774; x_wconf 88' lang='lat' dir='ltr'><strong>utrumque</strong></span> <span class='ocrx_word' id='word_1_374' title='bbox 1041 4704 1295 4774; x_wconf 90' lang='lat' dir='ltr'><strong>perculit,</strong></span> 
     </span>
    </p>
   </div>
   <div class='ocr_carea' id='block_1_76' title="bbox 312 4780 1282 4867">
    <p class='ocr_par' dir='ltr' id='par_1_76' title="bbox 312 4780 1282 4867">
     <span class='ocr_line' id='line_1_76' title="bbox 312 4780 1282 4867; baseline 0.005 -23"><span class='ocrx_word' id='word_1_375' title='bbox 312 4789 377 4845; x_wconf 82' lang='lat' dir='ltr'><strong>Et</strong></span> <span class='ocrx_word' id='word_1_376' title='bbox 404 4790 739 4846; x_wconf 89' lang='lat' dir='ltr'><strong>Gordianum</strong></span> <span class='ocrx_word' id='word_1_377' title='bbox 771 4780 1069 4867; x_wconf 89' lang='lat' dir='ltr'><strong>subrogato</strong></span> <span class='ocrx_word' id='word_1_378' title='bbox 1092 4793 1282 4864; x_wconf 87' lang='lat' dir='ltr'><strong>judice</strong></span> 
     </span>
    </p>
   </div>
   <div class='ocr_carea' id='block_1_77' title="bbox 1894 3342 1946 3410">
    <p class='ocr_par' dir='ltr' id='par_1_77' title="bbox 1894 3342 1946 3410">
     <span class='ocr_line' id='line_1_77' title="bbox 1894 3342 1946 3410; baseline 0 0"><span class='ocrx_word' id='word_1_379' title='bbox 1894 3342 1946 3410; x_wconf 91' lang='lat' dir='ltr'><strong>C</strong></span> 
     </span>
    </p>
   </div>
   <div class='ocr_carea' id='block_1_78' title="bbox 2187 3345 2913 3416">
    <p class='ocr_par' dir='ltr' id='par_1_78' title="bbox 2187 3345 2913 3416">
     <span class='ocr_line' id='line_1_78' title="bbox 2187 3345 2913 3416; baseline -0.003 -15"><span class='ocrx_word' id='word_1_380' title='bbox 2187 3348 2353 3403; x_wconf 82' lang='lat' dir='ltr'><strong>Antro</strong></span> <span class='ocrx_word' id='word_1_381' title='bbox 2380 3345 2615 3401; x_wconf 84' lang='lat' dir='ltr'><strong>retrudit</strong></span> <span class='ocrx_word' id='word_1_382' title='bbox 2645 3345 2865 3416; x_wconf 89' lang='lat' dir='ltr'><strong>publico</strong></span> <span class='ocrx_word' id='word_1_383' title='bbox 2897 3362 2913 3411; x_wconf 86' lang='lat'><strong>;</strong></span> 
     </span>
    </p>
   </div>
   <div class='ocr_carea' id='block_1_79' title="bbox 2045 3432 3236 3516">
    <p class='ocr_par' dir='ltr' id='par_1_79' title="bbox 2045 3432 3236 3516">
     <span class='ocr_line' id='line_1_79' title="bbox 2045 3432 3236 3516; baseline -0.005 -25"><span class='ocrx_word' id='word_1_384' title='bbox 2045 3437 2253 3492; x_wconf 88' lang='lat' dir='ltr'><strong>Castam</strong></span> <span class='ocrx_word' id='word_1_385' title='bbox 2281 3434 2525 3510; x_wconf 87' lang='lat' dir='ltr'><strong>jugalem</strong></span> <span class='ocrx_word' id='word_1_386' title='bbox 2555 3434 2694 3516; x_wconf 77' lang='lat' dir='ltr'><strong>dans</strong></span> <span class='ocrx_word' id='word_1_387' title='bbox 2719 3449 2892 3504; x_wconf 90' lang='lat' dir='ltr'><strong>aquas</strong></span> <span class='ocrx_word' id='word_1_388' title='bbox 2922 3432 2988 3487; x_wconf 88' lang='lat' dir='ltr'><strong>ad</strong></span> <span class='ocrx_word' id='word_1_389' title='bbox 3028 3432 3236 3487; x_wconf 87' lang='lat' dir='ltr'><strong>Salvias</strong></span> 
     </span>
    </p>
   </div>
   <div class='ocr_carea' id='block_1_80' title="bbox 2181 3525 2889 3583">
    <p class='ocr_par' dir='ltr' id='par_1_80' title="bbox 2181 3525 2889 3583">
     <span class='ocr_line' id='line_1_80' title="bbox 2181 3525 2889 3583; baseline -0.006 0"><span class='ocrx_word' id='word_1_390' title='bbox 2181 3528 2395 3583; x_wconf 82' lang='lat' dir='ltr'><strong>Servire</strong></span> <span class='ocrx_word' id='word_1_391' title='bbox 2415 3527 2641 3581; x_wconf 87' lang='lat' dir='ltr'><strong>mandat</strong></span> <span class='ocrx_word' id='word_1_392' title='bbox 2670 3525 2889 3581; x_wconf 90' lang='lat' dir='ltr'><strong>rusticis</strong></span> 
     </span>
    </p>
   </div>
   <div class='ocr_carea' id='block_1_81' title="bbox 2042 3616 3077 3675">
    <p class='ocr_par' dir='ltr' id='par_1_81' title="bbox 2042 3616 3077 3675">
     <span class='ocr_line' id='line_1_81' title="bbox 2042 3616 3077 3675; baseline -0.004 0"><span class='ocrx_word' id='word_1_393' title='bbox 2042 3620 2453 3675; x_wconf 90' lang='lat' dir='ltr'><strong>Clementianus</strong></span> <span class='ocrx_word' id='word_1_394' title='bbox 2481 3618 2816 3675; x_wconf 85' lang='lat' dir='ltr'><strong>Gordianum</strong></span> <span class='ocrx_word' id='word_1_395' title='bbox 2849 3616 3077 3672; x_wconf 89' lang='lat' dir='ltr'><strong>sedibus</strong></span> 
     </span>
    </p>
   </div>
   <div class='ocr_carea' id='block_1_82' title="bbox 2181 3709 2954 3781">
    <p class='ocr_par' dir='ltr' id='par_1_82' title="bbox 2181 3709 2954 3781">
     <span class='ocr_line' id='line_1_82' title="bbox 2181 3709 2954 3781; baseline -0.004 -15"><span class='ocrx_word' id='word_1_396' title='bbox 2181 3712 2432 3766; x_wconf 86' lang='lat' dir='ltr'><strong>Vinctum</strong></span> <span class='ocrx_word' id='word_1_397' title='bbox 2455 3710 2667 3766; x_wconf 86' lang='lat' dir='ltr'><strong>catenis</strong></span> <span class='ocrx_word' id='word_1_398' title='bbox 2695 3709 2954 3781; x_wconf 88' lang='lat' dir='ltr'><strong>applicat,</strong></span> 
     </span>
    </p>
   </div>
   <div class='ocr_carea' id='block_1_83' title="bbox 2042 3795 3319 3869">
    <p class='ocr_par' dir='ltr' id='par_1_83' title="bbox 2042 3795 3319 3869">
     <span class='ocr_line' id='line_1_83' title="bbox 2042 3795 3319 3869; baseline -0.005 -14"><span class='ocrx_word' id='word_1_399' title='bbox 2042 3801 2164 3868; x_wconf 85' lang='lat' dir='ltr'><strong>Qui,</strong></span> <span class='ocrx_word' id='word_1_400' title='bbox 2194 3801 2357 3855; x_wconf 89' lang='lat' dir='ltr'><strong>laude</strong></span> <span class='ocrx_word' id='word_1_401' title='bbox 2388 3798 2585 3855; x_wconf 85' lang='lat' dir='ltr'><strong>Christi</strong></span> <span class='ocrx_word' id='word_1_402' title='bbox 2615 3798 2768 3854; x_wconf 82' lang='lat' dir='ltr'><strong>fortis</strong></span> <span class='ocrx_word' id='word_1_403' title='bbox 2799 3806 2968 3869; x_wconf 89' lang='lat' dir='ltr'><strong>atque</strong></span> <span class='ocrx_word' id='word_1_404' title='bbox 2999 3795 3319 3862; x_wconf 88' lang='lat' dir='ltr'><strong>immobilis,</strong></span> 
     </span>
    </p>
   </div>
   <div class='ocr_carea' id='block_1_84' title="bbox 2187 3887 2907 3952">
    <p class='ocr_par' dir='ltr' id='par_1_84' title="bbox 2187 3887 2907 3952">
     <span class='ocr_line' id='line_1_84' title="bbox 2187 3887 2907 3952; baseline -0.004 -8"><span class='ocrx_word' id='word_1_405' title='bbox 2187 3889 2418 3945; x_wconf 90' lang='lat' dir='ltr'><strong>Plumbo</strong></span> <span class='ocrx_word' id='word_1_406' title='bbox 2438 3905 2629 3943; x_wconf 81' lang='lat' dir='ltr'><strong>severe</strong></span> <span class='ocrx_word' id='word_1_407' title='bbox 2658 3887 2907 3952; x_wconf 58' lang='lat' dir='ltr'><strong>creditur,</strong></span> 
     </span>
    </p>
   </div>
   <div class='ocr_carea' id='block_1_85' title="bbox 2043 3975 3218 4049">
    <p class='ocr_par' dir='ltr' id='par_1_85' title="bbox 2043 3975 3218 4049">
     <span class='ocr_line' id='line_1_85' title="bbox 2043 3975 3218 4049; baseline -0.005 -15"><span class='ocrx_word' id='word_1_408' title='bbox 2043 3980 2453 4036; x_wconf 79' lang='lat' dir='ltr'><strong>Confessionem</strong></span> <span class='ocrx_word' id='word_1_409' title='bbox 2485 3994 2589 4033; x_wconf 86' lang='lat' dir='ltr'><strong>nec</strong></span> <span class='ocrx_word' id='word_1_410' title='bbox 2612 3978 2932 4049; x_wconf 91' lang='lat' dir='ltr'><strong>relinquens</strong></span> <span class='ocrx_word' id='word_1_411' title='bbox 2952 3975 3218 4040; x_wconf 70' lang='lat' dir='ltr'><strong>cmlicam,</strong></span> 
     </span>
    </p>
   </div>
   <div class='ocr_carea' id='block_1_86' title="bbox 2187 4073 2870 4130">
    <p class='ocr_par' dir='ltr' id='par_1_86' title="bbox 2187 4073 2870 4130">
     <span class='ocr_line' id='line_1_86' title="bbox 2187 4073 2870 4130; baseline -0.003 -1"><span class='ocrx_word' id='word_1_412' title='bbox 2187 4074 2412 4130; x_wconf 84' lang='lat' dir='ltr'><strong>Cervice</strong></span> <span class='ocrx_word' id='word_1_413' title='bbox 2443 4074 2613 4130; x_wconf 67' lang='lat' dir='ltr'><strong>caelos</strong></span> <span class='ocrx_word' id='word_1_414' title='bbox 2640 4073 2870 4129; x_wconf 83' lang='lat' dir='ltr'><strong>obtinet.</strong></span> 
     </span>
    </p>
   </div>
   <div class='ocr_carea' id='block_1_87' title="bbox 2042 4161 3233 4233">
    <p class='ocr_par' dir='ltr' id='par_1_87' title="bbox 2042 4161 3233 4233">
     <span class='ocr_line' id='line_1_87' title="bbox 2042 4161 3233 4233; baseline -0.003 -15"><span class='ocrx_word' id='word_1_415' title='bbox 2042 4165 2281 4220; x_wconf 87' lang='lat' dir='ltr'><strong>Canibus</strong></span> <span class='ocrx_word' id='word_1_416' title='bbox 2305 4165 2539 4218; x_wconf 80' lang='lat' dir='ltr'><strong>cadaver</strong></span> <span class='ocrx_word' id='word_1_417' title='bbox 2563 4163 2751 4232; x_wconf 88' lang='lat' dir='ltr'><strong>judice</strong></span> <span class='ocrx_word' id='word_1_418' title='bbox 2781 4171 2961 4218; x_wconf 89' lang='lat' dir='ltr'><strong>actum</strong></span> <span class='ocrx_word' id='word_1_419' title='bbox 2996 4161 3233 4233; x_wconf 84' lang='lat' dir='ltr'><strong>pessimo</strong></span> 
     </span>
    </p>
   </div>
   <div class='ocr_carea' id='block_1_88' title="bbox 2187 4251 3003 4327">
    <p class='ocr_par' dir='ltr' id='par_1_88' title="bbox 2187 4251 3003 4327">
     <span class='ocr_line' id='line_1_88' title="bbox 2187 4251 3003 4327; baseline -0.001 -21"><span class='ocrx_word' id='word_1_420' title='bbox 2187 4252 2379 4307; x_wconf 91' lang='lat' dir='ltr'><strong>Custos</strong></span> <span class='ocrx_word' id='word_1_421' title='bbox 2401 4253 2537 4327; x_wconf 80' lang='lat' dir='ltr'><strong>tegit</strong></span> <span class='ocrx_word' id='word_1_422' title='bbox 2560 4268 2669 4307; x_wconf 92' lang='lat' dir='ltr'><strong>non</strong></span> <span class='ocrx_word' id='word_1_423' title='bbox 2701 4251 3003 4316; x_wconf 87' lang='lat' dir='ltr'><strong>dormiens,</strong></span> 
     </span>
    </p>
   </div>
   <div class='ocr_carea' id='block_1_89' title="bbox 2046 4339 2986 4408">
    <p class='ocr_par' dir='ltr' id='par_1_89' title="bbox 2046 4339 2986 4408">
     <span class='ocr_line' id='line_1_89' title="bbox 2046 4339 2986 4408; baseline -0.005 -10"><span class='ocrx_word' id='word_1_424' title='bbox 2046 4342 2199 4408; x_wconf 91' lang='lat' dir='ltr'><strong>Quod</strong></span> <span class='ocrx_word' id='word_1_425' title='bbox 2232 4341 2525 4397; x_wconf 89' lang='lat' dir='ltr'><strong>Christiani</strong></span> <span class='ocrx_word' id='word_1_426' title='bbox 2551 4346 2709 4396; x_wconf 90' lang='lat' dir='ltr'><strong>nocte</strong></span> <span class='ocrx_word' id='word_1_427' title='bbox 2730 4339 2986 4395; x_wconf 88' lang='lat' dir='ltr'><strong>milliario</strong></span> 
     </span>
    </p>
   </div>
   <div class='ocr_carea' id='block_1_90' title="bbox 2186 4432 2992 4503">
    <p class='ocr_par' dir='ltr' id='par_1_90' title="bbox 2186 4432 2992 4503">
     <span class='ocr_line' id='line_1_90' title="bbox 2186 4432 2992 4503; baseline -0.001 -15"><span class='ocrx_word' id='word_1_428' title='bbox 2186 4434 2263 4488; x_wconf 85' lang='lat' dir='ltr'><strong>Ab</strong></span> <span class='ocrx_word' id='word_1_429' title='bbox 2287 4435 2422 4488; x_wconf 91' lang='lat' dir='ltr'><strong>urbe</strong></span> <span class='ocrx_word' id='word_1_430' title='bbox 2454 4440 2667 4503; x_wconf 90' lang='lat' dir='ltr'><strong>raptum</strong></span> <span class='ocrx_word' id='word_1_431' title='bbox 2702 4432 2992 4498; x_wconf 88' lang='lat' dir='ltr'><strong>collocant,</strong></span> 
     </span>
    </p>
   </div>
   <div class='ocr_carea' id='block_1_91' title="bbox 2043 4523 3123 4595">
    <p class='ocr_par' dir='ltr' id='par_1_91' title="bbox 2043 4523 3123 4595">
     <span class='ocr_line' id='line_1_91' title="bbox 2043 4523 3123 4595; baseline -0.004 -15"><span class='ocrx_word' id='word_1_432' title='bbox 2043 4525 2260 4580; x_wconf 89' lang='lat' dir='ltr'><strong>Pridem</strong></span> <span class='ocrx_word' id='word_1_433' title='bbox 2291 4524 2434 4579; x_wconf 89' lang='lat' dir='ltr'><strong>beati</strong></span> <span class='ocrx_word' id='word_1_434' title='bbox 2462 4524 2717 4594; x_wconf 89' lang='lat' dir='ltr'><strong>martyris</strong></span> <span class='ocrx_word' id='word_1_435' title='bbox 2749 4539 2858 4595; x_wconf 90' lang='lat' dir='ltr'><strong>quo</strong></span> <span class='ocrx_word' id='word_1_436' title='bbox 2890 4523 3123 4595; x_wconf 81' lang='lat' dir='ltr'><strong>pignora</strong></span> 
     </span>
    </p>
   </div>
   <div class='ocr_carea' id='block_1_92' title="bbox 2188 4611 2955 4682">
    <p class='ocr_par' dir='ltr' id='par_1_92' title="bbox 2188 4611 2955 4682">
     <span class='ocr_line' id='line_1_92' title="bbox 2188 4611 2955 4682; baseline -0.004 -14"><span class='ocrx_word' id='word_1_437' title='bbox 2188 4613 2425 4668; x_wconf 67' lang='lat' dir='ltr'><strong>Collt-cta</strong></span> <span class='ocrx_word' id='word_1_438' title='bbox 2456 4619 2613 4667; x_wconf 89' lang='lat' dir='ltr'><strong>erant</strong></span> <span class='ocrx_word' id='word_1_439' title='bbox 2650 4611 2955 4682; x_wconf 85' lang='lat' dir='ltr'><strong>Epimachi,</strong></span> 
     </span>
    </p>
   </div>
   <div class='ocr_carea' id='block_1_93' title="bbox 2040 4701 3056 4775">
    <p class='ocr_par' dir='ltr' id='par_1_93' title="bbox 2040 4701 3056 4775">
     <span class='ocr_line' id='line_1_93' title="bbox 2040 4701 3056 4775; baseline -0.005 -16"><span class='ocrx_word' id='word_1_440' title='bbox 2040 4705 2278 4775; x_wconf 89' lang='lat' dir='ltr'><strong>Diesque</strong></span> <span class='ocrx_word' id='word_1_441' title='bbox 2310 4701 2449 4757; x_wconf 86' lang='lat' dir='ltr'><strong>festo</strong></span> <span class='ocrx_word' id='word_1_442' title='bbox 2472 4701 2594 4756; x_wconf 60' lang='lat' dir='ltr'><strong>laeta</strong></span> <span class='ocrx_word' id='word_1_443' title='bbox 2617 4708 2743 4757; x_wconf 92' lang='lat' dir='ltr'><strong>voto</strong></span> <span class='ocrx_word' id='word_1_444' title='bbox 2766 4717 3056 4772; x_wconf 88' lang='lat' dir='ltr'><strong>compares</strong></span> 
     </span>
    </p>
   </div>
   <div class='ocr_carea' id='block_1_94' title="bbox 2177 4793 2847 4865">
    <p class='ocr_par' dir='ltr' id='par_1_94' title="bbox 2177 4793 2847 4865">
     <span class='ocr_line' id='line_1_94' title="bbox 2177 4793 2847 4865; baseline -0.004 -15"><span class='ocrx_word' id='word_1_445' title='bbox 2177 4793 2388 4851; x_wconf 85' lang='lat' dir='ltr'><strong>Attollit</strong></span> <span class='ocrx_word' id='word_1_446' title='bbox 2416 4811 2524 4849; x_wconf 90' lang='lat' dir='ltr'><strong>una</strong></span> <span class='ocrx_word' id='word_1_447' title='bbox 2565 4800 2847 4865; x_wconf 85' lang='lat' dir='ltr'><strong>martyres.</strong></span> 
     </span>
    </p>
   </div>
   <div class='ocr_carea' id='block_1_95' title="bbox 1719 4926 2127 4983">
    <p class='ocr_par' dir='ltr' id='par_1_95' title="bbox 1719 4926 2127 4983">
     <span class='ocr_line' id='line_1_95' title="bbox 1719 4926 2127 4983; baseline 0 -2"><span class='ocrx_word' id='word_1_448' title='bbox 1719 4926 1930 4983; x_wconf 86' lang='lat' dir='ltr'><strong>CAPUT</strong></span> <span class='ocrx_word' id='word_1_449' title='bbox 1980 4926 2127 4982; x_wconf 86' lang='lat' dir='ltr'><strong>XIII.</strong></span> 
     </span>
    </p>
   </div>
   <div class='ocr_carea' id='block_1_96' title="bbox 1571 5053 2234 5131">
    <p class='ocr_par' dir='ltr' id='par_1_96' title="bbox 1571 5053 2234 5131">
     <span class='ocr_line' id='line_1_96' title="bbox 1571 5053 2234 5131; baseline 0.003 -20"><span class='ocrx_word' id='word_1_450' title='bbox 1571 5053 1645 5112; x_wconf 83' lang='lat' dir='ltr'><strong>De</strong></span> <span class='ocrx_word' id='word_1_451' title='bbox 1671 5062 1878 5114; x_wconf 82' lang='lat' dir='ltr'><strong>sancto</strong></span> <span class='ocrx_word' id='word_1_452' title='bbox 1898 5054 2234 5131; x_wconf 83' lang='lat' dir='ltr'><strong>Pigmem&#39;o.</strong></span> 
     </span>
    </p>
   </div>
   <div class='ocr_carea' id='block_1_97' title="bbox 230 5182 1776 5268">
    <p class='ocr_par' dir='ltr' id='par_1_97' title="bbox 230 5182 1776 5268">
     <span class='ocr_line' id='line_1_97' title="bbox 230 5182 1776 5268; baseline 0.006 -30"><span class='ocrx_word' id='word_1_453' title='bbox 230 5182 370 5238; x_wconf 65' lang='lat' dir='ltr'><strong>Haec</strong></span> <span class='ocrx_word' id='word_1_454' title='bbox 400 5182 515 5239; x_wconf 82' lang='lat' dir='ltr'><strong>fera</strong></span> <span class='ocrx_word' id='word_1_455' title='bbox 543 5183 789 5241; x_wconf 86' lang='lat' dir='ltr'><strong>crudelis</strong></span> <span class='ocrx_word' id='word_1_456' title='bbox 819 5186 1027 5243; x_wconf 87' lang='lat' dir='ltr'><strong>rabiem</strong></span> <span class='ocrx_word' id='word_1_457' title='bbox 1056 5204 1283 5262; x_wconf 88' lang='lat' dir='ltr'><strong>quoque</strong></span> <span class='ocrx_word' id='word_1_458' title='bbox 1309 5192 1581 5266; x_wconf 87' lang='lat' dir='ltr'><strong>sanguine</strong></span> <span class='ocrx_word' id='word_1_459' title='bbox 1614 5191 1776 5268; x_wconf 88' lang='lat' dir='ltr'><strong>tingit</strong></span> 
     </span>
    </p>
   </div>
   <div class='ocr_carea' id='block_1_98' title="bbox 225 5277 1502 5356">
    <p class='ocr_par' dir='ltr' id='par_1_98' title="bbox 225 5277 1502 5356">
     <span class='ocr_line' id='line_1_98' title="bbox 225 5277 1502 5356; baseline 0.007 -23"><span class='ocrx_word' id='word_1_460' title='bbox 225 5277 518 5344; x_wconf 87' lang='lat' dir='ltr'><strong>Doctoris,</strong></span> <span class='ocrx_word' id='word_1_461' title='bbox 550 5278 654 5334; x_wconf 90' lang='lat' dir='ltr'><strong>sub</strong></span> <span class='ocrx_word' id='word_1_462' title='bbox 675 5280 797 5356; x_wconf 90' lang='lat' dir='ltr'><strong>lege</strong></span> <span class='ocrx_word' id='word_1_463' title='bbox 828 5282 922 5337; x_wconf 91' lang='lat' dir='ltr'><strong>Dei</strong></span> <span class='ocrx_word' id='word_1_464' title='bbox 956 5298 1066 5355; x_wconf 91' lang='lat' dir='ltr'><strong>quo</strong></span> <span class='ocrx_word' id='word_1_465' title='bbox 1086 5283 1231 5340; x_wconf 87' lang='lat' dir='ltr'><strong>fotus</strong></span> <span class='ocrx_word' id='word_1_466' title='bbox 1256 5286 1502 5354; x_wconf 89' lang='lat' dir='ltr'><strong>alumno,</strong></span> 
     </span>
    </p>
   </div>
   <div class='ocr_carea' id='block_1_99' title="bbox 224 5362 1618 5447">
    <p class='ocr_par' dir='ltr' id='par_1_99' title="bbox 224 5362 1618 5447">
     <span class='ocr_line' id='line_1_99' title="bbox 224 5362 1618 5447; baseline 0.006 -25"><span class='ocrx_word' id='word_1_467' title='bbox 224 5362 540 5442; x_wconf 83' lang='lat' dir='ltr'><strong>Pigmenii,</strong></span> <span class='ocrx_word' id='word_1_468' title='bbox 572 5368 757 5426; x_wconf 63' lang='lat' dir='ltr'><strong>Rome</strong></span> <span class='ocrx_word' id='word_1_469' title='bbox 787 5371 929 5427; x_wconf 87' lang='lat' dir='ltr'><strong>tituli</strong></span> <span class='ocrx_word' id='word_1_470' title='bbox 961 5372 1055 5445; x_wconf 91' lang='lat' dir='ltr'><strong>qui</strong></span> <span class='ocrx_word' id='word_1_471' title='bbox 1089 5373 1389 5447; x_wconf 90' lang='lat' dir='ltr'><strong>Presbyter</strong></span> <span class='ocrx_word' id='word_1_472' title='bbox 1405 5376 1618 5444; x_wconf 89' lang='lat' dir='ltr'><strong>almus;</strong></span> 
     </span>
    </p>
   </div>
   <div class='ocr_carea' id='block_1_100' title="bbox 227 5461 1598 5540">
    <p class='ocr_par' dir='ltr' id='par_1_100' title="bbox 227 5461 1598 5540">
     <span class='ocr_line' id='line_1_100' title="bbox 227 5461 1598 5540; baseline 0.007 -23"><span class='ocrx_word' id='word_1_473' title='bbox 227 5461 486 5517; x_wconf 86' lang='lat' dir='ltr'><strong>Pastoris</strong></span> <span class='ocrx_word' id='word_1_474' title='bbox 515 5479 679 5536; x_wconf 91' lang='lat' dir='ltr'><strong>quem</strong></span> <span class='ocrx_word' id='word_1_475' title='bbox 701 5473 869 5522; x_wconf 89' lang='lat' dir='ltr'><strong>strata</strong></span> <span class='ocrx_word' id='word_1_476' title='bbox 894 5484 993 5523; x_wconf 87' lang='lat' dir='ltr'><strong>suo</strong></span> <span class='ocrx_word' id='word_1_477' title='bbox 1028 5469 1116 5540; x_wconf 89' lang='lat' dir='ltr'><strong>pia</strong></span> <span class='ocrx_word' id='word_1_478' title='bbox 1146 5470 1393 5525; x_wconf 88' lang='lat' dir='ltr'><strong>membra</strong></span> <span class='ocrx_word' id='word_1_479' title='bbox 1413 5470 1598 5527; x_wconf 90' lang='lat' dir='ltr'><strong>furore</strong></span> 
     </span>
    </p>
   </div>
   <div class='ocr_carea' id='block_1_101' title="bbox 229 5550 1719 5627">
    <p class='ocr_par' dir='ltr' id='par_1_101' title="bbox 229 5550 1719 5627">
     <span class='ocr_line' id='line_1_101' title="bbox 229 5550 1719 5627; baseline 0.007 -20"><span class='ocrx_word' id='word_1_480' title='bbox 229 5550 499 5607; x_wconf 88' lang='lat' dir='ltr'><strong>Condere</strong></span> <span class='ocrx_word' id='word_1_481' title='bbox 530 5556 895 5626; x_wconf 87' lang='lat' dir='ltr'><strong>comperiens,</strong></span> <span class='ocrx_word' id='word_1_482' title='bbox 925 5559 1184 5614; x_wconf 85' lang='lat' dir='ltr'><strong>secedere</strong></span> <span class='ocrx_word' id='word_1_483' title='bbox 1215 5561 1437 5615; x_wconf 87' lang='lat' dir='ltr'><strong>mandat</strong></span> <span class='ocrx_word' id='word_1_484' title='bbox 1463 5562 1532 5616; x_wconf 88' lang='lat' dir='ltr'><strong>ab</strong></span> <span class='ocrx_word' id='word_1_485' title='bbox 1562 5562 1719 5627; x_wconf 87' lang='lat' dir='ltr'><strong>urbe,</strong></span> 
     </span>
    </p>
   </div>
   <div class='ocr_carea' id='block_1_102' title="bbox 230 5639 1756 5723">
    <p class='ocr_par' dir='ltr' id='par_1_102' title="bbox 230 5639 1756 5723">
     <span class='ocr_line' id='line_1_102' title="bbox 230 5639 1756 5723; baseline 0.009 -28"><span class='ocrx_word' id='word_1_486' title='bbox 230 5639 483 5696; x_wconf 70' lang='lat' dir='ltr'><strong>Praemia</strong></span> <span class='ocrx_word' id='word_1_487' title='bbox 516 5657 577 5700; x_wconf 87' lang='lat' dir='ltr'><strong>sc</strong></span> <span class='ocrx_word' id='word_1_488' title='bbox 607 5644 902 5704; x_wconf 89' lang='lat' dir='ltr'><strong>redhibere</strong></span> <span class='ocrx_word' id='word_1_489' title='bbox 923 5647 1127 5720; x_wconf 84' lang='lat' dir='ltr'><strong>ferens,</strong></span> <span class='ocrx_word' id='word_1_490' title='bbox 1160 5650 1291 5723; x_wconf 88' lang='lat' dir='ltr'><strong>quia</strong></span> <span class='ocrx_word' id='word_1_491' title='bbox 1313 5650 1550 5708; x_wconf 85' lang='lat' dir='ltr'><strong>mittitur</strong></span> <span class='ocrx_word' id='word_1_492' title='bbox 1570 5652 1756 5719; x_wconf 81' lang='lat' dir='ltr'><strong>exsul;</strong></span> 
     </span>
    </p>
   </div>
   <div class='ocr_carea' id='block_1_103' title="bbox 1968 5191 3415 5267">
    <p class='ocr_par' dir='ltr' id='par_1_103' title="bbox 1968 5191 3415 5267">
     <span class='ocr_line' id='line_1_103' title="bbox 1968 5191 3415 5267; baseline -0.002 -19"><span class='ocrx_word' id='word_1_493' title='bbox 1968 5194 2102 5250; x_wconf 87' lang='lat' dir='ltr'><strong>Nam</strong></span> <span class='ocrx_word' id='word_1_494' title='bbox 2143 5194 2314 5267; x_wconf 89' lang='lat' dir='ltr'><strong>pudet</strong></span> <span class='ocrx_word' id='word_1_495' title='bbox 2343 5193 2570 5250; x_wconf 89' lang='lat' dir='ltr'><strong>altorem</strong></span> <span class='ocrx_word' id='word_1_496' title='bbox 2604 5194 2784 5267; x_wconf 91' lang='lat' dir='ltr'><strong>primo</strong></span> <span class='ocrx_word' id='word_1_497' title='bbox 2813 5210 2938 5251; x_wconf 88' lang='lat' dir='ltr'><strong>mox</strong></span> <span class='ocrx_word' id='word_1_498' title='bbox 2969 5202 3211 5249; x_wconf 89' lang='lat' dir='ltr'><strong>sternere</strong></span> <span class='ocrx_word' id='word_1_499' title='bbox 3236 5191 3415 5260; x_wconf 88' lang='lat' dir='ltr'><strong>jussu.</strong></span> 
     </span>
    </p>
   </div>
   <div class='ocr_carea' id='block_1_104' title="bbox 1969 5284 3351 5356">
    <p class='ocr_par' dir='ltr' id='par_1_104' title="bbox 1969 5284 3351 5356">
     <span class='ocr_line' id='line_1_104' title="bbox 1969 5284 3351 5356; baseline -0.004 -17"><span class='ocrx_word' id='word_1_500' title='bbox 1969 5284 2255 5340; x_wconf 89' lang='lat' dir='ltr'><strong>Persarum</strong></span> <span class='ocrx_word' id='word_1_501' title='bbox 2292 5284 2429 5354; x_wconf 87' lang='lat' dir='ltr'><strong>petit</strong></span> <span class='ocrx_word' id='word_1_502' title='bbox 2457 5284 2551 5340; x_wconf 89' lang='lat' dir='ltr'><strong>ille</strong></span> <span class='ocrx_word' id='word_1_503' title='bbox 2570 5284 2771 5353; x_wconf 85' lang='lat' dir='ltr'><strong>solum,</strong></span> <span class='ocrx_word' id='word_1_504' title='bbox 2804 5300 2915 5356; x_wconf 92' lang='lat' dir='ltr'><strong>quo</strong></span> <span class='ocrx_word' id='word_1_505' title='bbox 2941 5285 3062 5339; x_wconf 90' lang='lat' dir='ltr'><strong>luce</strong></span> <span class='ocrx_word' id='word_1_506' title='bbox 3088 5289 3351 5346; x_wconf 90' lang='lat' dir='ltr'><strong>moratus,</strong></span> 
     </span>
    </p>
   </div>
   <div class='ocr_carea' id='block_1_105' title="bbox 1969 5376 3332 5450">
    <p class='ocr_par' dir='ltr' id='par_1_105' title="bbox 1969 5376 3332 5450">
     <span class='ocr_line' id='line_1_105' title="bbox 1969 5376 3332 5450; baseline -0.004 -16"><span class='ocrx_word' id='word_1_507' title='bbox 1969 5379 2223 5450; x_wconf 89' lang='lat' dir='ltr'><strong>Corporis</strong></span> <span class='ocrx_word' id='word_1_508' title='bbox 2241 5379 2491 5448; x_wconf 90' lang='lat' dir='ltr'><strong>orbatur,</strong></span> <span class='ocrx_word' id='word_1_509' title='bbox 2521 5380 2723 5435; x_wconf 88' lang='lat' dir='ltr'><strong>mentis</strong></span> <span class='ocrx_word' id='word_1_510' title='bbox 2737 5379 2836 5434; x_wconf 90' lang='lat' dir='ltr'><strong>sed</strong></span> <span class='ocrx_word' id='word_1_511' title='bbox 2867 5378 3075 5433; x_wconf 90' lang='lat' dir='ltr'><strong>lumine</strong></span> <span class='ocrx_word' id='word_1_512' title='bbox 3098 5376 3332 5447; x_wconf 88' lang='lat' dir='ltr'><strong>pollens,</strong></span> 
     </span>
    </p>
   </div>
   <div class='ocr_carea' id='block_1_106' title="bbox 1967 5468 3475 5543">
    <p class='ocr_par' dir='ltr' id='par_1_106' title="bbox 1967 5468 3475 5543">
     <span class='ocr_line' id='line_1_106' title="bbox 1967 5468 3475 5543; baseline -0.003 -18"><span class='ocrx_word' id='word_1_513' title='bbox 1967 5470 2285 5541; x_wconf 60' lang='lat' dir='ltr'><strong>Priecipitur</strong></span> <span class='ocrx_word' id='word_1_514' title='bbox 2315 5472 2564 5539; x_wconf 79' lang='lat' dir='ltr'><strong>Romam,</strong></span> <span class='ocrx_word' id='word_1_515' title='bbox 2584 5472 2894 5543; x_wconf 65' lang='lat' dir='ltr'><strong>palmaeque</strong></span> <span class='ocrx_word' id='word_1_516' title='bbox 2925 5468 3209 5540; x_wconf 88' lang='lat' dir='ltr'><strong>requirere</strong></span> <span class='ocrx_word' id='word_1_517' title='bbox 3231 5484 3475 5535; x_wconf 85' lang='lat' dir='ltr'><strong>causam,</strong></span> 
     </span>
    </p>
   </div>
   <div class='ocr_carea' id='block_1_107' title="bbox 1968 5554 3372 5635">
    <p class='ocr_par' dir='ltr' id='par_1_107' title="bbox 1968 5554 3372 5635">
     <span class='ocr_line' id='line_1_107' title="bbox 1968 5554 3372 5635; baseline -0.001 -22"><span class='ocrx_word' id='word_1_518' title='bbox 1968 5558 2062 5613; x_wconf 92' lang='lat' dir='ltr'><strong>Cui</strong></span> <span class='ocrx_word' id='word_1_519' title='bbox 2089 5561 2311 5616; x_wconf 88' lang='lat' dir='ltr'><strong>tandem</strong></span> <span class='ocrx_word' id='word_1_520' title='bbox 2344 5576 2514 5632; x_wconf 90' lang='lat' dir='ltr'><strong>puero</strong></span> <span class='ocrx_word' id='word_1_521' title='bbox 2546 5577 2765 5635; x_wconf 89' lang='lat' dir='ltr'><strong>gressus</strong></span> <span class='ocrx_word' id='word_1_522' title='bbox 2797 5559 3119 5612; x_wconf 88' lang='lat' dir='ltr'><strong>moderante</strong></span> <span class='ocrx_word' id='word_1_523' title='bbox 3146 5554 3372 5612; x_wconf 87' lang='lat' dir='ltr'><strong>reducto</strong></span> 
     </span>
    </p>
   </div>
   <div class='ocr_carea' id='block_1_108' title="bbox 1965 5649 3175 5728">
    <p class='ocr_par' dir='ltr' id='par_1_108' title="bbox 1965 5649 3175 5728">
     <span class='ocr_line' id='line_1_108' title="bbox 1965 5649 3175 5728; baseline 0 -21"><span class='ocrx_word' id='word_1_524' title='bbox 1965 5652 2171 5710; x_wconf 79' lang='lat' dir='ltr'><strong>Obvius</strong></span> <span class='ocrx_word' id='word_1_525' title='bbox 2201 5654 2461 5728; x_wconf 85' lang='lat' dir='ltr'><strong>expulsor</strong></span> <span class='ocrx_word' id='word_1_526' title='bbox 2481 5653 2653 5710; x_wconf 86' lang='lat' dir='ltr'><strong>rheda</strong></span> <span class='ocrx_word' id='word_1_527' title='bbox 2673 5649 2927 5708; x_wconf 87' lang='lat' dir='ltr'><strong>sublimis</strong></span> <span class='ocrx_word' id='word_1_528' title='bbox 2955 5658 3013 5705; x_wconf 90' lang='lat' dir='ltr'><strong>et</strong></span> <span class='ocrx_word' id='word_1_529' title='bbox 3042 5664 3175 5707; x_wconf 90' lang='lat' dir='ltr'><strong>auro</strong></span> 
     </span>
    </p>
   </div>
   <div class='ocr_carea' id='block_1_109' title="bbox 3487 275 3595 331">
    <p class='ocr_par' dir='ltr' id='par_1_109' title="bbox 3487 275 3595 331">
     <span class='ocr_line' id='line_1_109' title="bbox 3487 275 3595 331; baseline -0.019 0"><span class='ocrx_word' id='word_1_530' title='bbox 3487 275 3595 331; x_wconf 70' lang='grc'><strong>762</strong></span> 
     </span>
    </p>
   </div>
  </div>
