3994 6132
442 230 548 285 763
1203 229 1569 285 FLODOARDI
1610 230 1914 287 CANONICI
1955 232 2282 288 REMENSIS
2322 232 2661 290 OPllSCULA
2702 233 3012 289 METBICA.
3677 239 3786 294 ’164

442 357 557 411 Diis
582 363 764 431 grates
796 355 1017 411 inﬂatus
1046 357 1159 433 agit
1189 365 1487 429 pompante
1520 366 1759 427 tumore,
2092 367 2143 436 Α
2169 362 2320 418 Mens
2358 363 2451 434 pia
2489 362 2572 417 sic
2601 363 2773 418 cmlos
2800 363 3001 434 repetit
3026 369 3169 417 terra
3193 364 3343 419 edita
3370 372 3567 419 terram

441 450 822 520 Incensusque
851 449 1213 505 Acherontan
1243 450 1562 505 ﬂammante
1591 451 1776 505 furore
2170 451 2405 528 Pignora
2422 468 2658 524 quaeque
2675 452 2865 506 Abdon
2883 452 3096 508 tumulo
3116 453 3453 527 Sennenque
3465 462 3768 526 capessunt

444 540 786 614 Praecipitem
813 540 966 617 vcrgi
993 539 1295 612 Tyberinas
1317 542 1543 597 mandat
1569 542 1625 597 in
1653 543 1847 597 undas.
2452 548 2475 569 ⁵

1926 641 2132 698 CAPUT
2179 641 2311 696 XIV.

1480 748 1557 807 De
1583 756 1789 808 sancto
1818 747 2123 819 Herculio,
2158 746 2440 805 Hitarino
2474 752 2527 803 et
2553 746 2751 806 sociis.

442 878 685 933 Donatus
716 876 891 933 lector
915 877 1224 934 studiorum
1254 877 1311 933 in
1339 894 1519 951 agone
1549 879 1758 935 sodalis
2167 876 2415 946 Adjurat,
2447 876 2628 933 crucis
2657 877 2971 953 adjungens
2998 877 3055 933 in
3084 876 3273 949 stipite
3303 877 3421 943 ﬁxi,

441 970 503 1024 Et
522 968 935 1040 condiscipulus
959 976 1147 1025 sancto
1168 971 1274 1026 hoc
1300 971 1406 1026 sub
1429 978 1583 1043 patre
1607 971 1848 1042 tyranni,
2167 968 2304 1033 Quid
2336 966 2537 1022 factum
2570 966 2734 1033 dicat,
2768 983 2875 1039 qua
2905 976 3063 1039 rapta
3091 966 3329 1038 pecunia
3357 966 3496 1025 fisci.

442 1061 583 1116 Ense
617 1059 755 1116 truci
779 1060 1000 1135 genitor
1023 1060 1374 1134 genitrixque
1398 1062 1489 1117 ubi
1522 1061 1705 1118 sidera
1731 1068 1974 1127 sumunt,
2165 1060 2321 1115 Jussa
2357 1059 2521 1115 refert
2558 1059 2669 1115 imo
2695 1060 2864 1115 verba
2897 1059 3183 1115 Eufrasina
3211 1060 3492 1132 sepulcro,

392 1167 405 1183 θ
443 1154 620 1227 Fugit,
653 1153 1036 1225 Aricmamque
1066 1161 1262 1225 petens
1287 1156 1660 1227 apprenderat
1688 1155 1906 1211 urbem.
2166 1152 2327 1207 Tecta
2347 1152 2546 1208 domus
2572 1151 2726 1207 aditu
2754 1151 2914 1207 latrat
2939 1169 3060 1224 quae
3090 1169 3226 1227 gaza
3263 1161 3489 1228 rogatur
3513 1173 3533 1218 ;

442 1246 712 1316 Dumque,
739 1244 830 1315 pio
853 1244 1083 1312 junctus
1116 1245 1379 1312 Hilarino,
1421 1253 1583 1302 nocte
1615 1246 1818 1318 dieque
2168 1244 2257 1299 Ais
2284 1250 2474 1299 notum
2503 1243 2767 1318 egeritur,
2799 1244 2980 1315 pergit
3004 1245 3087 1300 vir
3117 1244 3264 1301 fasce
3295 1245 3525 1301 levatus.

441 1340 578 1395 Vota
607 1340 718 1395 Deo
750 1339 959 1413 legans,
984 1329 1199 1409 jejunia
1223 1341 1416 1395 crebra
1443 1340 1777 1412 frequentat,
2165 1335 2283 1391 Jam
2305 1334 2488 1409 dignis
2517 1335 2695 1391 Satiro
2737 1335 2946 1390 meritis
2973 1336 3043 1390 ad
3068 1352 3238 1409 regna
3262 1343 3476 1406 vocato,

444 1429 671 1484 Gentilis
699 1427 1112 1491 Suranaoculis
1141 1445 1205 1485 ac
1231 1429 1396 1485 corde
1428 1429 1673 1484 tenebris
2167 1425 2409 1481 Donatus
2438 1425 2610 1480 sacris
2636 1424 2755 1493 ejus
2783 1423 2904 1479 vice
2937 1424 3182 1500 fungitur
3209 1426 3344 1480 aris.

442 1521 624 1577 Obsita
649 1537 771 1577 cum
797 1522 987 1596 genito
1018 1521 1211 1576 cellam
1244 1522 1556 1593 perrumpit
1580 1522 1821 1593 Opimam
2165 1517 2266 1583 Qui
2306 1517 2435 1572 dum
2465 1516 2718 1583 diva,die
2743 1516 3003 1587 quadam,
3034 1517 3292 1588 mysteria
3318 1524 3532 1583 tractat,

442 1614 722 1684 Quamque
752 1611 861 1668 ﬁde
884 1612 1151 1667 imbutam
1184 1613 1345 1668 Satiri
1377 1613 1509 1667 dant
1540 1616 1791 1684 praesulis
1816 1616 1919 1683 ori,
2164 1610 2460 1684 Sanguinis
2487 1617 2542 1664 et
2564 1610 2753 1681 superi
2781 1610 3000 1680 populis
3022 1610 3114 1663 dat
3146 1610 3293 1665 dona
3334 1611 3607 1680 minister,

441 1706 726 1761 Nascentis
755 1706 915 1761 laetus
945 1703 1072 1760 ﬁdei
1104 1705 1199 1775 qui
1232 1704 1440 1759 lumina
1471 1722 1707 1761 cernens
2167 1704 2374 1773 lmpete
2404 1702 2595 1773 gentili
2628 1702 2898 1773 impulsus
2938 1702 3067 1768 ruit,
3097 1710 3262 1775 atque
3292 1711 3569 1757 sacratum

441 1798 618 1867 Atque
644 1798 756 1850 Deo
785 1802 967 1869 grates
997 1794 1265 1860 referens,
1283 1794 1499 1862 jejunia
1521 1796 1763 1861 mandat,
2166 1796 2496 1852 Comminuit
2514 1796 2774 1860 calicem;
2807 1802 2990 1850 motus
3010 1811 3133 1850 cum
3168 1796 3330 1867 plebe
3356 1796 3620 1859 sacerdos

444 1888 570 1941 Fert
607 1887 759 1942 ciues
783 1894 1035 1953 stratum,
1066 1886 1158 1940 dat
1185 1885 1320 1940 dura
1348 1885 1530 1942 cilicia
1561 1886 1824 1942 amictum
2166 1887 2425 1960 Angitur;
2454 1902 2721 1961 angorem
2745 1886 2944 1941 Christi
2975 1886 3074 1941 sed
3097 1886 3289 1941 dextra
3315 1891 3537 1941 serenat
3564 1903 3580 1939 :

447 1976 671 2030 instruit
702 1982 868 2047 atque
899 1974 1062 2041 lavat,
1085 1991 1208 2030 cum
1240 1992 1348 2046 qua
1378 1976 1528 2030 subit
1556 1977 1754 2032 unicus
1783 1978 1960 2033 undas
2167 1979 2328 2034 Lecta
2366 1978 2627 2050 equidem
2658 1979 3017 2034 devectantur
3045 1978 3353 2052 fragmenta
3378 1977 3577 2043 beato;

449 2071 768 2137 Herculius;
801 2072 987 2125 lumen
1019 2085 1143 2125 mox
1185 2070 1336 2125 frons
1367 2072 1662 2127 tenebrosa
1693 2072 1924 2128 resumit
2170 2067 2265 2122 Ille
2292 2067 2521 2122 madens
2546 2066 2800 2144 lacrymis
2828 2083 3186 2138 sumensque,
3219 2067 3313 2121 ubi
3335 2075 3461 2122 vota
3487 2064 3802 2137 profundit.

446 2163 507 2268 Et
531 2161 804 2268 Christum
821 2177 1008 2268 verum
1033 2160 1429 2268 vi‘taellucisque
1458 2168 1740 2233 potentem
2089 2201 2136 2268 Β
2170 2164 2227 2217 In
2272 2163 2508 2264 priscam
2546 2170 2766 2268 revocat
2794 2163 3033 2218 solidato
3063 2162 3333 2268 fragmine
3353 2161 3612 2264 formam.

446 2252 726 2308 Exclamat
762 2252 985 2318 mulier,
1017 2251 1264 2307 sobolem
1291 2252 1499 2308 radiata
1519 2270 1842 2310 renoscens.
2089 2251 2136 2268 "
2167 2254 2454 2309 Barbaries
2487 2254 2742 2324 perculsa
2772 2255 2898 2310 novi
2929 2254 3246 2326 spectacula
3278 2254 3409 2310 facti

440 2344 594 2408 Quod
625 2344 792 2400 certis
821 2343 1052 2414 capiens
1083 2345 1401 2400 rumoribus
1428 2345 1799 2417 Apronianus,
2174 2343 2479 2413 Aspiciens,
2506 2343 2726 2398 laudare
2756 2344 2930 2398 Deum
2961 2359 3082 2399 cum
3116 2342 3281 2414 plebe
3307 2358 3512 2399 canora

444 2436 653 2490 Donato
680 2434 971 2491 attonitum
1003 2434 1125 2491 diro
1153 2436 1455 2506 spiramine
1483 2445 1709 2504 gnatum
2172 2435 2388 2506 Incipit,
2421 2442 2586 2507 atque
2617 2434 2816 2490 anima;
2845 2435 2982 2490 citra
3008 2435 3286 2508 octoginta
3314 2435 3593 2491 dicantur.

449 2523 649 2590 Defert,
674 2524 767 2595 qui
799 2523 966 2579 sociis
995 2524 1237 2579 Hilarino
1268 2541 1332 2580 ac
1350 2526 1582 2595 praesule
1606 2525 1835 2594 junctis,
2169 2527 2354 2582 Multis
2380 2533 2650 2598 praeterea
2671 2526 2847 2601 signis
2885 2525 3072 2582 divina
3099 2532 3346 2597 potestas

448 2613 657 2667 Insistit
687 2613 973 2683 precibus;
1007 2612 1168 2683 pulso
1193 2612 1272 2666 sic
1298 2611 1523 2668 ﬂamine
1562 2613 1726 2679 votis,
2175 2617 2443 2671 Donatum
2473 2616 2758 2670 illustrans
2778 2615 2937 2671 testis
2969 2615 3212 2671 sustollit
3238 2616 3488 2672 honore:

445 2707 782 2762 incolumem
811 2723 1065 2779 puerum,
1088 2708 1364 2780 gaudente
1395 2715 1645 2780 parente,
1674 2708 1957 2766 reformat.
2170 2709 2376 2763 Tentus
2406 2708 2577 2775 enim,
2601 2705 2915 2780 pariterque
2947 2707 3241 2773 Hilarinus,
3272 2724 3401 2763 saxa
3422 2708 3658 2777 jubetur

441 2802 672 2857 Assidue
703 2802 832 2858 hinc
859 2802 1121 2877 gradibus
1147 2804 1321 2859 virtus
1347 2810 1403 2859 et
1430 2803 1608 2878 gloria
1637 2805 1835 2859 cressit

2169 2796 2349 2851 Thure
2380 2810 2574 2868 rogare
2614 2795 2762 2863 dato,
2789 2795 2961 2865 jussis
2977 2796 3068 2851 cui
3108 2796 3212 2852 rite
3244 2797 3427 2853 reniso

445 2889 667 2943 Accedit
695 2890 920 2960 quidam
953 2890 1256 2957 Eustasius,
1282 2891 1488 2947 ﬁscalia
1516 2893 1675 2961 cujus
2171 2885 2241 2941 Os
2271 2885 2466 2941 teritur
2487 2885 2663 2952 saxis;
2690 2885 2966 2940 Hilarinus
2987 2885 3223 2941 fustibus
3251 2894 3406 2942 actus

443 2978 669 3033 Munera
698 2985 757 3034 ut
784 2980 1074 3035 abdiderat
1102 2988 1284 3049 terrae,
1313 2981 1637 3056 defungitur
1666 2997 1818 3038 uxor.
2169 2978 2455 3049 Temptam
2477 2977 2675 3049 linquit
2701 2978 2952 3045 humum,
2975 2978 3258 3049 quaesitam
3287 2978 3521 3050 percipit
3540 2981 3796 3047 aethram,

445 3069 539 3125 llle
569 3087 789 3144 gravem
822 3072 1065 3127 tolerans
1095 3081 1248 3128 torvo
1278 3081 1534 3129 exactore
1566 3073 1831 3136 furorem,
2170 3066 2316 3122 Ostia
2346 3067 2591 3121 membra
2619 3065 2783 3137 rapit.
2818 3066 3091 3121 Donatum
3132 3066 3369 3122 claustra
3399 3077 3686 3139 receptant

447 3157 641 3214 Donati
673 3159 810 3229 petit
838 3160 1100 3215 auxilium
1133 3161 1227 3232 qui
1253 3163 1420 3217 corde
1454 3161 1605 3217 fideli
2170 3160 2264 3216 Hic
2294 3176 2516 3232 quoque
2547 3159 2704 3230 plura
2735 3159 2879 3213 Deus
2907 3175 3007 3230 per
3035 3174 3199 3230 quem
3230 3160 3506 3233 magnalia
3540 3160 3793 3216 Christus

444 3245 766 3301 Praesidium
796 3256 1056 3317 tractans,
1074 3267 1335 3321 superum
1354 3251 1501 3307 subit
1530 3253 1747 3326 aggeris
1776 3259 1994 3308 antrum
2169 3252 2304 3307 Dum
2339 3251 2544 3323 populo
2573 3250 2872 3323 plaudente
2892 3250 3053 3325 gerit,
3081 3250 3203 3307 diro
3226 3267 3361 3307 ense
3382 3260 3685 3308 resectum.

446 3339 655 3396 Nomen
684 3351 738 3396 ct
767 3341 1070 3399 inclamans
1098 3343 1299 3399 functae
1334 3359 1434 3416 per
1454 3344 1682 3400 numina
1701 3344 1900 3401 Christi
2171 3341 2658 3416 Educitztenebris,
2687 3359 2831 3398 verae
2859 3342 3006 3415 capit
3040 3344 3248 3399 aethere
3274 3343 3432 3401 lucis.

1945 3471 2152 3527 CAPUT
2199 3471 2306 3527 XV.

1434 3572 1513 3630 De
1541 3575 1766 3634 sanctis
1794 3575 2020 3647 Prisco,
2045 3573 2453 3644 jPriscitliano
2482 3579 2534 3631 et
2563 3573 2807 3632 caeteris.

447 3702 554 3759 Hac
574 3709 772 3774 praeter
801 3704 937 3760 istos
965 3705 1115 3761 nube
1148 3706 1303 3762 multi
1340 3706 1557 3764 ca:licos
2097 3717 2146 3785 Ο
2168 3709 2547 3766 Confessionis
2568 3710 2821 3765 enitescit
2840 3709 3036 3784 gloria,

450 3796 649 3851 Petunt
678 3796 915 3851 honores
940 3796 1251 3854 abdicando
1281 3806 1510 3855 terreos.
2164 3801 2397 3856 Mentem
2420 3817 2663 3872 superna
2683 3799 2872 3856 condit
2902 3800 3047 3855 inter
3070 3800 3275 3856 sidera.

448 3889 660 3945 Priscus
690 3891 951 3947 sacerdos
975 3908 1109 3947 ense
1138 3893 1354 3950 scandit
1375 3895 1610 3963 aethera;
2162 3891 2602 3947 FunusJoannes
2625 3889 2901 3961 gloriosus
2930 3890 3239 3961 presbyter,

454 3985 823 4042 Priscillianus
850 4003 1014 4059 quem
1046 3996 1267 4044 secutus
1294 3990 1530 4046 clericus
2164 3984 2263 4040 Ubi
2285 3985 2403 4040 sole
2428 3983 2563 4039 bino
2586 3984 2740 4039 triste
2768 3983 2862 4039 dat
2885 3983 3282 4055 spectaculum,

453 4076 684 4132 Parilem
722 4094 982 4134 coronam
1013 4088 1159 4135 sorte
1181 4080 1349 4135 sumit
1379 4082 1644 4152 compari.
2166 4082 2299 4138 Foro
2331 4081 2522 4154 rapina
2541 4080 2751 4154 colligit
2774 4080 3039 4136 laudabili

454 4170 746 4226 Benedicta
771 4178 988 4227 sectans
1013 4173 1118 4229 hos
1145 4174 1346 4244 pudica
1375 4174 1581 4230 femina
2164 4176 2272 4232 Piis
2298 4176 2554 4247 sepulcro
2594 4175 2859 4247 cOpulans
2885 4174 3235 4247 parentibus,

448 4257 605 4314 Subit
633 4259 850 4330 piorum
882 4277 1051 4334 regna
1078 4278 1176 4332 per
1203 4263 1460 4335 vestigia,
2164 4266 2372 4331 Quibus
2385 4266 2592 4322 sororis
2623 4266 2869 4321 membra
2887 4265 2999 4335 jam
3022 4265 3314 4339 jugaverat

450 4346 681 4403 Faustus
711 4348 1062 4419 triumphans
1079 4356 1296 4421 sceptra
1320 4351 1437 4426 regi
1460 4351 1741 4426 jungitur;
2164 4358 2332 4422 Quem
2360 4356 2636 4423 Julianus,
2662 4356 2794 4411 dum
2824 4371 2928 4411 nec
2948 4355 3138 4411 auditu
3169 4356 3366 4427 probat

452 4442 629 4497 Fausti
658 4441 905 4512 Dafrosa,
928 4451 1052 4515 post
1071 4445 1278 4519 jugalis
1302 4446 1554 4522 gloriam,
2162 4449 2396 4519 Dignum
2421 4463 2545 4514 suo,
2567 4446 2879 4503 thbaeam
2911 4447 2981 4502 ad
3010 4463 3160 4502 aram
3195 4447 3444 4519 praecipit

413 4600 419 4605 θ
447 4534 609 4591 Exsul
638 4543 837 4612 negata
861 4545 1185 4613 segregatur
1214 4539 1391 4611 patria
2165 4539 2384 4595 Cervicc
2416 4539 2611 4611 plecti:
2644 4555 2808 4611 quem
2851 4539 2985 4614 legit
3013 4538 3348 4594 Concordius

448 4627 693 4701 Poquue
729 4630 799 4685 ab
829 4647 963 4686 ense
995 4632 1151 4702 pulsa
1175 4632 1338 4688 terris
1368 4634 1631 4701 sumitur;
2164 4632 2282 4687 Pari
2306 4632 2566 4688 sacerdos
2593 4641 2740 4688 sorte
2769 4631 2989 4707 fulgens
3019 4632 3282 4703 praeditur

448 4716 548 4781 Qui
581 4717 806 4774 Biviana
834 4720 989 4791 prole
1017 4736 1140 4776 cum
1170 4721 1443 4777 Demetria
2164 4722 2500 4793 Sacrumque
2532 4722 2681 4777 cultu
2718 4721 2946 4776 honoris
2971 4737 3177 4776 ornans
3196 4720 3369 4777 debiti

450 4804 673 4914 florent
702 4814 979 4877 parentes,
1003 4809 1148 4864 clara
1180 4809 1323 4865 nacti
1351 4811 1612 4883 pignora:
2082 4844 2142 4914 D
2174 4809 2338 4865 Locat
2367 4809 2560 4866 beatos
2586 4819 2883 4881 martyrem
2925 4808 3066 4865 inter
3104 4817 3392 4882 martyres.

450 4894 687 4959 Quarum
720 4896 880 4952 hoste
908 4911 1091 4953 coram
1122 4897 1280 4954 ducta
1313 4898 1445 4953 dum
1475 4900 1750 4956 Demetria

1259 5068 1755 5158 INCIPIT
1840 5070 2235 5158 LIBER
2324 5069 2960 5160 DECIMUS.

1860 5226 2068 5283 CAPUT
2115 5227 2399 5284 PRIMUM.

1528 5324 1609 5384 De
1635 5327 1863 5386 sanctis
1889 5326 2089 5388 Marco
2126 5335 2178 5387 et
2206 5325 2372 5388 Julia
2406 5326 2716 5407 episcOpis.

449 5451 688 5527 Digressi
721 5453 999 5524 perbella,
1031 5454 1231 5526 pedem
1263 5452 1567 5508 referamus
1590 5454 1644 5508 in
1670 5453 1883 5524 urbem,
2167 5457 2297 5511 Diva
2318 5455 2469 5511 subit
2498 5456 2727 5526 primus,
2751 5454 2972 5531 gemino
3002 5470 3125 5526 quae
3146 5453 3283 5509 solis
3314 5453 3370 5508 in
3402 5452 3530 5509 orbe

453 5544 631 5599 Visuri
662 5545 758 5616 qui
784 5547 917 5601 sede
939 5546 1083 5602 Petri
1113 5546 1223 5602 sint
1241 5554 1389 5601 sorte
1419 5546 1591 5602 secuti
2164 5544 2440 5612 Tractans,
2471 5546 2677 5616 templa
2696 5554 2870 5616 parat,
2894 5543 3166 5616 donisque
3186 5551 3243 5599 et
3272 5543 3507 5600 cultibus
3525 5552 3733 5614 Ornat,

456 5639 822 5708 Sylvestrum:
851 5639 1019 5697 officii
1048 5657 1279 5713 quorum
1315 5642 1571 5712 mysteria
1598 5642 1807 5698 Marcus
2170 5642 2328 5696 Busta
2353 5641 2500 5706 colit,
2530 5648 2865 5714 comptoque
2885 5639 3089 5713 gradus
3117 5639 3383 5695 sublimat
3409 5639 3652 5703 honore,
