3994 6132
241 241 352 296 7G9
880 239 963 293 DE
1004 236 1266 294 CHRISTI
1305 238 1671 295 TRIUMPIIIS
1712 240 1883 295 APUD
1924 242 2192 301 ITAIJAM
2234 247 2407 303 LIBRI
2450 251 2587 307 XIV.
2630 283 2697 293 -——
2739 253 2866 307 LIB.
2912 254 2971 308 X.
3484 256 3592 312 770

240 365 511 439 Pingens,
543 365 918 436 instauratque
951 381 1151 431 novas,
1174 375 1499 438 reparatque
1523 367 1794 434 labantes,
1891 375 1945 440 Α
1973 370 2032 423 Et
2061 381 2215 441 parat
2240 374 2474 429 addictis
2503 377 2608 430 sibi
2632 378 2825 433 cmlica
2853 395 3021 452 regna
3060 379 3301 444 talentis,

239 457 358 511 Nec
385 459 570 513 minus
598 458 791 513 exsilio
815 458 980 513 trusis
1010 460 1139 513 dare
1169 461 1458 515 commoda
1496 462 1701 516 sanctis
1971 464 2134 529 Queis
2157 467 2292 522 nitet
2329 469 2599 525 admissus
2619 473 2881 527 translato
2905 473 3147 529 culmine
3178 484 3407 530 mactus.

247 550 483 617 Insistit,
517 550 744 605 redimit
774 550 1055 624 donatque
1088 551 1237 607 exire
1279 553 1509 619 catenis,

1744 654 1951 710 CAPUT
2004 656 2091 712 ιχ.

894 784 971 842 De
996 786 1222 845 sanctis
1247 785 1563 845 Hormisda
1587 804 1768 863 papa,
1798 788 2092 851 Germano
2122 801 2301 870 atque
2326 794 2593 872 Remigio
2620 799 2931 875 cpisoOpis.

238 918 693 974 Hinc-Hormisda
713 919 842 974 colit
857 919 1087 988 clerum,
1120 921 1410 992 psallentia
1443 922 1628 988 tradit,
1969 926 2416 1000 Damnanturque
2446 930 2548 995 rei,
2580 930 2721 984 lucis
2749 930 3006 1001 pacisque
3029 930 3285 988 rebelles.

234 1009 643 1080 Templalevat,
675 1009 799 1064 lites
827 1024 1162 1080 componere
1182 1026 1319 1081 pace
1349 1010 1581 1075 laborat,
1967 1013 2211 1071 Vincitur
2236 1016 2510 1087 impietas,
2543 1018 2746 1072 lethale
2776 1017 3119 1073 abscinditur
3139 1020 3314 1074 ulcus.

238 1098 527 1153 Graiorum
561 1097 803 1153 tumidos
824 1098 989 1152 instat
1010 1099 1203 1154 sedare
1228 1101 1520 1169 tumultus,
1970 1104 2049 1169 Et,
2081 1106 2235 1160 sanie
2262 1107 2505 1174 absecta,
2541 1109 2671 1164 laeto
2701 1115 2847 1163 stant
2877 1125 3109 1180 corpore
3135 1111 3403 1165 membra.

234 1190 370 1256 Nec,
402 1190 534 1260 quia
572 1189 851 1261 prmcelsis
881 1199 1100 1245 arcetur
1129 1190 1390 1258 fascibus,
1418 1191 1531 1246 alto
1966 1192 2176 1248 Gaudet
2209 1211 2342 1265 pace
2373 1196 2585 1263 Oriens,
2618 1203 2931 1266 reparatum
2962 1198 3167 1270 gaudet
3194 1205 3249 1252 et
3278 1199 3531 1254 Austrum
3565 1218 3579 1267 ;

234 1277 469 1332 Absistit
490 1287 708 1348 empto;
737 1278 981 1332 monitus
1010 1278 1210 1333 iterare
1235 1279 1510 1353 benignos
1967 1286 2143 1341 Africa
2176 1288 2297 1342 lmta
2326 1288 2473 1342 subit
2504 1288 2721 1343 sublata
2755 1305 3030 1343 resumere
3056 1290 3181 1358 jura
3205 1308 3219 1356 ;

237 1367 395 1422 Haud
429 1368 627 1434 tardat,
660 1368 791 1443 licet
819 1368 1062 1439 Augusto
1094 1379 1383 1435 renuente,
1416 1377 1753 1440 sequestres.
1967 1378 2110 1433 Solis
2141 1379 2207 1433 ad
2240 1395 2495 1434 occasum
2523 1380 2749 1435 laudant
2777 1397 2808 1433 a
2829 1380 3044 1435 climate
3077 1382 3184 1436 Eoo

235 1455 358 1519 Qut.
383 1456 547 1510 ἀοηῑε
569 1463 808 1519 ῐθηῐθηε»
842 1472 946 1511 DCC
975 1457 1025 1511 Vi
1061 1472 1164 1511 nec
1195 1473 1428 1512 munere
1460 1468 1704 1528 PmSlal-
1966 1470 2167 1524 Salvati
2197 1471 2485 1526 Dominum
2520 1472 2676 1542 pueri
2710 1473 2848 1527 sacri
2880 1490 2974 1528 ore
3006 1474 3273 1547 magistri.

237 1548 476 1619 Insuper
505 1548 729 1623 indigne
761 1549 932 1619 pulsis
963 1557 1128 1621 negat
1160 1550 1392 1620 hospitis
1414 1550 1548 1616 alas.
1967 1558 2137 1613 Gallia
2163 1560 2427 1614 doctrina:
2457 1575 2558 1614 nec
2585 1560 2826 1614 culmine
2857 1576 3013 1615 cassa
3044 1562 3261 1627 residit,

234 1639 419 1708 Atque
448 1637 688 1708 superba
729 1636 918 1703 refert,
951 1639 1419 1709 sacrataquejura
1442 1640 1680 1710 repellit.
1968 1648 2210 1704 Exsultat
2236 1666 2357 1721 quae
2396 1651 2644 1723 Remigio
2679 1650 2843 1705 rutilo
2870 1651 3091 1704 aetheris
3119 1661 3266 1706 astro
3301 1670 3314 1705 :

235 1728 351 1783 Nec
390 1744 542 1783 mora
573 1729 874 1800 contempti
909 1729 1446 1800 persentitnuminis
1475 1730 1647 1785 iram:
1965 1742 2038 1796 Ac
2068 1747 2225 1796 temp,
2256 1733 2466 1797 ουιιοι-(ξ
2496 1743 2666 1811 bono,
2696 1742 2926 1796 feritatis
2956 1743 3141 1812 opimo

232 1816 386 1871 Ictus
416 1822 474 1871 et
503 1818 745 1871 aethereo
776 1816 1098 1871 submersus
1128 1817 1182 1871 in
1211 1818 1404 1872 ultima
1430 1818 1560 1884 telo,

1964 1829 2197 1887 Vomere
2239 1832 2333 1904 qui
2362 1831 2491 1886 fidei
2519 1832 2715 1906 satagit
2737 1832 2866 1885 dum
2906 1832 3164 1886 scindere
3191 1834 3374 1901 corda,

232 1909 475 1983 Dignum
501 1919 718 1981 sceptra
739 1908 908 1964 sacris
937 1910 1186 1965 ευδιηίηί
1208 1909 1400 1964 funere
1433 1911 1645 1982 Pandit,
1964 1926 2196 1980 Barbara
2225 1925 2526 1981 miriﬁcans
2548 1925 2735 2003 divine
2763 1925 2975 1980 semine
3008 1942 3153 1980 rura.

232 2002 403 2058 Ρίεκο
425 2003 610 2071 justus
634 2019 697 2057 ac
728 2003 932 2072 iniusto
961 2003 1209 2057 ίυδῖίηυε
1235 2003 1471 2075 adeptus
1962 2016 2151 2072 Messis
2181 2019 2389 2073 honore
2420 2034 2574 2073 novae
2605 2002 2949 2073 cltarismatis
2975 2018 3147 2072 ubere
3177 2028 3369 2073 macta:

229 2091 560 2161 Imperium:
588 2091 731 2146 Ρθῑτί
762 2092 918 2163 Ρδοίε
945 2092 1084 2163 Dem
1113 2092 1298 2147 οηιίηθ
1330 2092 1541 2156 sedem,
1960 2110 2221 2164 Primitiis
2247 2110 2447 2180 (Iephte
2478 2110 2662 2164 studet
2688 2111 2884 2163 almam
2909 2125 3104 2164 ornare
3136 2110 3471 2165 cathedram.

230 2183 466 2239 Fmdera
487 2183 656 2259 digna
686 2183 781 2239 diu
811 2185 1035 2240 monitis
1066 2194 1301 2257 actuque
1332 2184 1620 2239 ferentem.

1885 2209 1936 2276 Β
1960 2200 2094 2253 Dum
2128 2216 2220 2254 rex
2248 2199 2303 2253 in
2324 2200 2540 2254 Christe
2574 2198 2895 2257 Cledoveus,
2928 2197 3074 2251 filius
3114 2199 3295 2267 hujus.

226 2274 368 2330 Vola
395 2276 545 2330 Patri
584 2276 861 2337 arrident!
899 2277 1153 2351 legantur
1181 2276 1350 2344 ﬁgere
1383 2292 1572 2348 Pacem
1886 2274 1921 2276 ᾖ
1959 2289 2086 2343 Auri
2126 2305 2189 2344 ac
2218 2304 2559 2362 gemmarum
2594 2287 2835 2358 pretiosa
2866 2287 2987 2341 luce
3012 2287 3298 2353 renidens,

225 2366 445 2422 Sinceri
481 2365 688 2438 ﬁdique
715 2367 815 2422 viri
842 2367 1041 2422 virtute
1069 2367 1322 2438 probati;
1959 2377 2192 2450 Remigii
2226 2370 2393 2432 decus
2415 2377 2627 2432 obtenti
2661 2376 2976 2431 ductamine
3008 2376 3186 2448 regni,

226 2453 417 2525 Capua
449 2456 780 2510 Germanum
813 2465 963 2511 tanto
1003 2456 1098 2511 dat
1126 2472 1355 2511 munere
1391 2457 1640 2532 dignum.
1961 2468 2189 2541 Egregia
2221 2462 2585 2540 parcus'patri
2621 2468 2853 2522 devotus
2873 2466 3149 2530 alumnus,

228 2546 454 2620 Legatis
483 2548 629 2602 Petri
655 2548 734 2603 sic
762 2549 939 2624 gratia
964 2550 1112 2603 celsa
1139 2548 1394 2624 refulget,
1962 2560 2180 2615 Primati
2211 2558 2416 2614 eximio
2449 2559 2649 2614 Christi
2681 2558 2772 2628 pia
2804 2574 3034 2612 munera
3062 2558 3226 2613 mittit
3258 2577 3273 2616 :

222 2640 514 2713 Augustus
539 2657 661 2696 cum
704 2641 1074 2712 principibus,
1106 2651 1410 2713 sanctaque
1442 2649 1681 2699 caterva.
1960 2651 2121 2706 Mittit
2141 2659 2196 2706 et
2225 2650 2474 2725 insignes
2498 2650 2617 2722 paci
2648 2651 2773 2704 data
2802 2649 3008 2704 Graecia
3026 2650 3244 2716 cultus;

228 2728 296 2782 Ut
326 2728 523 2799 procul
547 2744 848 2784 occurrens
884 2729 1054 2803 regali
1093 2746 1352 2803 egressus
1380 2730 1449 2784 ab
1480 2730 1616 2784 urbe
1963 2746 2255 2817 Augustus,
2293 2758 2564 2816 rogesque
2584 2741 2771 2796 colunt
2790 2742 3078 2796 ornatibus
3095 2742 3287 2798 urbem
3311 2784 3325 2798 .

225 2822 480 2893 Excipiat
500 2824 698 2895 capitis
728 2825 958 2895 supplex
983 2825 1073 2895 pia
1104 2825 1353 2879 membra
1382 2826 1646 2896 supremi.

1963 2835 2117 2889 Clara
2145 2834 2221 2905 pii
2253 2835 2357 2889 sub
2383 2835 2595 2888 honore
2625 2833 2770 2887 Petri
2792 2831 2921 2887 dum
2947 2840 3237 2889 stemmata
3269 2835 3474 2910 legant,

220 2915 524 2970 Terrentur
552 2916 793 2987 reprobi,
818 2916 1061 2991 gaudent
1086 2917 1294 2989 pietate
1324 2916 1574 2993 benigni,
1962 2924 2110 2995 Papa
2135 2923 2301 2977 etiam
2331 2938 2454 2977 cum
2489 2921 2655 2977 corda
2674 2927 2851 2992 parat,
2871 2926 2984 2975 tum
3005 2921 3206 2992 templa
3237 2931 3509 2989 venustat,

226 3010 492 3067 Ecclesiae
521 3013 648 3067 δαὶιὶ
668 3013 985 3087 junguntur
1013 3013 1255 3069 culmina
1285 3028 1444 3085 pace,
1963 3012 2164 3083 Sicque
2196 3011 2355 3066 datur
2376 3027 2499 3065 cum
2536 3017 2726 3064 mente
2756 3008 2911 3080 polo,
2941 3014 3052 3062 tum
3082 3024 3312 3079 corpore
3342 3010 3572 3081 templo.

1756 3163 1971 3220 CAPUT
2022 3164 2089 3220 X.

1028 3297 1108 3357 De
1134 3296 1369 3360 Joanne
1390 3315 1572 3376 papa,
1606 3298 1986 3376 Symmacho,
2031 3296 2296 3359 Patricio
2328 3304 2508 3373 atque
2548 3298 2773 3357 Boetio.

221 3426 412 3481 Gratia
441 3441 659 3481 summa
689 3425 818 3481 dein
854 3426 1043 3497 primae
1075 3429 1167 3483 dat
1191 3429 1315 3500 jura
1338 3431 1536 3486 Jeanni
1885 3435 1934 3503 ί]
1963 3430 2155 3485 Debita
2180 3437 2478 3501 perpetuas
2508 3430 2717 3484 crudeli
2749 3430 2937 3484 dantia
2968 3420 3245 3488 flammas:

222 3519 413 3585 Sedis,
447 3524 503 3573 et
530 3518 752 3592 egregia
782 3519 973 3574 tribuit
993 3520 1293 3590 disponere
1321 3538 1470 3583 cura.
1961 3522 2079 3593 Jam
2110 3531 2293 3577 tamen
2317 3521 2585 3575 immanes
2608 3520 2837 3575 dederat
2876 3518 2992 3574 fera
3020 3520 3205 3575 bellua
3235 3522 3440 3591 clades,

220 3610 530 3665 Ausoniam
564 3626 633 3664 ne
660 3625 851 3665 mucro
878 3618 1053 3675 voret,
1086 3629 1196 3682 quo
1229 3614 1437 3668 Graecia
1467 3614 1649 3669 aditur
1963 3615 2296 3687 Impugnans
2320 3612 2469 3667 bello
2501 3611 2712 3667 fraudis
2743 3612 2835 3683 pia
2856 3613 3059 3667 mcnnia
3092 3613 3265 3683 pacis.

223 3699 445 3771 Quique
461 3699 622 3754 decet
653 3699 797 3754 Petri
827 3699 1064 3772 legatum
1098 3702 1199 3756 hes
1241 3702 1446 3773 excipit
1477 3704 1638 3757 altus.
1959 3704 2320 3774 Symmachus
2348 3702 2585 3767 illuster,
2614 3717 2785 3775 gener
2820 3711 2986 3771 atque
3021 3701 3241 3755 Boetius
3270 3718 3403 3757 ense

222 3790 493 3863 Pergenti
524 3798 770 3845 sacratur
796 3806 994 3862 equus,
1028 3800 1296 3864 rectoque
1337 3794 1501 3847 dicati
1960 3792 2256 3846 Subierant
2294 3790 2451 3858 cujus
2485 3790 2741 3860 pretiosze
2775 3805 3003 3843 munera
3032 3790 3250 3859 palmae.

220 3878 489 3949 Corporis
520 3886 797 3933 assuetum
830 3880 1100 3935 muliebre
1130 3881 1334 3935 deinde
1364 3890 1598 3947 recusat,
1961 3883 2195 3938 Patricio
2226 3882 2324 3936 sed
2351 3882 2673 3943 discinctus,
2708 3880 3033 3952 plantasque
3061 3889 3325 3950 retectus,

220 3975 289 4027 At
312 3972 523 4047 gaudet
553 3973 758 4027 servire
789 3988 970 4039 sacro,
1004 3975 1284 4049 geminare
1318 3976 1583 4030 laborem.
1957 3975 2133 4044 Atque
2165 3990 2361 4027 manus
2391 3974 2608 4028 vinctus
2638 3988 2780 4043 papa
2812 3972 3079 4045 religante
3107 3973 3341 4038 Joanne,

219 4061 483 4116 Culmina
510 4056 778 4116 celsOrum
812 4064 951 4133 patri
987 4064 1295 4134 praestantis
1329 4066 1556 4120 honoris
1960 4064 2173 4119 lnditus
2204 4064 2499 4137 ignivoma:
2526 4064 2750 4118 Vulcani
2784 4064 3132 4139 immergitur
3158 4065 3303 4121 olla).

221 4150 536 4206 Occurrunt
559 4144 828 4225 graduum
852 4169 865 4206 :
896 4153 1055 4208 cazcis
1084 4164 1143 4208 ut
1173 4155 1429 4209 sensibus
1459 4155 1601 4209 alma
1959 4154 2319 4226 Symmachus
2346 4154 2437 4210 hic
2457 4154 2648 4209 consul
2674 4154 2915 4229 genitam
2946 4155 3275 4227 cegnemine
3301 4154 3506 4209 Gallam

225 4242 342 4296 Lux
370 4246 579 4312 pateat,
612 4240 800 4297 lumen
827 4249 1058 4297 caecatos
1088 4242 1313 4299 innovat
1343 4244 1529 4312 orbes,
1964 4246 2212 4301 Cultibus
2232 4247 2686 4313 enutritsanctis,
2721 4248 2809 4319 pia
2829 4247 3037 4302 lumina
3068 4247 3226 4314 fudit,

222 4335 408 4405 Atque
439 4333 534 4387 diu
564 4334 777 4387 clausas
810 4333 975 4389 intrat
1005 4334 1095 4389 lux
1116 4335 1328 4391 reddita
1349 4346 1555 4407 portas,
1961 4335 2179 4390 Tradita
2210 4351 2332 4407 qua:
2364 4336 2620 4390 thalamis
2646 4352 2792 4391 anno
2821 4336 3044 4391 viduata
3073 4337 3176 4391 sub
3208 4337 3347 4408 ipso,

226 4425 595 4496 Luciﬂuaque
620 4441 788 4480 manu
819 4432 991 4481 tactos
1029 4426 1167 4501 fugit
1197 4428 1391 4482 umbra
1424 4437 1659 4499 meatus,
1961 4422 2215 4493 Disponit
2238 4423 2448 4478 servire
2488 4424 2621 4491 Deo,
2645 4440 2748 4479 nec
2779 4433 3031 4495 tempora
3060 4441 3260 4480 curans

227 4504 315 4583 Et,
348 4516 559 4587 pepulo
587 4515 847 4582 mirante,
876 4518 1056 4588 palam
1089 4535 1229 4574 nova
1263 4519 1470 4574 lumina
1500 4521 1731 4597 fulgent,

1960 4514 2151 4568 lEtatis
2181 4521 2408 4579 tenera»,
2443 4530 2545 4568 nec
2576 4529 2730 4585 opes,
2760 4516 2844 4570 vel
2886 4516 3127 4571 culmina
3153 4516 3326 4582 saecli,

226 4608 540 4680 Subjicitur
570 4608 808 4675 culmen,
840 4609 1011 4665 fastus
1033 4610 1328 4667 flectuntur
1354 4629 1641 4670 enormes:
1961 4605 2259 4679 Sanguinis
2283 4604 2490 4680 igneoli
2519 4621 2623 4660 nec
2649 4605 2792 4660 foeda
2819 4613 3006 4661 n0lata
3030 4623 3353 4678 Pavescens.

229 4698 571 4770 tmperitans
587 4701 793 4755 mundo
825 4700 1024 4772 (Iephte
1051 4702 1367 4757 incurvatur
1387 4703 1643 4772 alumno;
1874 4738 1930 4808 Β
1964 4694 2297 4761 Barbariem,
2334 4709 2437 4749 nec
2468 4692 2613 4749 ferre
2645 4694 2787 4765 pilos
2822 4695 3117 4750 muliebria
3135 4712 3361 4751 servans

229 4786 328 4808 n__:
366 4786 502 4808 --.ει
568 4795 749 4808 ΑΔ.ιμ...
805 4788 1028 4808 Ib_,!._.,
1068 4799 1109 4808 ,Α
1153 4791 1192 4808 ,1
1221 4790 1253 4808 .9
1279 4806 1291 4808 μ
1339 4796 1350 4808 ι
1386 4791 1396 4801 ο
1423 4791 1462 4808 ιν
1868 4798 1873 4801 λ
1965 4782 2042 4808 ΜΗ
2082 4789 2342 4808 -Α-...ιΑ-υ.
2375 4782 2578 4808 PM)...“
2605 4782 2812 4808 {‘I.._£..|..
2849 4784 2949 4808 ..ξιξ
2986 4784 3168 4808 λιι---
3202 4793 3353 4808 Α-..ι--

221 4786 329 4858 Quj
365 4786 527 4856 petit,
561 4795 770 4855 oratur,
805 4788 1031 4861 largitur
1058 4799 1113 4844 ct
1143 4790 1355 4846 obtinet
1384 4791 1555 4859 idem,
1868 4782 1929 4808 λυ
1960 4782 2045 4835 Nil
2082 4789 2345 4852 reputans
2375 4782 2581 4839 ftedum
2605 4782 2816 4839 Christe
2849 4784 2952 4839 nisi
2985 4784 3171 4840 fallare
3202 4790 3438 4851 tantum,

219 4876 500 4947 lmpetrat
528 4882 582 4931 et
606 4894 822 4947 pacem,
855 4879 1182 4949 praecelsum
1212 4888 1435 4951 praestat
1474 4882 1771 4947 honorem;

1589 4897 1737 4938 orem
1756 4900 1771 4947 ς
1959 4872 2282 4945 Militizeqne
2322 4875 2433 4946 poti
2464 4882 2578 4931 toto
2594 4891 2657 4931 se
2679 4885 2902 4946 pectore
2933 4876 3166 4944 dedens,

218 4968 545 5039 Torquetur
572 4984 751 5024 saevus
781 4970 931 5025 furor
950 4971 1055 5026 hoc
1083 4972 1186 5027 sub
1212 4974 1421 5029 honore
1449 4975 1687 5046 piorum.
1960 4959 2132 5015 Casus
2160 4977 2219 5016 se
2250 4962 2692 5029 50bi0i1035ll‘i5.
2722 4963 3025 5019 immObiliS
3055 4981 3230 5021 annos

221 5058 330 5112 Dat
363 5057 613 5113 tenebris
643 5059 739 5130 qui
770 5059 895 5115 luce
924 5061 1123 5126 nitent,
1156 5062 1357 5133 quibus
1386 5064 1568 5120 uritur
1595 5067 1725 5137 urit,
1957 5052 2298 5108 (ἷοιηίηυδηδ
2327 5054 2535 5124 Plures:
2558 5054 2923 5127 manibusque
2943 5064 2998 5111 εἴ
3027 5066 3213 5112 meme
3237 5057 3498 5132 benigna,

215 5150 419 5221 Ipsum
448 5150 613 5206 etiam
649 5161 861 5222 patrem
884 5154 988 5208 diri
1022 5155 1276 5210 custodia
1304 5156 1477 5229 cingit
1511 5175 1525 5222 ς
1957 5144 2194 5218 Prodiga
2223 5144 2564 5214 pauperibus
2587 5147 2728 5201 votis
2749 5147 2954 5202 insistit
2983 5148 3263 5202 honestis:

218 5239 447 5294 Emicat
482 5239 574 5294 ille
595 5256 790 5311 specu,
823 5258 924 5298 nec
952 5252 1107 5315 septa
1136 5253 1324 5300 tenere
1350 5246 1571 5301 beatum
1957 5239 2035 5291 Ad
2068 5244 2305 5309 palmam
2337 5255 2458 5310 quae
2480 5240 2610 5293 dum
2646 5241 2883 5313 malique
2904 5242 2970 5295 ad
3002 5257 3170 5316 regna
3195 5246 3442 5308 νοθείαν,

220 5330 406 5404 Regia
432 5328 755 5401 proficiunt,
786 5333 1017 5389 cmlivel
1040 5334 1266 5390 demere
1294 5344 1519 5391 sortem.
1894 5320 1898 5324 ’
1961 5330 2199 5400 Corpore
2241 5330 2575 5396 concutitur,
2608 5347 2810 5402 supera
2839 5348 2898 5387 se
2930 5348 3064 5403 pace
3096 5333 3333 5386 levatur:

216 5420 550 5489 Compserat
579 5419 865 5487 ecclesias,
897 5429 1112 5493 patrum
1147 5432 1499 5494 reparaverat
1527 5440 1717 5490 urnas,
1962 5421 2219 5476 Solamen
2249 5422 2415 5484 Petri,
2449 5423 2773 5495 vultumque
2800 5432 2855 5479 et
2881 5425 3050 5478 verba
3077 5433 3319 5480 meretur

215 5506 468 5578 Pignora
513 5507 681 5581 digna
711 5509 893 5564 datam
936 5519 1196 5581 repetunt
1225 5519 1479 5567 revocata
1518 5514 1854 5584 cathedram,
1960 5513 2106 5569 Orsis
2127 5514 2294 5588 digna
2322 5515 2426 5586 piis
2455 5516 2646 5570 audire
2673 5526 2727 5571 et
2756 5517 2986 5570 reddere
3016 5531 3197 5583 voces,

214 5602 343 5658 Nec
385 5601 612 5674 longum
642 5618 875 5675 rapuere
897 5609 1103 5661 trucem
1138 5611 1414 5663 tormenta
1446 5615 1737 5678 tyrannum
1871 5599 1874 5602 ’
1958 5610 2246 5683 Accirique
2278 5613 2426 5683 pote,
2455 5614 2775 5683 peccamina
2806 5627 2967 5667 nosse
2996 5612 3261 5680 remissa;
