3994 6148
408 226 508 280 ττι
1167 213 1534 273 FLODOARDI
1576 212 1884 271 canorum
1925 211 2259 269 annsnsrs
2299 209 2637 270 OPUSCULA
2674 179 2988 267 meram.
3635 220 3727 278 πε

412 355 474 409 Et
505 353 708 425 pariter
735 348 913 404 charte
944 345 1264 402 comitatum
1293 361 1453 400 orare
1484 343 1692 399 sororis
2054 348 2096 411 Λ
2133 340 2435 415 Egrediens
2463 346 2615 407 voto,
2647 340 2840 396 solatia
2866 340 3022 409 jussa
3048 351 3354 412 sequuntur

407 445 569 500 Audit
598 456 720 513 quae
736 439 985 494 comitari
1018 438 1218 492 habeat
1241 436 1534 492 benedicta
1560 435 1791 506 petitum
2130 431 2220 493 Sic
2253 439 2307 487 et
2339 429 2626 504 apostolici
2663 433 3010 504 complentur
3041 431 3242 486 famina
3272 434 3438 504 pacti.

406 535 532 590 Post
552 543 798 588 mensem
825 528 975 602 quod
1006 528 1112 583 iter
1135 527 1338 599 capiat,
1371 525 1649 598 plenoque
1672 524 1895 579 nitescit

1910 643 2120 700 CAPUT
2160 645 2250 700 XI.

1181 757 1260 818 De
1284 756 1512 818 sanctis
1542 755 1754 830 Felice,
1790 752 2112 833 Boni/acia
2149 764 2332 833 atque
2369 756 2667 818 Mercurio
2704 757 2989 835 episcopis

407 898 667 956 Ecclesia:
700 895 849 952 Felix
880 894 1115 951 feliciter
1146 910 1280 948 usus
1308 894 1520 948 honore
2135 891 2275 948 Pace
2305 892 2495 948 fruens
2524 897 2579 948 et
2604 908 2740 962 pace
2771 893 2955 949 nitens
2981 893 3084 948 sub
3118 911 3252 966 pace
3273 894 3531 967 quiescit.

404 991 552 1045 Scita
581 989 750 1055 dicat,
779 987 872 1059 pia
897 993 1038 1041 tecta
1073 985 1236 1052 levat,
1266 984 1508 1055 collapsa
1544 985 1825 1050 reformat,
2137 983 2340 1038 Ordine
2369 985 2557 1040 divino
2590 984 2905 1041 Bonifacius
2933 986 3062 1040 inde
3091 993 3311 1042 secutus

404 1079 660 1134 Divinum
689 1076 889 1132 attollit
917 1075 1196 1140 columen,
1221 1090 1376 1128 sacra
1397 1073 1524 1142 jura
1555 1080 1825 1139 venustat,
2136 1073 2417 1127 Succurrit
2446 1073 2617 1140 clero,
2649 1073 2812 1128 solvit
2842 1072 3004 1129 famis
3034 1081 3198 1145 atque
3228 1075 3436 1146 periclo

406 1173 471 1227 At
490 1176 682 1227 censet
709 1168 844 1226 solis
871 1166 1130 1238 mysteria
1159 1165 1374 1238 agenda
1412 1165 1652 1221 saeellis.
2134 1163 2439 1220 Mercurius
2469 1174 2594 1236 post
2625 1165 2773 1221 hunc
2799 1167 3024 1238 supplet
3052 1167 3171 1224 loca
3195 1183 3350 1223 sacra
3376 1168 3611 1240 piorum.

1894 1303 2105 1359 CAPUT
2148 1303 2265 1360 XII.

1309 1424 1388 1484 De
1416 1423 1643 1484 sanctis
1675 1422 1952 1501 Agapito,
1991 1423 2342 1484 Cassiodoro
2377 1434 2557 1501 atque
2598 1426 2839 1503 Vigilio.

413 1578 548 1632 Hinc
575 1577 700 1648 pius
727 1575 990 1652 Agapitus
1021 1581 1280 1648 congesta
1310 1573 1574 1648 ligamina
1602 1572 1827 1644 rumpit,
2069 1578 2120 1646 Β
2144 1574 2278 1630 lluic
2306 1575 2562 1645 praesulta
2594 1575 2777 1633 favore
2804 1577 3026 1633 Patrum
3060 1577 3278 1653 delegat
3296 1587 3499 1637 arator.

411 1667 784 1738 Conciliatque
806 1681 1053 1740 gregem,
1087 1665 1392 1720 vinctorum
1422 1661 1645 1733 pondus
1685 1662 1890 1728 adurit,
2143 1665 2569 1721 Praedecessoris
2602 1675 2764 1723 notus
2791 1667 2943 1725 furor
2971 1671 3114 1726 hunc
3155 1686 3376 1743 quoque
3407 1671 3583 1737 vellit,

412 1761 781 1831 Errantesque
807 1759 1020 1813 reducit
1041 1773 1193 1825 oves,
1219 1764 1272 1812 et
1303 1764 1462 1828 pacat
1491 1755 1656 1822 ovile,
2141 1754 2591 1829 Sceptriferoque
2613 1759 2793 1832 agitur
2815 1757 2970 1827 jusso
2997 1774 3253 1815 revocare
3273 1759 3620 1831 chelydrum,

411 1849 596 1920 Pergit
619 1855 673 1903 et
702 1849 768 1902 ad
803 1848 1014 1914 Graios,
1046 1863 1235 1918 pacem
1267 1861 1490 1917 quoque
1520 1845 1746 1917 regibus
1776 1844 1965 1913 aﬂert;
2143 1847 2368 1903 inmiis
2394 1850 2625 1905 vetitum
2659 1850 2914 1906 Patribus
2941 1851 3217 1906 maculare
3244 1852 3535 1916 sacellum,

415 1938 690 2008 Exceptus
721 1936 822 1990 sub
856 1937 1066 1992 honore
1091 1935 1182 2005 pio
1209 1934 1395 1989 divina
1423 1933 1754 2004 frequentat,
2144 1939 2562 2012 Praecipitisque
2587 1941 2698 1996 oris
2724 1942 3042 2012 persolvere
3073 1951 3234 2013 pacta
3263 1951 3518 2015 rogatur;

413 2036 727 2090 Restituens
753 2051 977 2109 gressus
1007 2034 1228 2099 claudo,
1257 2033 1350 2087 dat
1380 2031 1582 2086 famina
1612 2040 1790 2096 muto,
2142 2035 2238 2089 Ille
2274 2043 2459 2110 negat,
2490 2036 2832 2109 stultumque
2861 2043 3012 2092 notat
3040 2053 3116 2103 se,
3147 2053 3210 2092 ac
3239 2037 3471 2108 paenitet
3491 2038 3653 2102 orsis,

411 2133 713 2195 Augustum
749 2123 1086 2196 aggreditur,
1116 2121 1340 2193 pietatis
1368 2120 1558 2175 munia
1583 2125 1797 2182 tractat.
2139 2125 2320 2196 Seque
2355 2132 2543 2180 tenere
2573 2125 2722 2181 vices
2747 2125 3017 2194 meminit,
3059 2125 3314 2198 Petrique
3342 2126 3679 2194 cathedram,

410 2219 604 2292 Arguit
635 2234 902 2284 errorem,
945 2218 1143 2273 temnit
1170 2215 1434 2271 terrentia
1460 2230 1651 2290 regna,
2138 2213 2517 2286 Majorumquc
2550 2214 2748 2286 probat
2771 2216 2923 2290 leges
2943 2224 2997 2270 et
3028 2215 3250 2272 roborat
3275 2221 3431 2271 actus
3461 2233 3476 2270 :

411 2307 632 2361 Dissicit
656 2314 711 2362 et
737 2305 986 2368 nebulas,
1016 2313 1070 2359 et
1103 2303 1312 2358 fraudis
1343 2309 1536 2375 Operta
1568 2300 1792 2356 revelat.
2141 2303 2376 2375 Insurgit
2405 2303 2704 2359 furibunda
2724 2321 2941 2374 manus,
2974 2305 3112 2376 petit
3141 2304 3274 2360 ultio
3300 2305 3503 2360 durum

410 2395 463 2466 Ej
475 2394 568 2450 icit
592 2401 646 2449 et
681 2394 852 2449 sacris
881 2392 1191 2457 colubrum,
1235 2392 1592 2466 tenebrisgue
1614 2391 1894 2459 jacentem
2142 2397 2200 2450 ιη
2243 2403 2396 2467 patre
2419 2403 2733 2468 patronum,
2763 2396 2953 2453 lavicis
2983 2397 3231 2469 culpatur
3253 2404 3307 2452 et
3337 2407 3536 2453 anctor

411 2483 646 2555 Detegit,
676 2489 730 2536 ei
756 2482 878 2536 diI‘O
907 2481 1134 2535 mundat
1163 2480 1394 2535 deinbl‘a
1416 2494 1666 2547 Veneno;
2143 2489 2405 2546 Lethiferi
2445 2490 2696 2557 sceleris,
2729 2491 2969 2563 ducique
3002 2490 3057 2545 in
3084 2490 3287 2560 judicis
3315 2506 3409 2546 ora

411 2573 573 2628 Plebs
605 2581 835 2647 purgata
867 2572 1048 2640 nitet,,
1082 2572 1334 2647 gaudens
1364 2571 1646 2643 Augustus
1690 2571 1956 2626 honorem
2145 2582 2490 2654 praecipitur,
2523 2584 2676 2639 εοιυε
2705 2591 2892 2639 teneat
2922 2583 3026 2638 nisi
3053 2583 3245 2638 petrus
3269 2582 3579 2651 alumnum,

413 2664 608 2733 θοὶίοίῐ
633 2665 919 2732 (Nimium,
948 2664 1177 2736 vestigia
1199 2678 1404 2733 Pl‘onuS
1433 2663 1626 2716 adorat
2146 2670 2372 2727 Caecilia:
2399 2672 2659 2728 inventus
2684 2672 2858 2744 septis
2883 2671 3021 2726 dans
3047 2688 3275 2725 munera
3301 2670 3476 2741 plebi,

417 2752 610 2816 Patris,
639 2761 695 2808 et
715 2751 945 2823 expulsa
987 2751 1164 2806 almus
1191 2767 1328 2821 apex
1353 2750 1425 2804 ita
1453 2750 1617 2804 sorde
1646 2747 1935 2817 sacratum!
2144 2763 2206 2818 Ει
2237 2770 2421 2819 lenius
2459 2765 2694 2836 cymbia,
2723 2763 3046 2835 Tiberisque
3077 2763 3375 2834 appellitur
3401 2763 3590 2826 undis,

414 2844 561 2914 Papa
593 2845 764 2915 Pema
796 2850 966 2909 ίθηείν
1002 2844 1279 2914 rebusque
1310 2841 1531 2908 θείΝοῑίι
1561 2841 1820 2906 redactis,
2064 2901 2111 2926 η
2145 2853 2278 2910 Inde
2299 2853 2481 2909 ferens
2505 2856 2710 2926 populo
2732 2855 3028 2910 benedicta
3058 2855 3166 2910 huc
3194 2869 3368 2925 usque
3387 2852 3668 2926 sequenti,

414 2901 708 2988 Emeriiam
740 2951 843 3005 pax
862 2901 1077 2989 summa
1103 2901 1234 3008 legit
1262 2901 1600 3004 componere
1633 2933 1857 2998 luctam,
2062 2901 2114 2970 Ο
2143 2901 2465 3016 Oppvrobriis
2494 2901 2785 2999 maiedicta
2815 2944 2980 3016 capit,
3011 2958 3111 3016 pro
3142 2901 3555 3016 pacejduelliim

414 3023 480 3077 Et
502 3023 730 3078 Romam
749 3023 998 3078 referunt
1027 3022 1273 3078 victricia
1296 3022 1542 3078 membra
1570 3022 1928 3093 triumphum.
2145 3032 2379 3098 invenit,
2411 3032 2697 3105 egreditur
2723 3032 2888 3104 vulgo
2915 3048 3174 3104 perversa
3199 3031 3477 3098 frementi,

414 3115 653 3169 Przesule
679 3130 790 3187 quo
815 3112 1174 3170 Cassiodorus
1200 3114 1498 3185 splendore
1532 3121 1776 3181 senator,
2143 3121 2318 3176 Patris
2342 3131 2618 3177 amatores
2637 3121 2970 3178 comitantur
2987 3129 3140 3194 terga
3165 3128 3443 3176 secantem

419 3203 677 3258 Servitiis
706 3204 844 3278 Λευὶ
877 3219 936 3258 se
966 3204 1234 3271 subdeDS,
1267 3204 1524 3278 dogmata
1556 3204 1700 3259 clara
2146 3211 2439 3280 Fluminis,
2471 3221 2639 3284 atque
2666 3211 2767 3266 sali
2791 3211 3135 3266 Catinensem
3162 3210 3390 3266 actusin
3418 3210 3615 3276 urbem

417 3296 642 3350 Devotis
669 3295 968 3361 adhibens,
1003 3296 1223 3351 Davidis
1243 3297 1485 3351 carmina
1519 3303 1732 3362 tractat,
2146 3305 2382 3360 Tradere
2396 3304 2647 3374 subjecto
2670 3303 2872 3360 fruitur
2899 3303 3231 3359 charismata
3262 3303 3431 3358 clero.

417 3383 736 3440 Clariiicans
768 3401 973 3456 supero
1008 3386 1574 3458 modulataipoemata
1600 3385 1803 3451 nablo;
2150 3395 2283 3450 Inde
2313 3396 2557 3470 religatis
2585 3394 2727 3449 divae
2757 3393 3082 3449 custodibus
3107 3391 3269 3459 aulze,

417 3476 818 3550 “lustransque
847 3477 966 3548 pias
993 3477 1180 3532 divino
1213 3478 1426 3532 lumine
1459 3487 1682 3532 turmas.
2147 3487 2325 3557 Atque
2343 3484 2496 3560 gregi
2530 3485 2778 3556 patribus
2808 3483 3087 3539 minitanti
3125 3499 3184 3539 se
3226 3483 3430 3556 ingerit
3456 3483 3588 3539 urbi

408 3566 620 3621 Attollit
648 3567 873 3639 gemino
901 3574 1233 3639 menteSQue
1271 3574 1325 3622 et
1354 3582 1587 3637 corpora
1617 3565 1753 3621 ἷοῑιιο
2145 3575 2303 3630 Plebs
2331 3575 2528 3630 devota
2544 3581 2754 3645 patrem
2780 3573 2949 3645 capit,
2969 3589 3033 3628 ac
3055 3588 3317 3644 proceres
3333 3572 3451 3628 fera
3472 3572 3767 3636 mandant;

407 3658 673 3714 Silverius
703 3659 823 3713 sine
854 3674 1010 3714 more
1044 3659 1216 3731 gradu
1247 3658 1596 3730 perfungitur
1623 3658 1734 3712 alto
2145 3663 2383 3727 Quaestio
2420 3663 2558 3718 dura
2588 3663 2759 3730 subit,
2789 3661 3026 3718 trahitur
3061 3661 3340 3718 contentio
3371 3662 3630 3736 longum,

410 3746 494 3812 Et,
517 3746 666 3802 clero
698 3746 980 3813 obstricto,
1015 3747 1238 3818 rapiunt
1262 3763 1385 3802 mox
1410 3746 1519 3801 fata
1542 3755 1857 3818 tyrannum,
2143 3751 2205 3807 Et
2234 3751 2349 3807 rixa
2369 3752 2626 3824 geminus
2645 3753 2738 3807 tali
2757 3752 3106 3819 consumitur
3134 3767 3334 3819 annus,

413 3839 560 3895 Bella
589 3848 772 3895 terunt
803 3841 1056 3910 patriam,
1091 3841 1260 3896 Roma
1291 3841 1585 3895 obsidione
1617 3847 1892 3913 gravatur,
2141 3846 2314 3916 Impia
2335 3855 2551 3918 sceptra
2579 3855 2798 3914 notans,
2826 3863 2984 3904 saevae
3013 3847 3440 3920 paterimproba
3469 3848 3628 3905 vultu

411 3933 595 4008 Surgit
625 3935 746 3988 dira
768 3934 962 4000 fames,
995 3936 1167 4004 pestis
1187 3943 1482 4008 grassatur.
1517 3940 1571 3988 et
1599 3935 1769 4001 ensis,
2139 3934 2315 3989 Sumit
2344 3933 2514 4007 ﬂagra
2539 3951 2729 4004 manu,
2761 3936 2879 3991 miti
2913 3936 3156 3992 convitia
3183 3944 3393 4003 mente,

416 4025 475 4078 Ui
509 4025 707 4098 stragis
727 4025 860 4080 satis
883 4033 1156 4093 exactum,
1181 4026 1317 4097 petit
1343 4025 1476 4081 ultio
1505 4042 1724 4096 papam.
2138 4026 2273 4082 llinc
2302 4027 2544 4084 subeunt
2572 4029 2814 4097 majora:
2856 4029 2963 4100 piis
2983 4029 3235 4084 avellitur
3268 4029 3413 4095 aris;

411 4121 474 4173 At
499 4118 692 4174 firmus
706 4120 818 4188 jam
839 4119 974 4174 sede
1006 4119 1436 4176 Petrirobustus
1466 4134 1701 4191 agonem
2136 4117 2285 4172 Colla
2320 4117 2454 4189 ligat
2479 4117 2628 4172 funis
2647 4117 2849 4189 passim
2868 4118 3183 4189 spectacula
3212 4117 3432 4185 dantis;

414 4208 644 4280 Excipit,
686 4208 1027 4283 Augustique
1056 4208 1348 4281 legitstare
1381 4207 1578 4262 obvius
1599 4208 1706 4274 ori,
2059 4272 2109 4285 _
2137 4211 2363 4268 Solvere
2395 4220 2721 4268 consuetum
2755 4218 2941 4283 stupet
2961 4213 3094 4267 urbs
3117 4211 3403 4283 pavefacto
3429 4211 3703 4285 ligatum;

411 4272 638 4355 Deinde
667 4272 802 4356 suis
834 4272 1054 4371 pulsum
1106 4272 1253 4355 haud
1306 4272 1710 4356 redhibendum
1762 4301 2038 4359 moenibus
2059 4272 2117 4342 D
2139 4301 2362 4357 Solvere
2396 4301 2664 4356 latronem
2694 4272 2959 4368 renuens,
2993 4309 3053 4356 ut
3083 4272 3238 4368 latro,
3263 4272 3500 4376 ligatur:

1685 4393 1966 4469 (anguem,
2139 4391 2404 4467 Mergitur
2433 4392 2490 4447 in
2519 4392 2798 4461 tenebras,
2831 4408 3107 4465 parceque
3147 4393 3322 4448 diaria
3343 4393 3520 4449 fertur

412 4476 566 4534 Unde
605 4476 766 4534 dolos
795 4477 1133 4552 laqueosque
1163 4479 1332 4551 subit,
1367 4497 1531 4553 quem
1563 4480 1758 4538 fraude
1794 4489 2040 4554 potestas
2140 4485 2303 4541 Panis
2341 4501 2569 4558 parvum
2598 4491 2653 4542 et
2677 4501 2866 4558 aquae;
2895 4493 3114 4557 reputat
3127 4501 3184 4541 se
3222 4485 3394 4558 digna
3416 4487 3666 4552 subisse,

406 4564 612 4634 Afficit,
641 4573 838 4622 ornatu
873 4567 1072 4640 privat,
1103 4569 1225 4625 sine
1243 4569 1369 4639 jure
1404 4571 1615 4645 fatigat,

2139 4581 2215 4637 Ac
2240 4580 2396 4636 reddi
2425 4580 2639 4637 meritis
2667 4580 2946 4637 consentit
2974 4580 3160 4636 debita
3187 4579 3366 4644 factis,

407 4657 808 4731 Extorremque
839 4659 1014 4733 fugat,
1047 4660 1540 4734 contessoremque
1569 4671 1831 4729 coronat;

1829 4710 1831 4722 ι
2138 4675 2342 4731 Exsilio
2379 4676 2560 4733 clerus
2586 4675 2802 4740 teritur,
2843 4676 3156 4748 mulctaque
3183 4691 3406 4732 reorum

409 4749 584 4818 Hujus
605 4754 662 4805 et
688 4751 756 4804 ad
785 4751 1026 4806 tumbam
1054 4752 1266 4808 morbis
1292 4752 1552 4826 vitiisque
1583 4755 1822 4826 repulsis
2135 4763 2406 4819 Afﬁcitur.
2427 4762 2550 4820 Mox
2578 4779 2738 4837 (equa
2763 4773 2973 4821 trucem
2999 4765 3150 4820 subit
3181 4765 3322 4822 ultio
3347 4772 3578 4838 gentem
3609 4783 3624 4820 :

404 4845 759 4916 Assumptum
782 4847 937 4902 cmlis
965 4848 1158 4919 pandit
1195 4849 1320 4903 data
1348 4849 1524 4920 gloria
1545 4851 1723 4905 terris.
2137 4854 2425 4910 Barbaries
2452 4853 2681 4926 inimica
2701 4869 2869 4909 ruens
2888 4853 3033 4911 ferro
3059 4853 3282 4909 obsidet
3309 4854 3503 4909 urbem
3526 4873 3542 4908 :

403 4935 648 5008 Depositi
675 4939 945 5014 regimen,
969 4948 1285 5012 sortemque
1315 4939 1548 5014 Vigilius
1575 4942 1763 5009 intrat,
2137 4941 2295 4998 Peste
2319 4944 2498 5015 quatit
2524 4943 2706 5010 famis,
2738 4943 2979 4999 immites
3010 4943 3076 4999 ad
3108 4943 3227 4998 dira
3249 4951 3474 5000 coercet

401 5027 620 5084 Arridet
650 5043 756 5098 pax
788 5029 1081 5099 Hesperiae,
1111 5038 1271 5099 capto
1301 5029 1458 5084 hoste
1490 5030 1793 5102 triumphat
2138 5034 2352 5089 luvadit
2372 5050 2597 5108 quoque
2627 5036 2892 5107 privatam
2917 5036 3193 5091 solamine
3220 5035 3468 5107 plebem,

403 5117 561 5186 Urbs,
594 5119 902 5192 Africmque
934 5120 1096 5176 dolus
1127 5121 1293 5191 prisci
1324 5121 1418 5175 dat
1449 5122 1858 5194 regminajuris
2137 5123 2244 5178 Sed
2277 5124 2420 5179 Petri
2452 5141 2713 5181 mucrone
2737 5125 2898 5195 jubet
2937 5125 3246 5181 reverentia
3274 5126 3448 5197 parci.

402 5208 628 5267 Munera
654 5213 816 5267 tutori
850 5211 1155 5283 spoliorum
1187 5213 1362 5286 gloria
1388 5213 1585 5269 Petro:
1982 5280 1984 5282 ν
2136 5214 2416 5289 Effugiunt
2446 5216 2653 5286 Patres,
2675 5218 3025 5289 desolatique
3055 5233 3309 5274 sororem

402 5303 534 5359 Lata
555 5305 681 5376 epis
715 5305 978 5380 indignis,
1011 5305 1205 5360 solatia
1235 5323 1406 5376 prona
1437 5306 1708 5372 feruntur,
2137 5308 2256 5364 Rite
2286 5317 2478 5380 petunt
2505 5311 2716 5378 matris,
2748 5310 3089 5383 quaesitaque
3122 5309 3296 5364 fulcra
3326 5316 3650 5380 reportant.

397 5394 574 5466 Atque
606 5393 700 5448 Dei
734 5393 922 5448 famuli
957 5395 1104 5450 dono
1137 5394 1355 5465 pietatis
1386 5395 1650 5461 aluntur;
2134 5397 2424 5454 Mittituret
2452 5398 2705 5469 Romam,
2733 5400 3015 5455 salvantur
3044 5398 3112 5453 ab
3133 5399 3290 5454 hoste
3321 5397 3593 5464 Quirites,

402 5486 703 5542 Stemmata
723 5488 1009 5559 apostolici
1038 5489 1358 5544 certaminis
1387 5497 1550 5560 atque
1585 5489 1847 5562 triumphi
2134 5489 2475 5563 Salvatique,
2504 5492 2677 5564 patris
2702 5492 2860 5548 reddi
2891 5492 2999 5546 sibi
3028 5490 3281 5567 regmina
3311 5497 3562 5561 poscunt

401 5574 561 5632 Lucis
587 5582 734 5631 arata
758 5577 922 5648 stylo,
949 5577 1194 5634 rutilanti
1221 5586 1443 5649 compta
1475 5579 1670 5643 nitore,
2137 5579 2399 5638 Laetificat
2426 5582 2600 5656 gestis
2627 5583 2932 5656 Augustum
2959 5580 3135 5654 gloria
3167 5580 3390 5651 palmae,
