4002 6124
216 226 325 281 Π3
842 225 924 280 DE
963 226 1222 280 CHRISTI
1263 225 1628 281 TBIUMPHIS
1669 226 1840 281 APUD
1883 226 2150 282 ITALIAM
2200 228 2376 283 LIBRI
2416 229 2548 285 XIV.
2589 259 2655 269 -—-
2697 229 2820 283 LIB.
2863 229 2927 284 Χ.
3459 228 3562 283 776

216 356 277 409 Et
307 355 482 409 llexus
501 363 719 410 revocat
743 372 962 426 papam,
996 356 1374 429 precibusque
1408 363 1692 428 petentum

214 448 420 506 Reddit
447 448 728 516 collatum,
755 450 1001 521 clerique
1023 450 1295 504 levamine
1323 450 1538 506 fultum.

215 535 317 591 Ille
350 536 701 608 Syracusiam
731 538 898 594 sociis
935 539 1229 596 comitatus
1257 541 1312 595 in
1344 542 1538 598 urbem

1859 366 1912 432 Α
1944 358 2275 423 Deveniens,
2299 357 2562 429 languore
2589 357 2742 431 gravi
2769 357 2918 412 subit
2937 357 3131 412 ultima
3160 355 3278 412 fati.

1950 455 2185 528 Pignora
2216 457 2452 528 depositi
2485 462 2742 527 repetens
2771 455 2904 511 urbs
2930 455 3098 512 Roma
3120 463 3386 526 receptat.

1703 645 1908 702 CAPUT
1951 647 2090 704 XIII.

936 741 1014 800 De
1039 741 1269 803 duobus
1296 744 1556 822 Pelag-is,
1587 746 1821 809 Joanne
1849 766 2081 826 quoque
2109 758 2162 808 et
2195 749 2506 810 Benedicto
2538 750 2850 826 episcopis.

215 872 494 945 Pelagius,
525 873 743 930 modico
771 873 991 930 Patrum
1018 878 1340 934 moderante
1361 888 1554 936 senatu

216 965 492 1019 Praemissi
526 966 744 1020 mulctte
768 975 1058 1038 suspectus
1083 970 1316 1025 crimine
1340 988 1515 1042 papae,

217 1056 547 1113 Provehitur
570 1059 762 1125 sacris,
791 1076 965 1131 seque
996 1064 1264 1133 approbat
1287 1063 1422 1118 urbe
1436 1072 1623 1118 coacta

215 1144 547 1212 Inuocuum,
581 1156 771 1203 monet
799 1164 863 1204 ac
892 1160 1082 1205 censet
1112 1167 1181 1206 ne
1200 1159 1345 1207 sorte
1367 1153 1554 1207 lucelli

217 1239 353 1303 Quis
373 1247 524 1310 petat
551 1239 811 1296 Ecclesiae
841 1242 1082 1308 culmen,
1109 1243 1197 1299 vel
1223 1250 1404 1315 captet
1425 1246 1712 1301 honorem.

220 1327 460 1385 Ornatus
490 1347 755 1409 reparans
771 1332 902 1400 aris,
927 1333 1487 1406 fundaminatemplis

220 1419 484 1490 Instituit,
530 1420 786 1493 Petrique
817 1439 1009 1478 urnam
1042 1423 1144 1479 sub
1175 1432 1315 1480 tecta
1345 1426 1602 1496 capessit.

219 1512 552 1570 Sanctorum
575 1516 826 1588 sequitur
854 1525 1171 1573 restaurans
1196 1518 1353 1573 busta
1382 1519 1647 1586 Joannes,

220 1601 352 1665 Quae
392 1619 532 1674 puro
564 1605 694 1660 colit
723 1605 945 1673 affectu,
977 1615 1269 1662 veneratur
1301 1609 1531 1676 honore,

225 1691 503 1762 lmpensis
525 1695 884 1762 ornat,dicat,
917 1704 972 1751 et
1012 1714 1121 1752 non
1151 1698 1369 1772 integra
1388 1698 1629 1769 supplet.

224 1779 491 1836 Hostibus
521 1785 825 1853 oppressis,
845 1786 1036 1856 patriae
1063 1789 1361 1861 tranquilla
1384 1789 1634 1844 feruntur

223 1872 480 1947 Ingrata),
503 1893 625 1950 quae
657 1878 865 1949 pellere
895 1885 1057 1952 Opem
1089 1889 1317 1939 ventosa
1340 1882 1570 1951 laborat,

1943 882 1997 936 Is
2026 889 2216 938 contra
2259 883 2498 939 retinere
2536 883 2757 949 ducem,
2793 882 3023 938 tutarier
3043 882 3259 950 urbem,

1942 972 2096 1027 Pacis
2125 979 2179 1027 ct
2205 989 2380 1044 usque
2407 973 2512 1044 pia:
2543 989 2640 1043 pro
2673 989 2903 1026 munere
2923 972 2989 1026 ad
3017 972 3209 1026 ultima
3231 977 3421 1026 certat.

1938 1061 2058 1116 Mox
2102 1061 2260 1115 famis
2287 1069 2340 1116 et
2368 1062 2537 1137 gladii
2559 1061 2841 1116 Benedicti
2873 1068 3120 1130 tempora
3140 1069 3424 1131 quassant,

1939 1152 2345 1223 Ausoniamque
2377 1142 2559 1207 terunt
2583 1151 2820 1226 gemina:
2852 1150 3175 1206 discrimina
3204 1167 3383 1222 poena:
3417 1169 3431 1206 :

1941 1247 2026 1313 At,
2061 1247 2361 1302 miserante
2384 1247 2516 1312 Deo,
2559 1247 2714 1302 Nilus
2740 1246 2938 1302 solatia
2970 1246 3138 1318 legat.

1947 1340 2202 1413 Pelagius
2228 1343 2375 1398 hunc
2403 1343 2651 1414 sequitur
2676 1341 2872 1414 pelago
2903 1341 3072 1396 moris
3092 1340 3276 1396 obitur
3303 1341 3445 1409 (188)
3480 1359 3495 1406 ;

1950 1431 2248 1503 lnsurgunt
2277 1432 2541 1503 equidem
2583 1432 2770 1486 nimize
2790 1447 2913 1486 cum
2945 1430 3199 1485 cladibus
3232 1430 3434 1498 unda);

1949 1519 2084 1574 Hinc
2105 1522 2263 1576 saevis
2293 1522 2474 1596 agitur
2511 1522 2712 1596 gladiis
2743 1521 2897 1589 urbs,
2942 1521 3071 1576 inde
3106 1520 3388 1592 procellis,

1948 1607 2210 1672 Diluvies,
2230 1610 2507 1681 primique
2542 1617 2731 1680 putata
2761 1609 3007 1679 pericula
3036 1609 3208 1677 saecli,

1949 1694 2177 1752 Comere
2204 1715 2313 1770 quo
2345 1699 2514 1753 valuit
2545 1715 2649 1753 nec
2678 1698 2888 1752 destitit
2919 1699 3062 1752 alma
3088 1700 3286 1754 decore
3323 1717 3336 1763 ;

1870 1763 1921 1831 Β
1947 1787 2040 1844 Hic
2065 1763 2413 1862 pater-atque
2433 1790 2572 1845 Petri
2605 1799 2836 1863 argento
2869 1791 3245 1845 circumdatet
3276 1807 3408 1845 auro

1953 1883 2275 1955 Rclliquias,
2309 1882 2543 1954 aliisque
2575 1889 2729 1952 parat
2758 1881 2846 1952 pia
2877 1881 3039 1936 xenia
3070 1881 3308 1953 templis.

1713 2030 1920 2086 CAPUT
1967 2031 2096 2085 XIV.

1319 2134 1396 2193 De
1419 2133 1624 2194 sancto
1653 2132 1933 2210 Gregorio
1969 2141 2021 2191 et
2051 2132 2336 2206 omnibus
2364 2133 2513 2208 ejus.

223 2264 437 2335 Inclyta
477 2266 722 2340 Gregorii
744 2267 988 2324 subeunt
1012 2271 1142 2327 hinc
1169 2273 1430 2340 culmina,
1464 2275 1640 2330 caulis

223 2360 598 2432 Excubiisque
627 2363 811 2436 gregis
840 2370 1024 2420 custos
1053 2366 1146 2437 qui
1188 2367 1419 2442 pervigil
1439 2367 1672 2434 instans,

221 2457 374 2510 Actis
399 2463 567 2528 atque
605 2458 747 2512 orsis
775 2459 976 2532 agitad
1007 2461 1254 2516 ctelestia
1287 2471 1494 2533 pastos.

127 2576 136 2584 ο
223 2548 263 2598 A
296 2562 473 2617 puero
501 2547 703 2616 justus,
735 2549 1003 2615 renitens,
1030 2558 1082 2606 et
1112 2553 1381 2627 sanguine
1405 2554 1620 2608 clarus:

221 2637 512 2708 Approbat
540 2639 644 2694 hoc
664 2647 854 2694 atavus
888 2640 1053 2706 Felix,
1097 2641 1404 2713 amitaeque
1428 2643 1603 2698 beata:

220 2729 478 2796 Tarsilla,
513 2731 780 2786 Emiliana
809 2747 989 2798 soror,
1010 2750 1157 2804 quae,
1189 2742 1374 2790 mente
1403 2735 1621 2803 dicatae,

223 2818 561 2891 Augmentis
587 2837 813 2876 crevere
845 2823 950 2892 piis
981 2823 1034 2877 in
1076 2839 1264 2879 amore
1283 2823 1565 2892 Tonantis,

227 2911 475 2982 Corpore
505 2911 632 2966 dum
663 2913 824 2968 terris
850 2914 1381 2988 degentes,pectora
1411 2917 1569 2972 caelis

225 3001 538 3056 Intulerant
569 3019 583 3069 ;
612 3002 772 3058 titulo
795 3019 1022 3074 quarum
1044 3004 1270 3061 Tarsilla
1291 3007 1495 3077 priore,

225 3093 361 3157 Quae
394 3093 650 3148 comebat
682 3094 807 3161 iter,
841 3095 1017 3150 Felice
1044 3104 1296 3164 vocante,
1331 3113 1574 3168 superna

225 3185 376 3240 Luce
401 3186 624 3241 domum
649 3188 867 3242 rutilam
897 3188 1047 3259 prior
1070 3191 1269 3260 accipit
1296 3207 1310 3255 ;
1344 3191 1551 3245 arbiter
1565 3189 1716 3246 orbis

225 3277 422 3332 Visere
450 3279 778 3350 migrantem
809 3297 972 3351 quam
1000 3297 1110 3336 non
1142 3283 1450 3338 contemnit
1477 3283 1661 3350 Jesus,

224 3371 408 3435 Quem
441 3371 618 3427 solum
646 3374 763 3430 haec
793 3375 1022 3446 capiens
1045 3383 1286 3431 astantes
1314 3377 1511 3431 cedere
1543 3377 1785 3443 mandat,

226 3461 393 3516 Hunc
421 3477 592 3532 super
611 3470 756 3517 astra
782 3479 1046 3535 sequens,
1076 3467 1379 3521 vincimina
1435 3474 1615 3521 terrea
1642 3465 1856 3521 transit.

224 3553 534 3608 Nectareus
565 3560 794 3609 testatur
823 3557 960 3612 odor
989 3558 1209 3612 venisse
1249 3558 1462 3629 piarum

227 3649 490 3705 Latorem
514 3650 740 3722 dapium
765 3651 1008 3722 paradisi
1043 3668 1272 3706 munere
1306 3652 1557 3723 plenum,

223 3738 334 3804 Qui
371 3738 530 3810 digni
554 3738 889 3812 fragrantem
920 3740 1105 3810 operis
1124 3741 1418 3812 spargebat
1443 3740 1669 3794 odorem
1700 3757 1714 3804 ;

221 3835 365 3885 Acta
393 3847 522 3886 caro
551 3832 670 3901 ipsa
689 3840 842 3886 notat
879 3833 1104 3897 cubitis,
1134 3832 1485 3906 genibusque
1513 3831 1754 3885 retectis.

225 3920 491 3975 Luminis
523 3921 671 3974 haud
702 3919 923 3994 longum
961 3921 1200 3975 invitans
1229 3921 1298 3974 ad
1322 3921 1458 3974 festa
1485 3935 1753 3984 sororem,

224 4012 514 4065 Terrenas
541 4018 786 4065 removet
808 4027 990 4078 curas,
1013 4011 1291 4066 consortia
1318 4009 1576 4080 spondet,

227 4105 421 4159 Laetos
447 4103 618 4174 inque
645 4105 865 4169 choros,
899 4105 1138 4176 coelique
1161 4104 1213 4158 in
1245 4103 1450 4177 gaudia
1477 4103 1653 4158 ducit.

224 4196 491 4250 Stemma
515 4213 688 4266 nepos
717 4195 939 4271 generis
969 4195 1250 4250 decoravit
1277 4193 1525 4249 moribus
1557 4192 1737 4259 almis,

225 4288 445 4342 Extulit
469 4288 729 4359 ingeniis,
761 4288 960 4342 studiis
991 4286 1213 4342 excudit
1235 4286 1456 4356 Opimis.

224 4379 574 4453 Gregorium
599 4380 866 4448 juvenem
883 4387 1132 4434 materna
1153 4379 1436 4452 legumina
1463 4376 1705 4431 alebant.

222 4474 351 4529 Nec
383 4471 599 4528 mollita
621 4473 778 4539 focis,
802 4473 967 4528 modo
997 4488 1189 4543 sparsa
1212 4469 1552 4541 liquentibus
1573 4467 1757 4523 undis.

217 4567 536 4637 Quemque
567 4563 960 4620 Charaxantem
991 4563 1157 4619 creles
1185 4561 1475 4617 simulatus
1505 4567 1762 4634 egentem

220 4654 543 4728 Naufragio
575 4669 848 4726 pressum,
874 4651 1213 4727 aggreditur,
1243 4647 1502 4722 suffragia
1542 4661 1800 4718 poscens,

220 4748 331 4804 Cui
368 4755 666 4819 postquam
699 4745 894 4800 loculis
915 4752 999 4799 ter
1017 4759 1154 4799 sena
1181 4741 1516 4796 numismata
1545 4739 1758 4811 pendit,

219 4839 483 4897 Instanti
509 4845 564 4893 et
593 4837 849 4909 precibus
879 4836 984 4892 sibi
1018 4835 1188 4891 multa
1210 4834 1418 4905 perisse
1447 4831 1726 4904 querenti,

217 4932 548 4990 Scutellam
577 4931 789 4996 matris,
822 4929 1182 5004 gerulamque
1208 4925 1507 5001 leguminis
1525 4925 1680 4979 addit
1711 4941 1725 4988 ;

216 5027 394 5091 Post,
439 5025 574 5079 dum
607 5005 946 5094 pauperibus
977 5021 1062 5075 his
1083 5037 1176 5075 sex
1207 5018 1439 5074 obsonia
1472 5016 1600 5072 ferri

217 5115 510 5185 Praecipit
538 5111 836 5184 applicitis,
864 5112 1040 5166 cernit
1070 5126 1333 5181 superare
1357 5109 1638 5173 sedentes,

216 5210 492 5267 Mandati
523 5224 812 5262 numerum
843 5207 1040 5278 nequit
1060 5214 1345 5277 aspectare
1371 5203 1645 5266 minister,

139 5290 149 5296 ’
214 5302 332 5368 Qui
362 5308 634 5370 superest
659 5296 831 5366 jussis
846 5295 1131 5350 convivam
1165 5309 1394 5348 cernere
1421 5292 1571 5346 solus

213 5389 547 5466 Gregorius
571 5389 735 5456 valet,
768 5389 914 5442 hunc
944 5386 1112 5441 variis
1133 5385 1286 5439 varia
1312 5399 1406 5438 ora
1436 5381 1540 5436 sub
1570 5380 1720 5436 horis

214 5489 576 5550 nutantem,
597 5483 826 5554 reliquis
840 5498 1007 5554 quem
1035 5480 1259 5536 ducitin
1277 5477 1466 5534 abdita
1495 5477 1678 5532 missis
1711 5494 1726 5541 ;

303 5627 475 5702 (188)
507 5626 708 5683 Versus
731 5633 1040 5698 corruptus.

1953 2274 2246 2328 Personam
2279 2288 2594 2343 nomenque
2625 2282 2816 2346 rogat;
2852 2283 3015 2348 negat
3046 2274 3138 2328 ille
3177 2282 3366 2331 notare

1953 2365 2201 2420 Nominis
2228 2365 2516 2430 indicium,
2547 2364 2788 2435 prodens
2819 2365 2870 2418 id
2907 2381 3162 2436 premere
3193 2367 3389 2422 mirum

1953 2457 2023 2511 Se
2047 2457 2306 2511 eductum
2338 2456 2456 2510 fore
2486 2456 2770 2528 naufragio
2797 2457 2884 2511 cui
2918 2474 3150 2513 munera
3176 2460 3321 2513 vasis

1956 2547 2277 2614 Contulerit,
2309 2548 2413 2601 sibi
2444 2548 2651 2619 legarat
2673 2549 2820 2619 quod
2852 2549 3020 2605 Silvia
3051 2558 3246 2617 mater,

1956 2637 2126 2708 quue
2159 2637 2359 2690 habeat
2385 2645 2595 2692 certum
2629 2637 2789 2692 sedes
2805 2653 2864 2692 se
2898 2639 3147 2712 regmina
3174 2636 3316 2694 Petri

1955 2729 2338 2800 Sumpturum,
2367 2729 2448 2784 sic
2477 2730 2791 2800 depositum
2822 2731 3200 2788 moderamine
3215 2748 3432 2789 summo

1901 2873 1922 2894 η
1955 2821 2270 2877 leicolam
2303 2837 2524 2894 quoque
2554 2838 2615 2876 se
2665 2822 2880 2892 pandit,
2913 2823 3275 2895 perhibetque
3317 2840 3574 2896 pavorem

1901 2873 1922 2894 Ἰ
1967 2873 2269 2877 """"""_
2307 2873 2520 2894 Ί“’“Ι’”⁷
2557 2873 2609 2876 ’⁷
2666 2873 2880 2892 Ι““’““”“1
2913 2873 3272 2895 Γ““““τν““ι”-⁷
3317 2873 3347 2896 Γ

1875 2873 1925 2942 (³
1957 2915 2179 2968 Attoniti
2237 2930 2546 2969 memorans
2567 2915 2688 2984 ejus
2725 2931 2785 2969 se
2817 2915 2885 2968 ad
2912 2915 3100 2969 munia
3119 2915 3347 2970 missum

1960 3004 2271 3072 Custodem,
2297 3016 2459 3077 atque
2477 3021 2702 3077 precum
2717 3007 2968 3077 gerulum
2988 3022 3155 3077 super
3167 3015 3310 3060 astra
3333 3023 3578 3062 suarum.

1960 3097 2189 3152 Lubrica
2215 3097 2295 3151 sic
2324 3097 2515 3151 mundi
2548 3097 2944 3152 transcendens
2969 3097 3170 3171 gaudia
3209 3099 3439 3152 summis

1959 3187 2166 3242 Attollit
2197 3196 2438 3242 mentem
2475 3187 2665 3254 radiis,
2697 3188 2815 3242 sola
2845 3194 3092 3242 temnere
3126 3197 3437 3258 promptus,

1961 3276 2148 3332 Solum
2181 3277 2376 3331 ardere
2417 3278 2610 3341 Deum,
2637 3277 2849 3331 meritis
2878 3277 3164 3348 acquirere
3185 3277 3409 3340 cmlum,

1963 3368 2138 3439 thue
2161 3368 2430 3439 patetsibi
2447 3369 2737 3422 missarum
2762 3369 3053 3439 percensio
3087 3385 3292 3432 rerum,

1960 3463 2213 3519 Notilicat
2241 3463 2591 3534 quid_mente
2622 3471 2798 3535 gerat,
2833 3478 3179 3534 quaecunque
3212 3462 3462 3517 latebant

1963 3552 2135 3608 Corde
2165 3552 2338 3623 aperti
2372 3568 2534 3623 ;qu.e
2567 3568 2703 3606 vana
2727 3558 2878 3605 tenet
2908 3551 3112 3621 pietate
3145 3551 3395 3614 remittit,

1964 3643 2211 3699 Cultibus
2238 3651 2404 3715 atque
2435 3643 2607 3697 sacris
2636 3643 2859 3708 subicit,
2892 3642 3121 3712 largitur
3151 3641 3368 3714 egenis.

1965 3733 2198 3804 Ipseque
2231 3733 2407 3787 factus
2434 3748 2607 3804 egens
2635 3730 2907 3784 Christum
2938 3737 3180 3784 sectatur
3201 3744 3435 3801 egenum
3463 3746 3477 3792 ;

1963 3822 2281 3892 Militiaeque
2313 3821 2502 3876 locans
2531 3829 2660 3890 apto
2688 3819 2808 3874 caeli
2842 3819 3038 3874 ordine
3070 3825 3297 3882 turmas,

1967 3912 2238 3982 Disponit,
2259 3911 2425 3976 fovet,
2458 3918 2695 3973 exercet,
2729 3908 3064 3973 moderatur,
3096 3907 3328 3962 adornat
3355 3924 3370 3971 ;

1967 4006 2112 4058 Inter
2137 4013 2191 4059 et
2216 4011 2431 4059 exertos
2461 4011 2679 4059 exertus
2694 4003 2874 4056 vibrat
2903 4016 3159 4074 agonem,

1964 4093 2227 4167 Tegmine
2253 4110 2375 4148 nam
2401 4093 2604 4148 trabea:
2637 4091 2812 4163 posito
2843 4090 3187 4164 gemmisque
3211 4088 3479 4155 coruscis,

1879 4221 1939 4290 D
1966 4189 2211 4258 Paupere
2237 4187 2554 4257 squalentes
2584 4185 2773 4239 habitu
2833 4199 2943 4238 non
2976 4184 3163 4237 horret
3190 4181 3425 4235 amictus
3453 4198 3468 4245 ;

1968 4279 2314 4349 Pauperibus
2341 4275 2539 4331 Christi
2568 4275 2705 4348 quin
2733 4289 2944 4346 pauper
2970 4279 3025 4327 et
3045 4272 3162 4342 ipse
3189 4269 3462 4325 ministrat
3499 4287 3512 4324 :

1969 4373 2237 4428 Virtutum
2262 4372 2529 4442 locuples,
2571 4369 2844 4440 sapientia
2875 4367 2961 4422 cui
2990 4365 3142 4437 prior
3167 4379 3322 4432 auro,

1969 4461 2222 4516 Culmina
2239 4462 2498 4516 virtutum
2539 4459 2784 4528 lapidum
2816 4457 3030 4528 potiora
3048 4456 3253 4519 nitore,

1970 4554 2152 4609 Gratia
2188 4551 2427 4609 caelestis
2465 4567 2688 4616 census,
2720 4547 3318 4620 habitusque,decore;

1971 4645 2163 4699 Omnia
2187 4643 2275 4699 cui
2309 4651 2530 4697 terrena
2550 4641 2760 4712 jacent,
2779 4637 3027 4694 coelestia
3047 4644 3234 4692 mente

1971 4738 2096 4793 Sola
2126 4738 2304 4792 nitent
2336 4754 2350 4801 ;
2385 4736 2528 4790 inter
2565 4750 2689 4806 quas
2722 4733 2932 4788 lumine
2953 4739 3394 4788 carneatranans

1969 4830 2244 4891 Versatur,
2279 4834 2481 4882 metam
2512 4823 2792 4892 affectans,
2833 4830 2888 4878 et
2914 4823 3139 4895 praemia
3169 4837 3447 4894 quiEt-ens,

1970 4922 2054 4976 Nil
2084 4929 2362 4977 terrenum
2391 4926 2606 4991 aptans,
2639 4917 2715 4972 nil
2741 4918 2854 4986 jam
2888 4916 3108 4972 carnale
3133 4915 3446 4987 requirens,

1972 5012 2157 5066 Nilvel
2191 5011 2404 5065 habens
2439 5009 2524 5064 vel
2555 5008 2758 5064 habere
2778 5007 2969 5062 sineris
2993 5023 3090 5061 sua
3121 5013 3277 5075 septa
3302 5003 3586 5067 colentes;

1973 5103 2125 5157 Unde
2147 5118 2249 5156 nec
2281 5101 2538 5154 immunis
2569 5098 2776 5170 pr0prii
2809 5097 2854 5152 si
2886 5099 3024 5153 forte
3056 5103 3307 5166 repertus

1972 5194 2104 5258 Quis
2123 5202 2371 5247 servator
2396 5191 2531 5254 abit,
2564 5190 2725 5246 docet
2748 5189 2802 5243 id
2839 5189 3211 5261 paradigmate
3239 5183 3425 5238 Justus

1973 5285 2189 5338 InJuste
2210 5285 2397 5336 custos
2428 5280 2616 5352 Operis
2647 5280 2985 5334 malecautus
3010 5274 3155 5330 avari

1971 5378 2147 5430 Aurea
2169 5375 2255 5430 cui
2291 5374 2504 5444 peperit
2534 5388 2636 5428 nec
2667 5387 2864 5444 magna
2896 5365 3131 5439 pecunia
3164 5362 3419 5418 mulctam

1969 5464 2379 5535 Torseruntque
2401 5464 2546 5518 inter
2568 5459 2933 5517 medicamina
2963 5464 3108 5508 trusa
3134 5468 3370 5511 venena.
