3994 6148
412 246 520 302 775
675 306 680 319 θ
1171 229 1536 288 FLODOARDI
1577 227 1882 285 CANONICI
1923 225 2257 283 REMENSIS
2297 225 2635 282 OPUSCUILA
2674 226 2982 283 METRICA.
3643 233 3737 289 776

414 377 583 441 Quem
611 379 766 445 pater
781 376 1001 425 austero
1025 365 1303 420 medicum
1332 362 1700 418 medicamine
1732 374 1951 420 curans.
2050 361 2103 429 Α
2131 356 2379 413 Proxima
2409 372 2558 413 mors
2587 373 2697 413 non
2745 358 2911 414 corda
2954 359 3151 431 quatit,
3209 359 3345 431 quin
3396 360 3638 431 proripit
3665 361 3740 415 in-

415 464 649 533 Corpora
677 455 921 514 curantis
942 459 1180 509 mentem
1212 467 1310 522 per
1328 449 1566 504 tormina
1594 455 1751 504 sanat
1778 464 1792 512 ;
3470 450 3677 523 [stans;

416 555 662 624 Pumque
694 550 749 604 in
780 554 956 603 morte
987 544 1136 612 ferit,
1168 545 1355 615 plures
1384 560 1415 598 a
1436 549 1615 599 morte
1646 539 1883 606 reducit,
2127 544 2210 599 Nil
2251 544 2355 600 nisi
2396 560 2718 617 supremum
2742 552 2997 611 cernunt,
3025 560 3259 601 summae
3291 548 3484 602 oscula
3514 548 3670 619 pacis

412 649 548 703 Dum
579 646 649 700 de
667 650 847 700 morte
872 642 1017 697 levat
1045 654 1249 695 munus
1276 638 1438 694 vitale
1456 637 1718 711 resignat,
2126 633 2315 690 Mutua
2340 634 2493 701 dant,
2526 634 2619 706 pia
2657 634 2802 690 dona
2827 634 2933 690 viae
2964 634 3159 690 solatia
3179 643 3427 701 sumunt,

410 740 520 795 Nec
535 736 800 794 Dominus
831 741 1037 791 tantam
1065 731 1268 803 patitur
1306 729 1532 786 latuisse
1562 727 1857 787 medelam.
2131 725 2599 799 Committuntque
2621 726 2834 782 animas
2859 726 2954 799 qui
2978 742 3211 798 corpora
3230 736 3406 783 morte
3437 735 3682 784 coarctat

410 829 796 899 Germanoque
827 823 1242 896 aperitfunctus
1272 819 1543 876 solamina
1568 820 1711 884 vivo,
2125 817 2382 873 Flectitur
2401 818 2752 889 omnipotens
2781 818 3017 890 trepidis
3044 817 3338 874 clementia
3359 819 3551 887 rebus,

410 918 517 973 Sed
546 933 651 972 nec
679 914 1004 971 dissimilem
1039 913 1126 968 cui
1154 919 1309 966 terna
1341 910 1673 964 numismata
1697 905 1862 960 frater
2126 912 2228 968 Pro
2254 912 2395 969 miro
2432 929 2653 970 servare
2680 913 2844 969 modo
2872 912 3191 968 discriminc
3223 929 3479 974 censeas,

409 1005 729 1062 Contulcral
748 1003 914 1058 sentit
939 1001 1222 1066 ῐηυιεῑειιη,
1252 998 1552 1068 amilliqu
1580 997 1852 1061 levamen,
2133 1006 2372 1070 Quorum
2403 1003 2598 1058 adiens
2617 1003 2838 1075 stupido
2864 1004 3169 1059 tremefecit
3189 1004 3358 1059 corda
3381 1020 3610 1075 pavore,

409 1101 566 1156 Patre
587 1095 908 1154 monasterii
940 1096 1033 1169 qui
1066 1094 1314 1168 proditus
1335 1109 1429 1148 ore
1459 1092 1660 1166 ligatur
2133 1093 2224 1148 Sic
2252 1095 2415 1164 plena
2444 1100 2569 1148 octo
2602 1099 2750 1147 natat
2767 1092 3110 1164 lympharum
3141 1093 3547 1165 hominumque
3565 1093 3745 1149 ciebus

409 1192 656 1266 Gregorii
683 1198 893 1261 raptus,
924 1204 1027 1242 nec
1050 1187 1231 1241 adhuc
1254 1183 1555 1239 vincimine
1584 1181 1745 1243 liber,
2134 1185 2385 1258 Cymba,
2451 1186 2563 1240 Deo
2628 1201 2900 1258 peragens
2991 1185 3248 1257 propium
3316 1186 3485 1242 modo
3547 1184 3745 1258 remige

412 1280 684 1346 Cernitur,
719 1277 905 1334 abbati
934 1291 1193 1348 promens
1229 1289 1287 1329 se
1309 1288 1531 1329 carcere
1570 1270 1839 1335 clausum,
3399 1277 3643 1348 [rursum
3671 1294 3684 1343 ;

414 1374 551 1428 Dum
582 1371 758 1444 patris
785 1385 882 1425 ore
907 1369 1033 1424 data
1064 1375 1147 1424 est
1179 1367 1356 1423 oratio
1387 1365 1508 1420 fusa
1533 1363 1815 1434 sepulcro.

2135 1370 2443 1426 Incolumes
2470 1384 2638 1435 nono,
2669 1368 2798 1425 dum
2833 1368 3167 1425 Cotronense
3197 1377 3444 1442 receptat

409 1463 501 1517 Ais
528 1460 725 1533 reliqui
749 1465 1023 1531 aptantur,
1051 1464 1252 1512 cuncto
1283 1470 1505 1527 quoque
1537 1453 1688 1507 fasce
1739 1452 1988 1506 levantur
2014 1475 2031 1531 ς
2136 1462 2380 1535 Gregorii
2414 1462 2567 1517 unus
2587 1462 2788 1529 socios,
2820 1478 2960 1534 quos
2985 1461 3370 1531 Maximianus,

409 1555 792 1630 Legitimoque
820 1550 984 1606 simul
1010 1550 1217 1605 bellum
1244 1554 1399 1619 pater
1429 1544 1652 1620 agmine
1677 1548 1888 1609 tractat.
2136 1553 2202 1608 Ut
2229 1553 2450 1608 lintrem
2492 1568 2748 1628 egressus
2776 1554 3044 1626 sequitur,
3079 1554 3217 1625 petit
3269 1554 3363 1609 illa
3393 1552 3743 1626 prolundum,

413 1650 474 1705 Et
501 1650 708 1706 multos
738 1649 806 1704 ad
837 1663 1005 1720 regna
1029 1646 1162 1718 poli,
1189 1658 1532 1715 superasque
1564 1656 1796 1696 coronas
2058 1682 2103 1720 η
2133 1646 2250 1701 Jam
2283 1660 2392 1700 non
2420 1646 2561 1701 ferre
2592 1645 2779 1701 valens
2806 1645 3091 1701 hominum
3104 1646 3225 1701 sine
3248 1646 3497 1718 pondere
3532 1644 3744 1711 fluctus,

411 1740 639 1813 Delegat
667 1757 681 1805 ;
707 1752 940 1808 quorum
970 1734 1193 1806 quidam
1213 1740 1446 1787 ventura
1477 1730 1831 1801 prophetarit,
2056 1730 2107 1749 "
2134 1733 2381 1807 Gregorii
2415 1734 2627 1789 meritis
2655 1734 2913 1790 homines
2928 1751 3052 1807 qum
3082 1734 3231 1790 vexit
3251 1743 3305 1790 et
3335 1735 3533 1790 undas.

409 1832 548 1885 Ante
574 1828 903 1896 obitumque
925 1823 1105 1879 sciunt
1136 1836 1244 1893 quo
1263 1828 1481 1875 sumant
1503 1818 1698 1875 ordine
1730 1817 1955 1889 palmas.
2132 1824 2445 1880 Maximiani
2477 1827 2596 1881 hanc
2624 1825 2719 1880 ille
2751 1833 2934 1880 tamen
2966 1824 3183 1898 delegat
3212 1825 3434 1885 honori,

410 1916 619 1987 Aspicit
648 1916 771 1970 1ιᾶἒο
799 1921 1061 1984 certoque
1092 1911 1261 1982 refert
1288 1908 1582 1964 Gerontius
1611 1922 1744 1973 ore;
2134 1914 2361 1987 Propria
2388 1914 2516 1968 dum
2550 1913 2728 1969 vitans
2756 1912 2987 1968 fratrum
3020 1913 3296 1984 pmconia
3327 1912 3542 1984 pangit,

410 2005 704 2076 Accipiunt
733 2003 955 2075 quidam
980 2001 1299 2072 peccamina
1324 1999 1493 2053 inissa
1528 1995 1728 2063 vocati,

2133 2004 2300 2069 Queis
2328 2004 2563 2074 aliisque
2582 2003 2673 2074 pio
2705 2002 2903 2057 Christi
2927 2003 3030 2057 sub
3063 2017 3249 2057 amore
3283 2009 3508 2075 rogatus
3542 2035 3548 2041 -

409 2096 713 2167 Seeurique
745 2095 979 2166 migrant
1011 2111 1025 2158 ;
1056 2092 1251 2164 probat
1281 2092 1386 2145 hoc
1414 2088 1683 2145 Antonius
1701 2093 1847 2153 actu,
2134 2093 2368 2162 Enodat,
2386 2095 2699 2169 retegitque
2722 2093 2825 2149 viri
2853 2092 3113 2163 mysteria
3138 2093 3323 2146 clausa

414 2192 524 2247 Hac
561 2188 801 2245 Merulus
830 2187 1109 2259 lacrymis,
1167 2186 1535 2257 precibusque
1593 2190 1844 2237 assuetus
1875 2187 2029 2234 uter—
2129 2187 2453 2244 sermonum
2488 2188 2814 2258 inviciiwer
2843 2186 3034 2258 pretia
3063 2185 3212 2240 mille
3233 2182 3468 2255 probati,

1805 2269 1957 2341 [(1110,
2132 2277 2362 2333 Discutit
2392 2277 2806 2349 enucleansque
2836 2276 3127 2348 aenigmata
3157 2275 3281 2329 diva
3308 2273 3544 2343 revelat,

414 2373 606 2429 Florea
632 2386 797 2445 quem
828 2368 986 2425 cmlis
1013 2366 1421 2439 capitidelapsa
1441 2381 1667 2429 corona,
1714 2383 1727 2390 θ
2133 2369 2485 2425 Sacramenta
2512 2369 2710 2440 aperit,
2743 2374 2959 2424 secreta
2988 2365 3232 2438 patentia
3263 2364 3465 2432 reddit,

409 2461 723 2517 Jucundum
753 2466 1046 2530 tutumque
1073 2456 1186 2530 agit
1227 2455 1296 2510 ad
1314 2453 1571 2510 coelestia
1594 2469 1785 2526 regna.
2133 2461 2493 2534 Syrmateque
2520 2460 2723 2516 eximio
2749 2475 2851 2531 per
2877 2459 3034 2531 plura
3061 2457 3340 2514 volumina
3370 2456 3588 2514 condit.

408 2553 632 2609 VlSlbUS
658 2560 713 2608 et
743 2552 901 2607 testis
929 2549 1227 2624 fragrantia
1261 2551 1400 2603 mira
1430 2546 1671 2618 sepulcri
2132 2555 2286 2610 Tunc
2313 2570 2535 2626 quoque
2565 2559 2880 2629 surgentem
2914 2563 3146 2609 ventura
3178 2551 3233 2606 in
3290 2550 3503 2606 lumina
3544 2555 3749 2622 pestem

407 2641 625 2699 3013‘“?
648 2639 872 2711 juvenis
900 2653 1124 2710 Ρτθεδυθ
1151 2637 1416 2711 languore
1434 2636 1698 2701 Joannes:
2132 2645 2345 2711 Atterit,
2376 2651 2429 2700 et
2449 2644 2562 2700 veri
2583 2643 2784 2714 jaculis
2814 2642 2982 2699 fando
3007 2641 3209 2709 obruit,
3234 2647 3399 2712 atque

411 2735 671 2810 Erigitur:
697 2734 998 2806 iussusque
1020 2731 1089 2787 ad
1118 2731 1226 2786 fam
1250 2730 1559 2802 ΡΓοΡίηεῐυδ
1588 2727 1770 2800 Pamri
2135 2738 2464 2809 Oppressam
2500 2737 2724 2808 penitus
2761 2736 2943 2808 prima
2973 2736 3078 2792 sub
3105 2735 3317 2809 origine
3349 2732 3555 2808 mergit
3579 2748 3597 2797 ;

414 2822 687 2891 Cmuatur,
719 2837 934 2878 memor
962 2829 1048 2876 est
1073 2818 1234 2890 jussi,
1274 2818 1612 2892 geminoque
1639 2816 1742 2871 sub
1779 2830 1926 2871 anno

2133 2828 2334 2901 Sicque
2366 2828 2731 2900 triumphator
2769 2835 3029 2899 repetens
3058 2827 3292 2883 feliciter
3320 2825 3543 2892 urbem,

415 2916 691 2987 Praeparat
713 2931 1020 2991 egressum,
1048 2913 1368 2985 accitusque
1399 2912 1442 2966 it
1471 2921 1654 2966 certus
1681 2910 1750 2965 ab
1782 2925 1940 2964 urna.

1891 2925 1940 2963 ει·
2135 2920 2303 2975 Clade
2333 2919 2701 2989 laborantem,
2718 2926 2934 2976 recreat
2953 2917 3239 2974 salaminis
3255 2916 3468 2980 orbam,

410 3003 678 3080 Egregius
707 3004 867 3059 Pater
895 3003 1113 3057 hortatu
1141 3000 1398 3072 votisque
1428 3000 1660 3056 laborat.

2053 3030 2104 3101 ρ
2134 3013 2324 3070 Pastor
2346 3021 2401 3069 at
2430 3013 2676 3088 eligitur,
2707 3019 2930 3084 pastore
2961 3026 3060 3084 per
3087 3009 3248 3065 anxia
3274 3015 3451 3080 rapto.

410 3093 588 3148 Lucra
613 3092 698 3147 δαί
721 3090 1005 3147 cumulare
1019 3089 1393 3180 ενθὲίξδνὶυνθι
1421 3087 1570 3160 almo
1600 3102 1843 3180 summa_
1903 3174 1935 3180 η
2058 3087 2104 3101 ν
2126 3107 2263 3162 Dum
2292 3105 2499 3180 refugit
2520 3087 2786 3177 isimplex,
2818 3104 3106 3177 indignum
3139 3102 3381 3158 culmine
3407 3107 3567 3156 tanto

411 3182 563 3238 Velle
594 3197 817 3254 parans,
848 3195 915 3235 ac
977 3194 1141 3250 posse
1167 3176 1375 3243 ferens,
1420 3190 1739 3251 cogensque
1770 3174 1988 3230 rebelles

2124 3197 2192 3252 Se
2216 3210 2469 3262 censens,
2502 3194 2830 3266 apicemque
2842 3174 3068 3248 humilis
3088 3207 3198 3246 non
3232 3190 3483 3262 pondera
3501 3190 3685 3245 vitans

406 3275 590 3331 Sensit
616 3273 936 3330 Theodorus
960 3271 1078 3327 haec
1103 3271 1269 3337 dona,
1300 3286 1638 3342 manumque
1688 3269 2022 3336 trahentem,
2126 3283 2649 3359 Sceptrigemmque
2673 3289 2874 3354 petens
2902 3289 3075 3337 lenm
3101 3296 3161 3335 se
3193 3279 3340 3334 fasce
3359 3278 3592 3345 resolvi,

405 3367 640 3424 Immitis
666 3382 807 3438 puer
836 3364 1049 3432 irrisor,
1081 3370 1383 3438 captorqne
1423 3363 1665 3434 piarum,

2123 3378 2359 3434 Numine
2389 3378 2697 3449 percipitur
2724 3391 2953 3447 supero,
2980 3380 3287 3431 vacuantur
3320 3373 3548 3440 inanes,

407 3458 622 3530 Accipit
649 3464 705 3514 et
734 3456 971 3512 subitam
1000 3455 1258 3511 sorbente
1276 3455 1514 3510 dracone
1539 3454 1795 3509 salutem.

2140 3472 2304 3526 Irrita
2323 3478 2450 3527 vota
2466 3486 2683 3542 preces,
2715 3468 2907 3541 populi
2936 3474 3057 3523 acta
3085 3466 3335 3522 feruntur
3365 3464 3424 3518 in
3457 3465 3650 3520 aulam
3681 3481 3695 3529 ;

406 3551 682 3607 Faucibus
721 3554 1011 3620 exemptus
1033 3562 1275 3602 renuens
1305 3547 1722 3618 prohibensque
1765 3544 2035 3616 chelydri,
2143 3559 2444 3615 Latiﬁcam
2472 3574 2657 3634 regem
2689 3558 2829 3633 grati
2860 3556 2964 3612 sub
2990 3558 3201 3612 ιιοηοιιθ
3232 3554 3477 3626 pan-oni,

410 3640 581 3705 Quem
607 3639 698 3711 pia
712 3645 837 3695 vota
858 3637 1068 3712 fugant,
1090 3642 1467 3729 mentemque,
1496 3640 1550 3689 et
1573 3643 1800 3729 pectora
1815 3641 2041 3707 mutant
2141 3653 2439 3729 Legatitu
2468 3653 2672 3708 hilares
2709 3651 2980 3727 gratam-,8
3005 3652 3161 3719 jussa
3193 3654 3508 3719 reponam.

412 3732 585 3803 Inque
604 3729 694 3786 dei
727 3728 877 3785 cultu
907 3733 1154 3782 statuunt
1183 3734 1238 3782 et
1274 3726 1342 3818 ad
1376 3727 1583 3781 aethera
1613 3726 1861 3818 mittunt,
2141 3726 2408 3818 ρτῇωίρίε
2425 3746 2647 3812 annis“,
2679 3726 2849 3809 ciem,
2873 3744 3193 3815 populoque
3216 3748 3467 3812 peteme,
3597 3794 3602 3797 _

402 3820 699 3877 Fructibus
726 3819 815 3874 his
851 3819 1065 3890 pollens
1095 3818 1293 3873 ductor
1312 3816 1493 3871 bonus
1523 3823 1689 3887 atque
1715 3815 1921 3871 citatim
2140 3815 2338 3892 "Gerus;
2361 3836 2428 3890 ad
2460 3836 2735 3891 excelsum
2767 3833 2980 3888 Christo
3010 3833 3333 3887 moderante
3354 3845 3656 3895 cacumen,

408 3909 673 3985 Regmine
696 3923 1002 3982 Pennamm
1022 3908 1173 3963 Visus
1198 3908 1305 3962 hoc
1324 3905 1593 3960 scandere
1622 3904 1821 3960 calum
1849 3923 1861 3959 ⁵
2129 3924 2427 3981 Commoda
2449 3941 2572 3997 qua;
2602 3924 2775 3996 plebi,
2803 3937 2927 3995 quae
2964 3922 3076 3977 sint
3123 3920 3230 3975 sibi
3256 3936 3512 3993 congrua
3545 3925 3763 3985 tractat,

409 4006 560 4061 Fune
590 4004 880 4060 ministerii
901 4003 1153 4066 trahitur,
1169 4002 1336 4058 levita
1361 4002 1594 4069 levatur,
2126 4014 2382 4086 namque
2407 4013 2678 4069 laboranti
2706 4013 2841 4069 γοηί
2875 4010 3323 4085 solaminavulgo

405 4098 600 4154 Verbis
625 4104 680 4154 et
713 4094 901 4153 officio
931 4096 1160 4167 dignum
1192 4093 1341 4164 capit
1370 4093 1494 4148 aula
1531 4094 1840 4151 ministrum

2125 4105 2653 4172 Culminisexilium,
2682 4112 2849 4177 atque
2867 4104 3053 4180 fugam
3072 4103 3374 4159 meditatur
3398 4103 3642 4160 honoris
3675 4121 3691 4169 ;

409 4192 669 4248 Ecclesiae
700 4190 984 4263 patrisque
1015 4188 1126 4243 dati
1155 4202 1421 4258 responsa
1448 4186 1739 4250 ferentem,
2130 4198 2193 4251 At
2222 4205 2406 4252 servat
2433 4198 2648 4252 clausas
2676 4195 2906 4269 vigilum
2938 4194 3189 4251 custodia
3213 4202 3429 4266 portas,

403 4288 694 4343 Sectantur
718 4285 915 4340 fratres
941 4298 1081 4355 quos
1110 4280 1478 4338 contubernia
1506 4291 1659 4357 grata
2128 4290 2240 4345 Nec
2268 4289 2401 4345 latet
2431 4288 2709 4344 urbicolas
2740 4287 2966 4343 humilis
2985 4287 3120 4360 quid
3151 4288 3357 4358 detuga
3384 4284 3574 4342 volvat
3602 4303 3615 4338 :

404 4378 700 4449 Dependit,
729 4374 899 4429 maris
919 4388 1132 4429 errores
1158 4388 1267 4444 quo
1292 4372 1473 4428 littore
1501 4373 1636 4429 vitet

2049 4431 2101 4451 η
2129 4382 2379 4437 Attamen
2407 4380 2658 4436 excubiis
2682 4379 2900 4436 cunctis
2928 4377 3248 4451 vigilantior
3279 4376 3374 4431 ille

403 4467 646 4524 Turbine
674 4464 954 4520 mundano
976 4470 1123 4519 tutus
1149 4462 1392 4518 coelestia
1419 4462 1631 4538 ﬂagret.
2045 4431 2104 4501 D
2128 4475 2231 4530 per
2249 4473 2465 4529 medios
2482 4472 2622 4546 fugit
2652 4473 2894 4546 ignaros,
2918 4431 3167 4542 minque
3189 4468 3466 4533 videntes,

404 4561 647 4625 Quorum
675 4556 1033 4613 Maximianus
1049 4556 1144 4612 ubi
1185 4555 1329 4611 redit
1359 4556 1501 4611 alma
1532 4556 1778 4614 revisens

2129 4571 2380 4626 Crateras
2408 4578 2601 4641 septus
2629 4568 3008 4639 latebramque
3038 4565 3245 4622 recedit
3273 4565 3537 4635 adeptus.

346 4728 351 4731 _
402 4651 572 4720 septa
602 4647 707 4703 Slbi
740 4647 915 4720 legata
949 4645 1059 4701 ﬁde
1084 4662 1149 4701 ³ο
1175 4645 1376 4701 Virum
1393 4646 1640 4718 Ρτοδδίεθ
2127 4659 2190 4713 Et
2211 4665 2398 4713 manet
2419 4658 2724 4723 abstrusus,
2761 4657 2940 4712 donec
2965 4655 3179 4724 jejunia
3208 4652 3391 4724 plebis

400 4739 621 4806 Mentis:
640 4744 695 4794 εί
723 4738 930 4812 egregii
962 4736 1148 4793 ῑυίθηθ
1180 4736 1398 4791 θάάίοίδ
1430 4737 1698 4810 magistri,
2123 4750 2367 4822 Votaque
2399 4749 2748 4805 Romulidum
2777 4748 2931 4804 ccelis
2952 4761 3092 4803 nova
3120 4747 3280 4821 signa
3308 4751 3632 4812 merentur,

400 4828 568 4885 Αάτίδ
598 4835 839 4883 tenores
866 4843 1156 4899 “masque
1179 4827 1415 4901 insurgit
1453 4828 1509 4882 in
1540 4828 1670 4894 iras:
2124 4839 2257 4895 Nam
2287 4839 2502 4895 ductrix
2524 4839 2802 4910 quondam
2836 4837 3026 4909 populi
3058 4851 3334 4907 peropaca
3365 4834 3643 4891 columna

402 4918 862 4990 Flaminibusque
892 4918 1034 4972 feras
1062 4916 1375 4971 furibundis
1392 4916 1597 4971 excitat
1624 4917 1824 4984 undas,
2124 4927 2298 4983 Αειι-ίε
2326 4927 2617 4994 ίντειάεεηε,
2640 4925 2926 4998 perfundi;
2954 4925 3080 4980 luce
3112 4924 3434 4979 columnam

399 5011 751 5083 Equoreque
772 5010 915 5066 elato
943 5010 1109 5066 funus
1133 5010 1360 5065 crudele
1379 5010 1620 5065 minatur
1651 5026 1665 5063 :

2124 5019 2404 5088 Ecclesiae,
2428 5019 2735 5091 populique
2764 5017 2958 5074 ducem
2987 5016 3265 5087 depromit
3290 5015 3504 5087 apertis

399 5103 617 5160 Rectori
648 5103 850 5159 amisso
882 5110 1117 5174 pereunt
1143 5102 1523 5159 moderamina
1544 5102 1719 5171 clavo,
2126 5110 2411 5165 "lustrans
2440 5108 2611 5163 radiis
2641 5126 2657 5175 ς
2690 5108 2839 5163 cives
2859 5107 3110 5162 visuntur
3134 5104 3313 5171 adire,

380 5194 617 5269 'Agmini
648 5193 934 5249 flabrifero
961 5193 1072 5249 ruit
1102 5200 1223 5249 acta
1253 5192 1309 5247 in
1350 5191 1609 5249 ﬂuctibus
1639 5194 1846 5261 arbos,~
2121 5203 2297 5272 Atque
2329 5198 2510 5255 redire
2542 5198 2654 5269 poli
2696 5205 2900 5253 tractus
2932 5211 3030 5266 per
3060 5194 3269 5250 lumina
3302 5191 3467 5248 clari.

398 5283 644 5355 Velaque
674 5283 844 5338 mixta
869 5282 1023 5338 vadis
1053 5283 1232 5338 undas
1257 5282 1522 5353 opulenta
1550 5274 1877 5356 sequuntur,
2124 5286 2375 5342 Cernitur
2402 5285 2455 5341 id
2488 5285 2592 5341 soli
2625 5284 2829 5360 dignus
2857 5283 2953 5356 qui
2980 5282 3123 5338 forte
3136 5287 3392 5354 repertus

395 5372 603 5443 Puppis
631 5378 687 5427 et
705 5387 871 5427 omne
903 5372 1045 5427 latus
1066 5372 1211 5428 victa
1229 5387 1498 5445 compage
1527 5373 1768 5427 solutum
1844 5417 1853 5423 .
2127 5379 2310 5434 lncola
2340 5377 2648 5449 Sylvarum,
2685 5376 2858 5431 turbae
2880 5374 3201 5446 mundoque
3226 5380 3500 5440 remotus,

396 5460 649 5518 Admittit
678 5462 915 5518 celerem
948 5461 1104 5516 rimis
1128 5461 1473 5533 rapientibus
1495 5463 1733 5530 hostem:
2122 5473 2338 5544 Quique
2354 5471 2449 5526 Dei
2475 5476 2679 5525 tectum
2711 5478 2865 5525 notat
2892 5469 2998 5524 hoc
3053 5483 3153 5538 pro
3181 5465 3429 5539 tegmine
3456 5464 3772 5537 templum.

394 5556 619 5631 Gurgite
642 5560 754 5628 jam
781 5576 996 5615 summa
1026 5559 1337 5616 tabularum
1374 5560 1697 5636 immergive
1722 5561 1944 5633 plenum
2122 5565 2212 5619 His
2234 5562 2456 5619 tandem
2493 5561 2760 5634 profugus
2788 5561 2983 5636 signis,
3008 5577 3072 5617 ac
3092 5560 3303 5615 lumine
3336 5565 3503 5614 notus

394 5643 517 5704 Fert
540 5662 692 5702 mare
717 5664 831 5710 vas,
865 5647 1147 5722 ferturque
1179 5649 1315 5703 mari
1335 5649 1498 5708 dorso
1513 5651 1752 5722 aequoris
1771 5667 2012 5725 aequum;
2118 5653 2372 5711 Ethereo
2403 5652 2634 5724 capitur,
2664 5657 2978 5722 tractusque
2995 5649 3063 5706 ad
3092 5649 3286 5705 limina
3317 5647 3464 5705 Petri
