3994 6132
186 268 284 324 777

186 400 430 466 Ducitur,
461 398 802 470 indutusqne
835 398 926 468 pio
949 398 1242 453 decoratur
1269 398 1499 462 amictu,

188 487 447 542 Evehitur
475 487 670 548 sacris,
702 486 958 556 divaeque
988 485 1295 540 admittitur
1320 502 1447 550 aris,

182 577 381 631 Sancto
413 574 709 651 insignitur
736 574 926 645 superi
953 574 1283 630 charismate
1312 575 1467 641 doni,

185 669 415 739 Quoque
435 667 782 723 redundabat
813 665 1068 737 perfusus
1100 666 1323 721 ﬂamine
1352 682 1591 729 summo,

188 758 395 812 Praesul
425 757 743 828 apostolicae
770 755 1059 827 praefertur
1084 756 1297 812 honore
1327 755 1623 811 cathedrae.

187 853 450 908 Fascibus
485 860 540 908 et
561 852 764 925 dignus
786 851 953 924 digne
975 851 1083 906 sibi
1106 851 1318 907 credita
1348 858 1565 916 tractat,

188 951 441 1021 Dumque
461 963 761 1019 reprensus
777 955 837 1002 ut
864 946 1092 1022 indigne
1118 953 1226 1001 tam
1257 947 1426 1020 digna
1457 945 1701 1001 refutans

188 1038 451 1108 Culpatur
478 1038 642 1092 deses
671 1036 831 1107 quasi
863 1035 1176 1092 Ravennate
1196 1036 1430 1098 Joanne,

186 1129 325 1198 Apta
354 1125 631 1197 rependit,
664 1141 805 1195 Opus
824 1124 1075 1180 condens
1100 1125 1416 1196 pastoribus
1441 1133 1631 1195 aptum

190 1222 470 1282 Ecclesiae.
505 1220 809 1291 panditque
840 1220 1067 1286 decens,
1100 1227 1159 1274 ut
1187 1220 1373 1275 vivere
1404 1229 1605 1285 rector,

187 1315 365 1385 Atque
392 1315 591 1369 docere
614 1312 831 1379 habeat,
854 1328 974 1367 sese
1006 1329 1247 1377 servare,
1282 1329 1545 1385 suosque,

189 1408 361 1472 Quam
393 1413 573 1471 caute,
605 1422 770 1476 quam
801 1404 1059 1471 discrete,
1087 1420 1251 1477 quam
1281 1407 1446 1481 degat
1482 1406 1740 1466 honeste.

191 1497 325 1551 Inde
349 1513 455 1551 nec
484 1496 701 1551 absistit
720 1496 964 1561 monitis,
997 1496 1332 1568 scriptisque
1361 1496 1582 1563 docere,

192 1588 488 1659 Appositos
513 1603 577 1641 ae
606 1587 879 1658 sepositos
915 1594 1071 1643 vocat
1096 1602 1191 1642 ore
1224 1603 1526 1658 manuque,

190 1678 478 1750 Exemplo,
510 1680 789 1751 verboque
817 1680 1068 1750 polorum
1094 1679 1163 1734 ad
1195 1680 1436 1734 eulmina
1462 1680 1712 1742 ductans,

192 1766 397 1822 Caelica
426 1766 732 1838 disponens
747 1784 847 1838 per
861 1768 1082 1823 subdita
1113 1768 1321 1824 lumina
1333 1768 1522 1834 corda,

196 1859 521 1930 Bnodatque
551 1859 728 1914 latens
760 1860 934 1914 thecis
954 1861 1267 1916 celantibus
1293 1877 1508 1926 aurum,

190 1952 440 2007 Virtutes
474 1961 630 2007 notat
651 1951 895 2020 indiciis,
926 1952 1150 2024 vitaque
1180 1953 1423 2024 priorum

194 2045 417 2113 Pandit,
440 2053 496 2100 et
519 2061 785 2101 exercens
803 2054 978 2100 armat
1007 2046 1342 2118 decoretque
1373 2054 1638 2115 catervas,

188 2140 441 2195 Flamine
469 2148 688 2210 sumpta
713 2140 806 2210 pio
821 2140 949 2196 divo
971 2142 1216 2212 repletus
1239 2142 1310 2197 ab
1334 2158 1428 2197 ore

187 2229 400 2284 Pabula
426 2230 520 2284 dat
548 2228 823 2303 gregibus.
855 2229 1108 2284 Testatur
1123 2230 1303 2285 scriba
1329 2230 1605 2294 minister,

183 2317 474 2372 Dictorum
503 2324 791 2387 exceptor,
820 2324 1076 2390 relegens
1107 2318 1281 2375 livore
1312 2328 1536 2374 coactus

185 2406 659 2468 Obtrectatorum,
692 2422 817 2477 quae
848 2406 964 2461 visa
995 2423 1197 2462 arcana
1237 2409 1485 2480 probarit

181 2496 408 2566 Scripta
440 2496 649 2557 Petrus,
680 2511 884 2566 supero
907 2494 1119 2563 afﬂatu,
1146 2514 1216 2553 ne
1238 2498 1359 2554 fusa
1377 2505 1713 2565 crementur,

180 2580 359 2637 Morte
388 2592 666 2649 secutura,
688 2583 891 2651 juvans
920 2600 980 2639 se
1013 2587 1256 2656 pandere
1296 2587 1434 2655 visa,

183 2674 412 2745 Quique
446 2674 609 2729 (idem
643 2674 852 2731 faciens
873 2684 1086 2733 secreta
1116 2687 1175 2733 ut
1204 2679 1433 2753 detegit,
1460 2680 1610 2737 efﬂat
1635 2699 1651 2744 ;

188 2766 321 2820 Post
354 2766 528 2836 patris
554 2767 672 2821 hiee
701 2767 939 2835 obitum,
971 2770 1175 2824 vetitus
1199 2771 1443 2838 vivente,
1481 2772 1734 2827 revelans

193 2857 261 2913 Ut
298 2859 432 2914 nive
463 2859 749 2915 candidior
770 2862 936 2931 capiti
961 2862 1201 2917 residere
1230 2863 1489 2919 columba

189 2948 585 3018 Transpuneto
611 2957 911 3004 monstrata
939 2950 1063 3020 styli
1096 2952 1464 3006 terebramine
1492 2953 1615 3008 velo

192 3039 431 3111 Mystiea
460 3039 723 3096 caelorum
752 3042 882 3095 dum
909 3042 1118 3115 colligit
1137 3058 1345 3118 organa
1374 3061 1578 3115 praeco,

1704 1566 1734 1588 Ο

192 3130 306 3185 Ore
335 3130 567 3186 trahens
595 3131 780 3201 superi
813 3130 997 3186 divina
1024 3133 1317 3206 aenigmata
1348 3135 1542 3201 nostri,

189 3222 522 3278 Oromatum
552 3230 758 3277 reserat
787 3224 949 3293 queis
971 3224 1272 3280 Esechielis
1300 3232 1512 3297 Operta,

189 3313 322 3368 Non
340 3312 499 3367 illum
530 3329 766 3377 marcor,
788 3330 899 3370 non
920 3315 1172 3371 febribus
1192 3316 1390 3373 insitus
1424 3318 1607 3384 ardor,

190 3402 428 3458 Viscera
456 3403 541 3457 vel
571 3403 794 3459 concisa
821 3405 1002 3473 dolor,
1033 3421 1131 3462 seu
1162 3407 1450 3482 gressibus
1481 3408 1719 3474 haerens,

188 3490 536 3551 Sollicitudo
566 3497 746 3565 urbis,
767 3498 1056 3554 charorum
1090 3516 1223 3555 cura
1253 3501 1518 3557 clientum

188 3584 360 3640 Hand
388 3595 612 3643 revocat
638 3589 859 3660 emptis,
884 3596 940 3645 et
963 3592 1217 3646 corda’et
1248 3607 1481 3663 corpora
1512 3601 1687 3658 curat,

189 3676 333 3732 Fata
359 3679 548 3751 inopis
581 3682 803 3737 horrore
831 3682 992 3737 famis
1024 3684 1257 3754 periisse
1290 3686 1461 3755 putati

178 3768 397 3833 Flexit,
434 3779 494 3825 ut
522 3773 855 3829 exstinctum
890 3775 1115 3846 prepria
1139 3792 1305 3847 quem
1339 3777 1490 3831 evade
1547 3784 1834 3832 necasset:

185 3859 462 3931 Undique
490 3861 740 3917 collectis
769 3870 823 3917 et
847 3879 959 3934 quo
987 3879 1310 3920 succurrere
1340 3867 1534 3937 possit,

180 3948 614 4023 Quinquaginta
641 3951 797 4005 libris
826 3952 1105 4022 quondam
1138 3952 1411 4008 frumenta
1430 3954 1658 4024 paravit.

179 4041 361 4095 Omni
397 4042 652 4111 poscenti
681 4042 967 4098 tribuebat
997 4062 1010 4105 :
1044 4060 1232 4099 amore
1267 4045 1491 4100 tenebat

183 4130 279 4185 Nil
318 4130 588 4186 detentus
610 4146 801 4203 epum,
835 4133 1029 4204 probat
1064 4134 1118 4188 id
1139 4134 1410 4189 heremita
1442 4135 1678 4190 nutritor

184 4221 518 4293 Murieipis,
545 4223 748 4278 comite
778 4225 885 4279 hoc
912 4231 1232 4290 contentus,
1267 4232 1322 4279 et
1341 4225 1757 4280 omniamundil

184 4312 423 4365 Caetera
442 4310 783 4381 despiciens,
814 4321 1019 4368 sortem
1054 4330 1335 4384 praenosse
1367 4324 1644 4386 precatus,

187 4398 512 4467 Mercedis,
534 4415 660 4454 cum
682 4400 969 4474 Gregorio,
1000 4402 1091 4458 cui
1120 4403 1300 4475 gloria
1317 4419 1546 4460 consors

187 4490 469 4562 Eligitur,
496 4507 600 4547 nec
627 4508 828 4566 magna
852 4500 1052 4566 putans
1078 4495 1453 4566 quiprospera
1475 4496 1620 4549 saaeli

178 4583 555 4655 Tempserat,
586 4603 710 4643 esse
740 4604 929 4659 parem
951 4590 1144 4644 mundi
1175 4590 1474 4660 splendore
1504 4590 1708 4645 cluenti

182 4676 427 4748 Accipit
461 4673 609 4739 hinc
642 4696 793 4755 gazae
829 4682 1028 4737 melius
1058 4690 1290 4737 tractare
1322 4675 1524 4738 talenta

180 4767 319 4821 Nec
352 4766 462 4822 sibi
494 4768 630 4839 quin
651 4770 776 4824 aliis
805 4772 971 4827 tutari
1009 4772 1303 4827 commoda
1332 4773 1455 4826 vita:

178 4858 387 4921 Quam
412 4857 725 4912 solatricem
751 4859 861 4913 sibi
881 4876 940 4914 se
971 4861 1276 4918 defendere
1305 4867 1502 4916 caltam

175 4948 303 5013 Qui
356 4953 544 5021 grates
574 4948 819 5005 referens
852 4952 1123 5021 promissa
1152 4952 1439 5022 implerier
1468 4958 1607 5016 orat,

182 5042 259 5095 Et
284 5055 431 5095 cum
455 5040 718 5113 Gregorio
747 5042 885 5098 locis
913 5044 1019 5099 sibi
1049 5044 1269 5099 domata
1300 5044 1451 5101 ferri.

180 5142 324 5197 Nec
356 5140 527 5196 modo
553 5148 875 5211 praesentes,
902 5143 1090 5213 procul
1119 5142 1208 5197 hic
1235 5143 1371 5214 quin
1403 5143 1574 5197 nutrit
1599 5152 1844 5215 egentes,

183 5233 542 5289 Monticolis
571 5241 762 5289 notum
790 5235 937 5290 Sinai
959 5235 1110 5306 quod
1141 5251 1278 5304 rupe
1311 5235 1561 5301 remotis,

180 5328 444 5383 Oceano
473 5340 696 5397 quoque
726 5326 922 5383 divisis
953 5332 1067 5383 toto
1099 5326 1234 5383 orbe
1265 5327 1558 5381 Britannis.

178 5413 525 5486 Anglorum
557 5415 689 5470 dum
718 5422 904 5471 mente
934 5416 1083 5486 capit
1107 5431 1247 5490 gens
1278 5416 1481 5486 pabula
1520 5416 1643 5472 celi

177 5510 353 5573 Quae
389 5514 685 5578 conspecta
716 5507 835 5564 foro
869 5515 1083 5564 texatur
1110 5523 1358 5582 congrua
1382 5524 1580 5583 regno,

176 5596 530 5653 Avellenda
549 5599 781 5667 umbris,
814 5600 1197 5672 sacrandaque
1221 5600 1432 5655 lumine
1462 5599 1622 5666 lucis,

188 5688 538 5744 Educenda
565 5688 669 5754 ira,
701 5691 905 5760 pietate
939 5691 1184 5747 vocanda
1218 5704 1480 5761 superna,

544 5819 841 5880 Parnm“
896 5820 1229 5883 CXXXV.

678 268 758 322 DE
797 266 1053 321 CHRISTI
1094 266 1459 321 TRIUMPIIIS
1498 267 1670 321 APUD
1714 266 1979 322 ITALIAM
2018 265 2250 322 GESTIS
2290 266 2465 321 LIBRI
2505 266 2637 322 XIV.
2678 295 2748 306 --
2789 265 2910 319 LIB.
2954 265 3016 318 X.

3410 265 3515 319 778

1835 406 1880 470 Α
1904 400 2077 470 Atque
2108 398 2204 453 Dei
2224 398 2419 452 laudes
2447 405 2611 452 cantu
2641 398 2969 467 depromere
2999 395 3187 468 digna,

1903 491 2150 546 Tendere
2180 505 2291 562 quo
2317 504 2567 563 gressum
2589 490 2780 544 doctor
2808 489 3075 560 verbique
3105 488 3359 542 minister

1909 579 2253 648 Apprnperat
2268 576 2408 641 fieri,
2437 577 2644 648 populo
2674 579 2986 633 retrahente
3019 584 3283 642 moratus,

1907 668 2058 721 Stare
2089 666 2210 723 loco
2240 666 2436 722 nolens
2471 666 2633 737 discit
2655 666 2887 721 saliente
2918 667 3131 721 locusta

1908 759 2000 812 Ast
2030 757 2123 812 ubi
2158 770 2320 828 posse
2338 756 2546 812 referre
2570 757 2726 827 pium
2746 756 2849 812 fert
2875 756 3048 812 infula
3072 757 3233 822 votis,

1907 848 2183 905 Almificos
2210 850 2358 922 legat
2383 851 2569 906 colere
2602 851 2721 905 haec
2751 849 2956 905 inculta
2985 851 3235 915 colonos,

1911 944 2233 1016 Expugnare
2251 943 2402 1012 feris,
2436 945 2665 1000 ditanda
2694 945 3112 1016 novaliaspinis,

1908 1032 2101 1088 Cordis
2120 1050 2276 1090 arare
2305 1034 2482 1089 solum
2509 1034 2767 1104 percultae
2799 1049 3019 1088 vomere
3045 1033 3273 1108 linguai,

1912 1125 2055 1179 Rura
2078 1126 2292 1196 replere
2321 1127 2423 1181 sati
2450 1126 2783 1182 cumulando
2811 1126 3025 1181 semine
3060 1125 3239 1195 verbi,

1913 1216 2035 1286 Ipse
2067 1217 2215 1287 quod
2232 1217 2463 1281 .emittit,
2506 1218 2801 1288 pluresque
2834 1216 3036 1271 referre
3076 1215 3349 1285 maniplos

1914 1310 1981 1364 Ut
2007 1311 2204 1374 valeat,
2226 1310 2411 1363 studet
2440 1310 2677 1374 hortatu,
2712 1308 3081 1379 precibusque
3115 1307 3344 1371 laborat,

1915 1400 2345 1472 Muneribusque
2367 1402 2542 1470 juvat,
2574 1400 2837 1457 miracula
2865 1401 3023 1472 plura
3054 1407 3318 1470 parentur

1916 1493 2129 1566 Legatis
2152 1499 2393 1564 praestat,
2425 1500 2646 1566 gentem
2668 1510 2791 1549 cum
2816 1492 3067 1564 principe
3098 1493 3291 1548 salvat.

1916 1588 2086 1643 Unius
2104 1595 2269 1660 atque
2296 1605 2487 1659 parum
2513 1588 2666 1662 regni
2695 1604 2917 1644 curasse
2944 1588 3179 1643 salutem
3209 1605 3224 1651 ;

1917 1681 2147 1750 Insuper
2173 1687 2447 1753 augentur
2461 1679 2652 1750 populi
2679 1695 2952 1751 regesque
2980 1676 3279 1749 propinqui
3312 1694 3327 1740 ;

1838 1770 1887 1837 Β
1920 1769 2155 1823 Barbara
2184 1769 2349 1824 corda
2370 1768 2517 1824 feras
2541 1769 2763 1823 discunt
2780 1768 3062 1838 deponere
3085 1774 3301 1821 mentes
3329 1783 3342 1820 :

1920 1862 2266 1933 Barbaraque
2292 1877 2388 1916 ora
2422 1861 2513 1916 Dei
2543 1866 2757 1916 certant
2772 1860 3101 1933 depromere
3130 1859 3361 1913 laudes:

1921 1951 2193 2006 Sternitur
2220 1950 2419 2006 Oceani
2455 1952 2546 2020 pia
2563 1950 2667 2004 sub
2696 1949 2929 2023 vestigia
2956 1948 3129 2003 fastus
3160 1965 3174 2013 ;

1924 2043 2179 2098 lndomiti
2207 2041 2372 2109 ferro,
2405 2042 2523 2096 miti
2550 2057 2807 2098 sermone
2836 2043 3133 2097 domantur
3161 2059 3176 2108 ;

1925 2136 2091 2191 llellis
2107 2135 2396 2205 intrepidi;
2429 2141 2686 2189 metuunt
2717 2151 2817 2206 per
2852 2134 3020 2189 verba
3050 2133 3207 2207 ligari
3239 2155 3251 2195 ;

1921 2227 2116 2282 Terrea
2146 2226 2480 2297 despiciunt,
2514 2226 2761 2281 emlestia
2789 2224 3074 2279 mentibus
3102 2224 3296 2278 ardent
3338 2241 3350 2276 :

1924 2320 2091 2387 Hujus
2119 2334 2244 2390 quae
2275 2318 2486 2372 meritis
2514 2317 3076 2387 elareseuntprzestita
3103 2316 3276 2369 Patris

1923 2409 2021 2472 Qui
2047 2408 2247 2463 merito
2276 2407 2428 2481 genti
2452 2407 2699 2461 sancitur
2719 2405 3012 2477 Apostolus
3032 2404 3133 2459 illi.

1925 2503 2154 2574 Insuper
2182 2509 2235 2556 et
2278 2515 2479 2572 pueros
2506 2500 2753 2569 ejusdem
2769 2500 2952 2574 gentis
2975 2499 3202 2553 abactos

1924 2596 2173 2651 Externis
2203 2594 2382 2665 pretio
2418 2593 2699 2649 redimens
2735 2592 3058 2669 regionibus
3089 2597 3238 2662 aptat

1924 2687 2162 2742 ,Ἑώρτθὶ
2192 2685 2334 2741 lotos
2363 2683 2512 2750 fidei,
2544 2698 2861 2756 superoque
2890 2684 3099 2738 decori.

1926 2778 2193 2833 Sardiniae
2219 2793 2442 2849 quoque
2473 2775 2727 2832 ruricolis
2750 2791 2937 2831 errore
2966 2782 3179 2831 vetusto

1929 2876 2065 2929 Dum
2092 2874 2240 2929 volet
2270 2872 2495 2939 involvi,
2524 2872 2681 2946 pigra
2714 2872 2965 2941 praesulis
2987 2871 3238 2941 increpat
3265 2884 3381 2936 ora,

1930 2966 2084 3031 Quod
2115 2966 2258 3021 votis
2286 2964 2519 3020 cessisse
2551 2963 2793 3034 probans
2826 2964 2914 3035 pia
2943 2979 3174 3018 munera
3200 2962 3362 3017 lueis.

1853 3098 1903 3165 Ο
1932 3063 2170 3121 Proinde
2202 3061 2446 3118 Hebraeis
2474 3061 2696 3133 rapiens
2720 3060 2788 3115 ad
2819 3060 3010 3116 coeliea
3037 3059 3203 3116 donis

1932 3156 2245 3227 Ornatuque
2260 3155 2460 3210 anima}
2493 3153 2763 3209 decorans
2803 3160 2857 3208 et
2883 3153 3132 3209 vestibus
3162 3169 3367 3208 ornans

1929 3246 2158 3314 Insuper
2186 3249 2240 3297 et
2270 3241 2457 3313 pueris
2485 3242 2696 3297 heresis
2726 3258 2866 3314 quos
2894 3242 3013 3297 dira
3043 3241 3263 3297 fovebat

1929 3332 2100 3387 Patris
2128 3331 2417 3387 sollieita'n
2447 3330 2647 3406 satagit
2676 3331 3022 3402 praetendere
3052 3346 3256 3386 curam.

1928 3422 2104 3477 Sentit
2124 3428 2179 3476 et
2208 3419 2486 3491 Hesperiae
2518 3422 2746 3476 rectoris
2764 3420 3008 3495 tegmina
3038 3422 3221 3485 tellus,

1933 3510 2268 3582 Ereptasque
2298 3509 2464 3564 urbes
2485 3508 2681 3580 recipit
2706 3508 2952 3563 Romana
2980 3518 3240 3579 potestas.

1937 3600 2212 3655 Laudibus
2240 3599 2371 3655 hinc
2391 3599 2584 3653 laudes
2612 3598 2899 3654 cumulans
2920 3598 3173 3653 centenis
3188 3603 3242 3650 et
3272 3597 3442 3651 instar

1937 3692 2190 3747 Carmina
2216 3691 2621 3762 comprendens
2647 3691 2835 3746 divina
2868 3690 3147 3745 volumina
3177 3688 3323 3763 cogit

1939 3783 2252 3847 Sacrorum,
2310 3787 2478 3853 atque
2535 3762 2731 3851 preces
2774 3780 3063 3836 cumulans
3112 3794 3222 3850 quo
3253 3762 3423 3833 saera
3453 3795 3551 3850 ge-

3272 3870 3482 3941 [rantur

1940 3964 2187 4019 Insinuat
2215 3971 2362 4027 voto,
2383 3964 2630 4019 ridentes
2661 3963 2889 4035 mystica
2909 3964 3090 4018 vultus

1940 4058 2200 4121 Perculit,
2237 4065 2400 4130 atque
2432 4057 2611 4113 oculis
2632 4057 2892 4128 mysteria
2922 4057 3191 4131 sanguine
3224 4057 3408 4126 pandit
3492 4128 3496 4132 '

1943 4147 2147 4211 Rubca,
2182 4147 2501 4218 carnalique
2523 4145 2857 4201 refertsacra
2886 4162 3085 4200 carnea
3107 4144 3279 4207 cordi,

1938 4235 2340 4306 Triticeamque
2362 4234 2523 4288 docet
2552 4233 2749 4289 mutari
2776 4233 2830 4287 in
2850 4249 3013 4288 carne
3036 4233 3291 4299 farinam,
3473 4304 3479 4315 Ι

1942 4329 2013 4381 Ae
2041 4326 2191 4400 ligno
2208 4331 2413 4380 cretum
2456 4325 2697 4380 converti
2731 4325 2786 4378 in
2815 4326 3084 4398 sanguine
3104 4326 3289 4380 vinum
3324 4344 3336 4389 ;
3418 4328 3421 4329 ⁷

1945 4416 2065 4470 Ηωο
2091 4414 2273 4469 carnis
2305 4428 2564 4484 promens
2594 4413 2771 4469 oeulis
2791 4414 2886 4468 ubi
2921 4424 3141 4485 pectora
3164 4418 3362 4481 lirmat,

1944 4512 2003 4565 In
2036 4512 2268 4582 priscam
2288 4516 2501 4580 reparat
2529 4507 2978 4563 divinalitamina
3009 4509 3272 4571 formam;

1944 4601 2053 4655 Nec
2082 4601 2264 4655 minus
2284 4597 2506 4673 egregie
2538 4598 2805 4668 pallarum
2829 4598 3043 4667 prodita
3076 4598 3312 4667 pannis:

1943 4691 2221 4765 Sanguine
2240 4706 2380 4762 quos
2414 4705 2568 4744 sacro
2592 4696 2806 4743 secreto
2838 4706 2901 4741 ac
2923 4689 3122 4743 robore
3160 4690 3402 4759 supplet,

1944 4782 2183 4836 Muneris
2205 4790 2259 4835 et
2288 4778 2488 4834 summi
2522 4779 2668 4833 dono
2689 4778 2906 4852 delegat
2932 4777 3139 4849 Opinio,

1944 4873 2434 4926 Osseasanctorum
2468 4867 2746 4939 poscentis
2777 4867 3006 4941 pignora
3027 4867 3229 4930 missis,

1945 4965 2090 5028 Quos
2111 4970 2317 5018 temere
2346 4962 2625 5032 inspectos
2653 4961 2820 5015 nimis
2850 4959 3189 5033 indigneque
3223 4966 3456 5016 retectos

1948 5053 2021 5107 Ac
2047 5051 2421 5106 nihiliductos
2450 5050 2655 5120 patenti
2692 5060 2875 5104 mente
2907 5058 3183 5116 retractat,

1949 5149 2122 5218 Atque
2145 5162 2340 5216 preces
2370 5145 2662 5218 geminans
2693 5161 2891 5200 arcana
2921 5144 3191 5215 stupenda
3218 5143 3438 5205 revelat,

1953 5243 2198 5313 Dumque
2229 5245 2379 5296 secat
2405 5238 2569 5308 ferro,
2603 5240 2728 5294 miri
2758 5241 2849 5295 dat
2878 5241 3021 5295 ﬂuxa
3052 5239 3279 5309 cruoris.

1956 5332 2185 5405 Legatos
2222 5329 2486 5399 stupidat,
2518 5331 2822 5402 stemitqhe
2853 5330 2921 5385 ad
2950 5337 3072 5384 vota
3106 5326 3315 5393 fideles,

1961 5423 2023 5478 Et
2052 5422 2205 5493 prius
2234 5431 2448 5477 erectos
2478 5422 2668 5477 tribuit
2700 5423 3029 5476 benedicere
3059 5434 3263 5491 pronos

1958 5512 2032 5566 Ae
2055 5510 2282 5566 laudare
2308 5510 2478 5566 Deum
2512 5519 2620 5565 tam
2652 5511 2779 5565 diva
2811 5509 3047 5583 insignia
3079 5508 3324 5564 dantem.

1962 5602 2183 5657 Instruit
2206 5603 2313 5658 hoc
2341 5602 2511 5658 sacris
2542 5602 2690 5658 inter
2719 5601 2983 5655 libamina
3005 5598 3182 5672 pallas

1958 5689 2075 5744 Aris
2096 5690 2384 5761 applicitas
2404 5690 2596 5744 Christi
2625 5690 2719 5760 qui
2750 5690 2974 5744 nomine
3005 5689 3157 5743 fusus

3198 5824 3275 5883 ‘25
