4002 6124
587 244 693 297 779
1287 243 1655 299 FLODOARDI
1695 245 1999 301 CANONICI
2041 247 2372 302 REMENSIS
2413 248 2750 303 OPUSIJULA
2790 247 3096 304 METRICA.
3820 253 3896 309 780

585 385 672 438 Sic
712 391 853 438 tecta
883 390 1131 438 sanctum
1157 384 1356 439 virtute
1376 384 1586 439 bibisse
1613 400 1865 440 cruorem
1897 403 1913 451 ;
2228 397 2274 456 Α
2303 384 2594 457 Menteque
2617 391 2854 439 mutatus
2878 384 3090 438 veniam
3123 399 3250 439 mox
3286 385 3544 440 subditus
3573 394 3712 450 orat,

591 475 804 546 Hosque
834 474 1082 546 aliosque
1114 476 1336 545 replens
1366 474 1495 528 fidei
1527 475 1825 545 splendore
1854 477 2124 541 videntes,
2304 477 2733 547 Subjectumque
2766 483 2923 531 vovet
2973 475 3260 541 famulum,
3305 477 3586 547 sentitque
3621 477 3890 549 benignum

587 563 739 620 Certa
781 565 1036 636 rependit
1063 565 1191 620 item
1223 565 1450 638 signans
1474 565 1586 633 jam
1619 581 1850 620 munera
1869 567 2054 621 certis.
2305 565 2558 619 Melliﬂu‘a
2584 565 2832 620 bonitate
2862 565 3098 630 Patrem,
3134 565 3488 636 spatiumque
3522 574 3767 620 meretur

583 660 709 723 Quae
733 660 860 712 dum
889 668 1170 731 gestantes
1193 660 1423 714 Domino
1445 659 1720 733 magnalia
1753 659 1952 726 fantur,
2300 657 2516 712 Tutoris
2546 656 2808 727 precibus
2831 654 3100 729 languore
3130 655 3234 710 sub
3268 655 3460 710 ultima
3491 673 3711 724 versus,

583 750 788 805 Gaudia
815 752 965 818 dant,
999 751 1290 806 desideriis
1319 752 1414 824 qui
1445 753 1590 807 dona
1617 752 1827 807 verenti
2302 750 2379 804 Ad
2411 750 2574 804 vitam
2606 749 2864 820 viresque
2883 747 3047 811 redit,
3081 748 3319 819 vitaeque
3343 749 3563 803 tuendae

585 842 735 895 Dona
764 842 931 912 capit,
962 841 1151 908 comit,
1180 851 1493 910 veneratur,
1524 842 1755 897 adornat
1784 857 1995 908 amore,
2304 841 2604 896 Consilium
2636 840 2807 895 suasit
2834 839 3142 910 meliorque
3168 840 3224 894 in
3255 847 3452 894 caetera
3480 840 3660 894 vivit.‘

585 933 888 1004 Magnaque
919 934 984 987 ad
1011 933 1125 988 haec
1157 933 1353 988 Christi
1377 934 1642 989 miracula
1665 934 1866 988 dantur
1894 934 2125 988 honore.
2302 932 2413 987 Nec
2435 932 2602 987 modo
2619 941 2920 1002 praesentes
2950 936 3098 984 tanta
3132 931 3339 1000 pietate
3377 929 3644 985 fruuntur
3668 948 3683 994 ;

588 1025 676 1079 llis
709 1026 924 1096 pollens
951 1026 1152 1096 Opibus
1183 1027 1422 1082 humiles
1455 1028 1613 1082 Pater
1639 1027 1818 1081 almus
1846 1025 2028 1082 alebat
2294 1027 2577 1081 Tartareas
2617 1025 2784 1100 longo
2813 1032 2989 1080 tortus
3018 1025 3155 1096 quin
3187 1031 3435 1095 tempore
3458 1025 3514 1078 in
3539 1025 3766 1078 umbras

586 1117 887 1187 Exemplis,
921 1117 1167 1182 monitis,
1195 1118 1511 1180 virtutibus,
1547 1125 1710 1189 atque
1741 1117 1983 1188 superba
2299 1115 2574 1170 lnsolitam
2605 1114 2870 1182 'frajanus
2895 1129 3081 1185 opem,
3110 1112 3363 1168 mirabile
3383 1113 3534 1167 dictu
3580 1113 3592 1166 l

583 1207 685 1261 Ore
723 1217 908 1262 terens
940 1207 1168 1261 Domino
1208 1207 1560 1261 substernere
1599 1205 1766 1262 corda
1805 1205 2048 1276 parabat.
2298 1208 2498 1263 Gentili
2529 1207 2677 1278 capit
2715 1206 2898 1261 inﬂexi
2927 1206 3198 1277 probitate
3232 1205 3472 1276 patroni,

587 1303 800 1373 Experti
832 1319 1056 1356 sensere
1087 1302 1230 1375 magi
1264 1301 1465 1372 quibus
1493 1317 1654 1356 urere
1681 1301 1856 1356 visum
2298 1301 2466 1365 Quem
2499 1301 2640 1354 votis
2663 1299 2904 1364 redimit,
2939 1299 3307 1370 laerymarum
3339 1297 3565 1352 ﬂumine
3593 1297 3777 1371 tingit,

583 1393 850 1468 Magnifici
879 1394 1111 1448 sessoris
1136 1410 1339 1464 equum
1373 1393 1753 1468 Phlegetonte,
1786 1393 2032 1448 subustis
2298 1391 2705 1461 Susceptasque
2729 1405 2921 1460 preces
2949 1388 3115 1443 discit
3143 1404 3254 1442 non
3285 1386 3414 1441 talia
3443 1387 3646 1441 deinde

579 1483 791 1555 Flagitii
811 1483 1066 1548 stimulis,
1099 1483 1286 1538 lumen
1313 1499 1454 1554 quos
1475 1483 1697 1538 luminis
1718 1491 1842 1537 actu
2301 1482 2599 1536 Praesumat
2628 1481 2761 1536 visis
2787 1479 3007 1552 superis
3046 1487 3100 1534 et
3120 1479 3321 1534 fatibus
3351 1479 3522 1533 audit.

582 1579 788 1633 Deserit
817 1579 1146 1644 obstructos,
1179 1579 1512 1649 proprioque
1542 1576 1726 1632 furore
1757 1583 2017 1648 petuntur
2300 1555 2501 1641 Inclyta
2519 1572 2836 1642 apostolicae
2858 1570 3202 1625 concinnans
3219 1585 3449 1624 munera
3491 1571 3665 1625 thecae

580 1668 739 1720 Salvo
779 1666 954 1720 Patris
991 1682 1157 1737 equo,
1192 1666 1436 1736 prudens
1468 1682 1609 1737 quos
1632 1682 1832 1721 censor
1860 1666 2054 1720 abacta
2227 1718 2268 1737 η
2296 1660 2525 1722 Attollit,
2554 1660 2724 1715 sacris
2763 1659 3004 1732 delegat,
3035 1660 3280 1715 cultibus
3309 1668 3487 1726 ornat,

581 1759 744 1812 Menti
776 1718 1263 1829 perniciejreddit,
1289 1758 1390 1812 sed
1420 1718 1575 1813 furva
1613 1774 1840 1813 manere
2227 1718 2272 1783 Β
2297 1754 2601 1809 Exturbans
2629 1755 2854 1809 hereses
2884 1754 3077 1808 harum
3103 1754 3224 1809 loca
3249 1754 3482 1809 crimine
3515 1761 3739 1824 purgat,

583 1849 837 1921 Praecipit
874 1849 1438 1916 zeternum,tenebras
1469 1867 1538 1904 ne
1561 1850 1684 1904 luce
1715 1851 1874 1921 potiti
2299 1843 2469 1915 ldque
2501 1842 2936 1914 triumphantem
2967 1843 3171 1917 gaudet
3200 1843 3409 1898 vidisse
3435 1844 3699 1897 Suburra.

581 1919 835 1996 hssuetas
863 1944 1137 2008 repetant,
1171 1953 1308 2008 puro
1336 1953 1559 2010 quoque
1593 1919 1745 1993 fonte
1773 1939 1937 2009 piatis
2299 1935 2463 2005 Cujus
2498 1951 2599 1989 nec
2632 1935 2829 1989 tacitus
2862 1935 3127 2006 templum
3168 1936 3529 2007 occultusque
3561 1935 3817 2007 relinquit

578 2029 835 2085 Decernit
862 2030 1142 2102 geminum
1185 2029 1405 2100 pietatis
1429 2046 1658 2085 munere
1685 2030 1905 2085 victum.
2299 2028 2534 2099 Spiritus
2557 2029 2852 2102 egrediens
2878 2030 3219 2100 irrumpente
3237 2028 3458 2102 agmina
3485 2046 3678 2100 porco,

579 2122 693 2177 Mos
722 2122 980 2192 equidem
1015 2121 1194 2176 fuerat
1222 2137 1378 2193 papae
1408 2122 1608 2177 mentis
1638 2123 1836 2177 insitus
1864 2122 2021 2177 almae
2204 2169 2207 2174 .
2301 2121 2638 2191 lncrepitant
2666 2121 2929 2192 strepitus
2949 2137 3150 2194 magno
3177 2137 3444 2176 concussa
3472 2121 3691 2196 fragore
3728 2137 3742 2188 ;
3805 2113 3816 2124 ”

582 2212 852 2286 Frangere
883 2210 1157 2277 crudeles,
1181 2210 1342 2265 tutari
1375 2226 1548 2282 prona
1577 2219 1877 2282 sequentes
2299 2211 2496 2266 llltenia
2529 2228 2858 2282 percurrens
2889 2212 3094 2268 invitus
3116 2213 3323 2268 deserit
3346 2213 3537 2268 hostis.

578 2301 728 2354 Dicta
762 2299 976 2371 probat,
1012 2299 1207 2370 probat
1235 2300 1409 2355 elatus
1449 2300 1661 2356 feritate
1694 2308 1958 2372 tyrannus
2300 2304 2529 2358 Victoris
2553 2305 2656 2358 sub
2687 2305 2896 2361 honore
2929 2306 3058 2376 polo
3087 2305 3362 2361 velamine
3400 2305 3562 2360 nubis

583 2395 868 2451 Ruricolas
895 2412 959 2450 ac
998 2412 1123 2450 rura
1152 2402 1337 2450 terens
1366 2411 1488 2468 quae
1521 2395 1662 2452 forte
1694 2402 1912 2467 reperta
2297 2391 2546 2446 Admisso
2576 2393 2778 2467 tegitur
2813 2393 3310 2450 vernansdivinius
3325 2394 3483 2460 altar,

583 2486 801 2542 Primati
830 2486 1081 2555 subjecta
1107 2486 1274 2554 Petri,
1298 2486 1652 2558 monitusque
1673 2485 1819 2541 beati
2298 2484 2540 2539 Nectaris
2575 2485 2870 2540 Ecclesiam
2906 2486 3098 2556 implet
3116 2486 3271 2549 odor,
3294 2487 3528 2560 vestigia
3560 2495 3744 2542 terror

586 2581 931 2654 Legatosque
961 2582 1134 2638 Patris
1162 2598 1433 2654 spernens
1462 2582 1784 2654 papularier
1813 2580 2004 2637 urbem
2039 2598 2055 2646 ;
2301 2576 2482 2641 Arcet,
2514 2583 2571 2630 et
2595 2576 2797 2631 emisso
2829 2576 3187 2648 resplendent
3217 2577 3435 2633 caelitus
3465 2577 3592 2652 igne

579 2669 841 2725 Currebat
867 2671 956 2725 cui
993 2681 1180 2743 pastor
1201 2687 1335 2727 oves
1365 2671 1633 2727 tutamine
1665 2687 1910 2740 servans,
2305 2666 2608 2738 Lampades
2646 2667 2964 2743 insignique
2991 2668 3265 2724 iterantur
3289 2669 3499 2724 lumina
3533 2668 3776 2733 ﬂamma,

580 2759 826 2814 Occurrit
857 2766 1066 2816 terrore
1092 2777 1352 2832 premens
1379 2779 1393 2816 :
1424 2759 1681 2817 affamine
1699 2761 1897 2817 sternit
1927 2777 1941 2815 :
2307 2759 2715 2832 Restincueque
2741 2758 2889 2814 faces
2923 2760 3158 2831 repetita
3178 2761 3301 2816 luce
3321 2769 3632 2817 coruscant.

579 2849 786 2920 .tccipit
815 2849 908 2906 ille
938 2851 1032 2922 pio
1060 2851 1247 2908 divum
1264 2867 1518 2908 sermone
1541 2852 1812 2925 vigorem,

2024 2949 2234 3006 CAPUT
2276 2951 2382 3006 XV.

1731 3060 1812 3118 De
1848 3061 2174 3119 miraculis
2217 3061 2348 3136 ejus
2388 3062 2767 3121 monasterii.

581 3195 748 3268 Hujus
775 3197 844 3252 ad
875 3196 1116 3272 efﬁgiem
1149 3197 1412 3252 miracula
1443 3196 1565 3251 diva
1599 3203 1902 3267 patrantur,
2214 3227 2262 3290 ί)
2291 3195 2557 3252 Omnibus
2580 3195 2830 3265 objectus
2859 3211 3078 3268 quoque
3108 3195 3349 3269 quiverit
3369 3210 3494 3252 orsa
3522 3195 3758 3252 referre.

579 3295 640 3349 Et
665 3294 893 3350 candela
925 3295 1037 3366 poli
1071 3310 1470 3366 nonnunquam
1500 3293 1820 3349 accenditur
1851 3294 2001 3369 igne,
2215 3267 2262 3290 υ
2300 3289 2546 3344 Andra!!!
2574 3304 2697 3343 cum
2730 3288 3006 3361 Gregrorii
3035 3288 3308 3344 solamine
3340 3287 3582 3355 functus,

579 3383 710 3453 Ejus
737 3383 977 3439 coenobii
1010 3384 1270 3455 praelatus
1294 3385 1502 3439 honore
1531 3383 1774 3439 Joannes
2300 3383 2690 3455 Mensurasque
2709 3383 3030 3439 monasterii
3065 3391 3338 3455 potusque
3377 3383 3604 3455 cibique

581 3475 830 3529 Luxuriae
861 3473 1112 3529 addictus
1143 3473 1339 3528 vinclis
1370 3473 1499 3528 dum
1530 3489 1672 3528 saeva
1704 3473 2037 3546 frequentat,
2302 3472 2584 3528 Consueta:
2616 3472 2836 3544 pietatis
2863 3488 3028 3545 Opem
3057 3473 3361 3545 solitasque
3390 3473 3653 3528 lucernas

575 3569 732 3624 Tristi
753 3569 1058 3640 percutitur
1085 3567 1275 3642 segnis
1304 3568 1568 3642 languore
1596 3567 1852 3640 podagrae
1877 3583 1892 3636 ;
2300 3561 2592 3616 Altithroni
2621 3568 2747 3616 ante
2770 3561 2974 3633 pedum
3015 3578 3074 3616 se
3106 3571 3303 3617 cuncta
3355 3561 3549 3616 tulisse
3590 3560 3909 3617 scabellum.

579 3659 677 3724 Qui
710 3657 1058 3713 medicinalis
1089 3658 1346 3712 tormenti
1375 3658 1570 3712 ardore
1591 3657 1873 3723 subustus,
2301 3654 2687 3724 Oppositorum
2720 3670 2890 3708 unum
2924 3661 3135 3709 tantum
3171 3669 3411 3727 purgare
3451 3653 3747 3725 nequisse,

579 3749 712 3802 Dum
747 3748 1073 3818 desperatus
1115 3755 1400 3802 crescente
1428 3746 1728 3822 gravedine
1759 3745 1950 3818 pestis,
2296 3748 2532 3804 Cesserit
2548 3749 2694 3804 unde
2725 3749 2936 3820 pudore
2967 3757 3144 3816 actus,
3175 3748 3518 3804 cruciamine
3551 3747 3747 3810 tritus,

575 3841 843 3895 Sordibus
871 3839 1139 3906 abscedit,
1171 3847 1434 3912 castoque
1464 3839 1695 3894 inservit
1733 3839 1951 3906 honori,
2294 3839 2530 3894 Prodere
2554 3854 2667 3894 rem
2694 3839 2882 3907 jussus
2901 3845 3078 3894 vatem
3101 3838 3319 3913 legasse
3351 3845 3651 3908 patronum

578 3933 844 3988 Redditur
876 3941 1072 4004 aptatae
1102 3934 1334 3989 Domino
1368 3941 1624 4004 parcente
1655 3933 1817 3988 saluti
1853 3951 1867 3986 :
2293 3928 2452 3983 Fatur
2483 3927 2827 4000 Gregorium,
2856 3926 2992 3982 nulli
3023 3942 3084 3982 se
3116 3927 3363 3998 pandere
3395 3925 3673 3998 probrum

574 4025 670 4080 llle
701 4026 854 4082 canis
879 4025 1028 4081 velut
1068 4025 1336 4095 impurus,
1365 4026 1738 4096 vomitumque
1766 4023 2081 4091 resorbens,
2293 4019 2622 4074 Functorum
2646 4019 2753 4074 imo
2767 4017 3622 4093 domos,meritumqueresignat
3637 4023 3916 4092 agentum.

573 4114 952 4186 Contemptum
996 4115 1193 4186 repetit
1223 4114 1400 4170 morbi
1433 4123 1556 4184 post
1586 4125 1837 4185 tempora
1861 4131 2090 4182 saevum,
2292 4112 2697 4167 Obtrectatores
2724 4112 2944 4166 audisse
2975 4127 3076 4182 per
3099 4111 3287 4167 omnia
3303 4110 3524 4177 fratres,

575 4203 937 4276 Lubricaque,
957 4212 1011 4258 et
1033 4203 1218 4269 luxua,
1242 4211 1298 4257 et
1327 4203 1553 4257 sordida
1576 4203 1810 4258 crimina
1834 4210 2049 4271 tractat,
2291 4206 2508 4262 Judicio
2539 4207 2860 4263 obstrictum
2886 4206 2984 4260 sed
3025 4205 3230 4260 famina
3261 4205 3497 4260 reddere
3527 4205 3688 4260 nulla

573 4293 683 4347 Nec
714 4307 867 4346 mora
898 4290 1143 4363 Gregorii
1183 4290 1389 4346 seniori
1422 4290 1560 4346 visio
1582 4291 1801 4346 cuidam
2294 4299 2362 4353 Se
2393 4299 2634 4370 potuisse
2662 4299 2861 4364 fatens,
2893 4304 3120 4369 parcant
3145 4297 3486 4352 abeuntihus
3512 4297 3662 4352 ultra

572 4383 877 4449 Accedens,
904 4382 1020 4453 ipsa
1056 4381 1299 4437 monitus
1323 4382 1418 4436 dat
1437 4390 1598 4438 nocte
1621 4384 1858 4455 relapso,
2293 4390 2457 4445 Ferre
2473 4391 2668 4446 cavilla
2693 4391 2896 4462 quibus
2927 4399 3036 4445 tam
3068 4390 3238 4444 multa
3267 4389 3604 4444 ferunturad
3624 4391 3793 4446 hoste

574 4473 865 4535 Pueniteat,
903 4472 1048 4543 turpi
1081 4481 1375 4529 convectos
1401 4472 1630 4528 crimine
1652 4489 1853 4528 census
2296 4480 2356 4534 Et
2379 4487 2484 4534 tam
2512 4479 2743 4534 districti
2769 4485 3069 4550 properant
3107 4477 3175 4532 ad
3204 4477 3410 4549 judicis
3440 4493 3540 4532 ora

573 4562 882 4634 Dispergat,
911 4577 1037 4616 mox
1071 4562 1190 4617 luce
1221 4562 1342 4616 dies
1364 4579 1527 4634 quem
1554 4562 1715 4617 tertia
1737 4561 1908 4618 tollet.
2214 4559 2267 4627 D
2297 4571 2623 4643 Presbytero
2644 4571 2866 4626 demum
2894 4570 2998 4624 sibi
3031 4571 3126 4642 qui
3154 4585 3417 4640 suprema
3448 4579 3680 4627 notarat

569 4653 701 4708 Tum
733 4654 1040 4728 stupidum,
1070 4655 1317 4726 tantique
1351 4655 1517 4725 patris
1545 4655 1802 4710 mandata
1825 4663 2115 4726 paventem
2289 4664 2534 4719 Pandere
2568 4663 2815 4735 poscenti
2848 4663 3047 4718 summi
3077 4663 3183 4718 sibi
3211 4663 3422 4719 crimen
3455 4664 3689 4738 agonis,

570 4743 826 4800 Ραεῐιίῑιιίι
863 4745 1009 4810 fac“:
1033 4759 1196 4818 83133
1235 4743 1329 4816 (ιιιί
1365 4760 1627 4818 Spargere
1657 4751 1898 4811 certans:
2239 4753 2242 4758 ’
2289 4759 2339 4813 Is
2364 4765 2529 4829 caput
2558 4767 2812 4813 avertens
2827 4758 3036 4832 gemitu
3060 4757 3362 4829 proclamat
3381 4758 3588 4813 anhelo
3624 4777 3639 4812 :

568 4836 861 4909 Correptus
887 4839 1151 4913 languore
1184 4836 1275 4892 die
1306 4853 1406 4908 per
1432 4837 1545 4892 visa
1569 4843 1758 4892 notato
2296 4868 2321 4898 α
2349 4846 2810 4917 Andraea,pereas
2828 4846 2934 4901 isto
2960 4845 3298 4900 miserabilis
3313 4861 3481 4910 anno,

566 4931 747 4985 Uritur
777 4931 1018 5006 ingentis
1034 4929 1275 4985 violento
1294 4928 1546 4984 torminis
1574 4929 1720 5003 igne.
2288 4934 2387 5000 Qui
2422 4951 2508 4989 me
2529 4935 2762 4990 consilia
2794 4934 2850 4988 in
2883 4944 2990 4989 tam
3011 4950 3154 4988 saeva
3188 4933 3396 5005 pericla
3420 4932 3662 4987 dedisti.
3701 4957 3729 4980 η

563 5023 778 5094 Oreque
807 5021 1109 5092 projiciens
1140 5021 1384 5092 linguam
1415 5036 1674 5092 suprema
1703 5020 1954 5076 trahebat
2285 5027 2418 5082 Tum
2451 5027 2728 5082 medicum
2757 5027 2882 5082 vitae
2913 5025 3280 5098 spondentem
3312 5025 3466 5081 lucra
3496 5026 3824 5096 repellens,

565 5112 809 5167 Flamina
845 5125 860 5178 ;
892 5111 1150 5166 custodes
1180 5109 1406 5164 obeunti
1438 5110 1694 5164 assistere
1725 5110 1943 5175 dantur,
2289 5116 2528 5171 Psallere
2551 5116 2804 5186 deposcit
2834 5113 3030 5170 fratres
3051 5121 3110 5170 ut
3135 5130 3365 5170 cernere
3401 5115 3581 5186 possit

563 5211 732 5278 Atque
761 5206 1080 5261 sacerdotes
1121 5204 1352 5260 Domino
1393 5203 1524 5259 dare
1554 5212 1680 5260 vota
1708 5204 2010 5272 recedunt;
2287 5205 2429 5270 Quas
2455 5205 2906 5280 prius'angelicas
2933 5211 3299 5276 conspexerat
3324 5205 3442 5276 ipse
3473 5213 3749 5261 catervas
3778 5223 3794 5268 ;

559 5296 817 5370 Regressi
850 5304 971 5366 post
995 5310 1149 5349 sacra
1180 5303 1407 5364 stupent
1433 5293 1648 5349 leniora
1674 5292 1890 5348 ferente
1925 5311 1938 5348 :
2289 5295 2392 5350 Has
2423 5295 2787 5367 contemplari
2810 5311 2957 5362 sese,
2980 5295 3308 5367 pallensque
3341 5302 3723 5368 tremensque

556 5385 763 5439 Nomen
797 5391 851 5438 et
875 5385 1195 5448 inclamant,
1218 5381 1409 5436 oculos
1441 5398 1563 5437 mox
1592 5382 1808 5438 evibrat
1845 5383 1937 5438 ille
2287 5384 2568 5441 Fratribus
2597 5390 2657 5439 ut
2679 5391 2897 5456 poterat
2922 5384 3170 5459 signans,
3205 5385 3452 5439 humana
3482 5384 3797 5457 relinquit,

551 5474 905 5530 Subridendo
940 5488 1199 5546 quaerens
1226 5488 1287 5527 se
1319 5471 1550 5528 vocibus
1579 5473 1941 5546 exagitatum,
2283 5475 2479 5549 Magno
2505 5474 2790 5530 dimittens
2816 5476 3123 5531 monachos
3158 5484 3368 5530 terrore
3398 5474 3704 5532 subactos.

551 5566 782 5622 Judiciis
808 5565 1002 5620 Christi
1025 5565 1117 5638 qui
1153 5565 1331 5638 prima
1362 5581 1394 5619 a
1424 5565 1547 5620 luce
1572 5565 1682 5620 diei
2282 5569 2444 5624 Ruris
2475 5575 2529 5624 et
2561 5569 2819 5624 Andrteas
2848 5570 3153 5626 conductor
3182 5568 3502 5632 Barbiliani,

549 5654 792 5710 Astiterit
820 5661 1042 5712 certans
1071 5670 1194 5710 cum
1215 5653 1461 5726 perpetis
1492 5654 1648 5710 hoste
1681 5655 1892 5711 salutis.
2280 5657 2358 5711 Ad
2388 5672 2580 5714 vocem
2607 5673 2734 5714 mox
2755 5658 3062 5730 presbyteri
3092 5658 3388 5714 maledicta
3416 5657 3690 5728 ferentis,
