3994 6148
148 234 235 288 781,
612 222 699 276 DE
742 218 1015 274 CHRISTI
1057 212 1415 273 TRIUMPIIIS
1457 211 1624 266 APUD
1666 207 1940 265 ITAHAM
1981 208 2219 267 GESTIS
2264 213 2448 268 LIBRI
2493 213 2629 270 XIV.
2671 251 2740 262 -—
2781 223 2909 278 LIB.
2953 223 3017 277 X.
3431 230 3534 285 782

145 355 334 412 Decidit
373 352 430 406 in
458 351 691 414 lectum,
721 351 775 399 et
804 341 989 412 longo
1025 344 1287 415 languore
1318 337 1550 404 solutus,
1791 339 1841 405 Α
1870 334 1964 385 Ast
1983 330 2084 385 ubi
2125 336 2435 391 confessus
2462 340 2717 407 quadam
2749 346 3099 400 monimenta
3129 348 3322 405 tulisse

145 446 391 502 Carnibus
410 440 665 501 exuitur;
696 434 902 502 conqu
940 433 1138 489 foetore
1171 438 1390 508 gravata
1429 442 1433 447 ·
1871 420 2207 479 Cliartarum
2239 441 2374 481 cum
2413 432 2705 499 preposito
2738 436 3034 506 pretioque
3063 436 3289 496 dedisse

142 542 270 598 Tabe
306 538 409 594 viri
440 533 741 606 absumpti,
772 528 871 583 sed
906 544 1029 585 non
1055 527 1244 584 efﬂare
1275 524 1505 580 valentis
1536 542 1551 585 ;
1870 508 2150 606 Indignis,
2185 512 2404 585 retegit
2433 531 2564 571 mox
2596 536 2841 591 carcere,
2863 540 3098 594 corpore
3131 529 3282 598 texit,

147 631 380 686 Hortatur
406 625 624 682 facinus
643 601 765 694 'quo
794 617 917 672 sint
965 625 1074 673 tam
1107 617 1227 671 dira
1254 613 1460 670 revelet
1868 601 2152 673 supplic“
2187 606 2423 661 ουηοῑίε
2444 614 2656 683 Ρνορτὶἰ
2686 616 2986 672 luctamine
3016 620 3259 689 prodens

145 720 270 775 voce
292 718 506 792 ingesta
543 712 653 769 sibi
695 705 912 783 praelati
949 705 1066 762 fata
1093 703 1378 760 trahentis.
1870 695 2129 771 Gregorii
2165 699 2372 775 legum
2415 702 2551 763 lanii
2579 711 2710 781 quid
2740 710 2882 766 ferre
2922 723 3223 774 merentur.

1627 838 1835 894 CAPUT
1871 834 2014 892 XVI.

1015 975 1097 1034 De
1138 974 1431 1032 ministro
1473 976 1585 1047 qui
1622 972 1750 1045 ejus
1794 966 2120 1029 imminuit
2173 966 2655 1049 eleemosynam,

151 1125 233 1180 [lic
261 1124 428 1179 etiam
461 1122 556 1193 qui
587 1121 879 1175 consuetas
912 1114 1194 1170 minuisse
1219 1112 1487 1184 probatur
1880 1111 2097 1167 Pariete
2122 1109 2477 1179 flagrantem
2506 1120 2662 1175 solus
2689 1118 2875 1176 subito
2899 1126 3096 1196 aspicit
3119 1130 3327 1207 ignem,

152 1216 377 1287 Dapsilis
402 1215 688 1284 impensas
709 1210 939 1278 inopum
974 1205 1254 1306 solamina
1274 1204 1468 1302 patris,
1878 1205 2047 1270 Quem
2072 1200 2360 1261 manibus
2389 1215 2610 1268 ιεηιθηε
2639 1220 2911 1287 avertere,
2943 1200 3188 1295 carpitu'r
3219 1228 3370 1298 ipse:

74 1362 81 1367 ,
152 1304 430 1360 Praemisso
465 1314 720 1373 praecone
748 1296 896 1367 capit
929 1295 1189 1350 mandata
1235 1293 1384 1346 beati
1880 1295 2088 1350 Ardore
2120 1293 2378 1351 interius
2406 1298 2702 1371 febrisque
2731 1304 2909 1364 calore
2935 1293 3175 1381 voratur,

152 1399 307 1463 Dura,
342 1395 465 1449 dies
492 1392 603 1447 sibi
636 1406 735 1463 pro
763 1389 990 1459 dempta
1013 1388 1222 1458 pietate
1256 1391 1535 1439 resectos:
1881 1388 2054 1458 Atque
2077 1398 2244 1459 gravn
2268 1384 2438 1444 ﬁnem
2474 1391 2613 1446 vitae
2649 1390 2864 1453 fervore
2895 1404 3149 1474 capessit.

154 1492 395 1562 Dumque
427 1488 596 1543 fidem
636 1487 819 1541 minus
852 1482 1130 1554 impendit
1171 1494 1281 1553 pro
1312 1486 1556 1551 tempore
1595 1480 1778 1545 dictis,

1623 1616 1837 1672 CAPUT
1884 1617 2048 1673 XVII.

1284 1751 1359 1808 De
1398 1753 1715 1812 monachis
1762 1754 1954 1829 ipsius
2001 1760 2390 1818 monasterii.

151 1899 374 1969 Temple
404 1896 707 1971 Gregorius
732 1911 845 1967 quo
868 1893 1100 1950 fundere
1124 1896 1253 1948 vota
1281 1890 1494 1946 solebat
1566 1890 1579 1907 ’
1807 1900 1853 1966 Β
1880 1894 2153 1964 Tumque
2174 1897 2576 1955 monasterium
2614 1902 2945 1980 ingrediens
2965 1923 3206 1974 mutatur
3236 1921 3447 1982 honore

153 1989 391 2061 Spiritus
420 1988 662 2044 infestus
692 1986 1090 2090 teteravirtute
1129 1982 1261 2090 fidei
1885 1991 1945 2044 Et
1974 1993 2252 2050 monachi
2291 2009 2520 2050 sumens
2569 1995 2827 2059 habitum
2862 2010 3054 2065 mundi
3094 2013 3334 2090 abnegat
3369 2031 3549 2079 actum

152 2085 381 2141 Robusti
414 2084 638 2154 ejicitur
666 2080 949 2146 monachi,
981 2080 1111 2135 licet
1142 2078 1340 2134 ictibus
1370 2084 1519 2134 actus
1883 2083 2135 2142 Andraea
2165 2090 2387 2146 tandem
2417 2106 2545 2146 sese
2578 2095 2802 2154 visente
2834 2101 3001 2160 beato

154 2175 429 2230 Insomnis
447 2173 574 2227 vani
608 2188 708 2244 per
738 2172 861 2226 visa
890 2168 1163 2225 minantia
1189 2167 1300 2223 teli.
1889 2178 2065 2244 AtQUe
2100 2177 2295 2234 obitus
2325 2179 2513 2235 horam
2548 2160 2737 2251 patrio
2760 2205 3023 2247 sermone
3055 2203 3281 2255 notante

148 2267 363 2320 Ducere
392 2272 515 2334 post
541 2243 679 2319 lethi
708 2263 807 2334 qni
838 2261 998 2317 fauce
1028 2258 1276 2332 pericula
1307 2259 1474 2327 visus,
1891 2243 2072 2317 Laetus
2101 2268 2245 2333 obit,
2280 2271 2467 2345 peragi
2510 2243 2621 2327 sibi
2655 2292 2783 2335 mox
2812 2243 3340 2354 funebrisvpesczus

147 2356 366 2428 Accipit
392 2332 450 2409 in
484 2355 604 2412 visu
634 2332 810 2426 patris
835 2352 1098 2407 mandata
1127 2350 1276 2405 beati
1899 2354 2240 2415 Luminibus
2270 2332 2392 2417 Istis
2414 2332 2611 2438 dignis
2638 2332 2694 2423 et
2733 2332 3006 2427 odoribus
3023 2332 3360 2444 aucti-sfw,

152 2451 349 2506 Vivere
391 2452 437 2504 si
469 2457 627 2505 curet
652 2447 944 2504 morituris
976 2446 1086 2501 fata
1114 2444 1357 2511 revelet;
1899 2444 1963 2534 Ut
1989 2450 2169 2504 sancti
2193 2467 2430 2521 poscens
2451 2453 2678 2512 Fabiani
2709 2458 2851 2515 festa
2881 2465 3138 2534 rependi.

151 2546 410 2601 Pandere
442 2541 719 2615 promittit
749 2539 1083 2615 fungentum
1118 2546 1173 2592 et
1198 2537 1425 2593 nomina
1454 2534 1651 2601 sumit;
1896 2532 2226 2607 Gregorium
2257 2540 2451 2597 insano
2484 2546 2795 2602 monachus
2822 2565 2923 2619 pro
2948 2532 3117 2610 fratre
3145 2567 3404 2628 precatus

153 2635 258 2691 Ore
286 2605 464 2707 patris
493 2631 689 2704 recipit
719 2605 949 2702 digites,
976 2626 1181 2700 quibus
1209 2627 1393 2682 ulcere
1423 2632 1583 2697 rupto
1899 2605 2241 2696 Conspectus
2278 2631 2526 2707 fugiente
2556 2605 2867 2706 hominum,
2903 2643 3023 2699 loca
3040 2605 3461 2711 lasiaviEQJo

148 2723 387 2779 Excreat
416 2721 659 2775 innatam
694 2719 819 2773 dira
844 2716 1126 2788 putridine
1158 2724 1369 2786 pestem
1899 2716 2106 2788 Aspicit
2127 2718 2185 2774 in
2218 2721 2338 2777 visu
2370 2724 2591 2781 dantem
2623 2729 2894 2786 solamina
2925 2740 3135 2803 patrem

149 2816 400 2888 Moxque
427 2822 619 2872 secuta
644 2815 798 2869 salus
822 2812 1018 2867 mortis
1048 2811 1197 2865 hunc
1217 2808 1464 2865 faucibus
1493 2824 1690 2865 arcens
1899 2805 2052 2898 Quod
2082 2823 2321 2866 cernens
2351 2813 2618 2886 lacrymas
2648 2824 2835 2874 votum
2876 2827 3187 2896 susceperit
3216 2830 3356 2898 ejus,

145 2911 435 2984 Aggregat
466 2906 805 2979 hymnidicze
835 2905 991 2959 nullo
1021 2908 1277 2974 sperante
1307 2908 1556 2957 catervae.
1899 2895 1958 2984 Iit
1986 2911 2184 2952 sanum
2202 2899 2309 2954 sibi
2334 2917 2658 2976 germanum
2687 2923 2812 2963 cum
2843 2909 2966 2967 luce
2989 2895 3236 2981 reducet,

147 2983 290 3055 Rem
325 2998 570 3071 stupidis
600 2995 803 3068 prodit,
837 2995 987 3050 dicta
1024 2991 1220 3048 astruit
1259 2992 1394 3047 ordo
1437 2991 1792 3067 migrantum,
1897 2983 2192 3058 Presbyter
2217 2998 2271 3045 ut
2307 2990 2530 3048 clausus
2550 2995 2711 3050 venia
2735 2998 3011 3056 resolutus
3033 3002 3233 3058 abibit.

145 3092 391 3156 Praesut,
419 3089 679 3147 caenobio
711 3087 996 3159 praelatus,
1032 3091 1091 3139 ut
1131 3084 1354 3139 ultimus
1381 3084 1536 3139 audit
1897 3074 2143 3134 Crastina
2173 3080 2263 3134 lux
2295 3083 2563 3151 promissa
2603 3085 2802 3155 prohat
2829 3090 3127 3146 mandante
3158 3093 3417 3149 sacerdos

145 3184 221 3235 Se
242 3197 481 3252 quoque
512 3193 872 3250 pcrcensum,
899 3177 1163 3246 languore
1188 3178 1457 3243 sequente
1478 3181 1718 3238 coactus,
1826 3240 1863 3252 Π
1897 3171 2131 3227 Lavatur
2151 3188 2293 3243 papa
2319 3172 2593 3246 fraterque
2623 3192 2880 3235 reversus
2911 3182 3139 3249 amanti,

141 3240 406 3324 Credere
426 3240 677 3338 disponit
703 3240 941 3336 propriae
984 3240 1097 3316 rem
1130 3240 1352 3315 territus
1380 3259 1529 3315 aedis.
1818 3240 1867 3305 Ο
1896 3240 2167 3315 Redditur
2194 3240 2797 3338 incolumis-servitque
2818 3271 3098 3325 manendo
3125 3240 3324 3326 fidelis.

1624 3401 1833 3457 CAPUT
1870 3401 2051 3457 XVIII.

1299 3536 1372 3596 De
1409 3536 1836 3613 puriﬁcatione
1875 3535 2067 3610 fundi
2108 3536 2394 3612 ejusdem.

128 3682 405 3755 Spiritus
435 3678 658 3736 hostilis
678 3676 1004 3749 prmdictum
1034 3674 1400 3730 Barbilianum
1895 3674 2211 3731 lnfestantis
2239 3676 2315 3731 ait
2340 3682 2452 3731 tota
2480 3677 2801 3735 discrimina
2833 3690 2993 3739 nocte

134 3776 426 3832 Vastabat
449 3772 711 3836 fundum,
736 3770 1028 3826 simulatus
1063 3779 1353 3825 stemmate
1374 3776 1612 3834 taurum,
1894 3764 2121 3820 Fervida
2144 3780 2204 3820 se
2233 3780 2477 3836 passum,
2510 3767 2683 3840 mergi
2712 3776 2774 3824 ut
2801 3770 2870 3825 de
2896 3778 3062 3842 ponte
3094 3779 3378 3845 renutans,

125 3871 373 3929 Noxius
402 3867 668 3943 agricolis
698 3867 928 3928 instans,
955 3881 1020 3919 ac
1043 3863 1221 3920 fronte
1252 3862 1505 3939 fatigans,
1894 3857 2137 3931 Fugerit,
2164 3867 2329 3931 atque
2350 3859 2487 3914 aviis
2514 3860 2657 3916 inter
2682 3863 2967 3921 molimina
2993 3868 3209 3937 prensis

126 3963 575 4034 Custodesque,
602 3960 885 4031 bovesque
913 3958 1032 4013 suis
1058 3958 1399 4029 praesepibus
1427 3972 1647 4021 arcens;
1894 3952 2180 4007 Portarum
2219 3951 2477 4007 claustris
2504 3953 2674 4009 tuitus
2701 3955 2773 4010 sit
2803 3958 3043 4028 praesule
3072 3961 3331 4032 quodam.

124 4052 444 4125 Dispersis
471 4049 597 4104 aliis
624 4064 767 4103 unus
795 4056 1003 4103 terrore
1029 4044 1300 4102 bubulcus
1895 4045 2016 4115 Ipse
2044 4058 2268 4115 quoque
2297 4060 2574 4114 apparens
2594 4046 2811 4101 cuidam
2836 4064 2937 4119 per
2964 4048 3081 4105 visa
3111 4065 3333 4106 suorum

124 4150 322 4203 Actus
358 4143 481 4200 adit
509 4141 818 4198 monachos
846 4138 1116 4211 trepidus,
1152 4155 1266 4193 rem
1300 4137 1544 4210 pandere
1579 4136 1746 4210 gestit
1777 4154 1791 4202 ;
1895 4133 2211 4205 Gregorius,
2234 4133 2345 4188 ruri
2374 4133 2724 4191 benedictam
2752 4136 3002 4212 spargier
3025 4140 3228 4195 undam

118 4239 303 4295 Inter
337 4242 407 4293 et
430 4234 735 4298 eﬂ‘andum,
761 4241 924 4303 rupto
945 4248 1228 4298 sermone,
1259 4229 1467 4286 recedit
1898 4227 2171 4298 Praecipit,
2203 4234 2258 4282 et
2285 4226 2428 4282 facto
2457 4227 2613 4283 labes
2633 4228 2810 4284 invisa
2833 4247 3080 4298 recessu,

118 4328 498 4399 Aufugiens,
541 4324 898 4396 dominisque
927 4323 1078 4379 celer
1105 4320 1430 4377 mirantibus
1450 4319 1579 4374 exit.
1896 4318 2059 4373 Fines
2076 4317 2195 4373 visa
2224 4318 2370 4373 dein‘
2393 4335 2612 4393 gyrare,
2648 4319 2850 4377 intrare
2882 4339 2986 4378 nec
3014 4340 3222 4379 ausam.

115 4425 306 4480 Mane
343 4421 492 4477 dein
520 4419 745 4475 rediens
775 4415 1007 4490 pecudis
1029 4431 1091 4470 se
1120 4415 1347 4471 horrore
1374 4411 1617 4487 fugatum

1645 4543 1851 4601 CAPUT
1895 4543 2032 4598 XIX.

1334 4679 1410 4737 De
1452 4678 1685 4736 visione
1735 4673 2020 4749 Tetgaudi
2057 4672 2335 4748 episcopi.

107 4825 493 4906 Tetgaudus
513 4820 740 4894 quidam
773 4818 989 4890 praesul,
1018 4815 1260 4887 privatus
1285 4815 1514 4879 honore,
1820 4819 1872 4885 υ
1901 4808 1995 4862 Ille
2028 4806 2213 4862 ferens
2242 4822 2273 4860 a
2304 4804 2567 4906 pontifice
2598 4806 2715 4863 haec
2742 4808 2847 4863 sibi
2879 4805 3008 4877 jura
3037 4804 3299 4867 manendi

114 4901 401 4979 Romam
440 4914 661 4980 adiens,
683 4913 788 4966 hoc
818 4910 1115 4981 hospitium
1146 4908 1428 4979 praebente
1453 4906 1659 4962 subivit
1903 4904 2083 4972 Cessa,
2112 4903 2258 4974 capit
2283 4901 2541 4959 mulctam
2577 4903 2785 4961 Christo
2815 4905 3092 4977 plectente
3114 4909 3214 4963 sub
3248 4910 3368 4980 ipso

111 5010 469 5072 Ccenobio,
495 5021 677 5077 papa;
710 5002 797 5058 cui
823 5002 1004 5057 somni
1034 5014 1204 5071 pauca
1229 4998 1488 5054 trahenti.
1902 4994 2228 5064 Sumpturos
2257 4999 2365 5047 tam
2394 4994 2489 5065 qui
2510 4994 2691 5066 petiit,
2722 5011 2884 5067 quam
2918 4996 3013 5068 qui
3045 4997 3200 5053 dedit
3228 5015 3406 5068 anno;

109 5108 307 5162 Visus
347 5100 574 5157 adesse
596 5104 772 5168 pater,
799 5092 1219 5163 minitantiaque
1245 5090 1409 5145 edere
1430 5088 1619 5157 jussa:
1905 5087 2155 5143 lntremit
2182 5086 2471 5159 evigilans,
2493 5087 2633 5144 facta
2661 5105 2846 5160 prece,
2878 5090 3112 5147 reddere
3141 5108 3336 5148 somno

108 5200 310 5253 Exeat
350 5196 546 5259 atque
572 5185 681 5241 cito
711 5198 1016 5256 properans
1052 5197 1149 5235 sua
1179 5192 1336 5251 septa
1365 5178 1651 5251 relinquat.
1903 5179 1971 5235 Se
2005 5186 2197 5247 tentat,
2229 5181 2586 5252 sonitumque
2614 5192 2841 5255 repente
2868 5183 3014 5255 capit
3040 5183 3374 5240 subeuntum

106 5282 463 5342 Excutitur
492 5275 697 5340 stratis,
733 5278 870 5341 orat,
904 5272 1283 5344 phantasmata
1314 5278 1483 5332 retur,

1906 5275 2138 5341 Limina,
2161 5274 2321 5332 valde
2340 5292 2548 5348 pavens
2568 5277 2836 5352 fingitque
2865 5294 3064 5349 sapore
3088 5287 3369 5353 gravatum

101 5383 323 5453 Atque
364 5374 591 5428 iterum
622 5365 842 5433 dormit;
884 5379 1072 5421 rursus
1108 5370 1265 5434 pater
1300 5361 1552 5416 imminet
1589 5368 1794 5453 astans,
1902 5364 2228 5440 Ingrediens
2258 5365 2334 5421 ita
2361 5366 2676 5440 Gregorius,
2708 5368 3062 5438 dextramque
3094 5368 3337 5426 tenendo

106 5452 497 5529 Pontificali
535 5459 754 5516 habitu:
804 5480 823 5508 ι
867 5456 1077 5513 Nostris
1112 5454 1409 5510 abscedere
1440 5452 1695 5509 claustris
1901 5456 2167 5525 Andrteae,
2196 5458 2534 5530 appmpians
2562 5459 2718 5517 latori
2756 5458 2980 5515 luminis
3011 5457 3228 5532 (inquit)

106 5567 248 5625 Non
290 5554 564 5635 (δηίίυίῑ)
582 5552 725 5623 Ῑηδθί
754 5551 978 5607 domino
998 5564 1121 5622 (ιιιεε
1151 5547 1280 5604 dom
1311 5546 1487 5635 dicati
1908 5566 1928 5594 ι
1972 5544 2197 5618 Corripe
2218 5554 2570 5618 prostratum.
2614 5569 2638 5599 υ
2688 5546 3041 5618 Correptusat
3054 5544 3144 5603 ille
3165 5549 3405 5607 resedit:

107 5649 462 5723 Ρπὶηείρὶε
492 5643 743 5699 Andr???“
773 5655 893 5711 (1033
923 5636 1224 5693 diversoria
1263 5634 1432 5690 nOlim
1455 5634 1483 5686 τ’
1528 5660 1550 5679 η
1909 5657 1931 5687 α
1975 5635 2168 5707 Aspice
2200 5652 2302 5692 nos
2318 5638 2560 5705 (sanctus
2591 5636 2853 5708 trepido),
2875 5636 3006 5709 quia
3031 5635 3122 5694 bis
3148 5655 3271 5697 mea
3301 5642 3448 5700 dicta
