4002 6124
553 205 658 261 783
1323 203 1689 260 FLODOARDI
1732 205 2033 263 GANONICI
2076 209 2405 266 HIEMENSIS
2445 208 2779 267 OPUSCUIJI
2820 190 3124 265 METRICA.
3774 212 3854 267 784

552 338 843 402 'I‘emnens,
878 337 1025 390 hunc
1054 335 1269 391 Domini
1298 351 1581 406 procerem
1613 336 1889 394 deducere
1928 340 2101 413 mgis,

552 433 613 485 Ni
654 448 777 487 mox
807 432 1075 486 abscedas
1106 432 1291 497 hodie,
1325 432 1609 502 privabere
1638 434 1749 487 vita
2277 430 2513 502 Proripit
2544 430 2672 484 hinc
2699 445 2760 484 se
2787 444 2909 483 mox
2942 428 3148 489 stratis,
3174 443 3240 483 ac
3266 428 3382 482 visa
3413 429 3641 495 revelat,

555 521 794 575 Instante
836 520 1182 575 hebdomada
1213 520 1379 574 sociis
1419 520 1583 575 simul
1614 521 1872 576 omnibus
1903 523 2097 579 auctis.
2279 523 2569 596 Egreditur
2589 522 2798 593 septis;
2822 510 3168 592 complentur
3201 521 3406 583 famina
3433 520 3630 584 factis;

552 612 615 663 At
644 610 689 662 si
716 610 870 677 jussa
889 625 1129 680 sequens
1151 625 1334 679 pares,
1357 609 1594 663 evadere
1620 626 1814 681 pmnas
1953 611 2169 683 [horum
2275 610 2501 682 Hospitii
2534 627 2656 667 nam
2683 611 2807 679 jure
2838 625 3052 676 carens,
3084 609 3390 683 adiensque
3416 609 3677 673 Sabinos,

553 700 705 755 Nunc
736 700 943 771 poteris
984 700 1228 764 subitas;
1282 716 1463 777 neque
1504 707 1560 755 tu
1593 717 1771 774 neque
1812 702 1938 774 quis
1987 709 2166 758 tamen
2272 703 2404 759 Cum
2426 704 2687 759 comitatu
2720 703 2843 776 ipso
2870 702 2983 777 vita
3011 702 3254 776 privatur
3277 701 3337 777 in
3363 717 3529 759 anno.

2201 353 2245 413 Α
2273 343 2576 417 Degentum
2603 342 2694 396 hic
2720 348 2925 406 tecum,
2959 341 3068 410 iam
3100 355 3226 396 rura
3267 346 3495 413 paterna
3524 340 3739 397 reviset.
3776 364 3795 392 ι

2022 858 2231 915 CAPUT
2282 860 2388 915 XX.

1354 985 1432 1045 Dr
1479 1004 1542 1046 eo
1585 990 1694 1064 qui
1722 992 2063 1049 meretrices
2096 992 2462 1051 monasterio
2493 992 2686 1067 ipsius
2718 990 3080 1051 introduwit.

2277 1119 2568 1175 Introferre
2600 1135 2763 1179 ausus
2788 1117 2946 1183 ﬂuxae
2978 1134 3075 1185 seu
3102 1117 3311 1177 ludicra
3341 1133 3543 1185 scenae,

2275 1210 2447 1265 Crede
2479 1210 2612 1267 mihi
2648 1210 2858 1275 idcirco
2882 1217 3155 1281 praesente
3186 1209 3393 1281 peribis
3422 1209 3477 1263 in
3503 1225 3675 1276 anno.
3718 1230 3736 1259 ι

2274 1302 2373 1366 Qui
2402 1317 2462 1356 se
2493 1308 2821 1372 promittens
2841 1300 3141 1365 sceleratos
3167 1316 3374 1372 ponere
3405 1314 3613 1364 mores,

2274 1390 2482 1462 Deponi
2517 1391 2785 1463 reddique
2818 1392 2939 1455 solo
2962 1392 3254 1457 mandatur
3281 1392 3352 1449 ab
3376 1392 3504 1447 alto.

2272 1484 2337 1539 At
2362 1484 2491 1555 quia
2515 1481 2828 1567 dissimulat
2856 1499 3053 1555 pravos
3089 1498 3429 1554 compppere
3455 1499 3675 1548 sensum,

2202 1551 2251 1619 Β
2275 1551 2591 1630 Ρρτξὶίῐὶοἶιθ
2620 1591 2719 1629 sua
2742 1551 2880 1630 vatis
2909 1575 3103 1646 probat
3124 1551 3274 1630 edita
3293 1551 3450 1629 vera.

553 1120 640 1173 Sic
670 1118 831 1171 etiam
866 1117 1063 1171 meruit
1084 1117 1291 1171 sentire
1324 1116 1659 1175 domesticus
1690 1117 1782 1171 ille

555 1206 834 1277 Supponis
866 1222 1103 1276 poenam,
1137 1205 1231 1276 qui
1258 1205 1491 1279 claustra
1525 1206 1809 1261 recludere
1832 1206 2031 1263 scortis

559 1298 674 1353 Non
704 1298 906 1355 timuit.
932 1296 1018 1352 cui
1051 1312 1322 1368 suspenso
1349 1298 1648 1368 spiramine
1678 1298 1799 1353 diro

554 1391 846 1462 Gregorius
874 1390 1023 1444 visus
1048 1406 1060 1443 :
1106 1410 1129 1440 α
1173 1390 1305 1445 Mala
1337 1405 1446 1446 non
1472 1390 1566 1445 tibi
1595 1397 1793 1453 cietera
1821 1390 1995 1454 (dixit.

551 1482 861 1548 Sufﬁciunt,
895 1480 1120 1536 inimice
1151 1481 1265 1549 Dei,
1297 1498 1420 1553 quae
1454 1482 1691 1552 plurima
1722 1483 1925 1537 nostris

550 1573 807 1629 Gessislis
836 1573 1054 1645 septis?
1079 1574 1388 1629 Meretrices
1407 1575 1632 1645 insuper
1660 1575 1798 1630 istuc

2028 1747 2238 1801 CAPUT
2279 1746 2425 1811 XXI.‘

1770 1891 1845 1952 De
1892 1892 2121 1953 visione
2161 1896 2360 1953 sancti
2400 1892 2670 1954 Andreae.

2271 2034 2547 2106 Comperit
2585 2034 2851 2090 Anoream
2883 2042 3139 2118 sanctum
3162 2033 3268 2089 sibi
3293 2034 3447 2103 jussa
3478 2034 3717 2095 dedisse.

2272 2126 2607 2201 Signatoque
2628 2125 2750 2182 loco
2783 2132 3109 2197 prostratum
3126 2124 3306 2181 uItOre
3324 2126 3632 2197 superbum

552 2032 661 2088 Nec
689 2033 873 2087 minus
911 2033 1159 2102 ejusdem
1188 2033 1365 2089 sensit
1389 2034 1669 2106 Supponis
1698 2035 1953 2091 alumnus

551 2126 646 2179 Ille
678 2140 868 2179 necem
899 2140 1009 2196 quo
1051 2125 1265 2195 direpta
1297 2132 1380 2181 est
1410 2125 1608 2181 domus
1632 2134 1758 2198 apta
1780 2127 2041 2194 cubandi,

550 2217 648 2282 Qui
675 2217 779 2271 sibi
813 2224 972 2272 nocte
1003 2233 1193 2271 senem
1220 2217 1398 2272 visum
1432 2225 1486 2273 et
1514 2235 1572 2273 se
1604 2218 1990 2274 discutientein

553 2309 913 2379 lncrepitans,
949 2307 1270 2391 fatuumque
1292 2324 1495 2363 vocans
1519 2310 1901 2387 moderamine
1932 2309 2097 2385 virgae

552 2397 770 2453 Leniter
795 2404 1047 2463 attactus,
1081 2398 1262 2452 telluri
1296 2398 1560 2453 sternitur
1588 2399 1739 2465 imae;

551 2488 780 2559 Moxque
812 2504 1000 2543 senem
1034 2489 1255 2561 quidam
1285 2506 1384 2561 per
1413 2490 1628 2545 somnia
1655 2489 1890 2545 clericus
1918 2490 2095 2561 ipsum

551 2579 837 2657 Asliiciens
864 2580 1038 2647 audit,
1072 2589 1281 2655 surgat,
1314 2580 1616 2652 comitique
1647 2582 1873 2657 revolet,

553 2654 718 2725 Exeat
748 2680 807 2726 ut
836 2672 1107 2736 claustris,
1150 2654 1274 2727 sese
1312 2688 1419 2727 nec
1441 2680 1699 2743 provocet
1730 2654 1831 2728 ira:

552 2762 729 2815 Sanus
757 2770 817 2816 ut
852 2762 930 2816 ire
956 2768 1142 2834 queat,
1172 2761 1548 2834 famulumque
1576 2779 1853 2818 resumere
1891 2779 2093 2819 caesum

549 2849 824 2913 Quaerenti
851 2850 975 2921 quis
999 2851 1080 2905 sic
1109 2850 1212 2906 sub
1246 2852 1484 2925 imagine
1512 2868 1675 2923 posse
1715 2851 1951 2919 renosci,

547 2938 752 2993 Asserit
779 2932 984 3005 afﬁcte,
1008 2939 1242 3023 intuitus
1258 2956 1423 3012 quam
1464 2940 1683 3023 lumine
1700 2950 1922 3021 sumpto

2272 2216 2662 2270 Semianimem
2686 2216 2997 2279 inveniens,
3032 2214 3365 2285 clamoribus
3392 2216 3570 2271 acciet
3598 2232 3800 2279 omnes,

2178 2318 2189 2323 '
2269 2306 2342 2361 Ac
2379 2305 2483 2360 sub
2511 2304 2815 2387 apostolico
2847 2306 2939 2361 dat
2970 2305 3195 2361 nomine
3227 2304 3430 2376 famina
3461 2306 3606 2370 luso,

2273 2396 2493 2470 Hocque
2518 2398 2623 2452 sibi
2648 2398 2841 2466 juncto
2883 2398 3074 2471 pandit
3113 2398 3372 2469 mandata
3405 2407 3661 2470 patrono,

2272 2487 2366 2541 Ille
2392 2503 2594 2543 vocans
2623 2490 2925 2543 monachos
2962 2487 3138 2560 culpae
3168 2489 3236 2543 de
3267 2488 3499 2544 crimine
3529 2490 3741 2561 quierit,

2273 2575 2440 2648 Hujus
2469 2583 2522 2632 et
2553 2576 2771 2634 hortatu
2802 2579 3118 2655 convulsam
3154 2578 3388 2651 percipit
3407 2578 3593 2653 aedem

2268 2669 2586 2727 Abscedens
2606 2671 2901 2727 restaurari
2929 2670 3085 2741 jubet
3112 2671 3352 2744 amplius
3385 2672 3517 2728 illuc

2270 2759 2515 2831 Hospitio
2546 2777 2659 2817 non
2692 2777 3033 2833 praesumens
3057 2761 3330 2817 divertere
3362 2770 3609 2834 sumpto,

2272 2850 2509 2907 Domatis
2534 2859 2589 2907 at
2609 2852 2798 2908 vulsor
2825 2852 2972 2909 letho
2992 2851 3305 2924 procumbit
3342 2869 3546 2909 amaro.

2127 3106 2332 3162 CAPUT
2370 3107 2531 3165 XXII.

1602 3234 1678 3293 De
1720 3251 1784 3293 eo
1824 3239 1941 3321 qui,
1974 3234 2199 3313 fontem
2240 3233 2432 3313 ipsius
2475 3236 2853 3314 inquinavit.

2194 3407 2243 3475 Ο
2263 3402 2428 3478 ligor
2467 3416 2612 3474 equo
2644 3400 2937 3473 impositus
2955 3399 3130 3473 septis
3161 3399 3490 3456 redhibetur
3518 3398 3782 3461 anhelus;

2266 3494 2477 3550 Iudicat
2498 3493 2822 3557 admissum,
2852 3508 3017 3563 paena
3043 3491 3283 3548 laniatur
3309 3500 3534 3564 aperta;

2266 3582 2415 3638 Inter
2440 3588 2497 3637 et
2525 3582 2766 3637 assiduae
2798 3581 2969 3652 pestis
2994 3581 3337 3637 cruciamina
3356 3588 3510 3637 sexto

2262 3670 2378 3726 Jam
2403 3670 2617 3742 prolata
2641 3670 2732 3725 die
2756 3669 2981 3739 tandem
3012 3669 3347 3743 miserabilis
3378 3669 3529 3733 emat
3551 3687 3573 3731 :

2263 3758 2559 3834 Multisque
2590 3765 2873 3833 expertum
2903 3759 3253 3827 documentis
3293 3758 3419 3819 tabe
3454 3758 3722 3835 subactos

2266 3851 2465 3908 Polluti
2495 3852 2723 3923 sceleris
2749 3869 2867 3929 non.
2886 3854 3443 3929 Iongumlhisgvivere
3472 3855 3752 3929 claustris.

2267 3945 2459 4027 Fertur.
2483 3946 2664 4005 adhuc
2704 3948 2824 4004 istic
2852 3947 3014 4027 libra,
3043 3956 3105 4027 et,
3128 3964 3387 4021 mensura
3406 3948 3577 4021 beati,

2266 4038 2479 4094 Servari
2515 4040 2705 4111 patris,
2747 4047 2985 4099 attentet
3006 4041 3051 4096 si
3091 4040 3333 4117 quilibet
3348 4042 3545 4115 exboc

2268 4135 2561 4207 Externum
2590 4135 2775 4193 nitens
2806 4136 2861 4191 in
2891 4152 3035 4208 opus
3060 4151 3395 4209 componere
3426 4152 3628 4209 unum.

549 3405 836 3477 Presbyter
875 3404 963 3459 ille
991 3404 1155 3461 etiam
1186 3404 1423 3460 claustro
1456 3403 1712 3476 praelatus
1733 3403 1913 3458 eidem

545 3499 644 3563 Qui
679 3498 880 3553 fontem
916 3507 1172 3569 relegens
1198 3506 1381 3551 scorto
1410 3495 1679 3551 fabricare
1711 3495 1961 3549 lacunam

547 3586 736 3641 Infelix
773 3602 884 3642 non
912 3586 1135 3641 erubuit
1157 3585 1487 3658 furvumque
1522 3585 1754 3657 paravit,

547 3677 803 3733 Ultricem
834 3676 1005 3730 vitare
1032 3692 1254 3732 manum
1297 3692 1406 3732 non
1436 3691 1597 3747 posse
1629 3672 1914 3747 probavit;

541 3769 857 3825 Terribilem
887 3786 1053 3842 quem
1097 3768 1402 3841 prostibnlo
1434 3775 1649 3824 traxere
1677 3768 1913 3835 ministri

545 3863 825 3919 Pontiﬁcis
849 3864 1005 3933 jussu
1039 3862 1268 3929 Romani
1301 3862 1429 3917 talia
1455 3861 1631 3917 iantes

542 3956 609 4010 Se
634 3970 846 4028 gerere,
878 3954 1109 4023 attonito
1140 3968 1342 4024 papam
1374 3967 1476 4008 nec
1502 3950 1694 4007 adesse
1730 3953 1986 4024 querenti

541 4036 797 4105 Pandunt
822 4049 1141 4122 Gregorium
1163 4062 1328 4118 quem
1360 4046 1505 4101 laesit
1531 4045 1679 4102 fonte
1713 4053 1915 4105 retecto

539 4142 765 4196 Actibus
791 4141 1056 4214 indignis,
1085 4138 1347 4210 auditque
1380 4138 1578 4207 jubere
1603 4136 1843 4204 rubricis

540 4232 608 4287 Se
644 4240 867 4287 centum
898 4232 1059 4299 caedi,
1092 4246 1323 4302 quarum
1350 4229 1623 4285 cruciatus
1649 4228 1863 4297 acerbis

543 4322 892 4389 Verberibus,
926 4320 1274 4392 febriumque
1304 4318 1493 4387 calens
1520 4333 1725 4395 angore
1751 4318 1951 4387 citatus

2265 4227 2341 4281 Ad
2376 4242 2667 4297 numerum
2699 4243 2807 4282 non
2836 4227 3123 4299 perveniet
3151 4227 3636 4305 serviresugtum,

2262 4318 2465 4374 Mensis
2487 4319 2582 4390 qui
2603 4334 2869 4391 superare
2891 4320 3041 4377 solet.
3069 4320 3305 4391 mirante
3329 4321 3610 4393 ministrq,

2010 4479 2221 4535 CAPUT
2259 4479 2441 4534 XXIII.

1766 4609 1842 4668 De
1885 4607 2113 4668 visione
2153 4605 2412 4666 Joannis
2457 4604 2664 4666 levitas.

2181 4774 2233 4841 υ
2260 4768 2447 4824 Mortis
2475 4775 2530 4822 et
2560 4765 2783 4837 ancipiti
2819 4766 2999 4837 posito
3027 4765 3313 4821 nutamine
3344 4771 3574 4843 sanctus

2258 4858 2418 4911 Visus
2450 4856 2764 4929 Gregorius,
2792 4855 3025 4926 stipatus
3046 4854 3305 4926 utrinque
3326 4852 3528 4917 beatis,

2262 4947 2636 5013 Dextrorsum,
2670 4961 2812 5017 papa
2838 4930 3086 5010 Nicolao,
3119 4944 3380 5015 almoque
3418 4942 3691 4997 ministro

2264 5038 2595 5105 laevorsum,
2629 5037 2813 5104 Petro,
2855 5035 3098 5091 radiatus
3126 5035 3336 5090 lumine
3367 5034 3570 5102 multo,

2260 5132 2631 5204 lncrepitans:
2681 5151 2702 5180 ι
2746 5131 2972 5187 Modica:
3001 5129 3131 5186 ﬁdei
3163 5146 3335 5204 quare
3363 5131 3691 5186 dubitasti?
3734 5153 3752 5180 ι

2259 5224 2478 5279 Hostem
2512 5238 2653 5294 papa
2686 5228 2837 5276 notat
2866 5219 3039 5293 digito
3069 5219 3330 5275 Nicolaus
3358 5227 3649 5292 apertum,

2256 5316 2427 5381 Quem
2454 5315 2577 5387 face
2606 5314 2902 5388 Gregorius
2933 5313 3039 5368 lata
3066 5313 3367 5387 comitante
3393 5312 3666 5370 ministro

2258 5405 2539 5461 Infuscans
2564 5403 2822 5477 perbibet
2852 5419 2960 5460 non
2982 5478 2983 5481 η
3002 5403 3151 5459 hunc
3181 5404 3452 5477 nigrasse,
3491 5404 3601 5459 sed
3634 5413 3814 5460 atrum

2254 5491 2591 5559 Ostendisse,
2614 5492 2918 5563 levansque
2944 5491 3052 5546 sibi
3092 5490 3369 5547 solamine
3400 5489 3605 5555 ﬁdum,

2254 5582 2512 5637 Abscedit
2540 5593 2857 5661 magnoque
2884 5581 3063 5637 locum
3091 5580 3187 5636 dat
3211 5579 3433 5637 lumine.
3451 5578 3718 5652 plenum.

532 4777 678 4832 Talia
699 4776 827 4833 dum
861 4775 994 4829 serit
1024 4772 1269 4831 historia:
1294 4772 1462 4853 levita
1497 4773 1741 4853 Joannes

536 4870 670 4924 Ecce
700 4865 1003 4937 sacerdotis
1029 4865 1323 4937 quemdam
1357 4852 1461 4943 sub
1500 4848 1742 4938 imagine
1772 4859 1982 4943 somnis

531 4959 685 5013 Stare
715 4954 1133 5011 cachinnantem
1173 4946 1373 5020 cernit,
1405 4942 1502 5007 cur
1526 4950 1729 5006 scribat
1749 4942 1940 5007 eorum

529 5035 658 5103 Acta
684 5038 1010 5107 solutorum,
1041 5057 1277 5113 quorum
1310 5030 1421 5095 non
1453 5034 1653 5095 viderit
1675 5054 1770 5113 ora
1796 5041 1826 5093 ?

530 5137 637 5191 Iste
666 5130 835 5189 refert
870 5147 991 5185 sese
1019 5126 1280 5185 fidentius
1310 5128 1481 5183 edere
1505 5143 1658 5195 vera,

527 5227 679 5293 Quod
709 5242 812 5281 nec
834 5221 1120 5279 blanditiis
1150 5235 1255 5276 nec
1274 5220 1345 5275 sit
1375 5208 1816 5275 livoribusactus

531 5323 782 5397 Ignotum
814 5315 955 5371 facie
987 5313 1129 5368 lectu
1169 5310 1487 5367 describere
1522 5316 1713 5365 notum
1745 5327 1759 5376 ;

524 5414 621 5470 Ille
644 5412 883 5467 fremens
914 5413 969 5463 et
995 5404 1148 5478 quod
1177 5403 1354 5460 valeat
1383 5403 1588 5459 hostile
1626 5402 1867 5458 minatus

520 5506 723 5577 Usibus
754 5500 913 5557 istius
956 5505 1165 5571 partam
1201 5480 1410 5552 servire
1440 5494 1720 5550 lucernam

516 5582 747 5662 Pressit,
767 5590 829 5648 et
850 5591 906 5645 in
938 5586 1185 5679 tenebris
1215 5586 1364 5663 hunc
1391 5584 1561 5657 atque
1592 5597 1800 5655 pavore
1830 5582 2034 5657 coegit.
