3994 6132
518 247 618 302 787
1270 241 1638 297 FLODOARDI
1681 240 1982 294 CANONlCl
2024 239 2349 294 REMENSIS
2390 239 2722 295 OPUSCULA
2763 237 3048 292 METRICA
3734 246 3806 301 733

520 386 681 439 Busta
708 389 883 445 ornat,
918 382 1178 452 cleroque
1208 380 1407 452 stipem
1445 379 1709 451 dependit
1733 378 1973 450 opimam
2002 395 2014 431 :

516 472 857 544 Supplicium
891 471 1157 540 reprobos
1186 468 1455 540 sequitur,
1486 468 1715 524 victoria
1742 468 1941 535 justos.
2024 520 2030 531 ,

517 564 750 619 Consule
778 563 869 633 qui
889 561 1063 635 surgit
1096 567 1251 631 patre
1286 560 1483 630 praesul
1519 560 1790 614 Honorius
1814 559 1951 613 artis

517 657 771 712 Pluribus
798 655 1022 727 effulget
1052 654 1555 725 claris,doctorque
1585 654 1861 726 benignus

518 749 852 819 lleSplendet
882 747 1035 809 cleri,
1056 753 1383 818 reparatque
1407 746 1649 817 colitque
1680 745 1936 801 decorem

518 841 674 895 Sedis
704 837 1039 910 apostolicae,
1076 844 1301 908 argento
1330 852 1485 891 sacra
1512 836 1729 890 domata
1752 833 1938 899 comit,

517 934 833 1004 Attollitque
862 928 1065 990 trabes,
1094 928 1360 999 templum
1391 927 1651 999 tegitaere
1681 926 1876 998 petito,

2153 384 2197 449 Α
2228 378 2349 431 Edit
2383 386 2650 448 prwterea
2678 378 2884 448 plures,
2925 377 3246 449 stabilitque
3270 377 3546 445 labantes,

2228 470 2457 523 Nomine
2483 470 2754 536 justorutu
2792 477 3117 539 reparatque
3151 486 3214 524 ac
3244 480 3503 526 munerat
3534 472 3703 537 sedes,

2230 562 2369 615 ltitia
2402 562 2545 616 dona
2571 560 2736 624 dicat,
2768 561 3031 624 cumulat,
3066 562 3293 632 largitur
3324 570 3375 617 et
3396 561 3582 625 offert,

2236 654 2477 709 Sabbata
2532 663 2730 709 cuncta
2786 662 2960 708 sacrat
3018 670 3204 725 prece,
3260 655 3528 719 carmine,
3586 656 3803 711 laudibus

3577 742 3757 814 [αἰτεῖ-ι,

2236 832 2368 887 llinc
2395 848 2686 886 numerosa
2716 832 2856 902 polis
2888 832 3031 886 bona
3059 832 3431 903 centuplicata
3462 840 3705 903 receptat

1944 1060 2151 1117 CAPUT
2189 1058 2416 1114 XXVIII.

1403 1197 1480 1255 De
1518 1203 1723 1255 sancto
1751 1191 2037 1255 Seuerino
2062 1208 2224 1270 papa
2262 1197 2315 1250 et
2343 1188 2784 1248 successoribus
2812 1189 2963 1262 ejus.

522 1367 652 1421 lnde
681 1364 977 1419 Severinus
1007 1360 1209 1416 Phazbo
1250 1375 1348 1430 per
1374 1359 1538 1433 signa
1568 1359 1742 1413 relato

522 1456 779 1513 Ecclesiae
808 1455 1187 1526 postjacturas
1216 1451 1546 1522 internaque
1578 1450 1741 1516 bella,

519 1549 659 1603 Sede
684 1547 825 1602 Petri
846 1546 1077 1600 allectus
1104 1551 1332 1599 renovat
1360 1558 1513 1597 sacra
1543 1541 1698 1613 lapsa
1724 1540 1918 1609 ruinis,

520 1644 853 1707 Mansuetus,
882 1640 1127 1695 clemens
1156 1639 1407 1709 alterque
1431 1637 1706 1711 benignus
1725 1643 2007 1709 egentum,

520 1736 674 1789 Dona
693 1735 784 1804 pio
811 1733 1055 1787 cumulat
1084 1732 1254 1795 clero,
1286 1729 1568 1801 conquirit
1600 1729 1854 1784 alumnos
1886 1746 1901 1794 ;

522 1826 650 1880 Post
678 1824 1018 1895 captivorum
1049 1821 1335 1876 miseranti
1367 1822 1534 1876 corde
1566 1822 1903 1891 redemptor,

525 1914 785 1967 Externas
809 1928 1031 1984 quoque
1059 1911 1156 1966 alit
1180 1910 1384 1981 patrias
1414 1910 1660 1966 bonitate
1681 1911 1924 1965 Joannes

524 2002 681 2057 lstria
707 2018 828 2073 quae
860 2000 1276 2068 novit,Martino
1299 2000 1516 2067 abbate,
1545 2007 1854 2071 sequestro,

524 2091 840 2147 Dalmatiam
884 2098 1066 2145 tutans
1092 2088 1257 2144 etiam
1277 2088 1573 2144 clementia
1603 2105 1782 2161 papae,

526 2166 841 2253 Hinc'grata
872 2178 1127 2232 mercede
1158 2177 1305 2248 capit
1325 2176 1415 2248 pia
1446 2180 1678 2251 pignora
1698 2178 1937 2245 Patrum,

525 2272 730 2327 Excolit
750 2273 864 2326 ὴωο
897 2270 1140 2337 fabricis,
1183 2269 1442 2341 praeclare
1467 2278 1521 2325 et
1550 2272 1671 2326 luce
1702 2271 1909 2326 metalli

524 2368 921 2438 Subiectosque
969 2366 1116 2421 fovet
1181 2381 1556 2437 prtesensque,
1620 2366 1975 2441 migransque
2038 2366 2137 2419 mi-

1850 2454 2067 2509 nistros.

1850 2455 2018 2509 nistro

523 2531 850 2603 Theodorus
882 2547 1006 2617 pius
1036 2546 1166 2600 inde
1198 2553 1373 2615 pater,
1420 2552 1677 2616 tutorque
1710 2455 2019 2616 pete[ntum,

524 2638 723 2692 Civiles
756 2638 898 2693 inter
928 2636 1200 2702 fremitus,
1223 2634 1547 2706 privataque
1568 2634 1715 2689 bella

527 2731 815 2785 Permanet
846 2730 1125 2795 immotus,
1157 2735 1439 2795 constans,
1497 2737 1682 2783 castus
1732 2736 1896 2799 atque
1930 2726 2140 2803 ﬁdelis,

526 2823 760 2891 Dejectis
788 2837 1041 2893 parcens,
1073 2822 1449 2891 complectens
1478 2829 1629 2877 recta
1661 2829 1963 2893 sequentes
1993 2841 2007 2889 ;

526 2912 817 2966 Debellans
836 2912 1217 2982 damnansque
1246 2912 1393 2966 feros
1422 2920 1478 2968 et
1506 2915 1574 2967 ad
1606 2921 1719 2969 atra
1741 2915 2006 2984 relapsos,

528 3002 781 3055 Errantes
810 3016 1093 3067 revocans,
1118 3001 1488 3073 precibusque
1506 3004 1783 3074 minisque
1809 3018 2072 3059 coercens

529 3089 911 3159 t‘ontemptum
944 3089 1150 3143 feriens
1176 3098 1231 3143 et
1260 3090 1401 3145 colla
1429 3093 1679 3161 procacia
1708 3094 1999 3148 mulctans.

531 3180 767 3253 Pignora
787 3186 975 3234 sancta
1005 3179 1167 3247 levat,
1192 3196 1574 3252 veneransque
1597 3182 1781 3237 educit
1818 3184 2022 3249 arenis,

534 3271 782 3341 Disponit
803 3271 1043 3342 templis,
1067 3288 1200 3326 auro
1228 3282 1566 3345 argentoque
1599 3273 1842 3342 decorat,

537 3363 705 3437 Erigit
729 3369 894 3433 atque
914 3362 1079 3429 dicat,
1116 3363 1351 3419 fabricas
1373 3365 1465 3419 (lat
1487 3382 1716 3421 munere
1744 3367 1938 3422 claras.

537 3454 666 3508 Hinc
689 3453 903 3507 validus
932 3453 1043 3507 veri
1080 3455 1235 3508 testis
1265 3453 1526 3508 Martinus
1557 3456 1823 3511 honorem

534 3546 767 3616 Supplet
786 3546 1173 3616 apostolicum,
1195 3546 1476 3619 dignoque
1492 3547 1605 3621 agit
1628 3548 1847 3621 agmine
1874 3550 2038 3614 bella,

532 3639 791 3692 Tentatus
829 3637 1047 3707 probris
1071 3638 1310 3703 Domini,
1331 3637 1586 3710 fastuque
1600 3640 1863 3711 superbo,

535 3733 707 3799 Atque
739 3738 952 3783 tumore
976 3729 1282 3796 lacessitus,
1308 3745 1416 3802 quo
1438 3729 1574 3784 scita
1606 3739 1833 3801 paterna

535 3820 718 3886 Vulsa,
752 3819 901 3875 furor
931 3836 1115 3874 sacras
1140 3820 1349 3877 Christo
1379 3836 1681 3875 conversus
1712 3820 1767 3875 in
1795 3835 1940 3887 aras,

538 3909 730 3976 Diruit,
753 3910 895 3965 alma
935 3911 1078 3982 piam
1112 3919 1329 3967 vertens
1357 3911 1549 3965 altaria
1578 3927 1770 3984 pacem
1797 3930 1811 3977 ;

2235 1355 2517 1429 Coguntur
2535 1370 2705 1425 super
2731 1353 2818 1408 his
2840 1359 3039 1423 patres,
3061 1353 3302 1425 divoque
3331 1363 3525 1410 senatu

2237 1446 2572 1511 Consulitur,
2599 1460 2792 1500 verum
2825 1443 3125 1517 excutitur,
3147 1443 3464 1512 plectuntur
3502 1445 3702 1516 iniqui,

2241 1537 2632 1608 Prmsidiisquc
2658 1536 2817 1611 ignes
2845 1542 3036 1591 contra
3063 1534 3383 1591 defenditur
3420 1537 3571 1592 orbis
3605 1556 3619 1591 :

2239 1632 2297 1685 Et
2320 1629 2529 1702 clypeis
2550 1629 2769 1684 diversa
2794 1627 2938 1682 datis
2967 1643 3064 1699 per
3089 1628 3312 1683 climata
3336 1630 3549 1690 mundi,

2166 1757 2212 1821 η
2239 1724 2556 1778 Increscunt
2582 1731 2636 1775 et
2668 1721 2781 1789 jam
2812 1721 3059 1775 adversa:
3091 1721 3365 1776 contraria
3400 1722 3567 1791 partis

2238 1817 2450 1879 Przelia,
2484 1821 2852 1886 regnatorquc
2884 1813 3027 1867 sacri
3060 1813 3214 1868 ducis
3235 1813 3453 1884 impetit
3479 1830 3696 1872 arcem:

2239 1906 2465 1960 Mittitur
2491 1904 2757 1959 exarchus
2783 1902 2965 1958 socios
2994 1904 3252 1974 laqueare
3284 1902 3498 1969 ﬁdeles,

2239 1998 2413 2067 Atque
2436 2003 2624 2050 tenere
2646 2002 2893 2065 patrem;
2915 2001 3064 2049 vetat
3088 1995 3192 2049 hoc
3204 1994 3502 2049 concordia
3536 1994 3757 2058 fratrum,

2243 2085 2595 2148 Unanimum,
2659 2084 2950 2155 plebisque
2998 2098 3195 2138 amor:
3256 2083 3387 2138 hinc
3414 2099 3635 2154 quoque
3663 2082 3810 2136 fraude
3876 2118 3887 2129 .

3547 2175 3763 2246 [potitus,

2239 2272 2465 2325 Tutatur
2494 2284 2665 2323 sacrae
2699 2273 2877 2321 tectus
2908 2267 3146 2341 caligine
3178 2265 3365 2332 nubis,

2243 2364 2373 2418 Cum
2395 2363 2577 2417 videat
2604 2362 2847 2432 reliquos
2876 2361 3053 2415 solum
3086 2367 3338 2431 spectare
3359 2360 3582 2414 satelles

2244 2459 2359 2513 Non
2378 2458 2521 2513 valet
2547 2456 2831 2521 eximium,
2864 2472 3030 2527 quem
3044 2455 3249 2530 cogitat
3273 2471 3407 2509 ense
3433 2454 3745 2515 necandum,

2244 2546 2509 2602 Frustatis
2540 2546 2693 2600 necis
2722 2544 2961 2614 insidiis,
2997 2560 3335 2615 componere
3376 2558 3567 2614 pacem

2244 2642 2466 2716 Cogitur
2496 2642 2792 2696 instructor
2817 2640 3026 2695 fraudis
3052 2638 3319 2695 contusus
3344 2644 3571 2710 apertae,

2242 2731 2484 2786 Turbine
2507 2731 2778 2786 bellorum
2801 2745 2911 2801 quo
2943 2738 3088 2801 post,
3105 2728 3404 2799 mortisque
3435 2726 3670 2789 redacto,

2248 2824 2505 2898 Dirigitur
2525 2823 2731 2878 trucior
2757 2822 3054 2878 manifesto
3073 2824 3224 2892 iussa
3253 2822 3437 2876 furore

2246 2892 2388 2979 alii;
2417 2914 2631 2984 implet,
2646 2911 3126 2983 apostolicumque
3139 2910 3241 2965 viri
3264 2908 3545 2980 proculcat
3575 2908 3814 2960 honorem:

2248 3006 2507 3076 lluncque
2536 3003 2647 3058 aris
2679 3002 2951 3064 adimens,
2981 3000 3167 3056 Graias
3200 2998 3450 3071 perducit
3475 2998 3532 3052 in
3574 2995 3735 3051 urbes.

2180 3118 2220 3179 ω
2247 3095 2513 3168 segregat
2552 3092 2689 3148 urbe
2731 3092 2877 3158 data,
2911 3090 3107 3162 nequit
3124 3088 3226 3143 sed
3259 3095 3445 3142 mente
3464 3088 3620 3141 beata
3651 3101 3664 3149 ;

2251 3182 2485 3253 Depellit
2517 3182 2681 3246 solio,
2716 3180 2860 3235 valet
2887 3179 3035 3234 haud
3064 3177 3352 3249 depellere
3380 3184 3507 3232 voto
3534 3192 3548 3228 :

2252 3274 2435 3328 Romae
2466 3281 2520 3327 et
2551 3271 3022 3342 Constantinopoli
3046 3278 3230 3325 manet
3266 3269 3477 3325 arbiter
3502 3269 3659 3329 idem,

2251 3364 2654 3435 Clementisque
2688 3363 2778 3433 pie
2806 3362 3040 3434 vestigia
3068 3368 3259 3415 sancta
3296 3369 3540 3415 secutus.

2250 3454 2560 3509 Chersoncs
2590 3452 2740 3507 subit
2763 3451 2988 3507 exilium
3022 3468 3036 3516 ;
3071 3465 3180 3522 quo
3208 3447 3391 3503 sidera
3422 3455 3599 3512 nacto,

2250 3546 2418 3610 Quam
2445 3545 2587 3599 fidus
2627 3544 2830 3618 rigido,
2858 3559 3023 3615 quam
3052 3541 3123 3597 sit
3162 3540 3286 3612 pius
3316 3557 3448 3595 usus
3477 3552 3643 3611 agone

2252 3637 2564 3703 Confessor,
2608 3635 2932 3707 Christoque
2984 3634 3229 3706 placens,
3282 3641 3338 3687 et
3398 3632 3465 3687 ad
3522 3629 3699 3685 ultima
3726 3642 3825 3698 per-

3600 3722 3772 3792 [stans,

2262 3818 2502 3873 Plurima
2528 3818 2809 3892 signorum
2852 3816 3021 3872 radiis
3046 3813 3310 3870 miracula
3340 3813 3599 3885 pandunt.

1982 4040 2190 4096 CAPUT
2230 4040 2407 4096 XXIX.

1796 4173 1869 4229 De
1911 4181 2113 4230 sancto
2146 4169 2414 4247 Eugenio
2444 4187 2620 4249 papa.

541 4336 819 4409 Eugenius
848 4351 1011 4407 quem
1046 4334 1404 4404 prodiderant
1434 4334 1711 4390 cunabula
1739 4335 1928 4403 sacris,

538 4428 888 4500 Tranquillus
910 4428 1171 4500 mitisque
1206 4428 1364 4492 nitet,
1398 4427 1621 4500 fatuque
1660 4428 1955 4503 benignus,

543 4516 779 4587 Dapsilis
803 4516 1068 4589 indignis,
1097 4523 1319 4572 sanctus
1348 4516 1644 4587 probitate,
1675 4526 1943 4573 venustus

2184 4342 2239 4409 [)
2270 4337 2409 4391 Cleri
2439 4337 2596 4401 altor,
2625 4335 2758 4406 justi
2784 4335 2980 4404 cultor,
3009 4334 3229 4407 pietatis
3260 4340 3486 4400 amator,

2266 4427 2499 4497 Semper
2519 4425 2770 4481 fucorum
2793 4442 2917 4480 cum
2950 4424 3112 4496 plebe
3140 4433 3377 4479 canente
3405 4422 3609 4478 refutat.

2001 4648 2208 4704 CAPUT
2250 4649 2402 4704 XXX.

1493 4774 1570 4833 De
1610 4774 1835 4834 sanctis
1876 4774 2180 4836 Vitatt'ano
2220 4784 2271 4835 et
2301 4775 2597 4835 Adeodato
2629 4775 2930 4854 episcopis.

540 4951 841 5005 Vitalianus
857 4949 1033 5005 cultor
1062 4951 1217 5004 almae
1248 4950 1451 5023 regulae

538 5042 822 5113 Responsa
842 5040 1032 5114 legans
1057 5039 1206 5095 sedis
1233 5039 1356 5094 urbi
1386 5039 1552 5114 regite

540 5134 776 5204 Reparat
802 5148 1083 5187 sacrorum
1114 5132 1289 5204 prisca
1321 5132 1631 5205 privilegia,

539 5224 601 5277 Et
616 5224 762 5278 dona
792 5222 950 5277 Petro
983 5221 1298 5296 diriguntur
1322 5238 1488 5277 aurea
1514 5239 1528 5288 ;

540 5315 724 5370 Romae
755 5322 1037 5385 receptum
1069 5313 1137 5367 ad
1166 5329 1319 5369 sacra
1341 5314 1529 5369 ductat
1553 5312 1843 5381 Caesarem,

538 5407 865 5481 Vigensque
887 5406 1056 5480 digno
1086 5406 1388 5461 sanctitatis
1412 5421 1662 5473 munere,

540 5503 790 5572 Superna
827 5499 975 5554 claro
1004 5498 1233 5553 scandet
1258 5506 1453 5552 auctus
1478 5497 1740 5553 culmine.

542 5590 799 5646 Succedit
828 5590 1006 5643 almus
1035 5588 1349 5643 Adeodatus
1380 5594 1555 5657 pater,

545 5678 765 5733 Cunctis
792 5676 1090 5749 benignus,
1121 5685 1440 5732 mansuetus
1464 5676 1722 5732 omnibus

2262 4953 2468 5008 Fovens
2495 4968 2723 5028 egenos,
2752 4952 3098 5014 commodus,
3132 4948 3453 5022 praestabilis

2256 5042 2367 5097 Hoc
2396 5042 2543 5098 bella
2568 5049 2747 5113 coepta
2773 5042 3149 5113 reprimuntur
3187 5038 3436 5110 praesule.

2253 5138 2497 5212 Surgunt
2524 5137 2761 5210 tyranni,
2791 5137 3089 5194 diruuntur
3111 5134 3285 5199 ocius,

2256 5229 2638 5286 Rebellionum
2662 5229 2915 5285 barbaris
2944 5227 3078 5283 urbs
3102 5226 3351 5282 traditur.

2254 5320 2541 5375 Restaurat
2572 5319 2673 5375 iste
2699 5318 3031 5389 dedicatque
3071 5315 3306 5371 fabricas

2253 5409 2411 5464 Aetas
2442 5410 2622 5473 ruina,
2655 5407 3005 5478 destinatquc
3045 5404 3248 5460 milites

2254 5501 2456 5556 Castris
2480 5502 2728 5572 polorum
2755 5498 3117 5572 providetque
3143 5494 3444 5551 commoda.

2252 5590 2591 5645 Decessione
2630 5590 2789 5659 cujus
2814 5590 2919 5643 orti
2947 5586 3198 5642 turbines

2252 5677 2609 5750 Crepitusque
2638 5677 2763 5735 caeli
2785 5684 2935 5733 tanta
2959 5683 3151 5747 totque
3182 5672 3411 5730 fulmina
