3994 6132
152 283 248 340 789
656 276 738 333 DE
778 276 1036 333 CHRISTI
1073 272 1434 330 TRIUMPIIIS
1474 273 1644 330 APUD
1686 272 1949 330 ITALIAM
1987 270 2216 326 GESTIS
2252 267 2428 323 LIBRI
2466 267 2599 324 XIV.
2641 297 2706 307 --
2748 266 2872 322 LIB.
2916 267 2959 322 X
3379 264 3489 322 790

150 407 462 480 Stupefacta
489 411 572 462 tot
598 419 711 462 non
732 411 871 494 ante
894 402 1032 459 visis
1056 401 1264 470 territa,
1791 407 1844 474 Α
1869 400 2067 456 Secuta
2090 398 2277 470 plures
2298 395 2474 469 pestis
2493 393 2689 451 auﬁ‘ert
2718 394 2912 451 funere

151 503 334 558 Ruens
370 498 641 575 gregatim
663 483 898 554 obiverit
925 494 1229 552 mortalitas
1872 490 2007 545 Dum
2038 489 2237 551 domus
2264 484 2508 558 optionis
2527 484 2695 540 instat
2723 483 2959 549 foedere,

152 589 415 656 Pecudes,
445 587 721 660 simulque
752 586 999 641 humana
1024 584 1180 654 lapsa
1217 599 1449 656 corpora
1868 581 2082 654 Templi
2111 587 2353 636 meatum
2394 578 2488 652 qui
2521 577 2745 634 decorat
2765 594 3057 641 marmore,

152 680 412 737 Precibus
439 676 701 750 profusis,
726 675 856 731 dum
887 673 1124 746 quiescit
1144 672 1303 739 ultio,
1869 673 2152 730 Reformat
2178 679 2345 746 atque
2375 672 2563 749 largus
2590 671 2740 726 aedes
2758 671 3011 726 ordinem

152 769 413 826 Recidiva
440 767 582 823 miro
609 765 946 838 colliguntur
973 762 1193 829 ordine,
1866 767 2041 842 Auget
2068 780 2377 833 sacrorum,
2409 762 2625 838 spargit
2653 768 2822 828 atros,
2850 768 3150 838 congregat

151 862 311 918 Sidus
332 859 616 934 refulgens
639 858 797 914 ardet
834 854 945 913 alto
975 855 1198 923 vertice,
1866 854 2116 910 Prudens
2142 853 2417 931 benignos
2444 869 2510 910 ac
2537 853 2798 910 Ravenna
2823 850 3054 926 colligit.

1363 978 1685 1035 CAPITULA
1713 978 1890 1034 LIBRI
1930 976 2272 1035 UNDEIIIMI.

504 1088 546 1142 I.
577 1113 649 1126 —
684 1086 762 1141 De
789 1081 994 1139 sanctis
1022 1080 1329 1149 Agathone,
1357 1079 1530 1135 Leone
1564 1082 1615 1134 et
1643 1078 1925 1136 Benedicta

507 1157 661 1213 II.——
686 1158 763 1214 De
798 1155 991 1225 quinto
1027 1153 1234 1207 Joanne
1260 1152 1467 1208 Conone
1489 1166 1563 1215 ac,
1580 1152 1813 1225 caeteris.
2280 1158 2285 1163 '

510 1228 603 1284 IlI.
634 1256 707 1268 —-
737 1222 827 1282 De‘
846 1229 999 1280 sexto
1029 1225 1233 1279 Joanne
1259 1226 1312 1277 et
1336 1223 1731 1279 successoribus
1759 1222 1897 1292 ejus.

510 1299 596 1356 IV.
624 1327 698 1340 —
720 1301 792 1354 De
821 1297 1170 1354 Constantino
1194 1308 1369 1366 papa.

509 1372 570 1425 V.
601 1401 669 1412 —
700 1372 776 1425 De
800 1367 1030 1425 secundo
1069 1362 1325 1434 Gregorio
1348 1380 1501 1436 papa
1530 1367 1582 1419 et
1615 1366 1901 1434 Bonifacio
1930 1362 2147 1421 doctore
2172 1366 2223 1418 et
2253 1365 2516 1433 martyre.

508 1443 593 1498 VI'
632 1471 698 1482 —
721 1443 798 1496 De
822 1439 1093 1496 Zacharia
1107 1452 1280 1508 papa.

515 1512 625 1568 Vll.
660 1542 730 1553 —
758 1514 835 1568 De
872 1509 1104 1566 secundo
1133 1508 1403 1577 Stephano
1429 1521 1597 1578 papa.

516 1583 653 1639 VIII.
687 1613 756 1624 —
782 1586 857 1639 De
875 1584 1032 1637 tertio
1065 1580 1343 1651 Stephano
1364 1594 1515 1651 papa

514 1656 601 1712 IX.
633 1684 707 1696 —
748 1653 1089 1711 DeAdriano
1115 1649 1282 1722 papa.
1338 1649 1377 1663 "
1442 1649 1465 1713 ζ

520 1728 583 1783 Χ.
615 1757 682 1768 -—
713 1729 788 1784 De
807 1726 964 1781 tertia
990 1726 1161 1779 Leone
1192 1737 1366 1793 papa.

518 1799 605 1854 XI.
633 1828 706 1839 —
733 1800 809 1854 De
845 1795 1101 1851 Paschali
1124 1808 1295 1865 papa.

512 1871 625 1927 XII.
662 1898 724 1911 --
752 1869 825 1925 De
850 1871 1036 1924 sancto
1061 1863 1307 1934 Eugenio
1331 1864 1561 1919 secundo
1598 1868 1649 1918 et
1678 1863 1866 1931 Sergio
1888 1876 2063 1933 papa.

1351 1994 1673 2051 CAPITULA
1704 1992 1881 2049 LIBRI
1912 1988 2299 2048 DUODECIMI.

520 2104 561 2158 ι.
598 2134 657 2143 -
690 2104 767 2157 De
795 2102 990 2172 quarto
1016 2099 1185 2172 Leone
1206 2111 1358 2167 papa
1371 2100 1422 2150 et
1439 2093 1744 2172 Benedicto.

521 2176 588 2230 II.
615 2203 685 2215 —
706 2175 782 2229 De
802 2158 991 2227 sancto
1015 2158 1237 2225 Nicolao
1260 2158 1431 2238 papa,
1463 2169 1513 2220 et
1541 2163 1827 2238 Benedicto
1852 2176 2024 2233 papa,
2052 2160 2259 2238 Joanne
2285 2172 2496 2238 quoque
2522 2158 2854 2238 Ravennate;

520 2225 608 2301 III.
642 2225 822 2299 -Ἶῦέ
842 2241 1073 2297 secunda
1102 2225 1354 2295 Adriano
1378 2225 1550 2308 papa,
1581 2240 1632 2290 et
1657 2225 1949 2308 Hincmara
1970 2225 2204 2303 praesule
2223 2225 2419 2308 nostra
2437 2242 2562 2308 rege
2579 2241 2791 2308 quoque
2820 2225 3027 2308 Carolo.

517 2299 606 2372 IV.
651 2347 709 2357 —
741 2318 816 2371 De
834 2315 991 2369 tertio
1018 2311 1275 2368 Adriano
1302 2299 1471 2379 papa:
1499 2299 1548 2363 et
1573 2306 1800 2362 Fulcone
1823 2299 2009 2379 nostra
2035 2302 2267 2375 praesule
2293 2300 2481 2379 Carolo
2495 2313 2722 2379 quoque
2747 2299 3003 2379 4ugusto.

522 2365 683 2443 VS—
707 2365 1088 2454 De—S'tephana
1105 2365 1278 2454 papa,
1294 2365 1356 2455 fet
1372 2365 1641 2436 ‘Fo'rmoso
1666 2365 2055 2434 translatione'
2083 2389 2261 2444 noque
2285 2372 2460 2427 sancti
2485 2365 2677 2428 Cutis—ii
2704 2368 2779 2423 ad
2803 2372 3045 2423 nostram
3073 2365 3277 2421 urbem.

525 2459 587 2501 VI
642 2489 713 2499 .-.
749 2461 817 2501 ηρ
836 2456 1113 2501 Rnnifania
1149 2469 1295 2501 nam:
1311 2456 1361 2501 et
1385 2456 1536 2501 δρωιο
1566 2449 1857 2501 Stenhano.
1895 2392 2163 2501 Theatgoro
2199 2459 2411 2501 auoaue
2436 2457 2604 2501 ναυαο

525 2459 609 2513 VI.
642 2489 713 2499 —
742 2448 1126 2524 DeBonifacia-
1148 2448 1297 2524 papa
1311 2456 1361 2507 et
1385 2456 1536 2506 sea-to
1566 2449 1871 2524 Stephano,
1895 2448 2163 2524 Theodoro
2194 2459 2411 2524 quoque
2436 2457 2604 2524 papa.

517 2512 630 2587 VII.
666 2512 828 2585 -—’De
848 2512 987 2584 nono
1008 2512 1239 2592 Joanne;
1256 2526 1458 2579 sanctis
1478 2512 1687 2594 quoque
1715 2512 1924 2587 Sergio,
1954 2512 2239 2573 Benedicto
2263 2512 2425 2586 atque
2456 2512 2859 2582 Christopharo.

1306 2656 1623 2714 CAPITULA
1654 2654 1829 2710 LIBRI
1866 2651 2093 2709 DECIMI
2121 2648 2363 2707 TERTII.

522 2769 563 2824 Ι.
605 2798 672 2808 -
703 2768 779 2822 De
803 2766 1005 2820 sanctis
1037 2762 1330 2825 Theodoro,
1362 2760 1613 2825 Acontio,
1644 2759 1868 2814 Seruuto
1892 2760 1942 2810 et
1964 2755 2252 2825 Januario.

520 2818 585 2896 II.
615 2818 788 2893 -Ῑὶὲ
806 2818 1019 2892 sanctis
1044 2818 1362 2898 Deusdedit,
1400 2818 1730 2892 Victoriam,
1764 2828 2084 2887 Anastasio.
2109 2823 2425 2898 Redempta,
2443 2819 2635 2898 Galla,
2672 2819 2899 2898 Romula
2927 2821 2978 2873 et
3007 2818 3177 2873 Mosa.

524 2892 614 2967 III.
646 2892 819 2965 -ῨΒθ
837 2909 1040 2963 sanctis
1071 2892 1406 2960 diversorum
1432 2903 1664 2958 locorum
1692 2900 1886 2964 Italica,
1920 2900 2210 2961 Honorata,
2255 2894 2534 2967 Libertina
2545 2896 2595 2967 et
2624 2892 2847 2967 ceteris.

525 2964 607 3039 IV.
638 3011 709 3022 -—
731 2964 807 3037 De
832 2981 1037 3035 sanctis
1062 2979 1309 3048 Equitia,
1341 2975 1675 3038 Constantio,
1708 2971 2023 3028 Marcellino
2050 2968 2299 3026 Nonnosa
2322 2970 2372 3019 et
2399 2964 2703 3031 Bonifacio.

531 3055 590 3109 V.
624 3083 691 3094 ——
719 3055 795 3108 De
817 3055 1003 3106 sancto
1031 3052 1323 3105 Fortunato
1352 3048 1616 3116 episcopo.

527 3125 613 3181 Vl.
639 3154 710 3165 —
734 3126 809 3179 De
827 3124 1031 3178 sanctis
1060 3120 1327 3189 Martyris
1360 3122 1409 3172 et
1444 3118 1652 3189 Severo.
1766 3162 1771 3167 .

533 3180 644 3251 VII.
673 3224 745 3235 —
767 3198 844 3250 De
867 3193 1140 3250 sacerdote
1162 3180 1260 3261 qui
1284 3189 1571 3257 defunctus
1593 3187 1773 3261 furem
1796 3186 1982 3261 uinxit
2018 3180 2281 3253 sepulcra.

529 3267 666 3323 VIII.
690 3296 761 3307 —
790 3269 863 3322 De
889 3268 1075 3321 sancto
1102 3256 1384 3318 Benedicto
1411 3264 1463 3314 et
1489 3258 1774 3315 miraculis
1803 3256 1943 3326 ejus.

535 3339 623 3396 IX.
655 3368 723 3380 —-
757 3339 828 3393 De
846 3340 1031 3391 sancto
1062 3334 1307 3390 Paulino.

538 3410 595 3467 Χ.
623 3440 696 3452 -—
718 3413 795 3465 De
823 3411 1008 3464 sancta
1044 3406 1210 3462 Dacia
1233 3405 1492 3472 episcopo.

541 3482 628 3538 XI.
660 3511 730 3522 —
766 3483 843 3537 De
869 3483 1055 3535 sancto
1081 3475 1396 3545 Frigdiano.

541 3552 653 3608 XII.
679 3582 750 3594 —
784 3553 856 3607 De
867 3553 1053 3606 sancto
1076 3547 1395 3608 Populonia.

540 3625 678 3682 XIII.
714 3653 776 3664 --
805 3626 881 3679 De
907 3624 1092 3677 sancto
1121 3617 1450 3675 Herculum.

541 3696 672 3752 XIV.
713 3724 774 3735 —-
801 3697 878 3750 De
905 3695 1094 3749 sancto
1121 3692 1279 3746 Isaac
1300 3685 1576 3743 monacho.

542 3766 650 3824 XV.
685 3796 750 3808 —
781 3768 857 3821 De
881 3766 1085 3820 sanctis
1108 3761 1373 3816 Florentio
1396 3763 1446 3813 et
1469 3754 1739 3813 Eutichio.

544 3839 673 3894 XVI.
706 3867 777 3878 ——
795 3840 872 3893 De
895 3840 1082 3891 sancto
1109 3834 1368 3889 Martina.

544 3910 681 3965 XVII
728 3939 800 3949 —
827 3911 903 3964 De
927 3906 1189 3963 monacho
1218 3904 1431 3958 nomine
1459 3895 1902 3966 Quadragesimo.

545 3980 735 4037 XVIII.
773 4011 833 4021 —
866 3982 942 4035 De
967 3977 1254 4034 Benedicto
1280 3971 1539 4029 monacho
1566 3974 1617 4024 et
1637 3970 1813 4023 Mena.

546 4027 777 4108 :—
796 4027 1509 4122 ne'éuﬁéizgiﬁtbﬁisags
1537 4045 1603 4122 et_
1623 4042 1698 4095 eis
1728 4038 1826 4109 qui
1851 4036 2015 4106 caput
2048 4048 2226 4104 capre
2242 4031 2528 4087 noluerunt
2557 4027 2806 4083 adorare.

551 4124 658 4180 XX.
688 4153 758 4164 —
786 4126 862 4178 De
878 4113 1081 4177 sanctis
1101 4113 1336 4175 Aconico
1349 4120 1399 4171 et
1418 4113 1651 4170 Florida.

557 4196 683 4250 XXI.
716 4225 782 4235 -
812 4196 885 4250 De
911 4192 1184 4250 Sanctulo.

565 4242 721 4322 XXII.
766 4242 846 4306 -ξ
860 4242 1442 4331 besanEtisSpecioso
1472 4261 1522 4313 et
1543 4254 1798 4331 Gregorio
1816 4249 2117 4331 fratribus,
2149 4250 2439 4331 sanctoque
2461 4242 2585 4331 Spe.

778 4368 846 4378 —
864 4309 1790 4402 ﬁééégtééo'zvzirm
1808 4309 1864 4402 et
1887 4321 2063 4402 Probo
2082 4309 2649 4402 episcopoJStnephano
2686 4309 3131 4402 quoqueabbate.

775 4439 842 4449 —-
866 4378 946 4464 δέ
968 4378 1845 4461 'inZhZc'ﬁinz'éhti-ahis
1876 4378 2126 4458 abbatis;
2137 4395 2188 4445 et
2205 4378 2390 4444 sancto
2416 4378 2630 4444 Sirena
2659 4378 2823 4454 atque
2849 4382 3072 4436 diacono
3091 4378 3344 4450 quodam.

562 4474 708 4536 XXV.
741 4512 810 4521 -—
838 4483 914 4536 De
938 4479 1144 4535 sanctis
1172 4475 1394 4531 Mellito.
1440 4470 1780 4541 Theophanio
1816 4470 1865 4520 et
1894 4467 2067 4541 Petro.

760 4528 1159 4607 —‘i59's"éi{ci{s
1172 4528 1455 4603 ἓὲῠίω-οέι
1478 4528 1704 4610 Εῃὶἶιίο,
1735 4538 2044 4610 ceterisque
2069 4528 2703 4598 Raaennse'martyribus.

560 4623 759 4679 XXVII.
791 4652 861 4663 -—
887 4625 961 4678 De
980 4623 1161 4676 sancta
1191 4619 1455 4675 Germano
1484 4609 1925 4670 A’ntisiodorensi
1951 4609 2214 4679 episcopo.
2287 4677 2317 4679 _
2457 4646 2485 4679 _,

562 4672 786 4750 XXVIII.
830 4672 1227 4750 Insania;
1249 4687 1558 4751 Theodosio,
1589 4684 1816 4744 Donata,
1846 4672 2184 4736 Secundiano
2203 4679 2252 4730 el
2280 4672 2520 4731 Romulo.

569 4766 740 4821 XXIX.
774 4795 846 4806 —-
872 4768 948 4821 De
975 4763 1181 4833 sanctis
1209 4762 1540 4833 Hermagora
1567 4760 1618 4833 et
1636 4755 1946 4833 Fortunato.

567 4816 820 4894 XXXT—
848 4816 939 4893 1)?
958 4816 1162 4891 sanctis
1192 4816 1723 4894 Cantio,vCantiano,
1760 4819 2097 4879 Cantianilla
2121 4822 2173 4875 et
2199 4816 2393 4875 Probo.

1342 4959 1659 5037 CAPITULA
1680 4956 1856 5012 LIBRI
1887 4951 2113 5011 DECIMI
2133 4948 2394 5019 QUARTI.

565 5071 604 5125 I.
634 5099 701 5112 —
734 5072 809 5125 De
832 5068 1032 5123 sanctis
1061 5063 1320 5122 Michaele
1346 5059 1689 5128 archangelo.

568 5142 634 5197 II.
667 5171 737 5181 —
764 5142 841 5197 De
867 5139 1071 5194 sanctis
1102 5138 1383 5200 Aristona,
1409 5135 1584 5194 Justo,
1616 5135 1665 5184 et
1695 5130 1854 5184 sociis
1884 5140 2090 5181 eorum.

572 5192 645 5269 III
698 5192 1097 5266 ——Devsaiictis
1126 5209 1334 5271 Prisco,
1365 5192 1665 5271 Antonino,
1695 5202 1903 5256 Aristea
1928 5201 2090 5267 atque
2121 5192 2363 5251 Paulino.

569 5284 656 5340 IV.
687 5312 758 5324 —
787 5285 860 5337 De
895 5284 1084 5337 sancta
1119 5279 1361 5333 Juliana.

567 5355 629 5411 V.
666 5383 733 5396 -ο
768 5355 841 5407 De
871 5353 1158 5423 Spoletana
1182 5353 1356 5403 sancti
1384 5344 1546 5403 Pauli
1564 5344 1798 5398 ecclesia.

569 5426 658 5482 VI.
692 5455 760 5466 —
785 5426 858 5477 De
895 5422 1207 5480 Eleutherio
1234 5425 1493 5484 martyre.

571 5497 683 5553 VII.
718 5526 783 5536 —
818 5499 891 5549 De
930 5499 1113 5550 sancto
1136 5494 1340 5547 Joanne
1368 5490 1685 5555 confessare.

576 5568 722 5625 VIII.
746 5597 816 5608 —
846 5569 919 5621 De
947 5569 1131 5621 sancto
1160 5565 1418 5621 Cassiano
1444 5562 1707 5625 martyre.

578 5640 647 5696 IX
689 5669 761 5682 -—
783 5641 860 5695 De
888 5639 1091 5693 sanctis
1130 5637 1269 5703 Syro
1299 5633 1548 5689 Hioentio
1584 5627 1936 5703 martyribus.

578 5711 642 5767 X.
672 5742 740 5753 —-
766 5708 836 5764 De
859 5710 1062 5765 sanctis
1092 5697 1329 5763 Ma'rtino
1354 5708 1404 5759 et
1434 5702 1738 5769 Augustino
1776 5697 2058 5767 episcopis.

579 5782 665 5839 XI.
690 5812 760 5824 ——
794 5784 863 5839 De
886 5780 1106 5837 ecclesia
1123 5778 1300 5833 sancti
1320 5775 1543 5831 Zenonis
1573 5769 1880 5825 Veronensi.
