3994 6132
468 212 561 265 791
1218 208 1584 281 FLODOARDI
1628 209 1930 266 CANONICI
1971 212 2299 271 REHENSIS
2340 213 2676 270 OPUSCULA
2717 214 3029 273 METHICA.
3680 222 3760 276 792

827 347 938 400 .\'II.
967 377 1033 385 -—
1061 350 1132 401 De
1160 351 1348 400 sancta
1370 347 1664 403 (Ihristina.

830 418 969 472 XIII.
1008 449 1070 456 —
1090 421 1165 472 De
1193 424 1377 472 sancto
1405 418 1707 472 Ambrosio.

818 489 926 542 XIV
980 520 1043 527 —
1078 491 1151 541 De
1181 491 1383 542 sanctis
1416 489 1670 544 Gcrvasio
1700 494 1749 542 et
1779 492 2059 545 Prothasio

821 559 924 613 XV.
956 591 1014 598 -
1047 563 1120 613 De
1147 561 1446 613 virtutibus
1492 562 1662 613 sancti
1688 562 1989 616 Ambrosii.

824 631 952 686 XVI.
976 661 1041 672 -—
1063 634 1136 685 De
1165 634 1368 685 sanctis
1397 634 1634 686 Nazario
1664 637 1712 684 et
1740 632 1904 698 Celso,
1943 634 2114 688 Vitati
2136 638 2185 687 et
2214 635 2492 702 Agricola,

825 702 982 757 XVII.
1018 734 1079 741 —
1108 705 1184 756 De
1214 705 1455 756 transitu
1494 703 1548 756 S.
1583 703 1869 757 Ambrosii.

825 773 983 828 XVIII
1034 804 1104 812 ——
1134 776 1206 827 De
1235 778 1416 827 sancto
1449 772 1770 827 Columbano

826 845 954 898 XIX.
980 876 1044 884 —
1080 847 1151 898 De
1179 849 1361 897 sancto
1392 846 1602 899 Attata.

825 916 930 969 ΧΧ.
950 948 1019 956 --
1039 920 1112 969 Dc
1133 919 1335 969 sanctis
1367 917 1609 982 Bcrtulfo
1640 920 1687 968 et
1716 918 1987 970 Eustasio.

824 988 950 1040 XXI.
978 1019 1040 1026 —
1074 991 1147 1040 De
1176 989 1376 1040 sanctis
1405 987 1695 1053 Btidalpho
1722 989 1771 1039 et
1792 984 2026 1043 Meroveo
2049 991 2323 1042 monacho.

823 1059 976 1112 XXII.
1009 1090 1076 1096 —-
1120 1061 1190 1111 De
1214 1059 1557 1125 Baudagario
1579 1063 1627 1111 et
1656 1060 1858 1112 caeteris
1888 1058 2214 1128 quibusdam
2234 1063 2435 1115 sanctis
2466 1063 2760 1116 monachis.

1328 1263 1770 1375 INCIPIT
1848 1263 2203 1349 LIBER.
2241 1264 2919 1361 UNDECIMUS

1867 1436 2073 1491 CAPUT
2120 1436 2403 1493 PRIMUM.

1242 1572 1316 1629 De
1367 1575 1592 1630 sanctis
1636 1571 1975 1646 Agathone,
2034 1566 2223 1629 Leone
2266 1578 2318 1628 et
2347 1569 2655 1630 Benedicto
2704 1569 3013 1650 episcopis.

465 1708 600 1762 Hinc
629 1706 740 1761 ιεριὶ
766 1704 1318 1779 surguntAgathonis
1351 1713 1596 1775 tempora
1630 1705 1818 1775 patris,

464 1797 648 1849 Moesta
692 1794 912 1866 quidem
956 1793 1189 1847 Phoebes
1222 1793 1429 1862 pallore
1464 1792 1729 1863 obituque
1787 1792 2071 1857 Quiritum.

466 1888 607 1940 Laeta
628 1886 724 1940 sed
756 1884 1010 1939 Ecclesiae
1042 1900 1177 1955 pace
1216 1884 1546 1955 abjectuque
1577 1884 1834 1939 ferorum.

468 1977 599 2030 Dum
635 1992 794 2050 reges
823 1983 1115 2046 patresque
1143 1975 1285 2028 Petri
1317 1975 1590 2030 consortia
1613 1975 1762 2029 sedis

468 2071 797 2141 Exposcunt,
831 2068 1073 2122 hilarans
1101 2068 1297 2142 legatis
1329 2068 1497 2123 Roma
1517 2084 1761 2123 sororem

468 2162 687 2226 lmbuit,
716 2170 771 2215 et
800 2161 1246 2233 consanguineos
1269 2161 1373 2215 sibi
1408 2162 1577 2216 nectit
1605 2161 1860 2217 alumnos

464 2251 821 2305 Seductorem
851 2249 1057 2318 abjicit,
1092 2249 1323 2320 primam
1355 2249 1559 2320 pietate
1599 2250 1912 2305 cathedram

466 2342 700 2396 Illustrat
727 2341 887 2407 Petri,
916 2341 1152 2413 telisque
1182 2349 1453 2415 expurgat
1481 2347 1722 2412 apertam
1753 2359 1767 2407 ;

464 2432 641 2485 Imbro
672 2430 989 2485 venenifero
1018 2436 1244 2501 turgens
1275 2447 1396 2502 qua:
1418 2430 1566 2485 nevit
1592 2431 1862 2497 Arachne,

463 2526 687 2579 Abradit
717 2525 1004 2596 reprobos,
1037 2533 1164 2597 apto
1186 2526 1318 2581 colit
1347 2525 1541 2580 ordine
1572 2525 1790 2597 dignos.

459 2619 654 2672 Junior
692 2618 821 2672 inde
849 2619 953 2673 Leo
984 2619 1141 2673 Graio
1175 2619 1436 2690 Latioque
1464 2618 1653 2688 lepore

463 2710 669 2775 Cultus,
703 2716 757 2764 et
789 2710 1063 2782 organicis
1097 2717 1350 2764 assuetus
1381 2726 1515 2766 voce
1545 2710 1763 2766 choreis

466 2802 685 2856 Plebem
718 2802 785 2856 ad
816 2802 963 2856 celsa
992 2810 1170 2869 vocat,
1205 2818 1468 2858 concessa
1505 2803 1573 2857 ad
1602 2803 1751 2858 lucra
1774 2803 1974 2858 talenta

464 2890 701 2964 Spargit,
734 2891 917 2962 largus
955 2891 1138 2962 inops,
1171 2891 1513 2963 inopumque
1540 2891 1819 2963 piissimus
1849 2890 2004 2946 altor.

2104 1714 2144 1777 λ
2179 1704 2355 1759 Sextae
2381 1704 2515 1758 scita
2544 1705 2737 1775 probat
2763 1705 2982 1775 synodi,
3013 1707 3349 1779 damnatque
3382 1707 3620 1776 rebelles,

2179 1792 2463 1862 Subjectos
2493 1792 2719 1857 refovet,
2753 1793 2902 1847 sedis
2933 1793 3024 1864 pia
3047 1794 3172 1862 jura
3203 1801 3467 1865 receptat,

2181 1885 2346 1940 Paulo
2387 1885 2588 1955 templa
2619 1885 2783 1951 dicat,
2818 1885 2981 1941 donis
3010 1895 3065 1940 et
3090 1886 3334 1941 cultibus
3374 1895 3546 1955 ornat,

2180 1977 2489 2050 Deliquium
2520 1978 2663 2032 luna?
2689 1979 2942 2050 sequitur
2979 1979 3229 2034 decessio
3264 1996 3443 2050 papas.

2183 2075 2485 2129 Instructus
2514 2073 2684 2128 sacris
2727 2073 3057 2128 Benedictus
3084 2090 3238 2128 sacra
3261 2075 3532 2129 secundus

2178 2163 2305 2218 Jura
2332 2163 2496 2234 capit,
2532 2164 2660 2218 divo
2690 2163 2899 2233 SOphite
2941 2164 3034 2235 qui
3069 2163 3220 2219 fonte
3251 2164 3576 2231 redundans,

2180 2253 2279 2308 Ore
2312 2268 2589 2323 manuque
2615 2252 2728 2307 dati
2755 2268 2955 2306 munus
2974 2251 3322 2325 cognominis
3362 2253 3563 2324 implet,

2180 2344 2461 2418 Regminis
2488 2351 2542 2398 et
2561 2343 2762 2417 dignus
2794 2343 2944 2418 larga
2972 2343 3222 2398 bonitate
3256 2343 3469 2398 renidet
3497 2362 3509 2397 :

2178 2436 2508 2496 Mansuetus,
2544 2434 2783 2505 patiens,
2806 2450 2994 2506 pronae
3027 2433 3251 2488 virtutis
3291 2441 3512 2491 amator.

2179 2527 2527 2597 Templorum
2553 2533 2768 2596 reparat
2797 2525 3006 2596 lapsus,
3042 2524 3309 2594 dependit
3337 2526 3578 2592 amictus,

2184 2617 2504 2689 Multiplicat
2526 2618 2729 2682 cultus.
2760 2617 2960 2672 attollit
2979 2632 3213 2671 munere
3239 2631 3459 2683 census,

2182 2706 2429 2763 Caesareo
2461 2706 2658 2762 ﬂorent
2690 2707 2897 2778 pariter
2927 2713 3084 2776 pater
3112 2705 3361 2777 urbsque
3390 2708 3564 2763 favore
3590 2725 3602 2768 ;

2182 2802 2349 2874 Signa
2380 2804 2506 2874 polo
2530 2802 2756 2858 rutilant
2796 2802 3063 2874 Bebiique
3087 2804 3345 2858 incendia
3360 2804 3604 2879 ﬂagrant;

2185 2892 2391 2949 Mactus
2433 2893 2641 2949 honore
2664 2892 2837 2948 'sacer
2864 2892 3019 2968 regni
3052 2892 3270 2968 fastigia
3298 2902 3496 2965 captat.

1971 3048 2179 3104 CAPUT
2232 3052 2295 3107 ll.

1483 3175 1561 3232 De
1598 3172 1812 3250 quinto
1841 3174 2097 3250 Joanne,
2136 3176 2373 3238 Conone
2415 3195 2484 3237 ac
2524 3184 2767 3240 ceteris.

464 3308 647 3379 Stirpe
680 3308 812 3379 Syra
841 3307 1094 3375 veniens,
1129 3308 1354 3380 quintus
1384 3310 1627 3365 Romana
1663 3311 1905 3367 Joannes

465 3401 713 3456 Culmina
737 3400 984 3468 sortitur,
1008 3402 1288 3474 generalis
1316 3402 1527 3458 fa'dere
1556 3403 1669 3459 voti

464 3492 734 3546 Strenuus
750 3491 1034 3558 etdoclus,
1068 3492 1357 3547 moderata
1378 3499 1433 3546 et
1469 3502 1655 3547 mente
1686 3509 1933 3557 serenus,

464 3582 675 3653 Quique
705 3581 854 3637 vices
883 3582 1051 3647 sedis,
1086 3582 1310 3649 Graecis,
1339 3580 1610 3637 libaverat
1650 3583 1829 3651 hujus,

463 3675 706 3731 Concilio
738 3684 949 3747 patrum
984 3676 1190 3746 pietate
1214 3675 1502 3749 jugaverat
1529 3676 1717 3743 urbes,

463 3770 599 3823 Pace
628 3768 764 3824 nitet
793 3768 981 3838 patriae
1008 3785 1020 3822 :
1053 3767 1247 3839 priscis
1277 3769 1406 3823 dum
1430 3768 1632 3839 punica
1656 3785 1825 3844 regna

460 3863 788 3918 Redduntur
824 3862 1108 3929 Dominus,
1133 3869 1327 3935 gentes
1355 3862 1459 3918 sub
1487 3879 1622 3934 pace
1646 3864 1919 3930 residunt,

464 3953 771 4008 Firmantur
800 3959 1009 4007 sacrata
1040 3958 1256 4023 patrum
1297 3952 1545 4007 consulta
1578 3953 1821 4023 priorum
1850 3972 1863 4020 ;

462 4046 785 4099 Sanctorum
813 4049 1003 4098 turmae.
1031 4044 1276 4098 solantur
1297 4060 1525 4121 munere
1550 4044 1663 4099 dite
1691 4062 1707 4111 ;

461 4136 742 4191 Scinditur
770 4136 1021 4206 exemplo
1050 4136 1154 4191 hoc
1174 4141 1349 4190 coetus
1364 4134 1581 4190 diversa
1607 4143 1912 4207 petentem.

464 4226 569 4280 Nec
599 4224 739 4295 parti
762 4240 887 4295 pars
915 4224 1263 4295 obsequitur,
1295 4239 1401 4278 nec
1428 4223 1576 4277 bella
1602 4223 1898 4291 facessunt,

465 4318 647 4371 Donec
672 4316 981 4390 angelicum
1010 4314 1143 4371 cleri
1169 4315 1388 4371 decreta
1411 4315 1689 4371 Cononem

462 4405 745 4469 Attollunt,
778 4410 1083 4475 aptantque
1105 4404 1280 4458 virum
1309 4420 1409 4475 per
1437 4413 1632 4461 cuncta
1659 4408 1971 4478 probatum,

465 4495 789 4571 Relligionis
809 4510 948 4565 Opus
978 4492 1225 4565 perfecto
1256 4495 1424 4550 corde
1453 4506 1723 4552 secutum.

466 4588 617 4643 Ilicet
649 4588 703 4642 in
732 4587 949 4642 laudem
982 4586 1140 4642 istius
1171 4603 1291 4642 cum
1326 4588 1490 4659 plebe
1520 4590 1756 4653 Quirites

464 4682 598 4735 Dum
631 4687 831 4735 coeunt
853 4680 1039 4754 digne,
1073 4680 1288 4735 scandit
1310 4680 1567 4735 sublimia
1595 4681 1796 4756 dignus

465 4771 631 4844 Regia
662 4772 809 4826 dona
841 4772 964 4841 pius
989 4779 1153 4842 caput
1175 4773 1509 4847 Augustique
1532 4772 1795 4837 favorem,

465 4865 524 4918 Et
554 4865 934 4939 licetaegrotus
961 4863 1208 4920 coelestia
1226 4864 1412 4919 munia
1437 4872 1645 4920 tractat.

464 4954 575 5008 Nee
605 4954 833 5028 longum
874 4954 1106 5009 emerito
1134 4954 1356 5025 requies
1383 4955 1580 5010 collata
1610 4953 1809 5017 labori,

462 5045 623 5099 Plebs
649 5044 848 5099 iterum
878 5044 934 5097 in
961 5042 1072 5098 duo
1093 5043 1374 5106 dividitur,
1410 5044 1763 5117 necjungere
1791 5044 2009 5101 dextras

461 5138 701 5193 Diversis
737 5136 883 5208 potis
908 5142 1011 5199 est,
1045 5135 1245 5203 donec,
1277 5136 1572 5191 miserante
1588 5153 1830 5208 superno

461 5225 716 5293 Numine,
749 5224 1058 5301 prmligitur
1082 5224 1287 5279 sedatis
1318 5225 1541 5297 Sergius
1566 5227 1752 5289 armis,

448 5318 673 5393 Litigiis
701 5317 879 5373 divisa
909 5324 1090 5372 tamen
1122 5316 1210 5371 cui
1237 5323 1362 5372 vota
1389 5317 1617 5384 relictis,

461 5407 622 5463 Solus
649 5407 745 5480 qui
777 5406 973 5480 rigida,
1014 5423 1077 5461 ac
1105 5414 1328 5461 versuta
1346 5412 1532 5461 mente
1553 5407 1797 5462 renitens

463 5500 685 5556 Insidiis
710 5501 917 5566 nocuit,
948 5500 1130 5554 furtim
1164 5498 1453 5570 dispendia
1476 5498 1651 5568 ﬁnxit,

463 5592 532 5647 Se
553 5591 720 5645 miser
749 5589 965 5656 evertit,
995 5589 1188 5661 quavis
1207 5605 1268 5644 se
1288 5589 1478 5645 fraude
1510 5591 1733 5666 subegit

2113 3318 2157 3384 lg
2185 3313 2438 3369 Clancula
2465 3331 2631 3386 quem
2662 3322 2783 3386 post
2812 3315 3060 3391 auguria,
3094 3325 3149 3371 et
3178 3317 3486 3373 cantamina
3511 3317 3690 3372 tollunt.

2182 3405 2385 3461 Praesul
2413 3405 2481 3459 ab
2512 3405 2732 3476 incepta
2769 3407 2967 3462 studiis
3004 3409 3099 3480 qui
3131 3418 3382 3465 creverat
3412 3408 3534 3463 altis

2182 3489 2320 3546 Cleri
2360 3493 2574 3561 militia,
2605 3496 2979 3569 gradibusque
3008 3497 3078 3552 ad
3107 3514 3324 3553 summa
3347 3505 3559 3553 vocatus

2182 3582 2456 3651 Subierat,
2484 3586 2740 3658 votisque
2769 3587 2983 3659 piorum
3024 3588 3092 3644 ad
3120 3589 3338 3665 singula
3370 3588 3500 3644 fusis

2182 3674 2417 3749 Pignora
2446 3675 2732 3745 ﬂoruerat,
2764 3679 2966 3736 virtute
2997 3688 3051 3736 et
3081 3681 3327 3736 culmine
3357 3682 3546 3747 ﬂoret;

2183 3764 2290 3819 Nec
2315 3765 2461 3821 cedit
2480 3769 2731 3838 sceptris,
2765 3769 3035 3839 necjussa
3065 3768 3299 3840 profana
3322 3778 3551 3825 veretur.

2182 3854 2444 3910 Immotus
2471 3863 2741 3926 perstans,
2771 3858 2970 3912 abduci
2998 3858 3132 3913 sedc
3147 3858 3413 3927 jubetur;

2180 3946 2243 3998 At
2273 3945 2415 3999 Petri
2439 3948 2644 4003 auxilio
2686 3948 2921 4018 pollens,
2952 3955 3006 4002 et
3036 3964 3225 4004 amore
3256 3948 3532 4014 Quiritum,

2180 4035 2437 4119 Servatur
2464 4037 2760 4105 cathedrae,
2793 4048 3083 4111 servatque
3112 4041 3368 4095 satellitis
3398 4040 3555 4097 hostis

2183 4127 2455 4198 Propitius
2483 4129 2671 4197 vitam,
2705 4130 2927 4201 probris
2948 4131 3042 4203 qui
3076 4131 3301 4202 pellitur
3329 4133 3491 4188 urbe:

2182 4214 2292 4270 Rex
2321 4216 2486 4270 etiam
2517 4233 2708 4292 regno,
2752 4218 2843 4290 pia
2875 4220 3034 4290 plebs
3064 4220 3141 4275 ita
3172 4237 3307 4291 pace
3330 4221 3540 4293 potitur.

2181 4304 2402 4360 Munera
2430 4306 2552 4361 diva
2584 4308 2762 4362 crucis
2791 4310 3023 4364 secretis
3052 4309 3240 4365 abdita
3276 4312 3447 4366 thecis

2183 4397 2314 4451 Huic
2349 4398 2579 4455 Domino
2619 4408 2901 4473 retegente
2943 4409 3150 4473 patent,
3192 4411 3523 4458 venerantur
3557 4403 3755 4461 honore,

2178 4487 2387 4542 Deinde
2418 4489 2510 4559 pio
2538 4490 2823 4561 sacrisque
2854 4490 3112 4547 coluntur
3140 4498 3392 4563 tempore
3425 4491 3542 4546 ﬁxo.

2182 4576 2275 4631 Hic
2306 4584 2462 4647 pater
2486 4579 2731 4653 insignes
2760 4587 2986 4635 renovat
3016 4580 3320 4652 conditque
3349 4580 3553 4636 decoris

2180 4674 2393 4749 Egregii
2420 4675 2675 4740 fabricas,
2707 4692 2985 4731 sacrorum
3022 4677 3254 4748 percolit
3286 4678 3450 4746 aedes,

2100 4786 2149 4851 ρ
2179 4765 2365 4821 Cultus
2388 4767 2640 4823 instituit.
2672 4768 2911 4837 pretiosa
2941 4768 3168 4839 monilia
3191 4769 3371 4834 endit;

2178 4857 2310 4912 Ossa
2341 4859 2509 4928 patris
2538 4860 2778 4914 monitus
2810 4859 2950 4914 levat
2980 4860 3293 4930 attollitque
3327 4860 3535 4924 Leonis,

2180 4952 2416 5022 Apparat
2446 4958 2669 5006 ornatus
2699 4951 2916 5026 dignos,
2960 4951 3072 5026 agit
3102 4952 3298 5007 ordine
3332 4952 3463 5006 ritus
3489 4969 3502 5014 ;

2180 5046 2612 5120 Multiplicatque
2627 5064 2820 5119 preces
2833 5046 3187 5118 cumulatque
3205 5052 3257 5101 et
3284 5046 3511 5101 destinat
3528 5044 3751 5113 hymnos

2182 5140 2399 5195 Erratus
2421 5141 2793 5212 Aquileiensis
2823 5141 3143 5197 discrimina
3175 5139 3357 5211 plebis

2184 5231 2442 5301 Corrigit;
2468 5231 2721 5296 absolvit,
2763 5238 2937 5297 sanat,
2962 5229 3230 5301 disponit,
3258 5229 3480 5293 adunat,

2184 5319 2548 5392 Paciﬁcatque
2579 5336 2797 5396 greges,
2838 5319 3046 5391 unique
3086 5317 3301 5373 reducit
3330 5315 3477 5382 ovili,

2179 5416 2446 5486 Supremo
2479 5413 2579 5470 fert
2601 5413 2803 5485 pastori
2835 5421 3132 5485 pastorque
3150 5410 3369 5467 renidet

2182 5501 2543 5574 ConSpicuus,
2575 5503 2862 5575 doctisque
2887 5503 3054 5558 urbes
3084 5499 3397 5573 pastoribus
3424 5504 3578 5555 ornat.
