3994 6132
245 263 354 318 793
847 257 1105 315 CHRISTI
1142 260 1504 317 TRIUIPIIIS
1544 257 1716 325 APUD
1756 256 2024 315 ITALIAM
2063 260 2293 318 CESTIVS
2334 262 2508 318 LIBRI
2549 261 2680 317 XIV.
2724 292 2790 305 -—-
2830 262 2952 318 LIB.
2999 235 3105 320 Χιί
3150 238 3167 265 ’
3481 265 3587 320 ’794

1740 415 1949 470 CAPUT
1986 416 2077 471 III.

1283 545 1359 604 De
1391 552 1553 603 sexto
1580 543 1818 607 Joanne
1845 553 1898 605 et
1928 542 2364 607 successoribus
2394 545 2548 621 ejus.

240 679 442 734 Sextus
477 676 548 732 ab
580 676 710 732 hinc
725 676 909 733 Graeca
933 678 1185 751 sequitur
1205 678 1274 735 de
1303 686 1466 752 gente
1483 681 1725 736 Joannes
1893 699 1943 766 Α
1974 678 2278 736 Parietibus
2300 679 2473 736 decus
2498 681 2783 748 instaurat,
2818 681 2911 753 pia
2941 683 3103 738 busta
3132 690 3406 749 venustat,

244 770 466 825 Liberat
495 769 790 825 exarchum
820 770 1175 844 mediumque
1196 770 1691 828 furentibusinfert
1967 775 2234 832 Nobilitat
2249 773 2460 843 formis,
2483 776 2629 831 vasis
2657 791 2813 831 sacra
2836 776 2975 832 ditat
3002 785 3057 831 et
3082 791 3241 845 auro,

240 867 310 920 Se
340 866 555 931 turmis,
586 864 958 937 prohibetque
1012 866 1190 921 ferum
1223 867 1494 940 sedatque
1522 868 1814 923 tumultum
1847 886 1861 932 ;
1964 871 2236 925 Iacturam
2270 869 2526 926 Ecclesiae
2549 876 2785 941 reparat,
2817 871 2870 926 vi
2907 878 3061 941 rapta
3087 876 3351 941 receptat,

244 955 560 1009 Barbariem
592 954 792 1025 pothac
818 954 1239 1028 abigitlatisque
1262 965 1508 1028 receptat
1967 962 2205 1018 Pmnitet
2228 962 2433 1017 erroris
2456 977 2640 1037 regem
2673 963 2982 1035 recipitque
3005 966 3262 1021 decorem
3297 984 3312 1031 ;

247 1047 569 1102 Muneribus
597 1056 811 1117 captos,
844 1048 1107 1119 pacisque
1138 1064 1333 1104 serena
1355 1048 1636 1115 reformat,
1966 1058 2081 1120 Quo
2122 1063 2274 1126 patre
2290 1063 2566 1127 praecepto
2597 1055 3127 1129 erigitur-Sisinnius
3155 1058 3287 1123 aris,

244 1136 475 1208 Templa
506 1136 630 1208 pius
656 1136 973 1191 veneranda
1011 1137 1162 1203 colit,
1193 1137 1400 1192 clerum
1442 1137 1636 1192 ordine
1675 1139 1858 1194 comit.
1969 1144 2143 1199 Mente
2174 1161 2240 1201 ac
2275 1160 2438 1200 carne
2457 1145 2660 1218 gravis,
2692 1144 2975 1200 studiosus
3001 1145 3283 1200 moenibus
3310 1145 3485 1211 urbis,

247 1230 494 1286 Nominis
519 1230 693 1301 ipsius
724 1229 882 1285 Graia
911 1246 1134 1302 quoque
1164 1231 1338 1301 stirpe
1378 1232 1637 1288 sacerdos
1966 1238 2078 1292 Nec
2105 1253 2257 1294 mora
2284 1238 2564 1311 languoris
2595 1236 2768 1293 fastus
2794 1252 3019 1309 quoque
3045 1237 3297 1310 pondera
3319 1237 3493 1308 ponit.

245 1321 566 1376 Succedens
596 1320 815 1385 doctus,
843 1321 1101 1392 salsoque
1133 1321 1320 1393 lepore
1338 1322 1596 1388 disertus,

1755 1426 1960 1481 CAPUT
2000 1429 2083 1483 IV.

1568 1551 1645 1611 De
1676 1551 2074 1613 Constantino
2099 1572 2279 1633 papa.

246 1685 396 1740 ltitia
435 1686 601 1741 corda
631 1702 833 1761 gerens
865 1686 994 1743 hinc
1031 1687 1422 1745 Constantinus
1456 1691 1724 1748 honorem
1900 1698 1949 1766 Β
1972 1695 2147 1752 Caesar
2174 1704 2230 1752 et
2259 1696 2380 1769 ipse
2410 1704 2596 1769 caput,
2628 1709 2803 1771 regno
2825 1692 3135 1758 redimitus,
3167 1692 3360 1747 adorat
3395 1707 3410 1753 ;

245 1780 530 1849 lndeptus,
564 1795 713 1834 nunc
742 1787 939 1835 moesta
960 1781 1128 1847 subit,
1152 1799 1298 1838 nunc
1314 1784 1438 1839 laeta
1468 1784 1715 1840 resumit.
1968 1790 2116 1843 Inter
2144 1796 2199 1843 et
2228 1789 2513 1859 amplexus
2535 1787 2784 1843 celebres
2800 1785 2938 1841 festa
2956 1785 3175 1857 agmina
3197 1782 3468 1854 plaudunt
3495 1798 3510 1843 ;

243 1869 635 1940 Saevitiamque
657 1868 818 1923 famis
844 1868 1024 1925 felicia
1050 1878 1302 1941 tempora
1319 1880 1590 1948 purgant;
1965 1877 2153 1933 Fertur
2186 1879 2358 1933 honos
2384 1878 2547 1943 caelo,
2580 1877 2782 1931 dantur
2811 1875 2904 1946 pia
2930 1889 3161 1928 munera
3187 1871 3423 1945 Christo.

242 1958 570 2029 Temptores
600 1959 769 2029 patris
792 1959 963 2013 multa
992 1960 1308 2030 plectuntur
1335 1977 1540 2028 amara,

1962 1970 2093 2025 Jura
2123 1968 2508 2032 reformantur,
2545 1968 2734 2023 delicti
2759 1967 2923 2036 culpa
2950 1964 3153 2036 piatur.

245 2047 403 2111 Quod
436 2054 586 2101 notat
614 2046 865 2101 ambusta
895 2046 1167 2103 livescens
1196 2049 1375 2104 cautio
1406 2055 1571 2105 carta.
1973 2060 2152 2115 Latus
2179 2067 2233 2115 et
2262 2059 2485 2134 angoris
2521 2073 2727 2129 supero
2762 2055 3033 2113 solamine
3061 2054 3228 2119 liber,

245 2136 456 2191 Parens
483 2134 731 2206 imperiis
762 2143 917 2205 pater
932 2137 1105 2191 Attica
1137 2139 1340 2192 muenia
1371 2139 1518 2213 regis
1972 2152 2268 2223 praecipuam,
2288 2151 2438 2206 sedis
2463 2150 2670 2221 repetit
2697 2147 2915 2221 fastigia
2943 2146 3143 2217 praesul
3178 2159 3194 2210 ;

245 2232 573 2286 Sanctorum
597 2228 893 2283 comitante
923 2231 1061 2295 petit
1091 2247 1187 2301 per
1217 2233 1416 2286 caerula
1455 2237 1600 2287 coetu
1636 2250 1651 2297 ;

1973 2244 2106 2299 Inde
2132 2259 2239 2298 nec
2260 2242 2518 2297 infandos
2534 2241 2741 2313 apices,
2783 2254 2887 2294 nec
2913 2242 3132 2307 sceptra
3154 2240 3405 2297 cruenta.

242 2321 578 2377 Trinacriam
608 2320 858 2393 ingresso
890 2321 1021 2376 dum
1050 2323 1133 2377 vir
1161 2323 1499 2378 clarissimus
1528 2324 1691 2398 aegris
1970 2337 2080 2391 seu
2107 2335 2351 2391 monitus
2374 2342 2575 2405 captat,
2617 2348 2721 2389 nec
2750 2347 2919 2403 regna
2948 2328 3191 2384 minnela
3214 2334 3370 2383 curat
3402 2343 3415 2379 :

244 2414 493 2470 Occurrit
514 2413 602 2468 vix
631 2412 943 2473 subsistens
972 2414 1042 2468 ad
1075 2415 1262 2469 munia
1293 2416 1582 2485 membris,
1972 2426 2227 2480 Errantes
2255 2431 2493 2487 revocat,
2520 2421 2818 2477 redeuntes
2846 2434 2982 2491 pace
3010 2423 3228 2472 serenat
3258 2433 3274 2480 ;

246 2505 467 2561 Robora
491 2504 611 2559 laeta
640 2505 808 2575 capit,
836 2503 1152 2577 gaudetque
1182 2515 1412 2577 repente
1442 2507 1699 2574 medella,
1964 2514 2303 2570 Transmittit
2340 2512 2573 2568 Domino
2592 2509 2823 2585 gentilia
2853 2506 3103 2583 regmina
3130 2518 3347 2561 summo
3375 2519 3391 2566 ;

240 2600 587 2666 Theodorus,
620 2600 739 2655 viso
771 2615 1054 2656 sacrorum
1087 2598 1356 2671 principe,
1392 2607 1629 2670 sumpta.
1966 2607 2255 2676 subjectos
2279 2611 2519 2680 vegetat,
2551 2602 2734 2658 civilia
2762 2599 2957 2672 praelia
2981 2597 3159 2663 sedat,

245 2691 380 2745 Hinc
405 2689 518 2757 jam
560 2689 821 2761 primates
851 2688 1132 2761 impendia
1152 2688 1319 2764 digna
1340 2688 1553 2763 Pelasgi
1969 2699 2105 2753 Vasa
2134 2698 2310 2753 dicata
2339 2703 2524 2761 novat,
2558 2701 2809 2766 reparata
2828 2692 3027 2747 audire
3055 2694 3304 2744 meretur

245 2780 407 2849 Papa:
422 2778 767 2849 dependunt,
790 2778 928 2833 aulae
949 2778 1113 2833 obvia
1140 2777 1382 2832 culmina
1411 2784 1661 2843 currunt,

1971 2790 2236 2853 Culmina,
2270 2788 2511 2860 paciﬁcis
2533 2788 2735 2862 gaudet
2770 2784 3004 2843 cessisse
3031 2779 3263 2837 Tonanti

241 2867 529 2929 Attollunt,
563 2867 803 2938 capiant,
839 2868 1103 2940 gaudent,
1144 2873 1500 2933 venerantur,
1552 2866 1864 2925 honorant;
1971 2883 2192 2955 Imperii
2222 2882 2697 2957 regimen,reclos
2724 2877 2969 2934 subiisse
2997 2875 3277 2930 decorem,

242 3014 395 3078 {Quae
423 3020 751 3085 sequuntur,
782 3012 989 3075 abhinc
1008 3029 1186 3085 usque
1219 3013 1286 3068 ad
1318 3012 1539 3071 initium
1578 3011 1886 3138 liSIJriBtei‘ti('i1
1902 3009 2265 3138 dﬁclimgbgol.
2292 3007 2398 3064 823
2450 3006 2626 3062 edidit
2667 3003 3016 3062 Mabillonius
3048 3002 3101 3056 in
3134 2999 3278 3055 Actis
3314 2996 3405 3052 SS.
3441 2994 3541 3049 0rd

1644 3127 1659 3138 .
1736 3099 1841 3138 ene
1892 3123 1905 3137 .
2021 3125 2034 3138 .
2199 3099 2229 3135 ·.

1642 3127 1659 3147 ,
1698 3099 1905 3138 ueneu.
1939 3099 2034 3149 ut,
2079 3099 2229 3147 oua;

1764 3222 1973 3279 CAPUT
2009 3222 2070 3276 V.

927 3355 1004 3413 De
1032 3353 1291 3414 secundo
1321 3352 1605 3430 Gregorio
1630 3370 1791 3432 papa
1829 3361 1883 3415 et
1914 3350 2225 3427 Boni/acia
2262 3348 2496 3407 doctore
2523 3363 2593 3404 ac
2619 3352 2911 3419 martyre.

241 3494 545 3567 Gregorius
574 3503 695 3565 post
711 3496 830 3551 haec
856 3495 1027 3551 sumit
1056 3510 1211 3551 sacra
1236 3495 1361 3564 jura
1388 3495 1687 3560 secundus,
1890 3497 1941 3565 ο
1966 3488 2248 3547 Pontiﬁcis
2268 3486 2495 3557 monitis
2520 3483 2721 3577 summi
2752 3482 3079 3577 exhortante
3097 3488 3392 3577 tyrannum
3417 3478 3484 3511 “3

245 3588 336 3642 Vir
363 3566 586 3655 caelebs,
616 3588 813 3643 doctus
831 3603 1002 3643 sensu
1031 3587 1299 3643 facundus
1326 3594 1382 3643 et
1410 3603 1546 3642 ore:
1964 3578 2211 3634 Prmstita
2240 3577 2526 3631 ﬁrmantur
2557 3573 2745 3645 prima)
2775 3568 3113 3643 patrimonia.
3136 3566 3279 3622 sedi.

240 3680 361 3733 Jam
395 3680 608 3750 pridem
633 3680 869 3752 imperio
899 3688 1083 3746 notus,
1102 3680 1214 3748 jam
1246 3680 1505 3755 dogmate
1533 3680 1739 3743 clarus,
1763 3691 1781 3705 δ
1964 3671 2165 3760 Civiles
2189 3668 2454 3760 strepitus
2482 3664 3046 3760 urgentiaqueealera
3063 3659 3211 3715 bella

242 3772 420 3828 Corde
452 3772 545 3843 pio
575 3772 840 3842 prudens,
871 3771 1090 3827 virtutis
1106 3772 1303 3827 robore
1334 3778 1617 3833 constans,
1967 3758 2197 3832 Cynthia
2227 3754 2463 3811 terriﬁco
2481 3759 2865 3825 praemonstrat
2880 3754 3060 3851 tincta
3082 3762 3305 3851 cruore.

244 3861 427 3916 Hostis
454 3842 827 3925 aberrantum,
860 3860 1121 3916 defensor
1144 3868 1294 3915 recta
1317 3866 1683 3933 sequentum;
1968 3852 2249 3910 Scinditur
2281 3849 2576 3922 imperium
2606 3849 2694 3940 ‘f‘,
2718 3853 2901 3907 rectus
2913 3842 3212 3940 Praefertur
3234 3842 3463 3940 inique;

239 3950 510 4004 Interiora
549 3950 802 4016 studens,
828 3951 926 4005 sed
957 3966 1066 4005 non
1090 3958 1316 4005 externa
1356 3950 1691 4021 relinquens.
1967 3942 2363 4016 Belligerzeque
2395 3952 2594 4001 manus
2623 3935 2747 3999 ἷιιβο
2780 3933 3001 4011 agmine
3031 3933 3221 3986 5δηὶοΓ
3245 3933 3356 3985 ex“

241 4040 444 4094 Maenia
463 4039 558 4111 qui
587 4024 920 4112 aggrediens
959 4040 1116 4095 urbis
1153 4055 1430 4110 reparare,
1456 4040 1762 4111 coquendis
1969 4037 2098 4092 Pars
2122 4036 2314 4092 victrix
2347 4052 2363 4100 ;
2389 4031 2545 4104 pacis
2566 4024 3137 4099 veneraudaiusignia
3167 4023 3231 4057 “5
3259 4028 3515 4098 surgunt.

239 4127 500 4183 Calcibus
519 4127 759 4183 insistit:
795 4127 1158 4200 trabibusque
1186 4128 1375 4183 labore
1414 4128 1604 4199 petitis
1635 4128 1723 4195 ιω,

1970 4131 2392 4201 Priscorumque
2411 4126 2549 4182 fides
2578 4120 2788 4179 celebri
2820 4120 3112 4176 decoratur
3144 4116 3376 4171 honore.

241 4215 536 4270 Basilicam
574 4215 725 4270 Pauli
748 4224 995 4282 renovat,
1026 4223 1298 4271 restaurat
1328 4226 1383 4272 et
1413 4233 1586 4283 aram,

2039 4218 2275 4276 Tibridis
2296 4215 2570 4275 horriﬁcis
2593 4214 2742 4285 ripas
2756 4207 3150 4281 superantibus
3180 4203 3368 4268 undis,

244 4305 307 4359 Et
338 4303 705 4370 colitornatu,
727 4305 936 4361 relevat
970 4305 1339 4377 prohibetque
1362 4306 1549 4360 ruinas
1972 4309 2283 4385 Frugiferas
2309 4307 2515 4363 circum
2545 4304 2737 4377 glebas
2758 4301 2907 4357 ferus
2928 4305 3161 4369 occupat
3182 4294 3377 4357 imber,

239 4397 598 4468 'l‘emplorum
617 4397 828 4468 plures,
861 4398 1193 4471 lapsumque
1222 4398 1435 4453 reducit
1471 4399 1761 4466 honorem,
1970 4398 2334 4470 Pervaditque
2365 4396 2504 4460 vias,
2521 4395 2732 4457 hortos,
2753 4387 3082 4453 munimina,
3109 4385 3267 4440 villas
3295 4402 3310 4449 ;

241 4492 575 4546 Sanctorum
606 4499 812 4546 turmas
845 4493 909 4526 “0
924 4500 1164 4560 revocat,
1195 4493 1319 4549 cceli
1339 4492 1563 4568 agmina
1592 4492 1763 4568 cegit.
1973 4492 2290 4562 Evertitque
2308 4504 2481 4549 casas,
2513 4494 2791 4555 terretque
2820 4481 3104 4551 abigitque
3140 4479 3413 4568 colonos”;

312 4581 616 4635 Germanas
646 4588 803 4637 vocat
824 4581 890 4652 [e]
928 4582 1174 4638 tenebris
1203 4582 1272 4638 ad
1297 4566 1508 4637 lumina
1535 4566 1730 4655 gentes
1758 4600 1773 4649 ;
1973 4580 2219 4635 Arbusta
2245 4593 2309 4632 ac
2333 4581 2549 4649 segetes
2573 4591 2588 4640 ;
2623 4571 2905 4642 rapitaltae
2936 4568 3145 4623 moenia
3176 4566 3379 4620 Romae.

241 4671 377 4736 ρυῑὸ
404 4672 604 4742 praesul
636 4671 905 4742 verbique
925 4678 1073 4727 sator
1100 4671 1416 4728 Bonifacius
1432 4670 1563 4726 almi
1969 4675 2101 4730 Inde
2127 4672 2275 4729 subit
2296 4672 2519 4736 vallum,
2545 4678 2601 4726 et
2628 4682 2813 4725 muros
2834 4662 3198 4728 transcendit,
3221 4667 3276 4716 et
3309 4660 3456 4735 ipsas

242 4763 534 4834 Dirigitur,
560 4764 865 4835 mortisque
895 4780 1040 4820 novo
1071 4765 1190 4820 sole
1221 4763 1426 4839 eﬂ'ugat
1455 4764 1726 4819 umbram.
1886 4775 1943 4842 ι)
1973 4766 2283 4838 Lympbans
2307 4764 2533 4836 lympha
2555 4769 2707 4819 tenet
2728 4760 2901 4816 ﬂuctu
2928 4755 3233 4813 bacchante
3255 4752 3483 4825 plateas.

241 4856 525 4911 Gallorum
553 4856 825 4912 Ecclesias
856 4856 1080 4928 pietatis
1110 4857 1231 4912 luce
1266 4864 1540 4919 venustat,
1973 4856 2092 4913 Non
2124 4857 2232 4912 illis
2259 4870 2422 4932 agros
2452 4853 2663 4911 licitum
2690 4865 2955 4907 exercere
2978 4848 3178 4903 diebus

242 4949 641 5015 Rhemensem,
675 4948 1018 5021 etdignas'i'
1050 4965 1188 5020 quas
1217 4956 1409 5004 censet
1430 4948 1872 5004 fascibusornat.
1974 4946 2264 5022 Agricolis,
2297 4946 2533 5002 infausta
2564 4949 2747 4998 terunt
2777 4948 2970 5001 moesta
3000 4938 3226 5014 agmina
3248 4936 3383 4991 festa
3416 4934 3482 4969 “5

240 5040 617 5112 Martyrioque
646 5049 860 5107 auctus,
888 5041 1112 5097 virtutis
1142 5056 1319 5113 agone
1358 5046 1630 5108 coruscat,
1977 5039 2121 5110 Papa
2148 5039 2301 5115 gravi
2331 5046 2515 5101 motus
2545 5034 2901 5108 querularum
2945 5046 3229 5091 murmure
3259 5042 3451 5083 vocum

313 5128 586 5183 Primitiae
603 5130 782 5205 gentis
803 5130 1075 5184 Germana
1105 5129 1173 5183 ab
1197 5127 1412 5203 origine
1445 5129 1704 5200 princeps
1736 5128 1802 5162 ¹⁴²
1976 5131 2187 5185 Insnstit
2219 5130 2501 5200 precibus,
2530 5128 2789 5201 legatque
2815 5125 2886 5181 ad
2915 5124 3098 5180 sidera
3124 5129 3271 5176 vota.

243 5222 475 5276 Culmen
507 5220 870 5292 apostolicum
899 5221 1057 5292 petit,
1088 5228 1141 5275 et
1161 5236 1317 5276 sacra
1343 5219 1534 5274 limina
1558 5219 1724 5275 Petri.
1973 5219 2085 5275 Nec
2114 5220 2313 5291 emptis
2341 5219 2586 5274 animum
2610 5222 2860 5274 removet
2898 5212 3197 5271 certamine
3226 5208 3454 5270 victum,

1296 5359 1563 5416 GLOSS/E
1619 5359 2036 5415 MARGINALES
2101 5358 2563 5415 MABILLONII“.

327 5458 396 5493 ¹³⁹
431 5457 487 5511 Ε.
526 5457 793 5512 Calabria.
826 5459 895 5493 “0
953 5458 1351 5533 Religiosorum
1400 5459 1888 5565 congregationes,
1939 5459 2000 5492 1“
2070 5458 2462 5513 Treverensem
2519 5463 2573 5511 et
2638 5455 3120 5532 Rotomageusem.
3154 5439 3599 5526 “{Teutoidux:

327 5529 641 5565 tinnrinrnm
703 5530 769 5564 ita
794 5529 999 5565 ροηιιηι
1037 5530 1516 5565 ιοηηηικςινιιηνιητ.
1564 5530 1604 5564 is
1659 5546 1759 5565 ιω.-
1803 5530 2144 5565 Angnlaainm
2178 5538 2230 5565 nl
2262 5527 2607 5565 'rtmmtmmm
2666 5527 2732 5560 ηδ
2763 5526 3050 5565 imagines.
3084 5519 3151 5555 ηδ
3175 5523 3310 5565 otia.

259 5529 666 5599 Bojoariorum.
703 5530 769 5564 ιω
794 5529 1001 5605 Regem
1036 5519 1542 5606 Langobardorum”
1564 5519 1644 5565 ’δῖ’
1659 5546 1759 5601 per
1796 5530 2146 5584 Anastasium
2178 5538 2235 5583 et
2262 5527 2629 5584 Theodorum.
2666 5527 2732 5560 ηδ
2763 5519 3051 5597 imagines.
3084 5519 3151 5555 ¹⁴⁶
3175 5519 3310 5579 otia,

321 5658 365 5733 *_
382 5656 818 5727 Typothetarum
847 5657 1138 5733 oscitantis
1164 5658 1349 5733 glossa
1377 5657 1697 5733 marginalia
1721 5673 1844 5728 quae
1869 5656 2067 5713 ordine
2095 5657 2335 5728 primum
2366 5659 2551 5713 locum
2575 5665 2766 5713 tenere
2805 5650 3056 5713 deberet,
3088 5645 3451 5707 centesimum
3478 5638 3583 5697 tri.-

250 5727 528 5782 cesimum
554 5742 763 5784 nonum
797 5728 1085 5801 praesefert
1112 5727 1427 5786 numerum.
