4002 6124
440 301 547 354 795

440 421 575 475 Dum
605 419 754 491 cogit
784 417 1018 488 propriis
1046 416 1289 472 Tiberim
1331 434 1392 472 se
1423 418 1657 473 reddere
1687 419 1871 474 metis.

515 514 805 584 increpitat
835 513 1060 576 Bardos,
1089 512 1202 567 fera
1225 521 1448 584 pectora
1474 530 1704 569 munere
1731 523 1785 568 et
1813 531 1908 569 ore

445 609 790 673 Demulcens,
823 608 986 661 mites
1015 608 1358 662 consultibus
1384 616 1438 662 et
1466 624 1630 679 prece
1652 625 1876 663 servans
1976 583 1981 598 l

444 704 664 768 lmbuit,
689 701 924 757 aedificat
957 717 970 768 ;
1005 701 1280 772 hujusque
1303 717 1471 772 Opera
1503 711 1630 772 apta
1652 703 1714 736 ’Π
1748 710 2050 772 receptant.

441 797 823 866 Surreptorum
857 794 1036 850 aufert
1062 794 1317 864 opus“;
1347 793 1493 848 fraus
1516 793 1705 849 fraude
1731 794 1962 850 labascit

514 895 780 947 Externos
810 892 973 946 etiam
1006 891 1321 947 benedictio
1354 893 1461 946 lata
1492 892 1556 926 “9
1591 891 1905 963 triumphos

443 980 799 1038 Concelebrat
828 995 1006 1052 papae,
1038 979 1275 1035 victores
1300 979 1536 1054 spongia
1566 979 1632 1013 15°
1670 979 1907 1034 Francos

441 1076 577 1129 Dum
599 1073 840 1129 reddens
873 1072 1243 1145 Agarenorum
1277 1078 1484 1126 tutatur
1511 1073 1579 1126 ab
1608 1071 1794 1138 armis,

444 1165 746 1236 Participes
766 1164 895 1218 ferri
929 1179 1109 1236 neque
1139 1163 1302 1219 laesos
1331 1163 1558 1218 vulnere
1572 1169 1804 1229 tantum,

446 1257 735 1312 Prostratis
766 1256 858 1311 tali
887 1255 1074 1310 vacuis
1104 1271 1203 1326 pro
1237 1254 1477 1328 tegmine
1500 1255 1712 1326 paucis,

519 1345 1055 1416 Constantinopolim
1089 1345 1254 1418 longa
1281 1345 1576 1400 obsidione
1603 1351 1880 1418 gravatam

449 1436 573 1490 Haec
599 1435 712 1489 fera
739 1433 1023 1488 barbaries
1053 1433 1311 1505 belloque
1342 1432 1596 1504 fameque
1631 1449 1902 1504 repressa,

446 1530 704 1600 lncoeptis
730 1529 985 1584 obstante
1018 1528 1128 1583 Deo
1147 1526 1397 1592 confusa,
1431 1527 1672 1598 reliquit.

515 1625 816 1680 Concilium
841 1624 1065 1678 crudele
1097 1623 1256 1686 calet,
1284 1622 1445 1677 dolus
1466 1622 1522 1676 in
1555 1637 1692 1677 nece
1719 1621 1893 1676 Patris
1925 1622 1988 1656 ¹⁵²
2051 1639 2056 1642 ·

447 1721 701 1784 (luditur;
737 1719 1098 1790 imperiimox
1139 1718 1392 1773 hostibus
1413 1717 1619 1789 oppida
1640 1717 1863 1772 cedunt.

447 1813 700 1867 Proditur
730 1812 1006 1882 impietas,
1043 1809 1358 1880 plectuntur
1375 1810 1606 1864 numine
1627 1825 1846 1864 summo

444 1904 767 1974 Participes,
801 1902 1121 1974 laqueisque
1147 1902 1261 1956 suis
1294 1902 1562 1973 foveaque
1591 1909 1778 1971 parata

445 1997 757 2068 Captantur,
789 1996 1084 2068 feritasque
1133 1995 1188 2049 in
1233 1995 1438 2050 vertice
1491 2011 1647 2049 versa
1678 1993 1923 2051 furorum
1954 2002 2056 2050 est.

447 2089 741 2144 Ecclesiam
769 2088 993 2159 spoliari
1024 2087 1224 2158 Opibus
1245 2089 1514 2159 protectio
1547 2102 1701 2158 papae

449 2178 684 2249 Impedit
718 2196 730 2231 :
765 2177 912 2232 unde
939 2178 1137 2231 iterum
1161 2177 1454 2246 primatum
1487 2177 1678 2233 fraude
1711 2178 1910 2248 petitus

453 2273 709 2344 Eripitur,
724 2273 1033 2344 Christique
1055 2273 1358 2328 immunem
1373 2274 1561 2328 dextra
1575 2280 1774 2330 tuetur.

519 2365 629 2420 Nec
656 2365 818 2420 toties
850 2364 996 2419 fraus
1029 2365 1171 2420 vieta
1199 2366 1326 2420 silet
1359 2383 1372 2423 :
1403 2376 1696 2422 sumuntur
1717 2367 1773 2422 in
1808 2367 1989 2438 ipsum

446 2456 606 2508 Arma
637 2455 830 2520 Deum,
863 2455 1194 2526 decorisque
1205 2455 1436 2524 jubetur
1452 2455 1636 2511 leonia
1650 2456 1814 2526 prisci

447 2545 675 2609 Vastari,
716 2560 1047 2616 quacunque
1077 2545 1147 2578 ⁰⁸²
1165 2552 1315 2600 notat
1346 2545 1558 2616 pictura
1589 2546 1918 2616 triumphos.

449 2635 690 2704 Augusto
718 2633 894 2688 faveat
935 2634 1158 2704 praesul,
1189 2635 1274 2688 vel
1307 2642 1493 2706 gratus
1524 2651 1712 2691 amore

453 2721 694 2786 Decidat,
728 2723 1101 2796 autgradibus
1131 2723 1388 2794 celsoque
1417 2724 1638 2779 recedat
1661 2725 1889 2780 honore.

450 2811 663 2880 llejicit,
695 2820 992 2886 expugnat,
1014 2814 1317 2885 temnitque
1350 2813 1578 2886 profana
1609 2816 1888 2882 sacerdos,

454 2903 874 2974 lntrepidusque
903 2911 1088 2958 manet
1116 2903 1459 2960 ferventibus
1484 2905 1730 2976 undique
1760 2904 1900 2960 telis.

456 2999 628 3053 Haeret
655 2999 857 3069 pastori
877 3015 1008 3071 grex
1034 2999 1202 3068 impia
1225 2999 1380 3066 jussa
1411 2998 1674 3065 refutans,

455 3089 687 3144 Fortiter
723 3098 778 3144 et
805 3091 914 3144 vita
944 3105 1042 3160 pro
1072 3089 1321 3159 praesulis
1350 3097 1513 3162 atque
1543 3090 1720 3144 salute

459 3183 750 3237 Decertans
782 3200 796 3246 ;
821 3197 974 3236 error
1001 3181 1294 3236 damnatur
1319 3200 1332 3248 ;
1365 3196 1576 3252 ponere
1598 3198 1781 3257 regem

455 3272 600 3342 Papa
637 3278 802 3337 vetat,
837 3270 1084 3325 bonitate
1115 3279 1262 3326 ratus
1290 3272 1499 3326 scelera
1530 3273 1780 3344 improba
1810 3275 1970 3330 verti.

455 3359 788 3414 Sternuntur
825 3357 1170 3426 seductores,
1202 3359 1502 3433 abiguntur
1527 3361 1723 3434 iniqui.

454 3451 753 3506 Consilium
782 3451 968 3515 ferale,
1001 3451 1484 3508 Deimoderamine
1513 3469 1727 3509 cassum

455 3538 779 3608 Destruitur,
821 3541 917 3596 sed
950 3540 1138 3596 fraude
1168 3540 1343 3596 ferum
1377 3541 1444 3576 ³⁵³
1473 3543 1765 3598 clementia
1795 3544 1969 3599 Patris

452 3631 712 3706 Protegit,
741 3640 907 3705 atque
935 3634 1207 3690 sacerdoti
1234 3633 1495 3708 suffragia
1521 3645 1776 3690 crescunt
1805 3654 1820 3701 ;

455 3722 910 3795 Barbarieamque
944 3724 1009 3758 ‘5‘
1039 3739 1261 3778 manum
1287 3724 1470 3799 jungit
1485 3723 1589 3779 sibi
1605 3725 1775 3780 Roma
1803 3726 2070 3793 sodalem,

453 3811 777 3883 Auxilioque
807 3812 980 3867 Patris
1007 3812 1130 3868 vitae
1161 3813 1478 3868 discrimina
1507 3813 1709 3885 prodit.

526 3902 728 3975 Praesul
759 3911 813 3959 at
842 3903 1099 3978 egregius
1129 3904 1347 3975 potiora
1371 3905 1643 3960 levamina
1683 3921 1962 3976 quaerens,

455 3995 691 4070 Prodiga
721 3995 1059 4067 pauperibus
1085 3996 1312 4070 largitur
1341 3996 1486 4052 dona
1517 3996 1783 4068 patronis,

455 4083 790 4139 Incumbens
809 4083 1088 4155 precibus,
1118 4084 1260 4138 votis
1287 4091 1342 4138 et
1370 4083 1596 4138 sedulus
1623 4083 1854 4139 instans.

454 4180 565 4235 Nec
591 4180 765 4234 durus
800 4180 1029 4251 pepulo,
1061 4186 1244 4251 grates
1271 4177 1537 4248 dependit
1557 4177 1754 4244 amori,

458 4269 825 4342 Hortaturque
855 4270 961 4342 piis
992 4267 1130 4325 fidos
1163 4267 1460 4340 persistere
1489 4268 1699 4338 emptis.

451 4361 544 4417 Sic
570 4362 700 4430 sibi,
728 4362 809 4417 sic
839 4361 1070 4417 Domino
1097 4359 1352 4415 servabat
1376 4359 1543 4414 corda
1579 4373 1825 4418 suorum.

521 4453 656 4510 Tum
681 4455 931 4509 Sutrinse
969 4453 1081 4508 doli
1113 4460 1331 4525 captum
1361 4469 1460 4524 per
1488 4452 1625 4508 retia
1654 4459 1888 4508 castrum

449 4549 700 4606 Assiduis
729 4566 882 4622 papae
911 4549 1135 4605 monitis
1163 4549 1495 4621 scriptisque
1521 4548 1782 4623 benignis

452 4640 739 4707 Redditur,
762 4646 923 4711 atque
949 4639 1092 4695 Petri
1120 4639 1382 4712 Paulique
1411 4637 1640 4695 offertur
1666 4637 1884 4694 honori.

522 4728 815 4784 Primatum
848 4729 1023 4783 diram
1063 4728 1299 4783 feritatis
1327 4727 1533 4784 foedere
1573 4727 1822 4782 fraudem

453 4825 760 4882 Luciferum
793 4826 860 4860 ¹⁵⁸
879 4825 1130 4897 capimus
1162 4824 1397 4879 ﬂammis
1426 4823 1675 4899 signasse
1696 4830 1965 4878 cometam

455 4915 769 4973 Consultum
803 4917 1025 4972 crudele
1055 4916 1222 4984 subit,
1247 4917 1586 4988 Romamque
1612 4915 1896 4986 ducesque

457 5008 761 5065 Barbariem
783 5009 964 5064 subici
997 5009 1179 5064 manui
1212 5028 1227 5076 ;
1262 5010 1511 5065 tradatur
1539 5006 1748 5079 iniquis

456 5101 660 5166 Justus,
686 5102 742 5157 in
773 5100 1050 5158 insontem
1076 5109 1264 5158 sontes
1293 5107 1614 5176 grassentur
1634 5099 1922 5167 honorem,

1208 299 1573 354 FLODOARDI
1605 300 1912 356 CANONICI
1954 300 2281 356 REMENSIS
2323 299 2656 355 OPUSCULA
2696 298 3002 353 METRICA.
3663 299 3754 355 796

2081 427 2128 491 Α
2156 419 2379 474 Consilii
2409 435 2537 490 pars
2569 417 2844 488 impletur.
2875 415 3258 487 capiendaque
3289 423 3454 470 restat

2157 510 2346 576 Roma,
2373 523 2529 563 sacer
2549 507 2677 561 dum
2708 522 2768 561 se
2797 506 2972 560 solum
3007 520 3105 576 pro
3135 504 3348 559 civibus
3375 503 3552 566 offert,

2156 601 2526 672 Praesidioque
2561 600 2776 653 hmrens
2813 613 3034 667 supero,
3071 613 3260 670 regem
3295 597 3428 666 petit
3460 599 3694 664 hostem,

2157 689 2572 759 Quaerentisque
2602 688 2722 742 neci
2746 686 2875 740 dare
2892 702 2950 741 se
2982 685 3374 757 conspectibus
3406 685 3592 753 infert,

2158 783 2327 846 Quem
2360 780 2570 835 Christo
2603 780 2924 834 moderante
2958 779 3065 850 piis
3096 777 3350 833 affatibus
3379 795 3604 853 urgens,

2162 873 2376 928 Emoliit
2398 872 2512 926 fera
2541 871 2707 927 corda
2724 870 2916 945 vigens
2945 869 3148 940 pietate
3177 869 3423 942 benigna

2159 962 2381 1023 Sternit,
2415 969 2470 1016 et
2499 960 2734 1015 exsultat
2752 959 2985 1032 vestigia
3011 975 3164 1014 sacra
3205 969 3496 1029 tyrannum

2160 1054 2400 1110 Austerae
2431 1053 2607 1124 posito
2636 1051 2836 1107 mentis
2862 1051 3088 1123 petiisse
3120 1059 3333 1106 tumore
3361 1051 3429 1085 ³⁵⁵
3460 1069 3476 1116 ς

2160 1149 2482 1206 Promisisse
2521 1148 2676 1224 gregi
2709 1149 2784 1203 nil
2815 1163 2873 1202 se
2898 1147 3068 1202 latum
3110 1147 3189 1201 ire
3216 1146 3442 1212 sinistri,

2162 1246 2508 1321 Regalesque
2539 1245 2685 1300 Petri
2718 1244 2897 1299 cultus
2927 1243 3162 1298 cessisse
3201 1242 3390 1298 decori
3421 1260 3438 1310 ;

2162 1336 2400 1392 Dimisso
2430 1335 2734 1407 suplicasse
2765 1334 3028 1389 humilem
3059 1334 3370 1389 diademate
3397 1349 3605 1406 regem.

2162 1425 2383 1482 Obtinet
2416 1425 2546 1479 inde
2569 1431 2762 1494 petens
2793 1423 2965 1494 recipi
2998 1441 3086 1478 rex
3121 1423 3375 1494 praesulis
3405 1424 3638 1478 hostem.

2166 1519 2374 1589 Accipit
2402 1517 2699 1573 exarchum
2742 1517 2919 1580 Pater,
2954 1515 3344 1588 infensumque
3379 1523 3562 1572 tuetur
3588 1537 3617 1576 ς-

2166 1613 2338 1684 Eripit
2361 1611 2622 1677 adversis,
2658 1609 2845 1665 fulcris
2875 1609 3084 1664 solatur
3107 1608 3321 1673 amicis,

2165 1703 2352 1757 Servat
2388 1699 2658 1766 consiliis,
2681 1699 2822 1774 regit
2852 1705 3192 1770 exornatque
3225 1698 3540 1769 triumphis.

2095 1751 2142 1817 Β
2237 1793 2464 1849 Caesaris
2497 1792 2696 1866 ingrati
2720 1751 2944 1846 fFaudes
2973 1791 3076 1846 sub
3092 1751 3311 1846 ‘funere
3337 1751 3497 1862 papze

2163 1885 2223 1938 In
2255 1883 2500 1954 patulum
2538 1879 2790 1946 veniunt,
2833 1879 2928 1952 qui
2960 1887 3247 1935 stemmata
3277 1881 3341 1914 ¹⁵⁷
3392 1880 3555 1934 ducta
3598 1879 3769 1952 figuris

2163 1974 2468 2029 Palmarum
2505 1973 2570 2008 ³⁵⁸
2605 1972 2804 2027 Christi
2835 1972 3071 2039 fuseare,
3101 1971 3182 2026 vel
3218 1971 3440 2046 ignibus
3471 1972 3608 2026 atris

2162 2066 2406 2120 Obruere
2437 2064 2716 2131 insistens,
2752 2063 2910 2134 punit
2935 2062 3233 2117 defendere
3266 2061 3419 2117 nisos
3451 2079 3464 2115 :

2166 2152 2599 2224 Pontiﬁcemque
2618 2152 2769 2223 pium
2801 2152 3131 2206 Germanum
3159 2166 3383 2206 assensa
3403 2149 3603 2225 jugare
3638 2152 3697 2184 ³⁵³

2163 2246 2456 2311 Vitantem,
2489 2243 2662 2299 sacris
2694 2243 2885 2311 abicit,
2917 2243 3241 2312 sociumque
3265 2241 3469 2296 furoris

2165 2338 2284 2392 Aris
2309 2336 2586 2392 adsciscit.
2619 2336 2789 2401 Quem
2821 2335 3042 2406 scriptis
3071 2335 3252 2410 arguit
3283 2349 3491 2409 urgens

2168 2428 2368 2484 Praesul
2401 2428 2760 2499 apostolicus,
2796 2443 2898 2482 nec
2931 2428 3212 2482 deterrere
3242 2442 3532 2498 procacem

2167 2518 2392 2573 Absistit
2423 2517 2490 2552 ¹⁶⁰
2523 2517 2653 2583 :sit,
2677 2517 2732 2570 ni
2765 2517 2977 2582 redeat,
3011 2515 3306 2586 pellendus
3337 2516 3570 2571 honore.

2168 2613 2276 2667 Nec
2302 2613 2427 2666 silet
2455 2613 2724 2686 Augusto,
2757 2611 3085 2682 facinusque
3114 2610 3390 2664 remittere
3418 2609 3618 2664 suadet

2243 2705 2447 2776 Inclyta
2475 2710 2746 2774 praeterea
2778 2704 2949 2758 Patris
2977 2703 3142 2770 hujus
3169 2703 3365 2756 tradita
3395 2709 3552 2776 gesta

2172 2793 2397 2864 Templa
2427 2793 2523 2848 Dei
2553 2793 2715 2857 circa,
2765 2791 3090 2862 cultumque
3120 2806 3458 2862 operamque
3485 2806 3771 2844 sacrorum.

2173 2890 2268 2944 llle
2297 2887 2650 2944 monasteriis
2680 2885 3134 2960 emtuslegesque
3149 2886 3366 2940 relictas

2172 2978 2452 3044 Restituit,
2486 2992 2699 3048 ponens
2732 2977 2956 3047 proprio
2987 2992 3129 3030 nova
3149 2981 3326 3030 castra
3360 2975 3420 3009 ¹⁶¹
3455 2984 3665 3045 paratu.

2171 3067 2581 3138 Maternamque
2609 3065 2840 3120 domum
2871 3064 3074 3118 divinis
3107 3064 3307 3118 ritibus
3337 3071 3508 3134 aptat,

2096 3127 2145 3193 Ο
2169 3163 2230 3216 Ει
2259 3161 2385 3217 facit
2411 3162 2659 3215 haeredes
2686 3160 2808 3215 caeli
2842 3161 2896 3213 in
2931 3159 3260 3230 patrimonia
3298 3159 3450 3214 cives

2168 3255 2400 3310 Ornatus
2432 3254 2677 3321 adhibet,
2709 3254 2943 3330 gemmis
2964 3271 3120 3309 sacra
3140 3270 3268 3308 vasa
3299 3253 3525 3309 decorat
3559 3271 3572 3307 :

2169 3350 2510 3422 Pauperibus
2541 3350 2770 3425 largitur
2797 3365 2953 3421 opes.
2981 3349 3142 3404 Subit
3179 3350 3382 3404 aethera
3410 3349 3568 3404 dives
3603 3370 3615 3403 :

2177 3445 2470 3500 Tristitiam
2504 3443 2661 3499 terris
2689 3443 2956 3518 migrans,
2985 3443 3077 3498 dat
3105 3442 3306 3516 gaudia
3329 3441 3506 3498 coelis.

2631 3537 2704 3589 De
2735 3537 2988 3604 Gregorio
3014 3551 3169 3605 papa
3196 3537 3353 3590 tertio

2177 3625 2441 3682 Culminis
2471 3627 2617 3681 hunc
2636 3625 2886 3698 sequitur
2924 3625 3184 3681 virtutum
3214 3632 3270 3679 et
3296 3623 3542 3680 nominis
3572 3626 3741 3679 haeres
3769 3641 3780 3676 :

2175 3719 2510 3780 Mansuetus,
2543 3717 2787 3788 sapiens,
2819 3717 3008 3772 divina
3035 3717 3157 3790 lege
3198 3716 3460 3772 renidens
3489 3733 3503 3780 ;

2175 3809 2449 3866 Laudibus
2476 3816 2754 3881 expertus,
2785 3825 3093 3881 sensusque
3123 3808 3301 3863 nitore
3332 3807 3540 3878 politus
3565 3825 3579 3862 :

2174 3901 2425 3957 Hortator
2450 3900 2736 3972 cultorque
2767 3899 2924 3967 boni,
2949 3907 3206 3970 tutorque
3233 3897 3362 3953 fidei
3393 3916 3406 3963 ;

2172 3997 2440 4070 Prodigus
2468 3995 2734 4068 indignis,
2758 4001 2813 4051 et
2841 3993 3182 4066 paupertatis
3209 3993 3418 4049 amicus
3445 4010 3458 4058 ;

2172 4089 2516 4161 Captivorum
2547 4094 2782 4160 emptor,
2813 4087 3149 4159 pupillorum
3181 4087 3362 4142 bonus
3383 4085 3558 4150 altor;

2174 4183 2516 4258 Relligionis,
2546 4199 2740 4239 amore
2764 4183 2981 4256 vigens,
3025 4183 3116 4253 pia
3145 4192 3369 4254 pectora
3400 4181 3608 4236 solans.

2170 4274 2436 4328 lnsistens
2464 4273 2638 4326 Patris
2676 4269 2955 4343 exsequiis
2983 4271 3052 4324 de
3085 4270 3280 4325 funere
3320 4277 3508 4340 raptus

2173 4364 2454 4430 Eximitur,
2485 4363 2774 4434 lectusque
2801 4362 2868 4416 ad
2903 4361 3150 4434 regmina
3178 4377 3392 4414 summa
3431 4368 3678 4416 vocatur.

2086 4486 2143 4555 D
2239 4460 2508 4515 Admonet
2535 4457 2876 4529 increpitans
2907 4473 3068 4529 reges
3100 4457 3155 4510 in
3185 4456 3343 4530 signa
3376 4456 3443 4489 ¹⁶²
3469 4455 3666 4510 salutis

2169 4550 2446 4617 Crudeles,
2483 4549 2741 4622 pavidum
2769 4550 3126 4620 monitusque
3149 4546 3346 4602 efferre
3365 4553 3647 4602 verentem

2169 4641 2428 4716 Legatum
2459 4658 2713 4708 censens,
2747 4657 2888 4712 Opus
2916 4641 3149 4713 integra,
3183 4639 3435 4711 improba
3465 4639 3690 4694 damnat

2169 4733 2423 4803 Imperia,
2457 4731 2828 4802 Ecclesizeque
2861 4730 3088 4784 monilia
3119 4728 3219 4783 rite
3251 4735 3455 4794 tuetur,

2167 4822 2297 4887 Quae
2326 4821 2545 4892 scriptis
2572 4819 2906 4891 monitisque
2927 4819 3087 4889 jubet
3115 4817 3430 4873 veneranda
3461 4815 3682 4886 reponi.

2167 4914 2356 4987 Arguit
2393 4912 2524 4966 hinc
2554 4926 2816 4982 proceres
2853 4910 3045 4964 iterum
3069 4908 3376 4978 crebroque
3405 4904 3715 4960 monendo.

2168 5006 2277 5061 Nec
2295 5005 2601 5079 legatorum
2632 5002 2847 5073 pedicis
2874 5001 2992 5074 quit
3013 5017 3169 5056 mens
3192 5015 3347 5054 sacra
3381 4997 3552 5052 Patris

2167 5096 2372 5164 Averti,
2406 5100 2700 5167 penetrant
2729 5094 2860 5148 dum
2893 5091 3101 5164 scripta
3127 5091 3346 5164 palatia,
3375 5104 3537 5164 reges

1522 5229 1792 5285 GLOSSIE
1841 5226 2263 5284 MARGINALES
2319 5223 2725 5281 MABILLONII.

527 5342 595 5377 7“
628 5341 914 5413 castellum
951 5340 1386 5413 aZLangobardis
1415 5356 1706 5412 pervasum
1748 5339 1978 5413 Romani
2010 5338 2119 5394 reci

530 5412 852 5494 f‘lcollata.
881 5411 1240 5494 15°.Spon'gia.
1284 5411 1426 5494 Aqua;
1453 5427 1646 5466 mensa
1675 5411 1971 5494 pontificis
2003 5420 2123 5483 tege

459 5485 661 5544 tributa
712 5483 1002 5548 exercitui,
1045 5483 1364 5554 qui"victor
1401 5483 1578 5538 factus
1609 5489 1709 5538 est.
1738 5553 1741 5554 ν
1772 5484 1835 5517 ιδι

460 5559 529 5595 1⁵³
557 5555 884 5629 Eutychium
934 5553 1222 5629 patricium
1304 5555 1369 5589 ‘5‘
1425 5553 1927 5629 Langobardorum.
1986 5555 2052 5588 1⁵⁵

2167 5338 2287 5393 iunt
2341 5336 2406 5372 ⁸⁸⁸
2434 5337 2494 5390 id
2521 5340 2598 5391 est
2629 5334 2948 5390 dolosorum
2980 5331 3242 5386 frustatur
3272 5329 3534 5401 fructum.
3687 5391 3722 5401 η

2169 5392 2311 5473 atur,
2351 5408 2518 5461 missa
2553 5407 2676 5460 duci
2713 5405 3048 5460 Francorum
3083 5417 3180 5473 pro
3219 5397 3633 5473 benedictione,
3671 5392 3785 5446 dis-

1897 5471 2091 5553 papae?
2130 5482 2197 5553 ‘5?
2248 5471 2567 5553 ubicunque
2619 5477 2801 5550 signat
2830 5471 3092 5553 victorias
3117 5471 3317 5527 Christi
3352 5475 3786 5553 martyrumque.

2101 5552 2230 5625 quia
2287 5547 2493 5625 lucifer
2519 5547 2708 5625 versus
2757 5554 2838 5604 est
2895 5547 2950 5602 in
3007 5554 3326 5625 cometam;
3360 5557 3471 5595 non
3503 5547 3587 5625 est
3627 5548 3782 5625 pro-

462 5629 640 5700 prium
660 5606 1044 5700 'alieuirstEll-re
1082 5643 1224 5700 esse
1273 5606 1732 5700 cometamf'sed
1763 5606 2009 5700 diversae
2071 5606 2242 5700 stella;
2294 5621 2478 5676 solent
2529 5620 2888 5700 inncometas
2942 5615 3187 5700 converti
3242 5617 3338 5700 sic.
3372 5629 3471 5694 ms.
3510 5606 3688 5700 “nail

465 5694 636 5774 pedes
685 5699 1114 5774 corruisse._-m|
1153 5699 1440 5774 imagines.
1505 5698 1570 5734 ¹⁵⁸
1651 5696 2020 5753 victoriarum.
2098 5696 2165 5732 ¹⁵⁹
2223 5694 2479 5767 iungere.

464 5769 708 5842 Agathae.
753 5770 819 5804 ¹⁶²
849 5769 1138 5844 imagines,

2565 5691 2631 5726 ¹⁶⁰
2687 5697 2886 5747 cessat.
2961 5690 3021 5725 ¹⁶¹
3105 5683 3504 5743 monasterium
3571 5680 3785 5734 Sancta
