3994 6132
295 228 392 291 8111

299 352 549 416 Culmine
580 354 841 416 sublimat
881 355 1048 428 regali
1075 356 1200 423 jure
1229 358 1468 421 decorat.

297 444 464 497 Ornat
496 445 704 500 honore
737 446 939 510 locum,
965 446 1263 516 locupletat
1301 449 1542 504 cultibus
1571 465 1740 508 aram.

371 536 505 589 Tum
538 553 630 590 rex
652 553 772 596 cum
807 539 962 610 regni
991 541 1222 610 satrapis
1256 542 1513 612 claroque
1544 550 1738 602 senatu

300 625 484 680 Rebus
511 627 832 688 consultans
862 628 1090 698 trepidis
1117 646 1438 688 succurrere
1463 649 1639 704 papae,

301 715 597 770 Unanimes
620 718 816 772 thristi
851 718 1104 789 I’etrique
1125 720 1194 773 ad
1224 721 1409 774 munia
1431 722 1630 786 reddit,

301 805 453 859 Haud
487 806 614 860 ullis
644 807 787 861 valet
818 809 987 862 averti
1013 811 1288 880 serpentis
1320 811 1494 882 iniqui

302 894 625 957 Fraudibus,
659 895 804 950 haud
837 895 1016 951 fratris
1047 898 1199 954 vafro
1230 900 1517 954 molimine
1550 901 1700 955 missi

299 985 556 1040 Consiliis
595 987 767 1058 ;quin
797 1003 1060 1059 germano
1092 989 1408 1046 discrimina
1449 993 1669 1062 praefert

304 1076 580 1144 Ecclesiae,
605 1079 823 1150 fixaque
853 1079 1086 1134 studens
1108 1082 1410 1136 certamine
1439 1083 1560 1149 niti,

300 1172 552 1226 Praesulis
582 1173 636 1227 in
674 1173 816 1228 votis
846 1173 991 1246 legat
1009 1176 1265 1230 mandata
1282 1183 1533 1246 tyranno,

301 1266 526 1320 Fredere
545 1267 648 1319 sub
681 1267 830 1336 pacis
856 1265 1052 1336 Cepth
1078 1268 1327 1323 sublecta
1357 1271 1624 1341 rependat
1655 1289 1666 1324 :

299 1357 515 1430 Terque
545 1359 739 1414 eadem
770 1361 987 1430 repetit.
1023 1361 1209 1433 Neque
1235 1377 1332 1417 cor
1363 1365 1572 1418 mollire
1604 1364 1843 1438 gelatum

300 1453 620 1509 Muneribus
648 1455 933 1527 suasisque
960 1455 1124 1522 valet,
1156 1473 1259 1512 nec
1287 1457 1500 1528 proﬁcit
1521 1459 1634 1514 ullo

299 1544 378 1596 Ad
411 1559 601 1613 pacem
634 1544 869 1617 rigidum
901 1546 1278 1603 moderamine
1310 1550 1530 1604 flectere
1564 1557 1772 1620 pectus.

303 1635 459 1690 Unde
521 1651 756 1710 gregans
825 1644 1032 1692 turmas
1099 1639 1431 1696 Francorum
1499 1642 1611 1716 agit
1675 1643 1915 1716 agmina.

1628 1747 1847 1787 causam

1628 1748 1721 1786 cau

303 1817 432 1885 Ipse
451 1823 674 1870 acturus
702 1816 1087 1886 apostolicam,
1122 1819 1474 1892 mediamque
1507 1731 1721 1876 tere[bat

307 1907 476 1961 Recto
509 1906 646 1961 calle
677 1907 820 1961 viam
851 1923 975 1962 cum
1000 1926 1139 1980 papa
1173 1928 1187 1975 ;
1221 1912 1477 1982 procacia
1504 1913 1690 1968 nitens

305 1999 532 2056 Pectora
557 2000 864 2068 mitificare,
897 2004 1034 2074 petit
1059 2003 1175 2059 fera
1210 2005 1374 2061 corda
1402 2008 1610 2062 moveri

303 2094 472 2166 Regis
507 2097 637 2150 item
667 2097 867 2160 missis,
894 2115 1016 2152 cum
1037 2100 1162 2171 quis
1189 2101 1445 2156 mandata
1479 2118 1782 2175 precesque

302 2185 518 2260 Dirigit,
542 2187 826 2242 obtestans
848 2188 1134 2245 fundendo
1162 2209 1191 2246 a
1217 2194 1487 2266 sanguine
1513 2204 1717 2264 parcat.

304 2274 403 2329 Ille
434 2276 611 2344 minas
650 2287 838 2332 contra
867 2278 1013 2333 Patri
1045 2281 1273 2352 regique
1305 2282 1513 2354 relegat

375 2367 470 2422 Ast
496 2368 549 2422 hi
570 2385 724 2440 spem
757 2370 988 2425 Domino
1018 2377 1186 2425 totam
1212 2372 1558 2426 committere
1589 2373 1748 2438 certi,

303 2460 377 2514 Se
406 2459 618 2515 Christo
651 2467 828 2516 tutore
860 2463 993 2537 tegi,
1020 2464 1108 2518 cui
1143 2463 1290 2518 bella
1323 2472 1612 2537 geruntur.

305 2547 475 2616 Cujus
494 2565 658 2620 Opem
691 2551 952 2622 princeps
981 2568 1240 2623 poscens,
1275 2537 1545 2625 promissa
1571 2563 1824 2626 protervo

306 2640 535 2695 Munera
564 2641 669 2696 fert
697 2643 990 2697 tribuenda
1021 2643 1214 2698 humili
1242 2644 1493 2716 Patrique
1515 2646 1802 2720 gregique.

305 2734 511 2804 Sicque
543 2734 668 2790 duci
689 2750 811 2800 sese
840 2735 1090 2806 allegans
1135 2735 1361 2807 ﬁdoque
1393 2745 1650 2807 patrono,

305 2823 556 2894 Caeptum
579 2825 754 2895 carpit
783 2824 908 2890 iter,
941 2825 1165 2880 mittens
1194 2826 1509 2896 praecedere
1536 2827 1828 2898 quosdam,

304 2915 381 2968 Ac
407 2929 626 2968 servare
653 2914 855 2980 aditus,
882 2921 1142 2986 arctoque
1162 2921 1345 2968 astare
1383 2922 1586 2978 meatu.

307 3004 861 3076 Comperienshostis
889 3022 1070 3080 regem
1093 3022 1452 3078 praecurrere,
1476 3022 1683 3078 paucos

301 3095 520 3150 Junctis
547 3096 644 3152 hos
665 3096 858 3151 cuneis
879 3097 1061 3152 subito
1090 3096 1401 3166 insperatus
1431 3096 1662 3152 adorsus

303 3188 546 3244 Stratum
567 3204 626 3243 se
653 3188 733 3243 ire
755 3195 931 3260 putat,
959 3188 1156 3262 stragis
1186 3188 1284 3252 sed
1311 3187 1512 3244 damna
1542 3195 1804 3260 reportat,

307 3280 496 3334 Victus
525 3288 580 3334 et
602 3296 634 3335 a
665 3280 874 3350 paucis,
907 3296 1031 3336 cum
1057 3264 1304 3351 pluribus
1334 3280 1451 3350 ipse
1471 3279 1775 3351 peremptis

311 3370 379 3435 lt,
412 3369 644 3440 solaque
670 3367 814 3443 fugae
846 3368 1043 3439 positis
1071 3384 1170 3440 spe
1196 3367 1392 3422 nititur
1409 3367 1596 3435 armis,

310 3461 489 3530 Atque
511 3465 752 3512 tremens
781 3457 934 3512 urbis
954 3473 1077 3512 sese
1109 3455 1401 3522 vallamine
1432 3455 1658 3510 claudit.

382 3549 448 3601 At
471 3546 607 3615 justi
640 3562 1027 3617 perversorum
1057 3544 1363 3599 munimine
1395 3560 1555 3600 verso

312 3639 592 3709 Diripiunt
619 3638 850 3710 praedas.
883 3638 1010 3693 Post
1035 3638 1246 3693 cmdem
1275 3636 1512 3690 vindicis
1549 3636 1698 3691 ensis

314 3730 425 3784 Rex
457 3729 610 3784 Patre
628 3730 1000 3802 prosequitur,
1032 3727 1206 3783 fultus
1241 3727 1552 3784 celantibus
1577 3728 1794 3782 hostem

313 3824 592 3879 Incumbit
617 3824 809 3892 muris,
839 3811 1035 3894 pacem
1052 3823 1182 3877 dum
1206 3839 1349 3894 papa
1377 3821 1656 3892 precando

314 3918 548 3973 Foedera
577 3916 802 3989 pellacis
831 3917 900 3951 ¹⁹⁶
926 3915 1210 3986 compellit
1239 3914 1380 3969 inire
1412 3913 1632 3969 fidelem
1669 3913 1756 3981 ‘97,

316 4009 573 4065 Reddere
590 4008 828 4078 jurantis
857 4025 980 4080 quas
1020 4015 1172 4080 rapta
1200 4012 1434 4062 retentat
1462 4006 1670 4078 inique.

390 4103 484 4158 Sic
513 4120 615 4158 sua
646 4118 739 4158 rex
768 4108 1028 4173 repetens
1057 4101 1386 4156 Francorum
1420 4114 1610 4172 regna,
1644 4097 1804 4153 beato

317 4197 417 4250 Dat
447 4195 632 4258 socios
659 4193 798 4249 Patri
826 4194 1069 4248 Romana
1096 4193 1163 4248 ad
1195 4191 1398 4247 mmnia
1427 4189 1590 4258 fidos,

312 4287 550 4356 Jamque
585 4283 880 4340 revertenti
915 4283 1246 4355 populorum
1287 4280 1542 4336 examina
1571 4287 1802 4346 currunt

317 4375 491 4430 Obvia
521 4373 748 4445 pastori,
778 4380 962 4446 grates
992 4371 1295 4444 laudesque
1329 4369 1571 4425 ferentes

318 4465 560 4521 Eximias
592 4466 821 4532 Christo.
857 4464 993 4519 Cleri
1026 4463 1330 4536 populique
1359 4469 1591 4518 caterva:

320 4563 611 4636 Excipiunt
640 4561 853 4632 Patrem
877 4560 1139 4633 praeclara
1162 4566 1365 4630 tropma
1394 4559 1710 4614 vehentem.

320 4655 420 4710 Ille
441 4655 676 4710 studens
702 4669 954 4709 recreare
982 4668 1226 4728 gregem,
1253 4651 1505 4726 neglecta
1529 4649 1733 4706 referre

319 4745 528 4809 Munia,
562 4742 852 4808 nocturnis
878 4740 1411 4813 reparatpsallentia
1431 4738 1626 4805 sacris,

318 4837 577 4901 Carmina
607 4835 775 4910 digna
804 4834 988 4890 choris
1015 4842 1198 4910 auget,
1231 4831 1659 4904 solatiapraabet

319 4929 646 4998 Commoda,
681 4927 895 4989 devotis
920 4933 1133 4982 certent
1159 4933 1221 4981 ut
1253 4925 1455 4997 degere
1487 4923 1730 4995 psalmis.

397 5018 580 5074 Hostis
603 5026 668 5083 at,
686 5024 933 5072 assuetas
960 5016 1188 5072 volvens
1217 5014 1322 5070 sub
1352 5021 1574 5086 pectore
1604 5011 1851 5078 fraudes,

321 5108 641 5188 Ingeminat
667 5106 904 5175 facinus,
939 5106 1178 5178 perjuria
1209 5112 1337 5161 nota
1359 5104 1690 5178 frequentat.

777 229 859 284 DE
899 227 1154 281 CHRISTI
1194 228 1556 284 TRIUIIPHIS
1594 229 1768 284 APUD
1807 229 2074 286 ITALIAM
2111 232 2335 289 GESTIS
2377 235 2550 290 LIBRI
2590 235 2721 290 XIV.
2769 267 2824 276 --
2874 237 2976 291 LIB
3043 239 3126 293 XI.

3529 242 3634 296 802

1951 374 1996 437 Α
2027 361 2280 418 Crescere
2301 363 2495 420 temnit
2533 378 2672 418 onus
2695 363 2783 430 ‘9',
2814 363 2970 418 nihili
3006 364 3197 419 feralia
3222 364 3414 434 pendit
3443 383 3455 418 :

2027 452 2406 522 Invadensque
2439 452 2649 517 relicta,
2682 452 2834 506 nefas
2863 455 3144 507 cumulare
3178 453 3408 518 laborat,

2021 545 2192 614 Atque
2224 544 2387 602 trahit
2407 544 2560 617 regni
2595 545 2659 578 '99
2690 559 2875 600 secum
2904 546 3006 599 sub
3036 552 3238 600 tartara
3278 546 3423 600 vires

2019 634 2178 690 Arma
2201 636 2363 707 rapit,
2394 652 2602 692 cuneos
2626 636 2794 707 cogit,
2818 638 3020 692 misera
3051 639 3291 712 agmina,

2021 730 2279 786 Ecclesiae
2307 740 2498 786 contra
2527 730 2804 794 columen,
2830 730 2932 786 fert
2963 733 3149 802 praelia
3184 733 3340 788 Petro

2022 820 2082 875 ει
2119 836 2274 875 sacra
2303 819 2574 893 sacrilego
2603 820 2907 875 circumdat
2925 823 3124 877 moenia
3153 821 3313 876 ferro.

2094 910 2293 964 Praesul
2316 911 2546 974 amatori
2574 910 2774 965 Christi
2802 918 2954 966 notat
2984 911 3231 982 improba
3256 912 3370 985 regi

2022 1001 2277 1072 Pippino,
2308 1012 2426 1057 acta
2453 1003 2620 1058 trucis
2641 1010 2832 1060 contra
2864 1005 2954 1074 pia
2982 1011 3158 1058 castra
3189 1005 3257 1038 ²⁰⁰
3289 1005 3545 1058 draconis

2022 1091 2253 1160 Expedit
2283 1090 2374 1146 ille
2415 1107 2630 1158 manus,
2674 1092 3003 1164 ultrieiaque
3034 1094 3400 1156 exeritarma,

2017 1182 2147 1236 Jure
2177 1182 2366 1236 calens
2387 1181 2442 1236 in
2468 1183 2725 1253 perjuros
2757 1183 3076 1237 certaminis
3116 1183 3282 1254 aequi.

2021 1269 2393 1343 Caesareisque
2422 1279 2476 1326 et
2503 1272 2698 1347 legatis
2724 1280 2778 1326 et
2802 1272 3046 1341 jussibus
3070 1271 3320 1336 obstans,

2021 1363 2130 1418 Nec
2156 1365 2413 1434 precibus
2441 1365 2652 1419 ceditve
2681 1365 2868 1427 minis,
2895 1372 2989 1418 aut
3010 1379 3236 1419 munere
3267 1365 3444 1418 victus
3475 1381 3492 1423 ;

2018 1454 2336 1511 Terribilem
2369 1472 2494 1510 sese
2526 1457 2708 1527 pravis
2738 1456 2848 1511 acri
2878 1455 3082 1526 impete
3114 1456 3386 1526 praebens.

2023 1545 2228 1600 Insistit
2251 1544 2644 1614 trepidis,dum
2679 1546 2743 1579 ²⁰ι
2776 1546 2966 1599 clauso
2995 1551 3285 1615 extorquet
3312 1543 3382 1598 ab
3415 1544 3570 1600 hoste

2022 1637 2152 1691 Iura
2180 1635 2464 1692 reformari
2507 1635 2701 1706 recipit
2733 1635 3027 1706 redditque
3061 1634 3224 1689 beato

2023 1725 2234 1796 Oppida
2261 1731 2412 1794 rapta
2449 1724 2627 1788 Petro,
2663 1725 3021 1794 reprimitque
3051 1725 3322 1779 tumentia
3341 1725 3500 1780 colla.

2028 1813 2300 1884 Hesperia
2334 1812 2632 1868 moderans
2670 1813 2926 1884 regiones
2951 1829 3086 1883 pace
3124 1823 3371 1879 serenat,

2025 1904 2338 1960 Gaudentes
2363 1891 2465 1960 sub
2498 1903 2820 1976 apostolicis
2849 1920 2909 1958 se
2949 1904 3155 1958 dedere
3187 1904 3380 1966 frenis.

2096 1993 2240 2064 Papa
2262 1994 2373 2048 Deo
2401 2000 2585 2067 grates
2615 1992 2881 2058 referens,
2915 1993 3110 2047 turrim
3133 1993 3295 2068 erigit
3324 1994 3462 2049 aula:
3485 1995 3576 2059 ’03,

2027 2083 2366 2155 Argentique
2393 2083 2585 2137 colens
2613 2081 2783 2136 radiis
2811 2082 3034 2137 investit
3063 2093 3118 2136 et
3147 2085 3288 2138 auri.

2027 2175 2147 2229 Ere
2187 2175 2349 2230 tubas
2387 2175 2455 2209 ²⁰³
2483 2174 2604 2229 fuso
2629 2174 2847 2240 attollit,
2882 2174 3086 2245 quibus
3110 2177 3330 2248 agmina
3361 2176 3542 2246 plebis

2029 2268 2336 2323 Admoneat-
2362 2265 2554 2322 Iaudes
2567 2275 2623 2320 et
2651 2274 2774 2321 vota
2801 2267 3006 2321 referre
3038 2269 3290 2322 Tonanti.

2029 2359 2294 2431 Prospera
2327 2360 2720 2432 Cunctipotens
2744 2369 2928 2436 auget,
2953 2369 3263 2416 removetur
3285 2368 3339 2414 et
3366 2361 3539 2415 hostis
3563 2379 3578 2421 ;

2031 2448 2284 2503 Praesulis
2306 2450 2373 2504 ad
2407 2457 2596 2505 nutum
2625 2467 2782 2524 reges
2803 2459 2857 2505 et
2886 2467 3054 2525 regna
3085 2456 3350 2521 reguntur
3380 2464 3393 2515 ;

2035 2537 2181 2591 Bella
2211 2547 2565 2608 soporantur,
2598 2547 2830 2612 surgunt
2859 2555 3015 2595 sacro
3040 2540 3238 2594 ordine
3266 2539 3438 2594 fastus

2034 2629 2253 2685 Publica
2273 2647 2357 2686 res
2386 2632 2604 2697 crescit,
2623 2632 2816 2687 dilatat
2840 2640 3024 2702 pastor
3052 2631 3218 2692 ovile.

2035 2717 2274 2774 Fallaces
2303 2729 2458 2775 cavet
2489 2721 2742 2786 insidias,
2773 2721 2950 2775 ablata
2981 2727 3241 2792 receptat.

2033 2805 2396 2880 Educensque
2431 2825 2602 2864 novas
2624 2809 2821 2880 Cephea
2850 2808 3148 2879 splendore
3178 2808 3483 2874 columnas,

2032 2899 2280 2978 I’abricat
2308 2901 2590 2968 ecclesias,
2616 2902 2798 2967 Petro,
2829 2900 3003 2966 fratri,
3030 2901 3341 2973 genivmque
3375 2899 3442 2934 ὀδ
3465 2914 3480 2966 ;

2031 2979 2177 3058 Quas
2200 2994 2424 3051 fabricis
2452 3003 2630 3061 ornat,
2655 2995 2928 3066 donisque
2959 2994 3264 3049 nitentibus
3293 2999 3474 3064 auget.

1956 3064 2004 3132 (λ
2027 3090 2201 3161 Atque
2234 3090 2563 3156 Petrouillaa,
2589 3089 2735 3163 regis
2766 3064 3003 3155 monitu,
3032 3104 3156 3143 ossa
3191 3095 3463 3142 venustat.

2105 3185 2326 3242 Actibus
2356 3185 2442 3239 his
2465 3187 2666 3252 clarus,
2701 3185 3006 3256 palmarum
3031 3192 3085 3238 et
3116 3184 3325 3238 lumine
3353 3191 3586 3248 mactus,

2035 3273 2262 3330 Praemia
2281 3275 2426 3330 celsa
2445 3275 2582 3345 petit
2606 3275 2761 3329 Petro
2788 3274 3016 3329 ductore
3046 3273 3267 3329 beatus.

2535 3371 2605 3423 De
2627 3371 2799 3423 Paulo
2825 3385 2976 3438 papa
3010 3368 3176 3437 (189).

2104 3459 2406 3516 Germanus
2435 3460 2718 3531 Stephano
2744 3459 2994 3513 succedit
3020 3459 3074 3511 in
3105 3459 3300 3512 ordine
3322 3457 3546 3517 Paulus,

2035 3547 2168 3604 Cum
2200 3565 2309 3622 quo
2342 3549 2573 3604 devotus
2604 3548 2808 3620 pietate
2838 3554 2891 3602 et
2917 3547 3039 3601 luce
3067 3547 3280 3617 sophiae

2038 3642 2316 3696 Claruerat
2347 3641 2597 3710 rutilans,
2629 3639 3057 3710 individuusque
3092 3636 3300 3692 sodalis

2043 3733 2281 3788 Hzeserat
2311 3734 2365 3787 in
2387 3733 2577 3797 finem,
2617 3732 2705 3787 cui
2739 3747 2863 3786 mox
2895 3730 3273 3786 moderamina
3305 3727 3533 3791 cedunt,

2041 3823 2576 3894 Dispersarenuente
2603 3837 2788 3882 manu,
2824 3836 2924 3875 ceu
2961 3819 3078 3874 sole
3109 3818 3375 3873 tenebris.

2114 3915 2209 3970 Hic
2238 3915 2364 3986 pius
2389 3931 2451 3969 ac
2482 3914 2628 3968 mitis
2652 3912 2926 3968 tribulatis
2951 3911 3095 3967 ferre
3127 3911 3380 3964 levamen

2047 4002 2316 4068 Certabat,
2337 4005 2601 4077 languore
2631 4019 2827 4078 graves
2851 4003 3191 4072 inopumque
3218 3999 3465 4070 grabatta

2047 4096 2233 4151 Visere
2254 4104 2570 4162 consuetus,
2599 4095 2780 4149 tacitze
2801 4093 2904 4149 sub
2933 4093 3174 4168 tegmine
3207 4093 3384 4147 noctis
3418 4109 3431 4156 ;

2049 4188 2367 4245 Carceribus
2398 4204 2566 4242 nexos
2597 4187 2866 4252 adimens,
2912 4186 3303 4256 redimensque
3330 4184 3588 4239 subactos

2048 4281 2370 4347 Fenoribus,
2404 4280 2736 4352 pupillorum
2767 4286 2922 4350 pater
2952 4294 3015 4332 ac
3045 4277 3335 4332 viduarum
3362 4295 3376 4342 ;

1971 4392 2022 4458 ι)
2051 4373 2340 4430 Catholicae
2362 4380 2508 4428 tutor
2539 4371 2667 4427 fidei
2697 4389 2712 4436 ;
2743 4387 2851 4442 quo
2887 4369 3103 4425 tramite
3140 4385 3300 4439 reges

2048 4467 2339 4532 Admonet,
2367 4467 2631 4530 hortatur,
2659 4464 2816 4534 petit,
2841 4462 3162 4534 insistitque
3193 4460 3391 4532 reponi

2047 4555 2338 4610 Schemata
2365 4554 2441 4590 ὀτι
2462 4559 2775 4608 sanctorum
2804 4551 3132 4621 Dominique
3166 4549 3336 4620 polita
3367 4549 3565 4604 nitore.

1950 4643 1952 4646 ’
2048 4646 2322 4702 Mausolea
2351 4643 2541 4699 colens
2565 4642 2836 4710 justorum
2871 4640 3128 4712 provehit
3157 4639 3354 4705 urnis;

2049 4735 2374 4808 Atqueurbi
2402 4733 2663 4799 reddens,
2685 4731 2900 4786 cineres
2931 4729 3195 4784 sublimat
3226 4729 3282 4782 in
3315 4728 3474 4784 aulis.

2120 4827 2170 4880 Is
2197 4825 2450 4897 proprios
2469 4838 2684 4879 sacrare
2717 4822 2858 4876 lares
2878 4820 2982 4875 sub
3016 4818 3262 4875 culmine
3295 4818 3497 4872 Christi

2047 4918 2376 4991 Pignoribus
2404 4916 2633 4980 studuit,
2659 4930 2885 4971 comens
2915 4923 2970 4968 et
2999 4912 3222 4968 nomine
3249 4909 3462 4964 Patrum

2045 5007 2288 5067 Silvestri
2319 5023 2383 5062 ac
2397 5005 2682 5077 Stephani,
2709 5005 3009 5059 multorum
3031 5002 3154 5056 luce
3174 4998 3244 5035 ¹⁰⁶
3275 4999 3496 5070 piorum

2049 5100 2277 5168 Insuper
2300 5096 2597 5161 illustrans,
2630 5094 2898 5165 opulento
2918 5099 2988 5164 ret
3017 5103 3246 5145 munere
3280 5086 3572 5156 suppleas,

1422 5261 1690 5318 GLOSS-A'J
1717 5258 2137 5316 MARGINALES
2165 5253 2572 5310 MABILLONII.

399 5372 468 5410 "5
498 5373 676 5430 dolosi
700 5370 934 5427 Aistulﬁ.
993 5369 1056 5405 ’97
1110 5370 1428 5441 Pippinum.
1474 5368 1539 5403 “’8
1565 5375 1812 5441 peccata,
1846 5367 1911 5441 ‘9}?

299 5448 395 5506 .cti
430 5446 578 5501 Petri
632 5443 702 5479 ²⁰⁸
722 5457 1038 5514 campanas.
1074 5441 1138 5476 ¹⁰⁴
1167 5436 1398 5495 Andreae
1427 5448 1480 5495 et
1514 5436 1826 5493 Petronillae
1883 5436 1948 5470 ³⁰⁵

1969 5364 2054 5420 sui
2113 5362 2182 5417 ad
2217 5370 2468 5416 mortem.
2521 5359 2588 5391 ²⁰⁰
2649 5358 2940 5412 Romanos.
2995 5352 3055 5386 ²⁰¹
3122 5349 3320 5413 donec,
3385 5348 3451 5380 ²ί²
3508 5347 3646 5397 San-
3715 5343 3724 5348 ’

1981 5434 2270 5508 imagines.
2316 5431 2386 5465 ²⁰⁶
2414 5431 2627 5484 honore
2652 5435 2988 5482 sanctorum.

1911 5561 2128 5618 NOT/E.

408 5674 547 5742 {189;
577 5675 737 5728 Deest
779 5673 969 5727 titulus
1000 5671 1054 5724 in
1077 5687 1180 5734 ms,
1209 5668 1333 5726 cod.
1371 5664 1930 5737 [minemine-tamen.
1954 5661 2153 5736 legam
2183 5659 2406 5722 Paulus,
