4002 6124
1234 236 1599 295 FLODOARDI
1639 236 1944 294 CANONICI
1987 236 2317 293 REMENSIS
2357 238 2693 294 OPUSCULA
2732 234 3041 291 METRICA.
3681 239 3767 296 ω

1963 390 2175 446 CAPUT
2223 391 2315 448 Ill.

858 492 935 550 De
960 491 1218 551 secundo
1246 490 1515 552 Adriano
1544 506 1729 569 papa,
1758 498 1809 549 et
1843 491 2170 551 Hincmaro
2194 490 2450 566 prwsule
2478 497 2703 561 nostra,
2740 486 2952 548 Carolo
2982 505 3219 564 quoque
3247 504 3399 563 rege.

544 627 680 682 Hinc
707 642 860 682 sacra
876 626 1180 681 succedunt
1204 625 1426 680 Adriani
1458 625 1582 695 jura
1602 626 1851 681 secundi.

470 722 568 788 Qui
599 723 724 794 pius
744 738 808 778 ac
837 722 1084 793 placidus
1113 721 1387 786 laudatur,
1417 728 1472 775 et
1493 722 1688 776 ordine
1718 721 1917 787 clarus,

471 814 816 885 Pauperibus
853 815 1058 888 largus,
1097 814 1469 885 locupletibus
1497 821 1659 885 atque
1691 813 2007 884 benignus;

472 904 741 959 Omnibus
767 910 821 959 et
858 905 1096 971 medius,
1128 905 1262 958 nulli
1304 904 1407 959 nisi
1439 906 1638 960 charus
1668 905 1973 959 habendus.

472 997 822 1069 Compatiens
847 997 1045 1068 passis,
1080 998 1354 1068 patientes
1382 997 1634 1067 improba
1662 1012 1906 1061 servans,

474 1088 874 1159 Passorumque
904 1086 1089 1142 ferens
1117 1103 1300 1153 causa,
1333 1088 1635 1162 longinqua
1666 1093 1910 1159 pererrat

2107 630 2159 697 Α
2188 624 2247 677 Ει
2281 623 2574 678 rationales
2600 638 2699 694 per
2727 636 2889 695 agros
2919 621 3010 692 pia
3035 620 3250 675 semina
3278 636 3581 695 spargens:

2213 716 2408 787 Utpote
2438 716 2807 786 doctiloquus,
2840 715 3104 785 prudens,
3133 729 3413 785 sensuque
3449 714 3680 785 peritus,

2184 807 2489 863 Sollicitum
2520 807 2612 878 qui
2641 823 2702 861 se
2728 806 2992 879 gregibus
3019 807 3298 876 przebebat
3335 805 3568 860 alendis.

2258 896 2373 961 Quo
2413 896 2665 950 Patribus
2687 896 2880 963 juncto
2908 895 3085 950 solers
3108 895 3258 949 subit
3288 896 3395 948 alta
3416 894 3663 949 Marinus

2191 985 2474 1058 Regmina,
2525 984 2617 1055 qui
2671 984 2902 1055 placitus
2934 984 3163 1039 Domino
3210 991 3263 1037 et
3302 984 3472 1037 decus
3515 983 3669 1038 orbis
3704 984 3776 1036 ha-

3533 1076 3719 1147 [belua

476 1175 705 1247 Scriptis
742 1190 932 1250 regna,
989 1191 1224 1231 monens
1273 1175 1501 1251 rigidos,
1558 1192 1819 1248 reparans
1866 1191 2086 1247 quoque

1781 1264 2017 1335 [fractos,

474 1355 813 1427 Justitiazque
842 1355 985 1411 viam
1010 1356 1162 1424 justo
1194 1354 1574 1410 moderamine
1606 1356 1875 1425 pandens,

478 1448 656 1519 thue
684 1448 868 1502 Patres
897 1447 1085 1518 superi
1115 1448 1184 1482 ²⁹⁶
1216 1447 1378 1520 Regis
1408 1446 1690 1517 fastusque
1721 1456 1956 1502 coercet.

478 1541 552 1595 Ac
575 1538 806 1594 maculis
835 1554 1070 1612 purgare
1093 1538 1265 1611 nigris
1294 1538 1479 1611 regale
1510 1540 1575 1573 ²⁹⁷
1608 1538 1816 1594 laborat

481 1632 632 1687 Nunc
661 1632 871 1686 monitu
898 1631 1123 1698 blando,
1166 1646 1317 1685 nunc
1344 1630 1640 1701 asperitate
1670 1630 1875 1685 cubile.

553 1724 696 1795 (195)
732 1721 1049 1778 Pontificem
1091 1723 1137 1777 is
1170 1729 1417 1776 nostrum
1457 1722 1625 1775 sumit
1679 1737 1978 1795 regemque
2007 1737 2100 1777 so-

1833 1808 2028 1880 {dales,

488 1902 835 1957 Hincmarum
880 1908 936 1955 et
970 1899 1254 1966 Carolum;
1288 1900 1584 1971 sociosque
1617 1900 1823 1955 laboris
1853 1900 2097 1971 adOptat.

486 1993 822 2062 Sceptraque
849 1991 929 2046 sic
967 1991 1169 2062 pariter
1199 1992 1360 2046 tutari
1389 2007 1420 2045 a
1441 1991 1671 2046 crimine
1698 1998 1887 2047 certat.

489 2083 549 2136 ln
577 2082 762 2137 multis
788 2081 951 2135 etiam
980 2081 1170 2136 divina
1198 2082 1318 2156 lege
1346 2081 1605 2155 regendis

2192 1168 2449 1243 Augustis
2479 1169 2701 1235 Charus,
2729 1168 3057 1238 populorum
3087 1168 3289 1242 dignus
3318 1175 3565 1232 amator;

2192 1261 2466 1317 Doctrinis
2487 1261 2751 1326 renitens,
2773 1261 2942 1315 sacris
2968 1267 3023 1314 et
3050 1262 3264 1315 semina
3289 1261 3415 1315 diva

2193 1352 2463 1407 Cordibus
2492 1350 2792 1404 infundens
2813 1350 3097 1405 hominum
3125 1368 3227 1421 per
3246 1351 3461 1406 climata
3499 1350 3706 1405 mundi.

2194 1444 2324 1497 Nam
2350 1444 2539 1498 Graios
2559 1458 2850 1513 superans,
2883 1443 3057 1513 pulsis
3086 1442 3389 1510 erroribus,
3429 1459 3594 1497 unam

2194 1532 2452 1586 Reddidit
2486 1531 2805 1597 Ecclesiam,
2830 1532 3172 1603 scissumque
3201 1533 3385 1607 coegit
3408 1532 3572 1588 ovile.

2274 1627 2375 1695 (13)
2419 1624 2738 1681 Pontiﬁcem
2794 1633 3041 1682 nostrum
3098 1627 3389 1683 Folconem
3444 1628 3533 1684 hie
3572 1628 3784 1683 fascibus

3497 1717 3728 1789 [ornans,

2204 1805 2431 1859 Instruit
2459 1820 2575 1872 ore,
2614 1822 2779 1860 manu
2809 1808 3043 1878 pastoris
3068 1812 3286 1864 comere
3312 1810 3456 1878 jura,

2201 1900 2547 1971 iustitiaeque
2587 1901 2707 1969 ejus
2748 1904 3059 1976 eongaudet
3083 1913 3371 1976 promptus
3410 1905 3602 1961 amori.

2206 1990 2377 2061 Inque
2401 1989 2703 2045 refutandis
2733 1988 3280 2065 praastans'suﬂragia
3306 1993 3509 2065 pravis,

2205 2085 2329 2139 Fert
2368 2101 2428 2139 se
2459 2085 2785 2153 adjutorcm,
2827 2088 3055 2141 multam
3087 2088 3394 2143 minitando
3424 2088 3679 2159 superbis

493 2180 628 2234 Hinc
662 2189 906 2235 nostrum
950 2180 1165 2236 Patrem
1198 2181 1306 2235 sibi
1347 2180 1566 2236 fratrem
1597 2179 1855 2236 adsciscit
1884 2180 2098 2253 agonis.
2128 2151 2178 2218 Β
2208 2178 2361 2233 Hunc
2413 2176 2634 2233 fratrem
2701 2180 2851 2233 velut
2914 2180 3273 2250 amplectens,
3340 2180 3691 2235 incommoda
3729 2194 3794 2231 re—

493 2339 566 2391 De
590 2338 797 2391 Joanne
814 2350 966 2406 papa
997 2336 1125 2391 VIII
1152 2340 1202 2390 et
1230 2337 1441 2390 Mam’no
1469 2335 1585 2405 ejus
1614 2351 1912 2391 successore
1942 2334 2104 2402 (196).

565 2468 674 2525 lloc
699 2476 854 2540 rapto
885 2467 1033 2540 capit
1058 2475 1283 2525 octavus
1311 2477 1597 2543 segmenta
1624 2470 1867 2525 Joannes

495 2558 761 2615 Culminis
790 2559 1000 2626 eximii,
1033 2559 1242 2631 quique
1268 2557 1543 2614 effulsisse
1569 2558 1749 2613 beatis

498 2651 739 2707 Moribus
764 2651 1084 2718 adstruitur,
1117 2650 1370 2706 doctrina
1398 2655 1624 2706 ornatus
1645 2649 1869 2703 etactis.

495 2739 696 2795 Judicii
729 2748 933 2806 custos,
961 2738 1096 2795 recti
1136 2738 1354 2810 pietatis
1383 2744 1610 2817 amator.

502 2832 575 2886 De
603 2830 797 2887 Christi
823 2837 1014 2908 segete
1044 2830 1239 2886 crebro
1267 2830 1477 2886 zizania
1503 2830 1737 2902 pellens,

3467 2269 3636 2340 [velet
3665 2268 3738 2334 ”’,

2211 2357 2390 2428 thue
2414 2356 2575 2412 fidem
2599 2364 2785 2413 monet
2807 2359 3083 2424 exhibeat,
3114 2358 3428 2431 scriptoque
3460 2359 3664 2414 revelet

2212 2449 2383 2516 Hujus
2407 2455 2464 2503 et
2480 2449 2548 2502 ad
2570 2456 2762 2503 nutum
2782 2450 3033 2505 Patribus
3051 2451 3309 2505 mandata
3338 2451 3649 2522 resignans,

2211 2537 2602 2608 Contemptore
2632 2553 2800 2607 super
2824 2538 2982 2606 jubet
3006 2554 3260 2594 exercere
3290 2540 3564 2614 vigorem;

2213 2631 2274 2685 Et
2295 2629 2433 2699 parti
2457 2629 2617 2684 istius
2648 2629 2905 2701 precibus
2936 2647 2996 2685 se
3022 2631 3223 2687 dedere
3255 2648 3472 2697 curans,

2215 2719 2542 2773 Francorum
2572 2735 2758 2793 regem
2780 2718 3033 2775 aﬂectum
3062 2720 3298 2775 retinere
3329 2729 3619 2792 paternum

2219 2810 2494 2875 Hortatur,
2511 2809 2699 2864 solans
2724 2810 2974 2883 votisque
2998 2811 3283 2881 juvamina
3314 2812 3589 2884 praebens.

1984 2932 2195 2988 CAPUT
2245 2933 2328 2989 IV.

622 3039 700 3099 De
728 3040 901 3099 tertio
936 3038 1205 3098 Adriano
1240 3055 1420 3115 papa,
1453 3046 1506 3095 et
1537 3036 1798 3096 Fulcone
1824 3043 2027 3095 nostra
2052 3015 2311 3112 przesule’
2337 3033 2515 3095 σαν-ιο
2545 3052 2781 3112 quoque
2809 3036 3095 3113 Augusto,
3132 3046 3185 3097 et
3213 3038 3285 3097 de
3312 3038 3613 3116 Stephano
3650 3040 3699 3096 V.

574 3175 685 3244 (14)
707 3173 924 3228 Tertius
950 3174 1184 3229 emissos
1202 3173 1472 3229 Adrianus
1500 3174 1708 3228 honore
1734 3180 1977 3240 secutus,

506 3267 740 3323 Prmsule
762 3265 876 3334 jam
898 3265 1044 3320 dicto
1073 3265 1309 3321 Folcone
1329 3264 1587 3320 studente
1618 3270 1840 3334 paratur

506 3358 764 3414 Remensi
796 3357 955 3413 Pater
985 3356 1259 3426 Ecclesiie,
1291 3364 1494 3414 tutator
1521 3366 1576 3413 et
1604 3358 1763 3413 altor.

504 3449 635 3503 Jura
662 3447 768 3503 sibi
798 3447 1015 3504 decoris
1047 3446 1269 3503 ﬁrmans
1283 3455 1343 3503 ut
1373 3447 1569 3503 robore
1592 3447 1726 3518 apti,

508 3537 571 3593 ει
596 3544 788 3593 contra
815 3536 1075 3593 adversos
1110 3536 1304 3592 solatia
1341 3536 1527 3590 debita
1567 3542 1804 3606 praestet,

508 3626 873 3698 Nostrumque
901 3624 1101 3681 affectu
1124 3641 1308 3700 regem
1336 3624 1604 3699 genitoris
1628 3625 1870 3695 adoptet.

510 3719 840 3776 Praesulibus
871 3726 1079 3790 patrem
1108 3718 1358 3789 pandens
1381 3733 1439 3772 se
1462 3718 1564 3772 rite
1596 3716 1924 3789 benignum.

2225 3172 2479 3227 Remensi
2515 3171 2774 3228 Ecclesia:
2806 3174 3050 3229 Romana
3079 3177 3321 3246 praestita
3348 3178 3484 3232 sede

2224 3264 2679 3340 lntemeratajugi
2711 3274 2999 3321 serventur
3030 3268 3257 3333 honore,
3283 3277 3564 3339 precatur:

2150 3375 2200 3445 ρ
2224 3356 2417 3427 Utpote
2437 3358 2578 3427 juris
2605 3358 2891 3429 apostolici
2920 3367 3117 3414 cuncta
3143 3359 3315 3428 fideli,

2223 3447 2391 3512 Quam
2431 3453 2639 3501 certare
2666 3446 2772 3501 sibi
2813 3455 3001 3503 contra
3030 3449 3218 3503 omnia
3256 3449 3421 3504 livida
3450 3452 3623 3519 norit;

2220 3537 2435 3591 Tradita
2467 3538 2826 3609 pauperibus,
2857 3539 3136 3611 sacrisque
3167 3541 3387 3597 addicta
3412 3542 3687 3603 ministris.

2224 3628 2330 3682 Sed
2374 3644 2633 3698 perversa
2671 3628 2804 3684 feris
2834 3630 3048 3702 direpta
3082 3630 3391 3687 furentibus
3421 3635 3584 3700 ursis,

2224 3720 2453 3787 Adjuvet
2480 3721 2650 3776 allisis
2675 3721 2912 3776 evellere
2946 3722 3200 3779 faucibus
3220 3725 3371 3780 atris.

582 3816 698 3881 Quo
725 3816 834 3870 cito
873 3820 1167 3887 prarepto,
1199 3814 1514 3886 Stephanus
1540 3813 1609 3868 de
1640 3812 1864 3868 nomine
1895 3810 2124 3883 quintus
2225 3812 2772 3887 Adgandetsummus
2794 3815 3087 3887 redditque
3120 3817 3394 3872 levamina
3413 3819 3629 3890 praesul,

511 3906 770 3962 Fascibus
789 3904 1041 3961 evehitur
1064 3904 1314 3971 summis,
1347 3903 1440 3974 qui
1464 3909 1944 3974 praememoratum

513 3999 832 4057 Pontificem
865 4005 1111 4054 nostrum
1137 3996 1355 4067 scriptis
1388 3995 1619 4051 solando
1646 3993 1912 4065 paternis,

515 4089 670 4145 Hunc
695 4088 922 4161 dignum
954 4084 1153 4151 fratris,
1186 4084 1334 4138 hunc
1364 4082 1590 4138 nomine
1620 4088 1811 4136 censet
1838 4078 2000 4134 amici

515 4185 583 4239 Se
614 4188 927 4254 promptum
960 4177 1176 4234 firmare
1208 4179 1277 4232 ab
1306 4193 1373 4233 eo
1404 4193 1526 4248 quae
1558 4176 1660 4230 rite
1692 4181 1967 4247 petantur.

521 4276 615 4331 llle
630 4276 811 4330 tamen
838 4288 1055 4327 servum
1086 4269 1269 4341 potius
1297 4284 1359 4323 se
1396 4267 1638 4323 destinat
1669 4267 1861 4334 imum,

518 4363 837 4434 Attollitque
874 4362 1112 4427 Patrem,
1153 4358 1483 4437 Dominiq’ue
1528 4358 1800 4429 impendit
1838 4359 2106 4415 honorem

520 4454 871 4522 Exoransque
892 4458 1177 4522 rogatores
1197 4464 1296 4521 pro
1326 4448 1584 4505 culminis
1611 4450 1731 4519 ejus

522 4545 859 4603 Redditluce
884 4545 1043 4615 alios,
1074 4560 1137 4601 ac
1166 4543 1358 4621 ﬂagrat
1389 4545 1541 4601 adire
1570 4545 1871 4603 videndum
1897 4565 1911 4601 ι

520 4635 826 4693 Barbaricas
853 4634 1161 4707 impediant
1184 4634 1333 4690 acies
1364 4635 1467 4691 nisi
1494 4641 1620 4691 vota
1640 4636 1835 4708 parati.

522 4731 700 4803 Ipsius
726 4746 858 4807 ergo
878 4746 1103 4803 precum
1132 4730 1311 4802 poscit
1338 4728 1647 4785 munimine
1678 4745 1911 4804 regnum

518 4822 647 4877 Tam
675 4821 847 4878 crudo
867 4819 1063 4876 redimi
1091 4835 1248 4875 saeva),
1270 4818 1590 4874 discrimine
1618 4817 1808 4889 pestis.

517 4913 587 4970 Se
611 4928 835 4985 quoque
862 4910 1051 4967 conari
1082 4917 1195 4965 tota
1221 4910 1422 4985 virtute
1453 4909 1613 4964 reniti

520 4981 648 5071 Ejus
670 4981 975 5073 apostolico
1001 4981 1357 5055 tendentibus
1385 5005 1501 5052 atra
1530 4997 1714 5053 nitori.

520 5090 650 5155 Quae
675 5087 1091 5162 consanguineo
1113 5086 1353 5160 magnati
1393 5086 1705 5158 impendier
1731 5087 1885 5142 audit

520 5179 742 5237 Widoni
766 5196 782 5247 ;
810 5179 915 5235 sibi
954 5194 1058 5235 ceu
1088 5178 1291 5234 fuerint
1324 5178 1595 5251 impensa,
1634 5178 1896 5249 capessit.

2227 3906 2409 3977 Seque
2442 3906 2637 3977 probat
2670 3907 2851 3962 fratris
2891 3909 3148 3965 devotum
3181 3911 3236 3965 in
3262 3911 3386 3981 jure
3419 3930 3658 3969 manere:

2231 3993 2385 4049 Hunc
2412 3994 2577 4049 etiam
2605 4001 2658 4050 et
2685 4004 2867 4051 natum
2891 3998 2993 4051 sub
3027 3999 3193 4069 patris
3219 4016 3405 4055 amore
3427 4000 3628 4066 fovere,

2231 4084 2398 4139 Noxia
2419 4102 2541 4157 quae
2575 4086 2777 4156 patitur
2801 4103 2900 4143 ceu
2932 4091 3155 4160 propria
3184 4090 3351 4164 ﬂagra
3382 4093 3586 4159 dolere,

2230 4178 2585 4250 Assiduisque
2616 4180 2736 4249 ejus
2768 4183 3030 4251 precibus
3060 4199 3159 4254 pro
3189 4201 3321 4255 pace
3347 4201 3560 4260 rogare,

2229 4272 2403 4344 Atque
2434 4274 2605 4343 petita
2632 4275 2796 4330 modo
2828 4276 2912 4330 vel
2949 4286 3196 4347 tempore
3226 4278 3427 4332 cedere
3459 4279 3639 4353 digno,

2233 4359 2565 4415 Prassulibus
2596 4379 2823 4432 pervasa
2847 4363 3007 4432 jubet
3033 4380 3144 4436 quo
3178 4366 3412 4421 reddere
3440 4373 3633 4440 COgant

2235 4451 2558 4521 Raptorem;
2590 4453 2778 4520 sacris,
2810 4454 3011 4509 referat
3041 4456 3148 4511 nisi
3187 4464 3360 4527 rapta,
3396 4459 3671 4528 repellant.

2305 4540 2545 4610 Augusto
2574 4540 2823 4596 scribens
2848 4542 3062 4609 Carolo,
3096 4546 3372 4615 praeconia
3404 4544 3609 4601 Christo

2241 4627 2652 4700 lnduperatoris
2672 4646 2772 4702 pro
2803 4640 2993 4688 sancto
3021 4634 3203 4688 reddit
3241 4650 3449 4690 amore.

2156 4698 2215 4767 D
2240 4719 2355 4785 Quo
2386 4698 2624 4794 ﬂagrans
2648 4698 2862 4778 sublata
2893 4724 2987 4778 diu
3020 4725 3349 4796 patrimonia
3372 4735 3573 4782 nostra:

2237 4811 2571 4869 Reddiderat
2590 4823 2793 4871 sancte
2823 4833 3036 4873 summo
3059 4819 3163 4873 sub
3192 4819 3419 4874 nomine
3449 4820 3604 4885 sedi;

2233 4900 2309 4955 Ac
2344 4908 2535 4957 monet
2562 4911 2620 4957 ut
2649 4909 2874 4979 peragat
2906 4905 3054 4977 quod
3102 4906 3284 4961 adhuc
3310 4907 3441 4962 hinc
3474 4903 3653 4966 [restat
3678 4921 3819 4977 agen-

3607 4998 3762 5072 (dum.

2235 5084 2462 5142 Sumere
2487 5087 2730 5159 perfecte
2764 5097 2929 5160 queat
2953 5098 3012 5145 ut
3043 5092 3317 5147 mercedis
3349 5093 3636 5149 honorem.

2241 5176 2460 5236 Folconi
2494 5196 2716 5252 quoque
2745 5181 3083 5255 gratiﬁcans,
3110 5183 3382 5240 solamina
3406 5182 3619 5240 confert

1611 5330 1878 5387 GLOSSE
1905 5331 2329 5389 MARGINALES
2359 5331 2769 5387 ΜΑΒιιιοΝιι.

593 5438 666 5476 ’κ
686 5444 1088 5494 antecessores.
1176 5435 1244 5471 ³⁸⁷
1271 5436 1533 5492 Lotharii.
1612 5435 1681 5472 ’9'
1708 5439 1755 5505 f.
1787 5437 1973 5494 vellat.

2085 5539 2295 5598 ΝΟΤᾸΞ.

594 5639 738 5709 (195)
778 5639 931 5695 Flod.
962 5638 1177 5709 librm,
1217 5655 1264 5702 c,
1294 5637 1382 5693 20.

595 5642 720 5709 (195
778 5642 931 5695 Flod.
962 5642 1060 5693 lib.
1095 5655 1177 5707 ιιι,
1217 5655 1264 5702 c,
1294 5642 1382 5693 20.

595 5642 741 5784 (19σῖ
780 5711 946 5768 Deest
968 5708 1159 5767 titulus
1183 5709 1241 5768 in
1278 5709 1494 5769 codice.

2310 5639 2422 5707 (13)
2462 5640 2745 5697 Flod.‘lib.
2780 5661 2851 5711 ιν,
2880 5661 2928 5699 e.
2963 5648 3009 5701 1.

2311 5712 2421 5785 (14)
2459 5714 2611 5770 idem
2636 5713 2775 5771 ibid.
