4002 6124
278 225 389 282 825
898 229 981 284 ne
1019 229 1280 287 cums'rr
1318 233 1678 292 TRIUMPHIS
1719 212 1890 295 APUD
1932 241 2194 296 manu
2236 241 2412 295 unm
2451 239 2575 295 xw.
2616 270 2685 279 —
2724 236 2849 293 uc.
2890 237 3004 291 xu.
3514 230 3621 288 826

279 358 607 430 Aﬂ'ectuque
645 365 833 414 monet
859 362 1056 431 coaptis
1082 362 1331 419 insistere
1357 367 1502 421 votis
1929 374 1979 442 Α
2007 371 2209 427 Ρηεευῐ
2241 371 2573 443 apostolicus
2598 370 2758 438 hujus
2796 383 3017 440 quoque
3044 364 3294 438 regmina
3325 362 3552 417 firmans

280 448 422 519 Erga
447 448 747 503 Romanam
779 450 978 504 summi
1018 452 1414 509 moderaminis
1441 472 1645 511 arcem.
2007 462 2247 517 Roborat
2276 460 2532 516 Ecclesiae
2555 475 2677 531 quae
2709 464 2837 512 sunt
2859 458 2983 512 data
3009 470 3238 511 munera
3270 459 3495 517 nostrae,

281 535 625 608 Conquesm
651 553 711 590 se
740 536 967 610 indigna
996 540 1129 609 Pali,
1160 539 1420 615 suffragia
1452 544 1626 617 legat:
2003 551 2129 605 Jura
2157 551 2509 621 antiquorum
2534 564 2820 619 procerum
2853 561 3115 602 concessa
3145 543 3346 598 nitore.

278 628 450 683 Istius
474 628 541 681 ad
583 628 757 683 Patris
785 630 1119 703 mandatque
1147 631 1432 701 juvamina
1462 634 1613 689 ferri.
2003 640 2171 693 Nemo
2204 640 2397 693 horum
2425 638 2725 709 quidquam
2748 635 3006 689 minuens
3035 639 3263 703 usurpet
3292 630 3505 701 inique,

278 717 373 773 Sic
399 720 819 792 peregrinantes
856 721 960 775 sub
990 737 1179 777 amore
1207 731 1262 777 et
1292 726 1514 778 nomine
1549 726 1687 780 Petri
2004 730 2114 784 Nec
2139 731 2336 801 praesul
2369 729 2548 795 detur,
2584 743 2855 782 canonum
2885 725 2988 779 nisi
3020 724 3143 797 lege
3176 729 3411 793 petatur.

278 808 559 880 Suscrpiat
580 811 737 881 petit,
769 827 832 866 ac
860 811 1061 879 foveat,
1092 822 1331 879 tueatur,
1363 816 1615 871 honoret.
2005 823 2129 877 Rrec
2157 822 2202 875 si
2244 822 2367 892 quis
2389 821 2577 886 violet,
2619 820 2773 873 nisus
2812 826 3080 873 temerare
3109 819 3329 871 statuta.

277 894 421 951 Pace
451 897 722 953 laboranti
756 900 924 954 totius
953 911 1009 953 et
1045 902 1238 956 ordine
1269 902 1426 974 regni
2005 912 2146 966 Sede
2185 911 2329 965 Petri
2369 910 2535 984 digne
2563 909 2734 961 multa
2765 906 3004 960 dictante
3036 910 3332 974 prematur.

280 990 472 1044 Grates
499 989 629 1044 inde
661 990 847 1057 refert,
889 1002 1210 1064 crescatque
1232 995 1482 1049 hortatur
1510 1001 1569 1049 ut
1599 995 1827 1050 instans.
2005 999 2159 1054 Edita
2187 1013 2541 1060 conservans,
2576 994 2828 1050 benedici
2864 998 3261 1063 promereatur.

355 1080 515 1135 Urbis
545 1082 862 1155 Lingonicaa
893 1093 1121 1154 questus
1142 1085 1362 1159 delegat
1391 1087 1593 1152 eidem,
2077 1091 2219 1162 (198)
2248 1088 2501 1146 Pontiﬁci
2544 1090 2673 1143 huic
2711 1096 2897 1143 nostro
2936 1084 3208 1156 synodum
3266 1080 3487 1154 delegat
3519 1081 3620 1132 hac

280 1172 483 1227 Contra
503 1183 628 1227 vota
658 1174 832 1244 premi
863 1182 1142 1244 pastorum
1173 1177 1415 1231 culmine
1444 1178 1687 1248 plebem,
3290 1168 3545 1240 [bendam

279 1261 393 1316 Nec
416 1260 584 1334 digno
604 1261 905 1331 impetrare
926 1261 1138 1317 Patrem
1170 1265 1455 1319 molimine
1485 1266 1720 1320 lectum:
2004 1266 2136 1322 Cum
2170 1269 2554 1323 nonnullarum
2588 1267 2873 1339 regionum
2903 1263 3174 1329 Patribus,
3205 1267 3370 1330 atque

278 1350 533 1406 Pontifici
570 1353 925 1426 Lugdunensi
954 1355 1212 1409 mandata
1242 1356 1463 1411 dedisse
2002 1367 2151 1420 [nter
2179 1366 2494 1438 Agrippinae
2525 1374 2676 1421 unus
2708 1364 3141 1430 Rhenensesque
3167 1362 3431 1427 patronos

277 1441 628 1517 Signiﬁcans,
662 1459 821 1514 aequo
842 1452 1085 1514 optatum
1115 1454 1355 1501 sacraret
1385 1449 1614 1504 honore.
2001 1458 2204 1512 Audire
2232 1458 2530 1529 zequandas
2548 1459 2696 1524 justo
2726 1452 3105 1509 moderamine
3138 1460 3351 1503 causas.

279 1534 400 1599 Quo
422 1544 688 1590 renuente
718 1537 927 1609 diuque
958 1539 1195 1593 instante
1228 1540 1416 1596 labore
1447 1542 1697 1596 vacantis
2004 1546 2295 1603 Postmodo
2322 1548 2367 1601 si
2398 1547 2596 1611 valeat,
2631 1557 2872 1615 praesens
2892 1539 3135 1603 accedat,
3168 1542 3222 1590 et
3251 1535 3356 1589 ista

2005 1633 2135 1688 Cum
2166 1636 2349 1689 multis
2378 1636 2502 1688 aliis
2532 1634 2734 1704 pariter
2762 1635 3056 1701 pertractet
3080 1624 3331 1696 agendis.

2004 1723 2155 1777 Hunc
2185 1724 2430 1795 reliquos
2454 1739 2675 1795 quoque
2698 1720 2971 1775 Gallorum
3002 1715 3228 1789 vestigia
3259 1712 3477 1766 Patrum

278 1626 561 1690 Ecclesiae,
590 1643 650 1682 se
677 1629 998 1698 praelectum
1026 1646 1269 1685 sacrasse
1302 1633 1539 1702 petenti.

279 1715 546 1779 Quocirca
578 1731 900 1786 properans,
934 1734 1055 1788 quae
1085 1717 1285 1773 desunt
1317 1721 1543 1790 impleat
1573 1721 1720 1786 urbi,

1925 1677 1974 1744 ll

279 1804 549 1877 Regmina
577 1803 840 1874 prmﬁciat
868 1807 1093 1860 rectoris
1119 1808 1223 1861 rite
1254 1808 1439 1872 dicati,
2006 1812 2148 1867 Urbe
2180 1812 2484 1885 Biturgcusi
2509 1826 2681 1881 super
2703 1808 2960 1862 admonet
2992 1804 3244 1875 improba
3264 1799 3394 1854 ferri

279 1894 724 1967 Praesulibusque
752 1897 873 1951 aliis
911 1915 1069 1968 papae
1100 1900 1322 1955 decreta
1351 1903 1575 1955 revelet.
1999 1903 2128 1958 Jura
2159 1911 2430 1972 querente
2469 1901 2597 1965 sibi,
2630 1899 2715 1953 cui
2758 1896 3089 1952 condoleant
3116 1892 3473 1947 miserantes:

280 1988 379 2043 llle
408 1996 630 2060 paratus
667 1992 734 2045 ad
777 1992 912 2058 haec,
948 1993 1198 2048 Patribus
1231 2003 1503 2066 praecepta
1532 1999 1751 2054 retexit.
2004 1992 2368 2062 lncrepitans,
2397 2006 2498 2045 cur
2526 2004 2634 2044 non
2663 1996 2911 2043 reserent
2934 1991 3266 2056 praesumpta
3296 1979 3547 2039 silentes,

278 2078 416 2153 Regi
442 2080 596 2143 jussa
618 2087 789 2146 notat,
820 2097 930 2151 quo
960 2098 1017 2134 se
1048 2084 1383 2152 prohibente
1412 2091 1654 2139 moratur
2003 2085 2101 2149 Qui
2133 2099 2194 2138 se
2226 2098 2323 2153 pro
2354 2097 2510 2136 muro
2544 2079 2759 2134 infestis
2787 2091 3068 2149 opponere
3107 2073 3335 2127 debent.
3455 2080 3458 2083 '

278 2166 416 2232 Rex,
448 2167 625 2222 donec
649 2168 872 2223 Romam
905 2171 1104 2235 mittat,
1138 2179 1453 2244 certamque
1485 2184 1724 2231 resumat
1999 2177 2235 2233 Justitize
2263 2176 2381 2230 zelo
2408 2175 2667 2246 quocirca
2691 2181 2995 2231 armentur,
3028 2181 3262 2240 agonem

277 2260 564 2326 Notitiam,
592 2272 712 2330 post
739 2279 798 2317 se
828 2263 979 2317 nulla
1010 2266 1222 2320 ratione
1251 2267 1614 2336 premendum
2002 2270 2258 2343 Aggressi
2300 2266 2515 2322 Domini
2544 2267 2612 2319 ad
2654 2260 3045 2335 prepriamque
3091 2256 3274 2310 redire
3304 2248 3620 2307 cathedram

276 2352 404 2407 Fert
435 2353 607 2421 jussis
643 2354 713 2407 ab
743 2355 1081 2425 apostolicis,
1112 2374 1293 2429 neque
1316 2359 1550 2414 tormine
1582 2362 1791 2416 mortis.
2006 2360 2345 2431 Compellant
2371 2363 2846 2429 prmsumptorem,
2870 2347 3148 2405 miseratio
3181 2359 3337 2415 papa:

351 2443 621 2500 Praeterea
652 2447 841 2517 patriis
869 2448 1047 2518 poscit
1078 2465 1137 2504 se
1162 2452 1285 2518 jure
1324 2451 1513 2507 doceri
2004 2454 2173 2519 Quam
2205 2452 2352 2508 cedit
2381 2452 2644 2506 duntaxat
2672 2447 2758 2500 ci:
2792 2446 2837 2499 si
2865 2440 3170 2512 tempscrit,
3204 2436 3356 2492 omni

274 2535 656 2609 Degmatibus,
688 2543 844 2610 papae
879 2539 1044 2614 digne
1083 2548 1142 2596 ut
1168 2557 1323 2597 sacra
1361 2543 1601 2600 culmina
1629 2553 1828 2601 servet.
2004 2544 2293 2599 Sacrorum
2321 2547 2595 2597 exsortem
2616 2538 2839 2609 penitus
2862 2550 2923 2589 se
2949 2532 3097 2587 norit
3125 2530 3351 2584 honore.

1796 2694 2006 2750 CAPUT
2048 2695 2105 2747 V.

621 2816 696 2875 De
723 2816 1024 2894 Stephano
1059 2828 1111 2877 et
1147 2821 1442 2893 Formosa,
1480 2823 1879 2882 translatione
1907 2839 2143 2899 quoque
2168 2820 2366 2880 sancti
2397 2818 2614 2879 Calisti
2646 2818 2724 2875 ad
2752 2825 3016 2875 nostram
3052 2815 3277 2871 urbem.

347 2969 495 3040 (197:
529 2970 818 3027 Formosus
860 2972 1200 3045 Stephanum
1257 2976 1539 3047 sequitur;
1597 2977 1685 3031 cui
1718 2992 1901 3049 gram-
1924 2980 1974 3048 ί]
2001 2974 2277 3042 Subjectis
2313 2987 2536 3044 quoque
2567 2968 2896 3041 prtesulibus
2924 2966 3019 3038 qui
3069 2963 3320 3019 indebita
3367 2969 3619 3032 pOscant,

1451 3065 1616 3137 [mata
1643 3074 1830 3120 noster
2001 3068 2076 3122 Ne
2105 3065 2331 3137 indigna
2354 3063 2549 3127 faveat,
2580 3062 2797 3126 suadet,
2828 3059 2931 3113 sub
2962 3057 3177 3112 tramite
3207 3055 3375 3127 pacis.

278 3151 478 3226 Dirigit
501 3152 790 3222 expositus
808 3168 974 3223 supra
1003 3171 1168 3226 quam
1202 3172 1349 3226 saepe
1378 3157 1658 3220 sacerdos,
2004 3157 2100 3212 Ille
2132 3156 2386 3227 rependit
2422 3155 2491 3208 ad
2535 3155 2671 3215 haec,
2713 3151 2974 3205 studeant
3010 3144 3387 3202 moderamina
3416 3141 3618 3197 summi

274 3244 648 3318 Gongaudens
673 3244 911 3300 subiisse
933 3246 1081 3301 vices
1112 3247 1260 3302 hunc
1288 3248 1535 3320 regmine
1557 3248 1720 3302 Petri.
2006 3245 2250 3299 Rectoris
2278 3244 2483 3314 pariter
2510 3241 2692 3296 verbis
2717 3239 2968 3295 attollere
2996 3245 3051 3290 et
3079 3235 3238 3301 actis,

273 3332 383 3386 llas
411 3347 669 3387 sermone
697 3334 858 3387 simul
891 3336 1151 3405 supplere
1180 3337 1444 3390 decenter
1475 3346 1528 3390 et
1556 3344 1676 3391 actu
2001 3335 2161 3389 Juxta
2190 3335 2338 3406 quod
2369 3334 2566 3389 collata
2594 3331 2700 3385 sibi
2732 3330 2837 3385 fert
2855 3329 3029 3402 gratia
3049 3327 3247 3398 cuique
3281 3342 3295 3377 :

273 3420 379 3485 Qui
422 3423 626 3486 valeat,
658 3421 843 3476 solans
873 3423 1036 3477 vehat
1063 3424 1131 3476 ad
1174 3424 1387 3494 potiora
1416 3425 1755 3478 cathedram.
2003 3430 2077 3483 Ne
2098 3429 2254 3483 vacui
2288 3427 2393 3482 sub
2432 3444 2496 3481 ea
2517 3426 2661 3480 servi
2697 3424 2991 3494 culpentur
3020 3421 3233 3475 haberi.

273 3511 693 3582 Propitiumquc
724 3510 893 3567 Deum
921 3513 1178 3567 Ecclesia}
1211 3520 1441 3568 testatur
1471 3515 1527 3567 in
1558 3515 1723 3582 hujus
2001 3520 2141 3584 Quin
2172 3527 2330 3590 aptos
2348 3535 2447 3589 per
2478 3534 2597 3572 eam
2630 3516 2837 3570 fructus
2857 3513 3050 3569 afferre
3070 3512 3340 3566 laborent.

273 3604 529 3658 Culminc
561 3604 875 3670 monstrari,
899 3604 1048 3675 quod
1083 3612 1190 3659 tam
1218 3613 1476 3661 tractatur
1502 3608 1757 3662 honeste.
2001 3612 2194 3666 lllicita
2223 3610 2532 3672 inhibeant,
2564 3607 2897 3677 infandaque
2926 3601 3176 3677 germina
3190 3599 3420 3662 vellant,

273 3696 415 3751 Huic
443 3712 504 3751 se
534 3696 855 3765 subjiciens,
886 3696 1179 3751 famulatus
1207 3699 1390 3752 omnis
1419 3700 1684 3754 honorem
2002 3707 2063 3760 Et
2089 3705 2302 3759 cunctis
2330 3702 2530 3757 Christi
2561 3699 2781 3754 famulis
2809 3697 3069 3771 sum-agia
3090 3698 3366 3766 praestent.

271 3789 548 3860 Spondet,
588 3796 645 3844 et
669 3796 893 3844 excusat
914 3790 1061 3860 quod
1093 3805 1219 3844 eum
1252 3806 1362 3846 non
1393 3790 1573 3846 visere
1603 3796 1823 3846 currat:
1998 3792 2166 3863 Cujus
2193 3792 2315 3862 Opis
2352 3806 2517 3844 causa
2537 3789 2690 3860 cupit
2726 3787 2891 3856 hujus
2909 3799 3138 3840 noscere
3169 3796 3379 3843 curam,

273 3883 452 3953 Atque
470 3880 637 3936 refert
654 3887 857 3954 grates,
880 3882 1027 3952 quod
1054 3882 1107 3935 in
1140 3882 1426 3937 solaminis
1451 3898 1573 3937 orsa
2000 3880 2301 3951 Deplorans
2341 3878 2568 3933 miseras
2596 3877 2781 3933 clades
2812 3876 3207 3943 hominumque
3236 3868 3475 3934 labores,

270 3972 505 4039 Miser-it,
535 3973 825 4027 insinuans
856 3972 1007 4027 illum
1039 3988 1099 4027 se
1128 3980 1318 4043 Optare
1359 3973 1684 4039 videndum,
2002 3971 2181 4027 Hostis
2209 3970 2492 4041 etantiqui
2522 3968 2798 4039 captantia
2828 3968 2969 4022 retia
2990 3963 3218 4029 fraudis,

273 4066 335 4119 Et
358 4080 422 4119 se
453 4064 627 4133 ipsius
658 4064 711 4117 in
752 4079 1040 4119 occursum
1073 4063 1221 4134 quod
1250 4064 1435 4138 signet
1464 4065 1688 4125 iturum.
2000 4063 2131 4128 Quis
2157 4080 2335 4137 genus
2360 4064 2658 4116 humanum
2683 4060 2892 4115 crudeli
2918 4057 3124 4129 pellicit
3151 4064 3291 4109 astu.

272 4151 622 4223 Proficuique
652 4151 812 4208 oﬁ'ert
840 4153 1057 4208 decoris
1074 4164 1353 4208 crementa
1385 4154 1658 4215 daturum.
2002 4154 2138 4208 Hinc
2170 4154 2430 4220 heercses,
2473 4152 2599 4206 hinc
2630 4151 2772 4206 bella
2826 4165 3079 4217 movens,
3132 4153 3189 4200 et
3222 4144 3454 4201 crimine
3480 4157 3615 4212 gau-

272 4242 404 4308 Ejus
442 4249 497 4296 et
526 4242 594 4296 ad
617 4249 806 4295 nutum
837 4240 1098 4311 Stephani
1130 4257 1251 4295 sese
1283 4242 1450 4295 eriere
1477 4243 1545 4276 ²⁹⁹
1571 4243 1805 4310 jussum.
1921 4301 1964 4311 λ
3365 4235 3544 4307 [dens,

274 4335 564 4405 Respersze
596 4333 851 4388 Ecclesia:
882 4334 1142 4404 quaesitas
1175 4334 1373 4389 robore
1402 4334 1581 4405 poscit
1916 4301 1974 4369 Β
1998 4341 2275 4414 Sanguine
2309 4339 2644 4404 fervescens,
2677 4335 3135 4394 odiorumlitibus
3155 4332 3375 4394 ardens,

272 4423 495 4487 Muniri,
528 4423 776 4490 ejusdem
812 4424 978 4477 vulsae
1020 4438 1087 4477 ne
1118 4422 1339 4493 quando
1376 4423 1588 4492 rapinis

1996 4432 2171 4503 Atque
2192 4431 2492 4485 Orientales
2524 4431 2829 4484 haereseum
2858 4428 3155 4482 schismate
3186 4438 3467 4494 rumpens.

272 4513 575 4567 Demantur
601 4511 794 4577 sacris,
827 4510 1003 4565 avidis
1042 4511 1399 4582 praedonibus
1428 4518 1580 4567 actae.

1998 4522 2151 4577 Unde
2181 4523 2499 4577 sacerdotes
2528 4522 2815 4576 suadendo
2842 4526 3178 4584 commonet,
3210 4533 3361 4573 arma

272 4603 455 4679 Magni
484 4602 764 4674 pontiﬁcis
792 4602 989 4657 Christi
1025 4604 1291 4673 testisque
1324 4603 1502 4657 Calisti

1998 4617 2324 4687 Corripiant,
2358 4631 2650 4686 areamque
2681 4615 2867 4671 levent
2894 4612 3215 4668 discrimine
3246 4626 3415 4666 smvo.

271 4698 522 4753 Membra
549 4697 658 4752 sibi
687 4697 860 4769 signis
886 4698 1082 4753 collata
1104 4698 1303 4753 abbate
1332 4698 1623 4770 Rodulpho
1999 4705 2339 4761 Couveniant
2365 4706 2531 4777 igitur
2550 4704 2793 4759 medium
2824 4703 2929 4757 sibi
2953 4718 3183 4774 poscere
3216 4700 3508 4766 Christum,

272 4791 406 4845 Cum
438 4790 606 4844 rebus
624 4796 816 4845 sancto
831 4790 1109 4861 applicitis
1128 4790 1219 4856 ³οο,
1249 4791 1490 4847 avellere
1512 4792 1735 4863 quidam
2001 4796 2101 4861 Qui
2124 4798 2375 4853 consulta
2404 4797 2558 4862 ferat,
2588 4797 2683 4852 det
2706 4811 2892 4867 Opem,
2925 4793 3198 4865 faciatque
3224 4792 3482 4847 salutem.

271 4881 421 4946 Quas
441 4878 740 4934 nitebatur.
773 4878 953 4949 Super
983 4880 1069 4934 his
1088 4881 1338 4935 consulta
1361 4880 1614 4952 requirit,
2000 4889 2078 4943 Ad
2098 4890 2244 4960 quod
2277 4888 2594 4961 pontificem
2625 4888 2825 4962 rogitat
2855 4887 3193 4943 contendere
3224 4892 3469 4941 nostrum

270 4971 666 5042 Auxiliumque
694 4971 855 5041 petit,
888 4972 1038 5040 pravi
1072 4989 1181 5044 quo
1202 4973 1329 5041 jure
1359 4982 1697 5044 premantur.
2000 4977 2249 5052 Accingi,
2280 4993 2599 5049 properare,
2628 4993 2814 5032 moras
2842 4976 3191 5047 disrumpere
3219 4980 3468 5036 cunctas,

347 5062 412 5118 Et
440 5062 573 5134 quia
623 5070 987 5133 compererat,
1032 5065 1270 5134 quodam
1304 5066 1588 5121 molimine
1628 5083 1896 5123 summam
2000 5065 2384 5137 Auxiliumque
2406 5065 2563 5120 malis
2587 5065 2794 5122 mundo
2822 5064 3076 5122 conferre
3106 5062 3307 5118 ruenti.

268 5153 500 5209 Turbati
532 5152 756 5220 sedem;
787 5154 950 5224 capiti
981 5170 1082 5209 ceu
1109 5155 1371 5211 condolet
1400 5164 1568 5224 artus,
2001 5160 2248 5215 Christus
2279 5161 2351 5215 sit
2377 5161 2484 5231 via,
2518 5161 2631 5216 dux
2655 5160 2917 5228 Christus,
2944 5158 3167 5215 victoria
3199 5153 3465 5211 Christus.

1353 5313 1625 5370 GLOSSIE
1670 5314 2087 5370 MARGINALES
2126 5315 2528 5372 MABILLONII.

349 5397 419 5432 ³⁸⁸
446 5397 693 5469 exsequi.
778 5396 848 5432 ³⁰⁰
871 5400 1171 5455 concessis.

1842 5505 2050 5561 ΝΟΤΑΞ.

350 5592 496 5663 (197)
537 5593 688 5651 Flod.
720 5594 819 5650 lib.
855 5613 929 5663 ιν,
961 5614 1009 5652 c.
1046 5598 1098 5654 1.

855 5613 929 5663 Iv,
961 5614 1009 5652 c.
1046 5598 1098 5654 1.
2100 5608 2247 5675 (198)
2290 5608 2430 5664 Ibid.
