4002 6124
427 202 531 257 827

1188 206 1552 264 FLODOARDI
1594 210 1897 267 CANONlCl
1940 213 2265 270 REMENSIS
2306 217 2642 273 OPUSCULA
2683 219 2990 276 METRICA.
3663 235 3762 290 828

427 329 538 384 Nec
567 330 699 384 satis
718 338 801 387 est
826 332 1105 389 monuisse
1131 337 1324 401 semel,
1344 338 1696 411 monitusque
1727 348 1988 412 paternos
2073 355 2118 420 Α
2146 344 2257 400 Nec
2281 345 2478 402 vetitos
2507 347 2657 403 ineat
2686 347 2846 416 ﬁnes,
2879 349 3141 407 invadere
3173 353 3356 410 nitens

431 421 580 475 Haud
613 422 806 476 iterare
836 424 1007 495 piget,
1037 425 1221 480 Matris
1249 444 1573 484 succurrere
1602 431 1766 499 cladi,

429 508 652 579 Disponi
681 512 953 581 synodum
975 516 1220 587 generali
1245 517 1370 586 jure
1399 521 1723 593 gerendam,

430 597 506 650 Ad
528 614 691 668 quam
723 599 946 655 festinet
973 603 1125 658 nullo
1157 604 1498 675 impediente
1514 616 1759 666 retentus

427 687 677 743 Pondere
708 690 954 758 desidiae,
985 695 1212 750 uberius
1240 697 1403 753 simul
1433 700 1619 756 omnia
1647 709 1900 770 tractent,

428 782 554 847 Quae.
585 786 866 840 tractanda
893 787 1068 842 sient:
1102 791 1323 845 oracula
1347 794 1548 849 clarius
1588 797 1770 852 edant.

431 873 730 930 Barbaricas
755 877 937 950 gentis
967 879 1091 949 quis
1121 880 1377 938 Francica
1407 901 1576 957 regna
1607 888 1866 957 procellis

424 965 756 1036 Turbantur,
788 970 1018 1026 nimium
1049 973 1238 1029 dolet:
1290 983 1456 1049 atque
1487 988 1546 1034 ut
1574 981 1798 1037 dextera
1827 999 2040 1040 summa

427 1056 529 1112 Has
560 1060 842 1130 reprimat,
869 1078 1156 1132 procerum
1191 1064 1385 1122 Christi
1415 1069 1671 1145 suffragia
1700 1075 1895 1143 poscit.

499 1146 724 1202 Privatae
751 1149 888 1222 legis
918 1153 1222 1209 munimine
1247 1157 1371 1225 jura
1403 1160 1571 1229 petita

429 1238 682 1292 Rcmensi
715 1238 818 1294 fert
847 1240 1105 1298 Ecclesiae
1137 1246 1427 1303 retinenda
1458 1251 1730 1320 docendo,

425 1332 498 1385 Ac
529 1330 873 1400 prohibendo
896 1334 1071 1404 nefas,
1094 1353 1162 1392 ne
1193 1341 1318 1410 quis
1334 1356 1628 1413 praesumat
1658 1347 1847 1421 inique

425 1423 723 1478 Attrectare
755 1426 923 1481 sacris
954 1442 1207 1498 possessa
1229 1442 1321 1488 aut
1350 1435 1572 1492 demere
1604 1455 1760 1494 cassa
1789 1441 1877 1496 θοι.

425 1511 692 1583 Nullaque
722 1515 1070 1585 pontificum,
1105 1536 1316 1593 regum,
1359 1527 1691 1583 comitumve
1729 1538 1974 1601 potestas

425 1602 618 1658 lllicite
645 1621 936 1676 usurpans,
972 1611 1227 1679 proprios
1258 1613 1499 1672 inflectat
1522 1619 1574 1673 in
1608 1636 1740 1674 usus

427 1692 556 1756 Quae
577 1704 707 1750 sunt
726 1696 1008 1765 Ecclesiae,
1031 1717 1194 1770 quam
1223 1706 1460 1773 prwsule
1487 1708 1626 1764 forte
1645 1721 1931 1769 vacantem

342 1838 348 1842 .
428 1787 615 1842 Nullus
643 1797 702 1844 ut
739 1790 981 1855 invadat,
1009 1794 1312 1851 violentum
1343 1800 1548 1869 aspiret
1575 1803 1629 1857 in
1660 1820 1890 1862 ausum:

425 1877 532 1931 Nec
564 1878 668 1933 nisi
695 1881 973 1953 condigno
1000 1888 1196 1954 praesul
1226 1894 1494 1944 statuatur
1523 1892 1754 1960 honore;

425 1966 736 2037 Pontiﬁces,
769 1987 950 2044 reges,
982 1974 1182 2044 clerus,
1215 1979 1576 2054 subjectaque
1608 1985 1801 2055 plebes

426 2059 768 2125 Provideant,
797 2077 1061 2136 operante
1091 2070 1202 2126 Deo
1242 2079 1300 2127 ut
1329 2073 1471 2130 bene
1501 2079 1697 2134 tradita
1723 2092 1964 2151 servent,

422 2149 788 2219 Ampliﬁcent,
819 2153 1101 2226 decorent,
1135 2175 1336 2230 supera
1352 2167 1606 2222 mercede
1639 2149 1964 2248 pr0pagent.

424 2239 753 2310 DiSpositum
786 2243 954 2318 digne
977 2251 1261 2317 praemisso
1293 2257 1530 2323 praesule
1553 2239 1844 2334 quisquam

421 2330 539 2385 Non
561 2333 812 2389 mutilare
842 2335 1032 2404 decus,
1066 2355 1175 2396 non
1201 2341 1492 2402 immutare
1521 2330 1796 2409 subintret
1820 2373 1833 2409 :

426 2420 625 2476 Usibus
654 2430 708 2477 at
736 2435 997 2484 maneant
1025 2447 1305 2489 servorum
1339 2438 1525 2496 dedita
1555 2442 1753 2500 Christi

421 2509 638 2584 Integra
664 2515 934 2584 pontiﬁci,
963 2519 1146 2592 dignis
1167 2528 1446 2583 tractanda
1477 2531 1763 2592 ministris.

428 2599 552 2654 Haec
581 2608 769 2658 contra
790 2605 1043 2678 quisquis
1073 2619 1482 2686 praesumpserit
1511 2631 1630 2676 acta
1661 2625 1867 2692 venire,

425 2690 516 2745 His
545 2707 607 2746 se
637 2695 954 2752 mulctatum
988 2701 1142 2756 scitis
1168 2708 1518 2766 anathemate
1561 2715 1706 2769 norit
1735 2731 1750 2772 :

424 2785 680 2844 Servator
699 2791 862 2847 vitam
893 2806 1171 2853 mereatur
1192 2802 1398 2859 habere
1428 2823 1750 2876 perennem.

495 2876 678 2934 Rebus
715 2881 1012 2954 Avennaci,
1042 2905 1209 2961 super
1232 2893 1359 2948 almi
1393 2899 1587 2966 etjure
1620 2900 1852 2970 Calisti;

421 2966 551 3022 Tum
580 2971 800 3030 decreta
831 2979 947 3047 pari
969 2984 1219 3051 provexit
1245 2987 1441 3044 robore
1473 2989 1622 3048 fulta.

495 3057 767 3154 Praeterea
783 3065 932 3134 quod
958 3081 1304 3142 compererat
1330 3092 1430 3146 per
1457 3079 1615 3135 devia
1643 3085 1909 3154 quosdam

424 3146 749 3240 Dontiﬁcum
779 3152 930 3223 ferri,
962 3162 1292 3237 populisque
1313 3171 1563 3240 exempla
1585 3146 1760 3230 ruina

425 3234 653 3305 Dedere,
685 3248 740 3295 et
763 3241 1060 3316 increpitos
1085 3234 1388 3327 nonvdigna
1416 3262 1726 3330 rependere
1757 3265 1965 3332 suasis;

423 3324 564 3388 Quin
595 3334 648 3382 et
676 3329 949 3390 deteriora
978 3339 1158 3411 sequi,
1189 3324 1440 3401 nec‘dira
1471 3324 1664 3408 cavere
1696 3371 1711 3408 :

421 3416 535 3471 Non
561 3419 684 3476 sine
714 3439 775 3478 se
806 3441 1036 3486 maerore
1062 3435 1215 3506 gravi
1254 3438 1492 3496 tolerare
1525 3442 1744 3501 fatetur.

421 3511 498 3566 Ad
523 3529 712 3614 pacem
753 3518 993 3578 invitans
1017 3528 1369 3604 exstinguere
1390 3537 1650 3594 scandala
1673 3545 1892 3614 quaerit,

420 3603 745 3664 Pontiﬁcum
775 3610 917 3668 fastu
947 3615 1191 3675 Christus
1208 3603 1351 3694 quia
1370 3630 1632 3687 temnitur
1655 3603 1789 3692 atro.

421 3695 618 3752 Noster
641 3708 696 3755 et
716 3703 946 3761 antistes
971 3708 1141 3778 dolet,
1160 3716 1362 3790 arguit,
1386 3720 1654 3793 increpat,
1683 3726 1855 3798 angit.

423 3789 576 3895 Dnde
607 3809 839 3895 monens
868 3804 1090 3861 mandat
1106 3807 1330 3875 junctos
1361 3813 1506 3872 hunc
1533 3789 1731 3895 cogere
1757 3789 1962 3889 βδεῖ-εδ,

421 3878 594 3983 ῥῖψις
614 3883 753 3983 alios
781 3890 960 3946 accire
983 3894 1208 3964 probos,
1233 3899 1565 3977 decretaque
1596 3878 1736 3983 lcgis

423 3966 667 4070 Eandere
693 3974 911 4043 divinas,
952 3985 1222 4051 synodum
1264 3966 1544 4048 celebrare
1571 3966 1758 4070 vigore

424 4057 584 4155 Cesso
615 4062 686 4097 ³⁸³
708 4065 852 4132 juris
872 4075 1158 4141 apostolici
1190 4076 1498 4139 mu‘nimine
1531 4057 1746 4155 fultam,

328 4223 340 4230 _
419 4145 588 4202 Noxia
618 4151 875 4210 vellendo
899 4161 1182 4234 gregibus,
1213 4168 1494 4235 profutura
1523 4145 1778 4233 serendo.

420 4239 482 4332 at
509 4238 553 4291 si
586 4242 719 4311 quid
751 4241 918 4302 fuerit
947 4267 1215 4318 perversae
1243 4258 1356 4313 litis
1385 4262 1640 4319 obortum
1673 4284 1687 4332 ;

423 4325 673 4384 Praesulis
692 4334 1018 4393 eximiison
1031 4352 1194 4398 entur
1223 4350 1551 4423 cognitioni,

423 4419 595 4476 Dante
625 4425 737 4480 Deo
769 4428 998 4502 dignum
1031 4436 1247 4495 valeant
1278 4419 1335 4497 ut
1361 4419 1579 4504 sumere
1607 4450 1795 4509 ﬁnem.

421 4510 516 4565 Cui
539 4529 598 4568 se
620 4519 854 4576 concilio
876 4529 1051 4581 tentet
1079 4529 1392 4592 subducere
1423 4556 1609 4610 nemo,

421 4600 674 4699 Quisquis
702 4615 990 4680 apostolici
1021 4634 1248 4678 consors
1275 4629 1427 4699 cupit
1456 4646 1580 4688 esse
1611 4632 1830 4691 favoris.

497 4694 768 4754 Bellorum
798 4712 976 4760 motus
1005 4726 1105 4779 per
1126 4713 1387 4773 Francica
1418 4737 1585 4794 regna
1605 4741 1889 4794 coercens,

420 4785 684 4846 Primates
704 4805 891 4852 monet
922 4799 1176 4861 Ecclesiae
1206 4819 1416 4868 certare
1449 4815 1660 4885 labore,

420 4876 606 4935 Totius
631 4899 775 4940 cura!
807 4891 1062 4950 madeant
1089 4913 1156 4952 ne
1186 4916 1353 4976 regna
1378 4921 1594 4973 cruore,

421 4968 757 5031 Christicolae
790 4995 947 5053 reges
975 4984 1204 5044 bellisve
1233 4968 1514 5051 armentur
1542 4999 1765 5072 iniquis.

419 5062 718 5122 Attrectare
735 5070 892 5127 nefas
907 5075 1109 5140 aliena,
1142 5081 1405 5142 invadere
1433 5062 1670 5148 cessent.

422 5153 566 5210 Bella
595 5173 945 5228 50porenlur.
981 5175 1278 5230 commotio
1306 5195 1448 5233 saeva
1478 5191 1775 5250 prematur.

418 5240 552 5346 Du'r'n
588 5244 755 5302 Roma
787 5252 947 5309 Folco
975 5258 1182 5326 redeat,
1208 5280 1310 5332 pax
1340 5240 1554 5338 sceptra
1577 5272 1869 5346 gubernet.

490 5333 609 5432 Hice
628 5340 820 5396 eadem
852 5347 1146 5406 exhortans
1184 5355 1252 5409 ad
1284 5333 1474 5427 pacem
1505 5333 1699 5418 scribit
1725 5365 1921 5432 Odoni,

414 5423 492 5479 Ne
525 5425 773 5486 Carolum
804 5446 995 5493 contra
1025 5442 1226 5500 bellum
1248 5423 1533 5508 moveatur
1559 5454 1831 5528 iniquum,

2147 436 2362 492 Externi
2393 455 2514 510 qua;
2534 449 2662 494 sunt
2681 441 2845 510 juris,
2877 443 3224 517 cupidusque
3251 449 3457 518 rapinis

2143 524 2445 594 Abstineat,
2478 529 2656 584 vitans
2673 540 2851 586 rectos
2872 534 3262 590 transcendere
3291 538 3458 592 calles

2144 617 2270 679 Quae
2310 617 2541 673 Domino
2563 620 2816 690 placeant
2844 621 3032 678 solerti
3055 631 3239 679 mente
3271 633 3550 693 retractet,

2143 711 2278 764 Ante
2307 711 2496 766 oculos
2525 721 2772 768 statuens
2797 716 2918 783 ejus
2931 716 3036 770 sub
3067 733 3255 774 amore
3282 721 3559 778 timorem.

2214 801 2353 856 Pace
2379 803 2678 860 laborantis
2707 806 3066 879 congaudens
3101 812 3355 881 praesulis
3381 814 3524 869 actis

2143 893 2415 950 Admonet
2444 895 2530 948 his
2547 902 2707 952 cauto
2738 895 3030 954 Folconem
3055 901 3310 959 insistere
3341 906 3486 970 nisu,

2143 986 2247 1041 Pax
2274 986 2419 1042 odiis
2457 1003 2527 1041 ne
2545 987 2860 1044 inconsulte
2891 991 3121 1061 quaesita
3152 992 3407 1060 facessat,

2146 1078 2314 1150 Regia
2345 1094 2452 1132 neu
2482 1078 2617 1134 celsi
2646 1081 2866 1154 generis
2894 1081 3133 1137 scintilla
3165 1091 3390 1140 teratur.

2144 1168 2385 1224 Crimina
2412 1171 2735 1242 sceptrigeri
2767 1173 3026 1243 prudenti
3054 1177 3294 1231 arcenda
3315 1177 3573 1244 medella,

2149 1258 2413 1330 Regmine
2445 1275 2542 1327 pro
2571 1261 2724 1333 regni
2752 1276 2821 1314 ne
2849 1262 3088 1331 pessima
3118 1264 3376 1318 scandala
3402 1276 3634 1339 surgant

2216 1347 2437 1404 Hortatu
2455 1348 2705 1404 Carolum
2738 1351 2925 1406 solans
2954 1362 3233 1425 gratanter
3259 1357 3514 1423 honorat,

2144 1438 2399 1494 Gaudens
2429 1440 2573 1494 hunc
2611 1441 2800 1510 patriae
2841 1453 3159 1514 provectum
3187 1448 3427 1503 culmine
3455 1450 3608 1504 sedis

2147 1528 2320 1598 Atque
2347 1535 2540 1599 petens
2573 1529 2782 1586 Christo
2809 1532 3068 1602 placitum
3106 1551 3206 1604 per
3233 1547 3482 1608 tempora
3506 1538 3671 1610 longa

2149 1617 2403 1691 Crescere
2420 1617 2655 1688 justitia,
2686 1619 2912 1689 pietate,
2933 1629 2989 1676 et
3017 1623 3138 1678 luce
3169 1625 3400 1696 sophia.

2068 1681 2114 1746 Β
2143 1684 2222 1766 Ac
2247 1720 2435 1768 monet
2465 1723 2522 1767 ut
2543 1714 2833 1770 Dominum
2857 1718 3041 1772 cordis
3068 1735 3180 1789 prae
3204 1719 3408 1775 lumine
3440 1729 3633 1792 ponat,

2140 1801 2390 1858 Jussibus
2415 1802 2588 1874 ipsius
2619 1805 2746 1859 totis
2768 1807 3062 1862 conatibus
3093 1810 3320 1864 haerens.

2142 1890 2340 1962 Diligat
2359 1901 2414 1946 et
2437 1901 2756 1963 servetquse
2779 1895 2928 1963 justa
2959 1912 3023 1950 ac
3052 1906 3200 1952 recta
3231 1897 3483 1968 probarit

2141 1985 2441 2041 Admoveat
2457 1987 2622 2054 justis
2647 2003 2854 2053 aurem,
2879 1989 3116 2046 divertat
3145 1991 3370 2064 iniquis.

2141 2075 2221 2130 Sit
2240 2077 2442 2133 virtute
2463 2079 2653 2145 animi,
2677 2079 2861 2134 carnis
2891 2084 3236 2152 praestantior
3255 2099 3382 2145 usu,

2144 2163 2395 2235 Corporis
2422 2181 2487 2220 ac
2515 2167 2717 2222 mentis
2739 2168 2928 2223 hostes
2957 2176 3014 2223 ut
3034 2177 3281 2226 sternere
3313 2173 3510 2244 possit,

2140 2253 2208 2308 Se
2239 2270 2460 2326 quoque
2491 2272 2613 2326 quae
2643 2256 2818 2313 valeat
2848 2259 3132 2329 spondens
3154 2271 3450 2335 augmenta
3479 2262 3724 2318 daturum

2141 2348 2344 2404 Panem
2377 2366 2471 2420 pro
2501 2359 2657 2425 grato
2690 2351 3044 2408 benedictum
3077 2371 3304 2410 munere
3325 2357 3492 2429 legat,

2141 2438 2439 2503 Quaesierat
2467 2440 2702 2512 geminae
2727 2458 2894 2513 quem
2928 2459 3020 2497 rex
3051 2443 3151 2498 sub
3186 2444 3315 2499 dote
3345 2446 3559 2501 salutis.

2139 2529 2376 2585 Solertes
2399 2546 2521 2585 cum
2546 2532 2673 2602 quis
2689 2539 2991 2587 tractentur
3011 2535 3302 2591 commoda
3325 2537 3573 2604 mandat,

2140 2625 2312 2680 Immo
2337 2627 2681 2682 sacerdotem
2708 2628 3001 2683 Folconem
3041 2631 3109 2684 ad
3135 2630 3264 2684 talia
3294 2632 3491 2697 mittat,

2139 2715 2306 2785 Cujus
2336 2718 2582 2773 consiliis
2613 2719 2850 2774 utillima
2873 2737 3109 2792 quaeque
3127 2722 3315 2777 decori

2143 2810 2401 2874 Edantur,
2433 2813 2580 2886 regis
2611 2814 3280 2871 cumulandietculminis
3309 2826 3456 2888 apta.

2214 2899 2584 2962 Quorumdam
2617 2903 2851 2972 querulo
2894 2903 3125 2958 nimium
3165 2905 3406 2961 clamore
3432 2907 3656 2977 petitus.

2095 3046 2116 3066 Ἰ
2146 2989 2341 3045 Urbem
2375 2991 2600 3065 indigna
2626 2993 2735 3063 pati
2771 2994 3042 3064 queritur,
3073 2997 3360 3069 metuique
3384 2999 3658 3054 clientes:

2141 3081 2414 3137 Sedandis
2443 3083 2648 3154 quibus
2669 3085 2929 3140 exhibeat
2957 3102 3018 3141 se
3049 3088 3208 3143 Folco
3242 3091 3502 3161 reposcit.

2139 3174 2428 3246 Comperto
2458 3177 2678 3232 tandem
2711 3179 2758 3232 is
2782 3179 2897 3234 veri
2927 3180 3307 3237 moderamine
3343 3185 3567 3254 praesul,

2138 3265 2306 3329 Quam
2339 3267 2408 3322 sit
2436 3267 2758 3337 apostolicis
2789 3267 2948 3328 ﬁdus,
2982 3287 3143 3342 quam
3167 3272 3418 3342 jussibus
3448 3275 3691 3343 ardens;

2138 3353 2335 3408 Parere
2356 3355 2614 3410 aethereis
2642 3357 2869 3429 gaudet,
2901 3368 3198 3432 gratesque
3229 3362 3510 3431 rependit,

2140 3448 2434 3519 Spondens
2457 3466 2518 3505 se
2548 3450 2604 3504 in
2623 3452 2826 3522 quibus
2858 3453 3116 3523 expediat
3142 3455 3386 3524 praebere
3408 3456 3713 3528 benignum
3740 3477 3754 3511 :

2140 3537 2309 3606 Hujus
2337 3546 2392 3592 et
2419 3539 2487 3592 ad
2519 3548 2706 3594 votum
2730 3557 2920 3610 regum
2949 3543 3221 3612 pressisse
3242 3542 3507 3597 duellum.

2141 3627 2470 3683 Praesulibus
2496 3629 2725 3704 regique
2747 3631 2876 3687 ideo
2901 3633 3164 3688 mandata
3191 3633 3437 3701 dedisse,

2138 3715 2326 3770 Tutius
2352 3715 2472 3786 ipse
2503 3717 2648 3772 Petri
2677 3719 2853 3774 valeat
2882 3735 2992 3792 quo
3023 3721 3199 3776 visere
3221 3723 3429 3776 sedem.

2212 3808 2364 3864 Hunc
2391 3824 2611 3881 quoque
2639 3810 2820 3867 fratris
2847 3813 3056 3869 honore
3089 3815 3301 3882 colens,
3318 3816 3591 3886 specialia
3618 3819 3762 3894 legat

2139 3895 2321 3950 Munia
2350 3897 2661 3965 charorum,
2695 3902 2979 3956 tutandum
3013 3902 3191 3972 poscit
3217 3902 3505 3967 honorem,

2137 3989 2405 4044 Scandala
2435 4001 2736 4061 proterere,
2766 4000 2820 4047 ct
2851 3995 3002 4064 pacis
3031 4003 3359 4050 connectere
3388 3995 3606 4050 vincla:

2139 4077 2372 4133 Frenare
2393 4080 2738 4150 implacidos,
2769 4090 2824 4137 et
2848 4083 2913 4137 ad
2943 4083 3141 4138 almam
3171 4100 3374 4160 cogere
3396 4102 3618 4156 pacem,

2138 4170 2309 4241 quue
2339 4171 2481 4227 Petri
2512 4175 2678 4228 latum
2709 4173 2844 4229 ﬁdat
2873 4176 2981 4230 sibi
3011 4193 3243 4232 munere
3275 4179 3502 4245 donum,

2137 4263 2485 4319 Lambertum
2518 4267 2841 4337 Augustum,
2876 4268 3127 4323 Folconis
3156 4284 3322 4323 carne
3354 4270 3760 4342 propinquum,

2053 4361 2109 4429 D
2143 4351 2205 4406 Ut
2232 4353 2513 4424 proprium
2544 4369 2603 4408 se
2631 4355 2793 4409 tutari
2823 4355 3091 4410 solamine
3123 4363 3306 4410 natum

2139 4446 2488 4519 Signiﬁcans,
2521 4450 2722 4504 nostris
2747 4449 3055 4520 gratissima
3086 4451 3338 4522 praesulis
3366 4451 3520 4507 ctfert

2140 4537 2294 4604 Vota,
2323 4537 2526 4608 quibus
2555 4538 2698 4593 Petri
2734 4546 3025 4594 veneratur
3055 4541 3264 4597 honore
3293 4542 3640 4596 cathedram.

2209 4633 2515 4705 Sacrilegos
2546 4634 2814 4705 quosdam
2847 4635 3044 4689 sacrati
3077 4636 3335 4690 culminis
3357 4642 3505 4690 atros

2139 4723 2445 4795 Carptores,
2470 4724 2885 4795 summicapitis
2918 4726 3222 4782 clarissima
3251 4726 3500 4781 membra

2135 4817 2469 4871 Attemerare
2491 4833 2672 4880 ausos,
2705 4818 3071 4873 anathematis
3101 4834 3233 4873 ense
3266 4819 3472 4874 recisos

2136 4906 2454 4973 Notiﬁcans,
2503 4917 2693 4963 monet
2724 4910 2869 4964 hunc
2913 4911 3087 4964 nodos
3114 4910 3296 4981 digna:
3334 4909 3541 4964 addere
3577 4912 3764 4966 multa!

2134 4996 2465 5070 Sceptrigeri
2499 5012 2721 5068 quoque
2751 4997 2968 5069 cognati
3000 5015 3098 5068 pro
3128 4999 3372 5053 culmine
3397 5006 3577 5053 certet

2134 5091 2334 5163 Sicque
2366 5091 2638 5148 Parisiaco
2668 5092 2858 5165 legans
2894 5093 3150 5148 mandata
3175 5101 3404 5166 patrono
3434 5093 3504 5127 ³³³

2137 5180 2244 5236 Hos
2269 5180 2604 5236 Anscherico
2638 5189 2792 5236 notat
2817 5197 2939 5236 esse
2968 5182 3195 5238 omnino
3225 5181 3520 5248 cavendas,

2136 5273 2207 5327 Ac
2236 5272 2458 5327 vitanda
2480 5272 2622 5344 nigri
2655 5273 2930 5328 consortia
2952 5273 3069 5328 dira
3100 5273 3317 5328 furoris.

2206 5363 2500 5417 Ecclesiam
2522 5363 2708 5418 solans
2737 5365 3014 5419 Senonum
3049 5373 3262 5435 pastore
3294 5373 3612 5435 gementem

2135 5457 2361 5512 Addicto
2392 5457 2638 5523 latebris,
2669 5459 2983 5514 damnando
3014 5459 3082 5493 30‘
3107 5459 3353 5513 criminis
3383 5475 3517 5513 ausu
3554 5476 3571 5513 :

1499 5579 1762 5638 ϐιοδδιιε
1792 5582 2213 5640 MARGINALES
2254 5579 2657 5638 MABILLONII.

490 5661 555 5696 ³⁰¹
589 5677 870 5722 concessa.

959 5670 1028 5704 ³⁰²
1048 5688 1333 5733 concesso.
1418 5679 1488 5714 ³⁰³
1507 5682 1789 5755 episcopo.
1859 5685 1928 5721 ³⁰⁴
1958 5683 2285 5741 damnabili.
