3994 6132
827 253 908 306 DE
948 247 1202 304 CHRISTI
1241 245 1603 301 TRIUMPHIS
1643 243 1815 310 APUD
1859 238 2122 294 lTALlAM
2165 234 2339 288 LIBRI
2380 232 2508 286 XIV.
2551 259 2619 269 —
2661 227 2783 281 LIB.
2827 225 2936 280 Xll.
3443 213 3549 269 830

1868 389 1906 437 Α
1939 365 2119 436 Ipsius
2145 369 2368 432 aspectu
2399 356 2564 414 solari
2589 371 2653 411 ac
2680 353 2886 410 famine
2925 349 3119 423 possit.

1938 453 2152 508 Interea
2172 466 2372 522 panem
2405 445 2756 502 benedictum
2791 455 3018 496 munere
3040 436 3237 501 mittat,

1931 544 2135 598 Tutela
2166 539 2414 610 nullique
2445 536 2632 591 favens
2661 531 2922 588 assentiat
2952 526 3114 584 hosti.

1934 634 2074 699 Quin
2105 631 2336 686 adversa
2367 633 2578 698 premat
2597 639 2750 680 sacro
2781 619 3084 686 molimine,
3111 617 3236 686 jure

1937 719 2152 775 Crescat
2171 726 2230 773 ut
2250 717 2425 788 ipsius
2453 722 2730 784 sumptum
2760 709 3068 766 munimine
3099 720 3353 779 regnum.

208 264 319 320 8‘29

209 389 274 442 In
306 383 540 440 Domino
563 395 785 452 sperare
814 385 1003 432 monet
1045 393 1058 429 :
1093 373 1368 446 patienter
1396 371 1594 427 acerba

207 478 319 547 Spe
348 471 565 528 decoris
588 470 732 524 ferre
759 463 986 522 aetherei
1005 463 1204 516 virtute
1230 461 1512 516 Tonantis.

209 568 409 622 Fidere
441 580 500 619 se
530 561 757 634 proprio
779 555 1066 613 solandam
1095 554 1328 624 praesule
1354 551 1471 606 viso
1499 567 1512 604 :

210 660 284 714 Se
313 633 604 712 damnasse
636 633 783 707 feros
813 648 1178 716 Patribusque
1217 652 1438 699 notasse
1467 641 1726 697 terendos

213 746 459 800 Flamine
482 743 694 810 divino,
725 754 793 792 ne
825 737 949 809 quis
969 735 1101 790 dein
1135 734 1262 788 talia
1295 738 1483 787 tentet.

210 838 506 891 Missurum
537 849 596 888 se
623 832 853 904 legatos,
882 828 975 882 ubi
1001 834 1248 896 tempora
1277 825 1445 899 digna

212 929 284 982 Se
318 925 563 990 tulerint,
597 919 1004 994 quissedentur
1019 918 1247 986 hujusce
1276 914 1550 986 procellae.

2012 829 2174 884 Folco
2199 828 2362 882 etiam
2395 823 2596 896 praesul
2625 829 2809 896 grates
2836 835 2868 873 a
2894 818 3029 872 sede
3049 821 3298 871 vocatum

1943 923 2011 976 Se
2037 920 2286 975 referens
2318 917 2484 983 Petri,
2519 913 2696 986 poscit
2717 909 2976 983 suffragia
3004 908 3139 981 regi.

294 1015 576 1091 Lingonici
611 1027 757 1068 saevo
789 1009 992 1081 raptori
1019 1007 1268 1078 praesulis
1297 1021 1420 1060 orsa

218 1106 432 1180 Dirigit,
463 1112 521 1158 ut
550 1101 790 1157 tamdem
825 1098 995 1174 gestis
1017 1096 1304 1166 resipiscat
1335 1095 1556 1160 amaris,

216 1195 543 1251 Pontificem
579 1191 788 1255 reddat,
816 1188 1040 1242 damnet
1068 1201 1190 1257 quae
1232 1185 1350 1238 dira
1381 1183 1624 1254 patrarit.

217 1291 314 1344 Sin
348 1304 532 1353 secus,
562 1296 782 1340 aeternae
814 1284 1085 1352 plectetur
1111 1279 1348 1334 tormine
1388 1277 1624 1332 mulctae.

287 1375 586 1449 Sacrilegis
615 1387 782 1442 super
813 1370 897 1424 his
928 1368 1136 1439 patrios
1164 1367 1383 1440 delegat
1413 1365 1586 1419 Odoni

218 1470 572 1542 Sceptrigero
598 1465 858 1529 monitus,
889 1471 947 1517 ut
977 1462 1230 1516 sciathos
1257 1460 1606 1514 anathemate
1629 1458 1839 1528 plexos:

220 1564 369 1627 Quos
397 1576 498 1614 nec
527 1557 809 1626 suscipiat,
844 1570 946 1609 nec
975 1553 1057 1607 eis
1094 1551 1352 1606 aﬂ'amina
1376 1551 1592 1624 jungat,

222 1657 475 1725 Ipsorum
494 1667 615 1706 sese
635 1647 898 1704 maculari
923 1645 1154 1701 crimine
1184 1645 1322 1699 vitet

221 1746 367 1812 Quin
392 1747 558 1798 immo
587 1740 844 1795 Ecclesiae
869 1747 1138 1809 praestans
1167 1735 1437 1808 solamina
1463 1732 1627 1796 tritae,

226 1837 505 1906 Protegat,
537 1829 798 1885 auxilium
825 1827 1173 1897 impendens,
1207 1824 1303 1878 ubi
1333 1821 1532 1876 viderit
1562 1827 1748 1891 aptum

227 1924 354 1977 llzec
383 1921 578 1975 eadem
607 1918 798 1972 Carolo
831 1915 1088 1970 mandata
1118 1912 1361 1968 tenenda
1392 1912 1618 1982 relegat.

295 2007 617 2063 Waltarium
651 2006 957 2072 Senonum,
1005 2011 1364 2057 temerantem
1389 1999 1613 2059 oracula
1642 1998 1848 2070 legum,

224 2101 468 2172 Corripit
487 2099 824 2169 increpitans
852 2115 866 2163 ;
889 2095 1201 2151 Trecasinze
1236 2093 1424 2149 intulit
1446 2092 1566 2146 urbi

226 2191 518 2265 Regimina
548 2205 657 2244 non
687 2189 813 2244 lecti
840 2204 938 2242 cur
969 2185 1244 2256 praesulis,
1277 2194 1444 2255 atque
1483 2181 1690 2253 recepti

227 2284 302 2338 Ex
325 2283 436 2337 alia
464 2281 707 2337 Ecclesia
739 2286 930 2334 contra
959 2278 1182 2331 decreta
1214 2285 1462 2346 paterna.

229 2377 405 2440 Quem
437 2388 748 2438 removens,
780 2371 982 2426 lectum
1012 2370 1082 2404 ³⁰⁵
1112 2367 1321 2432 statuit,
1353 2365 1729 2422 moderamina
1746 2372 1858 2420 tra-

1666 2456 1786 2528 [dit,

230 2560 570 2626 Sacratoque
597 2569 812 2609 sacrum
846 2551 1047 2606 Ricveo
1075 2549 1319 2620 impertit
1349 2549 1616 2603 honorem
1650 2565 1663 2601 :

234 2652 436 2706 Nullus
470 2657 530 2704 ut
550 2648 783 2704 obsistat
813 2645 986 2712 scitis,
1012 2643 1303 2699 comitatur
1328 2648 1569 2696 euntem.

307 2746 447 2800 Huic
477 2744 617 2798 Patri
651 2742 876 2797 Carolus
901 2741 1162 2795 Formoso
1193 2744 1495 2812 grammata
1522 2737 1732 2806 legans,

234 2839 422 2908 Seque
452 2835 652 2905 suique
681 2833 855 2903 apicis
887 2830 1181 2886 committit
1198 2830 1322 2897 jura
1343 2828 1550 2882 tuenda
1583 2844 1596 2880 ί

238 2927 482 2982 Eximias
507 2925 749 2979 referens
779 2931 962 2997 grates
995 2921 1096 2976 sub
1125 2922 1334 2975 honore
1357 2917 1575 2982 favoris,

238 3022 307 3073 Se
342 3034 524 3092 genus
555 3025 718 3087 atque
749 3032 907 3069 suum
943 3013 1170 3088 dignum
1203 3012 1334 3083 quia
1361 3011 1524 3065 laude
1549 3009 1774 3081 putarit,

239 3111 682 3178 Provectumque
705 3107 826 3174 ejus
853 3113 1067 3180 gratum
1099 3105 1204 3158 sibi
1233 3103 1387 3158 duxit
1407 3103 1745 3165 habendum,

239 3197 468 3252 Noverit
491 3211 622 3270 ergo
653 3194 759 3248 sibi
788 3209 973 3266 regem
1006 3208 1104 3263 pro
1131 3192 1272 3247 scire
1304 3191 1546 3257 fidelem,

243 3293 510 3346 Devotum
530 3298 584 3344 et
615 3288 879 3343 famulum
909 3287 1079 3356 jussis
1099 3286 1306 3341 servire
1347 3291 1614 3356 paratum.

246 3384 377 3452 Ejus
409 3381 670 3452 praesidio
703 3381 910 3435 licitum
945 3379 1014 3433 sit
1043 3377 1214 3433 ﬁdere
1248 3387 1500 3443 ;tantum

249 3474 430 3530 Hostis
461 3473 819 3543 apostolicam
849 3477 1087 3543 nequeat
1118 3471 1393 3525 divertere
1423 3474 1691 3524 mentem.

248 3541 555 3638 Augustum
584 3564 688 3618 sibi
720 3541 1000 3628 conciliet,
1034 3561 1420 3632 Christumque
1452 3567 1710 3630 precetur
1797 3541 1804 3550 δ

253 3657 356 3712 Pro
379 3672 464 3716 se,
496 3671 709 3727 proque
735 3655 841 3710 sibi
868 3652 1151 3710 commissi
1180 3652 1426 3724 regmine
1448 3650 1626 3726 regni,

250 3747 426 3816 Cujus
446 3754 506 3802 ut
532 3748 585 3802 in
618 3755 802 3818 partes
829 3745 1094 3801 accedere
1123 3748 1369 3809 censeat,
1402 3749 1559 3799 orat:

1943 1009 2265 1066 Gratiticans
2288 1008 2434 1082 regis
2473 1006 2621 1078 quod
2649 1020 2736 1058 res
2756 1011 3010 1072 suscepta
3042 998 3280 1070 benigne

1943 1103 2240 1168 Tractetur,
2273 1101 2450 1171 patrio
2477 1098 2770 1152 foveantur
2795 1103 3011 1164 sceptra
3038 1091 3238 1151 nitore,

1944 1193 2222 1248 Sollicitus
2237 1192 2308 1226 ³⁰⁶
2337 1206 2434 1262 pro
2466 1189 2635 1265 regali
2666 1187 2813 1259 quod
2835 1183 3087 1260 germine
3108 1195 3270 1252 papa.

1944 1282 2198 1357 Suggerit
2232 1296 2362 1352 ergo
2397 1290 2614 1352 petens,
2642 1277 2822 1331 faveat
2845 1290 2914 1328 ne
2941 1271 3191 1343 partibus
3222 1266 3414 1331 hostis,

1946 1371 2182 1425 Roboret
2207 1369 2262 1424 id
2291 1369 2487 1442 magis,
2522 1366 2787 1431 cxaltans,
2819 1380 2849 1418 e
2878 1361 3086 1417 viribus
3124 1370 3334 1429 augens
3367 1371 3380 1406 :

1943 1461 2262 1517 Accumulet
2288 1459 2567 1531 precibus,
2605 1457 2859 1528 votisque
2881 1454 2954 1508 ad
2982 1451 3165 1507 sidera
3198 1446 3397 1501 missis.

1945 1551 2154 1604 Pulsari
2185 1549 2455 1620 adjiciens
2485 1550 2588 1604 hoc
2617 1549 2686 1601 ab
2713 1545 2966 1601 hostibus
2991 1539 3238 1610 undique
3271 1534 3427 1590 fusis.

1877 1677 1923 1742 Β
1947 1641 2093 1706 Quos
2130 1640 2489 1715 rogatarceri,
2526 1650 2957 1709 pervaseresque
2986 1629 3204 1701 repelli,

1949 1732 2241 1787 Praedones
2269 1732 2496 1802 reprimi
2521 1728 2897 1785 moderamine
2922 1721 3188 1798 regminis
3215 1716 3346 1772 almi
3369 1732 3381 1768 :

1949 1825 2026 1878 Ne
2055 1825 2195 1879 inter
2217 1823 2566 1878 Christicolas
2593 1821 2798 1875 bellum
2827 1817 2987 1872 civile
3015 1819 3253 1889 geratur,

1951 1917 2243 1990 Naufragio
2285 1917 2541 1971 Ecclesiae
2569 1931 2637 1968 ne
2659 1913 2895 1987 gaudeat
2914 1907 3145 1964 aemulus
3175 1911 3351 1964 atrox,

1955 2006 2178 2061 lllicitos
2209 2005 2285 2058 ibi
2326 2004 2589 2074 subjectis
2615 2002 2918 2058 nitentibus
2955 2012 3140 2053 ausus.

2024 2123 2164 2187 Quid
2195 2122 2584 2177 medicamenti
2616 2120 2922 2192 impendat,
2954 2115 3203 2171 consulta
3234 2110 3495 2181 reposcit,

1959 2215 2248 2271 Lamberto
2277 2215 2654 2286 induperatori
2680 2213 2786 2267 sibi
2813 2226 2977 2266 carne
3011 2208 3322 2280 pr0pinquo

1959 2307 2329 2362 Multimodam
2363 2322 2675 2381 agnoscens
2721 2319 2905 2359 curam
2964 2297 3286 2371 dependere
3321 2310 3516 2367 papam
3552 2311 3567 2359 ;

1959 2394 2188 2463 Gaudet,
2213 2412 2276 2450 ac
2315 2397 2564 2467 exposcit
2592 2401 2812 2450 maneat
2839 2391 3063 2446 dilectio
3093 2388 3232 2442 talis.

1963 2484 2131 2547 Quem
2161 2484 2288 2539 licet
2317 2484 2540 2539 affinem
2574 2483 2725 2538 nullo
2756 2480 2865 2536 sibi
2878 2480 3003 2548 jure
3036 2474 3329 2532 colendum

1963 2574 2148 2630 Prodit
2177 2619 2191 2646 ,
2218 2577 2459 2632 amicitia
2490 2575 2661 2631 Patris
2701 2574 2806 2629 nisi
2837 2572 3053 2628 noverit
3083 2575 3322 2624 auctum.

2034 2686 2098 2740 At
2129 2685 2318 2742 Carolo
2350 2688 2464 2763 regi
2486 2688 2622 2758 petit
2651 2687 2797 2740 hunc
2825 2684 2927 2739 sub
2959 2681 3164 2738 foedere
3196 2675 3364 2743 necti,

1966 2775 2212 2847 Huicque
2235 2778 2428 2834 ambos
2456 2795 2647 2853 regum
2679 2776 2874 2834 solatia
2903 2773 3148 2847 pendere
3167 2767 3326 2841 proli.

1966 2867 2245 2925 Damnatis
2268 2890 2430 2944 quem
2463 2872 2508 2926 si
2539 2875 2673 2945 quid
2704 2866 3088 2927 medicaminis
3108 2862 3258 2925 addi,

1967 2955 2196 3029 Quoque
2229 2965 2392 3020 modo
2422 2964 2508 3019 vel
2548 2979 2655 3035 qua
2686 2963 2787 3015 hos
2813 2958 2991 3012 valeat
3014 2969 3203 3011 curare
3238 2948 3508 3008 medella;

1891 3035 1941 3102 ί)
1971 3063 2225 3135 Expromi
2250 3061 2356 3116 sibi
2389 3060 2641 3130 deposcit
2668 3054 2873 3112 servire
2905 3058 3116 3124 parato.

2044 3177 2250 3234 Praesul
2280 3176 2370 3232 hic
2401 3174 2657 3249 egregius
2686 3170 2976 3224 Formosus
3005 3162 3262 3218 laudibus
3285 3158 3410 3249 altis

1974 3270 2251 3333 Evehitur,
2286 3248 2492 3327 castus,
2529 3275 2724 3334 parcus
2753 3257 2879 3322 sibi,
2913 3256 3096 3329 largus
3134 3248 3327 3327 egenis
3359 3265 3373 3310 ;

1975 3363 2277 3437 Bulgaricm
2309 3358 2460 3434 genti
2499 3355 2630 3410 fidei
2660 3352 2755 3424 qui
2783 3349 2997 3405 semina
3012 3345 3232 3418 sparsit.

1975 3434 2212 3511 Delubra
2242 3450 2533 3513 destruxit,
2567 3444 2830 3518 populum
2861 3438 3187 3496 cazlestibus
3211 3434 3378 3489 armis

1978 3547 2254 3614 Instruxit,
2282 3546 2520 3601 tolerans
2550 3538 2868 3596 discrimina
2887 3531 3143 3606 plurima,
3175 3529 3482 3599 promptus,

1981 3642 2302 3712 Exemplum
2330 3639 2598 3702 tribuens,
2630 3642 2691 3688 ut
2719 3632 2829 3686 sint
2849 3629 3076 3684 adversa
3103 3619 3330 3678 ferenda

1984 3735 2047 3790 Et
2072 3709 2218 3788 bene
2239 3728 2444 3786 viventi
2473 3721 2772 3782 metuenda
2802 3714 3152 3776 incommoda
3180 3709 3348 3766 nulla.

1731 3888 1939 3946 CAPUT
1989 3888 2075 3942 Vl.

889 4007 966 4065 De
995 4005 1309 4084 Bonifacio
1337 4022 1518 4082 papa,
1551 4010 1607 4063 et
1632 4012 1795 4064 sexto
1835 4002 2156 4079 Stephano,
2196 3993 2490 4056 Theodoro
2525 4004 2758 4067 quoque
2783 4001 2962 4064 papa.

334 4148 472 4202 Hinc
495 4144 643 4199 subit
671 4144 739 4197 ad
771 4143 1046 4197 modicum
1070 4149 1222 4196 vates
1237 4140 1551 4196 Bonifacius
1571 4140 1768 4195 almus.

253 4241 362 4294 Ter
389 4238 592 4310 quinos
618 4235 708 4290 hic
733 4235 787 4288 in
813 4250 936 4288 arce
963 4233 1082 4287 dies
1114 4233 1357 4303 explevit
1386 4233 1613 4287 honoris
1648 4249 1661 4286 :

257 4331 514 4385 Culmina
541 4345 663 4383 mox
693 4334 930 4391 mutans,
955 4337 1179 4396 superat
1207 4325 1422 4398 fastigia
1454 4326 1623 4392 celsa,

259 4421 438 4490 Inque
469 4416 620 4471 brevi
650 4416 826 4486 spatio
855 4415 1083 4486 qmesita
1123 4415 1411 4469 cacumina
1441 4415 1736 4481 scandens,

258 4513 414 4565 Inter
443 4508 728 4579 apostolici
762 4523 1015 4578 proceres
1045 4507 1340 4561 ascribitur
1359 4506 1492 4560 albi.

331 4596 471 4650 Tum
524 4590 708 4648 sextus
765 4594 1076 4664 Stephanus
1113 4609 1267 4647 sacra
1344 4593 1594 4666 regmina
1641 4591 1883 4647 culmine

260 4693 446 4746 Durus
474 4689 568 4760 qui
593 4688 819 4756 nostris,
853 4687 1093 4759 propriis
1133 4696 1188 4742 at
1214 4688 1403 4743 durior
1429 4687 1609 4743 instat.
1671 4686 1883 4758 [carpit,

261 4783 426 4837 Saeva
462 4780 685 4851 quidem
717 4779 862 4854 legat
887 4779 1046 4841 vivis,
1089 4779 1328 4834 truciora
1350 4778 1602 4849 sepultis.

262 4873 677 4943 Folconemque
710 4871 900 4937 minis,
935 4871 1253 4926 Formosum
1278 4871 1522 4926 concutit
1551 4869 1711 4925 actis.

263 4963 574 5019 Concilium
593 4972 786 5037 gregat
815 4963 1137 5029 infaustum,
1159 4963 1250 5018 cui
1275 4962 1539 5034 praesidet
1555 4968 1710 5017 atrox
1735 4978 1748 5014 :

266 5055 740 5110 Praedecessorem
770 5055 1038 5123 abjiciens
1071 5071 1396 5126 ponensque
1436 5061 1749 5126 patronum.

267 5143 437 5197 Visus
474 5143 675 5198 abhinc
701 5143 913 5197 meritis
942 5143 1162 5216 dignam
1201 5143 1500 5199 incurrisse
1525 5142 1764 5208 ruinam,

270 5231 508 5302 Carptus
546 5239 601 5286 et
631 5231 750 5302 ipse
779 5247 1042 5303 sacraque
1074 5231 1322 5301 abjectus
1351 5232 1504 5298 sede,
1543 5230 1789 5286 tenebris

271 5321 528 5378 Carceris
557 5323 820 5395 injicitur,
853 5323 1163 5395 vinclisque
1196 5323 1495 5380 innectitur
1523 5323 1675 5390 atris,

1903 4149 1959 4217 D
1987 4138 2048 4193 Et
2068 4134 2394 4191 suﬁocatum
2423 4127 2595 4185 crudo
2621 4123 2820 4197 premit
2845 4119 2983 4174 ultio
3013 4117 3182 4172 letho.

2059 4229 2181 4283 Post
2206 4227 2354 4281 hunc
2383 4223 2505 4277 luce
2527 4217 2681 4274 brevi
2705 4213 2935 4270 Romani
2964 4208 3213 4282 regmina
3241 4211 3489 4278 surgunt.

1983 4322 2246 4388 Quattuor
2276 4315 2420 4370 haud
2433 4314 2628 4385 plenos
2646 4316 2884 4364 tractans
2913 4304 2958 4358 is
2976 4301 3220 4358 culmina
3248 4310 3490 4360 menses,

1983 4414 2204 4469 Ethere
2243 4407 2545 4478 suscipitur
2577 4422 2591 4470 ;
2623 4401 2850 4456 meritos
2879 4395 3107 4452 sortitus
3133 4393 3374 4446 honores

2057 4505 2172 4569 Quo
2202 4508 2358 4571 rapto
2389 4497 2642 4552 breviore
2672 4491 2822 4547 subit
2843 4487 3060 4560 fastigia
3099 4490 3246 4540 sorte

1986 4602 2228 4656 Dilectus
2248 4598 2396 4652 clero
2432 4590 2772 4655 Theodorus,
2809 4584 2959 4656 pacis
2983 4581 3212 4637 amicus.

1991 4693 2248 4747 Bissenos
2277 4687 2344 4722 ³0⁷
2369 4687 2612 4740 Romana
2641 4680 2763 4736 dies
2793 4676 2886 4749 qui
2911 4675 3037 4744 jura
3065 4670 3383 4744 gubernans

1992 4784 2220 4840 Sobrius
2242 4788 2297 4837 et
2325 4786 2532 4843 castus,
2564 4773 2739 4845 patria
2767 4768 3012 4825 bonitate
3034 4763 3291 4829 refertus,

1993 4876 2136 4931 Vixit
2164 4873 2502 4946 pauperibus
2532 4865 2634 4922 dif?
2633 4881 2764 4920 usus
2786 4867 2998 4917 amator
3024 4865 3079 4914 et
3101 4857 3260 4911 altor.

1998 4972 2094 5026 Hic
2125 4969 2387 5040 populum
2416 4964 2604 5021 docuit
2629 4964 2961 5017 connectere
2991 4952 3211 5010 vincula
3242 4949 3414 5020 pacis.

1996 5066 2170 5135 Atque
2199 5060 2514 5116 sacerdotes
2548 5051 2810 5111 concordi
2851 5049 2947 5104 ubi
2969 5045 3150 5116 junxit
3179 5043 3408 5135 honore,
3445 5064 3454 5074 κ

1996 5127 2132 5207 Dum
2160 5148 2396 5221 propriis
2427 5153 2648 5201 revocat
2677 5141 2948 5196 dissectos
2968 5127 3367 5221 sedibuspipse

1998 5215 2364 5311 Complacitus
2387 5234 2596 5307 rapitur
2623 5231 2844 5288 decreta
2882 5225 3013 5282 sede
3044 5215 3332 5276 locandus.

1375 5484 1638 5540 GLOSS/E
1677 5482 2101 5540 MARGINALES
2139 5478 2540 5538 MABILLONII.

351 5607 423 5642 ³⁰⁶
452 5608 710 5665 electum.
733 5608 804 5644 ³⁰⁶
833 5609 918 5664 sit.
954 5608 1022 5644 ³0⁷
1061 5626 1134 5666 an
1171 5610 1259 5665 bis
1284 5610 1476 5667 denos.
