3994 6148
184 278 283 335 333
783 266 864 322 DE
907 264 1163 320 CHRISTI
1204 253 1566 315 'I‘IlIUMPHIS
1606 254 1777 310 APUD
1822 251 2087 308 ITALIAM
2131 250 2313 309 LIBRI
2355 253 2491 310 XIV.
2537 288 2606 297 ——
2652 258 2780 316 LIB.
2824 262 2965 318 XIII.

682 446 1181 537 INCIPIT
1269 441 1672 528 LIBER
1760 432 2372 523 DECIMUS
2454 438 3083 532 TERTIUS.

1598 593 1805 649 CAPUT
1854 588 2145 645 PRIMUM.

1000 707 1077 765 De
1102 703 1330 763 sanctis
1374 699 1692 772 Theodoro,
1726 697 1996 766 Acontio,
2030 691 2313 753 Seruuto
2348 703 2400 752 et
2428 695 2759 760 Januario.

190 848 315 917 Quis
337 858 630 903 numerare
661 845 831 914 queat
848 839 1050 912 quibus
1091 837 1363 892 illustrata
1392 831 1687 904 triumphis

195 940 362 993 Roma
393 935 532 989 nitet
563 929 785 996 Christi,
818 928 949 982 dum
982 942 1085 982 nec
1122 920 1401 998 magnalia
1427 920 1570 976 Petri

193 1031 349 1083 Gesta
388 1028 554 1081 domo
586 1039 648 1077 se
678 1020 974 1091 complecti
1010 1017 1247 1073 valuisse
1287 1014 1536 1088 resignet

195 1117 511 1191 Gregorius,
544 1114 631 1169 vel
658 1112 945 1183 proposito
977 1110 1262 1164 discedere
1295 1114 1518 1172 cuncto,

196 1212 324 1277 Quis
355 1208 623 1280 supplere
656 1211 813 1276 putet
844 1219 904 1257 se
939 1218 1100 1274 posse
1140 1200 1290 1273 quod
1324 1198 1417 1254 ille
1448 1195 1717 1271 negavit?

198 1299 458 1372 Nunquid
481 1296 810 1352 Theodorus
851 1294 1183 1348 famulorum
1222 1307 1450 1347 cernere
1481 1289 1632 1345 solus

196 1395 434 1451 Visentis
461 1392 673 1447 vultum
708 1387 923 1445 Domini
953 1403 1258 1459 vocemque
1295 1384 1575 1458 loquentis

198 1492 335 1541 Aure
364 1481 526 1554 sequi
556 1481 783 1555 dignus,
815 1479 973 1547 cujus
1000 1494 1060 1532 se
1090 1478 1283 1532 Petrus
1310 1477 1509 1531 adesse

201 1571 453 1628 Servitiis
484 1570 674 1642 patula
705 1575 1030 1639 praesentem
1061 1567 1185 1622 luce
1213 1566 1475 1637 probaret

204 1660 365 1716 Solus
394 1675 465 1713 an
499 1656 788 1728 obsequiis
818 1655 1049 1711 devotus
1076 1654 1336 1710 Acontius
1355 1654 1475 1723 ejus

206 1750 423 1805 Vixerat
452 1746 711 1803 Ecclesiae
743 1762 909 1817 quem
940 1746 1170 1819 dignum
1200 1745 1438 1815 pandere
1478 1743 1654 1818 signis

207 1840 441 1893 Duceret
470 1853 536 1891 ac
568 1852 665 1907 per
693 1851 820 1889 eum
845 1833 1149 1906 paralytica
1179 1834 1425 1888 membra
1455 1833 1634 1889 levare
1668 1833 1696 1886 Τ

209 1929 335 1983 Visa
359 1928 448 1984 vel
482 1929 601 1981 haec
630 1933 841 1981 tantum
884 1941 1006 1997 quae
1034 1924 1207 1999 digna
1233 1924 1404 1979 salute
1443 1924 1631 1996 puella

212 2021 487 2077 anibus
517 2028 612 2076 aut
641 2020 697 2074 in
718 2018 1035 2090 apostolicis
1068 2018 1305 2074 tolerare
1330 2017 1571 2074 laborem

1838 839 1895 909 Α
1918 825 2247 899 Languoris
2282 827 2446 882 novit
2478 830 2796 900 patienter?
2821 836 3082 892 Servulus
3106 851 3247 889 unus

1923 918 2126 972 Rerum
2168 911 2394 981 opibus
2422 933 2633 988 pauper
2662 923 2973 978 meritorum
3003 938 3228 976 munere
3260 923 3432 992 dives,

1925 1011 2133 1081 Largus
2167 1011 2234 1058 et
2283 1005 2566 1083 indignus,
2597 1013 2713 1066 sola
2733 1016 2937 1085 pietate
2966 1013 3154 1067 virilis.

1927 1099 1990 1153 Et
2017 1093 2231 1151 studiis
2268 1093 2442 1165 fortis,
2473 1098 2764 1156 Dominum
2797 1103 3022 1156 laudare
3055 1100 3243 1156 dolore

1926 1189 2151 1247 Obsitus
2178 1186 2500 1263 invigilans,
2536 1191 2695 1259 cujus
2723 1191 2992 1264 patientia
3022 1190 3189 1246 caelos

1925 1274 2214 1339 Exsultare
2244 1281 2390 1350 facit,
2420 1284 2579 1354 queis
2607 1284 2797 1340 dedita
2815 1286 2944 1338 dum
2977 1284 3110 1352 petit
3130 1293 3276 1341 astra

1926 1377 2080 1431 Mens
2110 1374 2206 1446 pia
2234 1375 2477 1430 etnlestis
2499 1377 2709 1449 spargit
2742 1375 3040 1446 fragrantia
3069 1385 3209 1433 tecta

1930 1471 2080 1527 Hanc
2114 1471 2473 1542 paradysiaco
2496 1469 2848 1540 depromens
2874 1481 3090 1529 nectare
3121 1473 3358 1532 functam
3379 1474 3408 1530 ?

1929 1566 2171 1622 Solusve
2199 1575 2403 1638 martyr
2434 1565 2643 1635 templa
2672 1564 2983 1624 Januarius

1930 1656 2089 1710 Vetat
2124 1655 2402 1728 inquinari
2433 1654 2751 1710 criminoso
2792 1653 3003 1725 funere.

1931 1744 2155 1799 Mutare
2184 1745 2382 1800 vellera
2406 1750 2596 1799 suetus
2622 1750 2689 1797 ut
2724 1743 3012 1807 coloribus

1938 1831 2162 1888 Ardere
2194 1849 2254 1889 se
2273 1834 2544 1889 clamante
2583 1830 2720 1885 dire
2770 1836 2968 1907 spiritu

1944 1928 2371 1999 Propelleretur
2397 1945 2427 1985 e
2452 1928 2623 1984 sacris
2659 1926 2990 1997 miserrime
3010 1942 3039 1996 ‘P

1736 2120 1942 2175 CAPUT
1990 2120 2056 2176 II.

577 2226 657 2285 De
685 2227 909 2285 sanctis
947 2224 1286 2294 Deusdedit,
1332 2224 1650 2297 Victorino,
1684 2224 2020 2298 Anastasio,
2054 2225 2401 2303 Redempta,
2435 2224 2633 2299 Galla,
2675 2223 2945 2293 Romula
2976 2234 3030 2295 et
3058 2240 3241 2303 Mosa.

210 2340 544 2416 Relligionis
588 2355 732 2411 opus
760 2339 980 2395 solusne
1012 2338 1303 2409 probabile
1332 2337 1515 2392 Romae

212 2433 467 2488 Patrarat
489 2438 641 2486 vates
656 2431 882 2499 jamjam
916 2445 1083 2500 quem
1115 2428 1298 2483 visere
1324 2428 1527 2484 iturum

216 2523 480 2579 Ezechiel
511 2521 816 2592 Danielque
842 2521 1035 2593 legunt
1065 2521 1295 2591 notique
1318 2525 1625 2589 patescunt,

216 2615 321 2669 Ille
351 2609 679 2676 Deusdedit,
714 2615 810 2664 aut
839 2616 991 2663 sutor
1021 2608 1110 2664 cui
1141 2608 1371 2663 sabbata
1402 2610 1578 2664 solum

217 2707 514 2765 Edificare
536 2706 786 2771 domum,
820 2703 1199 2773 fabricamque
1222 2703 1518 2758 extendere
1538 2703 1681 2768 visu,

218 2796 466 2852 Ornatus
494 2792 685 2863 operis
714 2791 899 2864 dignis
925 2790 1208 2862 aequantia
1235 2790 1391 2844 factis
1420 2791 1450 2843 τ

220 2890 333 2944 Aut
362 2887 679 2943 Victorinus
706 2886 835 2941 lavit
867 2885 1009 2940 bene
1041 2883 1276 2940 crimina
1306 2883 1457 2939 solus

224 2983 498 3045 Fletibus,
532 2989 595 3036 ut
622 2981 921 3036 commissa
938 2980 1031 3052 pio
1061 2978 1335 3034 solamine
1358 2977 1575 3034 functus

226 3075 509 3131 Gauderet
534 3074 710 3128 laxata
750 3072 879 3137 sibi,
920 3072 1133 3145 fulgore
1163 3070 1407 3126 vibratus

231 3169 353 3232 Quo
384 3170 788 3220 monstraretur
811 3163 1027 3218 meritis
1056 3161 1303 3217 caruisse
1325 3161 1569 3216 tenebris
1584 3160 1613 3215 ?

232 3255 426 3310 Militis
452 3270 522 3308 an
556 3261 765 3308 tantum
789 3253 955 3308 unius
984 3250 1230 3308 Romana
1260 3251 1541 3321 probatur

239 3348 390 3401 Intra
412 3352 590 3400 castra
620 3345 796 3412 labor,
830 3345 1075 3416 placidas
1104 3349 1163 3398 ut
1192 3342 1373 3397 visere
1396 3343 1558 3398 sedes

240 3435 323 3490 Sit
353 3435 611 3500 meritus,
638 3434 789 3489 solus
806 3433 1096 3503 visumque
1126 3430 1333 3486 referre
1366 3430 1602 3486 nitorem

243 3525 467 3580 Gallave
495 3525 725 3597 patricio
747 3524 995 3580 renitens
1024 3523 1273 3597 genitore
1303 3532 1563 3589 venusta,

246 3614 511 3668 Pratduce
528 3614 625 3669 sed
652 3613 837 3679 Petro,
858 3626 1178 3682 sponsoque
1201 3611 1483 3666 venustior
1503 3611 1613 3665 alto
1629 3609 1659 3663 ‘I

245 3708 339 3763 Vel
370 3724 514 3779 puer
542 3707 804 3762 armentis
830 3703 1116 3761 studiosus
1149 3704 1542 3776 simplicitatis,

248 3802 418 3867 Quem
449 3802 532 3856 vis
560 3815 735 3871 prona
761 3797 1128 3873 deditxcmlis,
1161 3797 1435 3869 terrisque
1469 3798 1780 3863 remissum,

1769 3927 1975 3984 CAPUT
2021 3928 2112 3983 III.

1874 2346 1925 2412 Β
1952 2339 2084 2395 lei
2120 2340 2456 2411 discipulum
2490 2341 2808 2415 linguarum
2839 2347 2988 2403 dona
3021 2355 3347 2427 probarunt,

1954 2429 2328 2502 Prtedictique
2359 2430 2547 2486 obitus
2574 2446 2701 2486 mox
2733 2431 2932 2490 funera
2966 2440 3135 2495 verba
3164 2456 3371 2506 secuta.

1952 2518 2233 2591 Numquid
2261 2521 2598 2587 Anastasius,
2629 2520 2824 2577 blandi
2854 2541 2944 2579 res
2976 2543 3187 2597 ponere
3219 2541 3411 2596 mundi

1954 2612 2229 2665 Strenuus
2257 2612 2513 2667 inventus
2552 2613 2815 2669 Romanis
2843 2617 3066 2673 arcibus
3105 2638 3269 2695 unus,

1955 2703 2171 2758 Scrinia
2203 2704 2506 2772 dimittens,
2539 2706 2633 2777 qui
2673 2713 2853 2761 castra
2873 2714 3182 2769 monastica
3213 2717 3366 2791 legit,

1957 2795 2346 2867 Emeritusque
2378 2796 2520 2866 polis
2548 2796 2759 2852 accitur
2784 2813 2921 2868 rupe
2950 2811 3202 2870 vocatus,

1957 2884 2190 2956 Moxque
2221 2886 2461 2939 secuturi
2487 2876 2786 2941 recitantur
2814 2886 2872 2940 in
2912 2888 3110 2945 ordine
3134 2892 3347 2963 fratres,

1959 2974 2230 3029 Obtentus
2259 2974 2515 3045 precibus
2544 2968 2649 3028 nec
2667 2990 2801 3029 voce
2842 2983 3062 3032 notatus
3086 2982 3341 3038 amicus?

1959 3068 2063 3120 Aut
2092 3082 2216 3120 cum
2248 3065 2539 3137 discipulis
2568 3067 2732 3121 vitam
2759 3085 3010 3138 praecone
3032 3072 3197 3128 beato

1962 3154 2190 3229 Dignam
2231 3154 2496 3230 Gregorio
2528 3155 2713 3210 Roma:
2733 3157 2845 3230 egit
2874 3159 2990 3214 sola
3023 3142 3346 3234 Redempta,

3470 262 3574 341 334

1964 3242 2162 3296 Mentis
2189 3244 2403 3298 honore
2432 3244 2635 3309 nitens,
2663 3254 2716 3298 et
2747 3246 3047 3304 hirundine
3079 3251 3246 3324 digna
3275 3253 3534 3327 magistra
3566 3258 3594 3311 ?

1975 3329 2206 3385 Romula
2236 3332 2556 3385 cmlicorum
2585 3333 2857 3389 solamine
2888 3337 3006 3391 sola
3035 3339 3205 3394 levari

1974 3421 2206 3475 Lumine
2239 3420 2481 3487 lustrari,
2514 3422 2723 3478 caelesti
2754 3435 2976 3481 nectare
3008 3429 3180 3498 pasci,

1972 3513 2246 3571 Ethereis
2266 3512 2421 3587 fungi
2444 3514 2711 3585 exequiis,
2738 3523 2793 3571 et
2814 3517 2933 3573 luce
2962 3534 3205 3590 superna

1970 3609 2119 3664 Mosa
2158 3610 2325 3665 Probi
2354 3623 2510 3663 soror
2529 3614 2621 3661 aut
2647 3608 2862 3678 superis
2889 3609 3006 3666 sola
3031 3620 3157 3683 apta
3178 3613 3394 3669 choreis

1971 3704 2190 3769 Ascisci,
2227 3702 2497 3778 genitrice
2528 3702 2621 3756 Dei
2651 3703 2862 3759 visente
2901 3707 3085 3762 vocari

1975 3791 2191 3847 [nstitui
2231 3791 2476 3854 monitis,
2511 3791 2737 3863 ipsaque
2777 3801 3001 3863 petente
3033 3797 3230 3853 resolvi
3261 3797 3291 3851 ?

631 4040 705 4098 De
730 4038 961 4099 sanctis
994 4036 1371 4095 diversorum
1403 4033 1669 4092 locorum
1695 4027 1719 4090 Ι
1737 4028 1915 4105 (alia,
1949 4028 2255 4087 Honorato
2283 4028 2528 4097 scilicet,
2563 4025 2854 4087 Libertina
2887 4036 2942 4087 et
2972 4026 3216 4087 caeteris.

249 4181 318 4236 At
346 4179 479 4235 dum
512 4177 754 4250 Gregorii
783 4175 1102 4233 venerando
1133 4179 1371 4247 syrmate
1403 4178 1649 4244 prompta

254 4272 528 4328 Claudere
548 4269 885 4326 carminibus
924 4267 1162 4323 modulis
1184 4264 1378 4319 diffusa
1409 4263 1580 4337 ligare

256 4361 443 4416 Conor
481 4359 703 4414 adortus
732 4358 835 4412 iter
865 4363 975 4411 tam
1015 4356 1245 4421 celsum,
1279 4361 1386 4407 tam
1413 4352 1545 4423 juga
1575 4359 1813 4421 tentans,

255 4453 453 4508 Ardua
473 4449 703 4507 convexi
733 4464 927 4505 vereor
955 4448 1279 4518 contingere
1309 4443 1453 4506 clivi,

260 4545 421 4600 Prata
436 4546 599 4599 beata
628 4542 895 4613 datosque
922 4555 1022 4611 per
1047 4538 1247 4608 inclyta
1276 4535 1524 4611 gramina
1555 4534 1719 4589 ﬂores

261 4639 566 4713 Squalidus
596 4636 828 4708 impuris
858 4633 1141 4705 trepidans
1167 4632 1472 4702 irrumpere
1500 4629 1672 4683 rivis.‘

260 4736 371 4791 Sed
399 4735 446 4789 si
475 4734 642 4789 ﬂante
670 4732 767 4787 Dei
800 4737 1019 4787 currant
1044 4726 1340 4799 spiramine
1365 4724 1529 4796 lapsi,

261 4831 486 4886 eEthere
516 4827 777 4883 dulciﬂuo
807 4824 1026 4899 purgari
1054 4838 1252 4894 spurca
1281 4821 1568 4882 valebunt,

262 4927 521 4997 Ipsaeque
549 4921 787 4978 aureolis
812 4920 973 4976 stilla:
994 4922 1282 4973 comentur
1310 4914 1493 4970 arenis

262 5018 382 5081 Quo
414 5024 599 5070 tamen
630 5013 747 5068 haec
772 5011 980 5066 aditum
1013 5018 1121 5064 tam
1150 5008 1273 5062 laeta
1298 5006 1472 5060 vireta
1503 5002 1712 5075 petenti

264 5105 601 5162 Ausoniaene
633 5117 825 5157 means
855 5117 955 5172 per
982 5114 1130 5164 rura,
1164 5114 1263 5168 per
1282 5094 1488 5166 Oppida
1509 5109 1750 5166 quaeram

268 5200 496 5274 Ignotos
525 5201 752 5269 nutante
778 5193 932 5248 sinus
956 5192 1231 5266 attingere
1261 5189 1428 5249 ﬂexu,

268 5291 349 5345 An
377 5289 596 5343 sincera
634 5284 804 5357 patris
832 5282 1071 5338 lustrans
1091 5278 1321 5355 vestigia
1348 5276 1483 5332 tanti

272 5378 602 5438 Summatim
634 5378 873 5434 recolam
905 5374 1183 5450 tangendo
1212 5372 1384 5427 relata
1401 5368 1648 5442 profuse,

1984 4166 2272 4237 Proposito
2292 4168 2492 4239 culpet,
2522 4168 2749 4224 strictim
2780 4169 3025 4225 libentur
3053 4171 3256 4241 opima.

1984 4255 2179 4310 Divino
2218 4257 2305 4310 vel
2340 4257 2671 4311 Honoratum
2696 4256 2999 4327 spiramine
3030 4258 3249 4314 doctum

1988 4345 2345 4416 Linquemus,
2377 4345 2617 4400 caalestis
2647 4363 2802 4401 amor
2827 4348 2916 4402 cui
2945 4348 3134 4403 cmlica
3166 4351 3358 4419 suasit,

1987 4436 2270 4508 [Equoreaa
2310 4435 2549 4489 samnite
2580 4435 2751 4506 dapes
2773 4437 2859 4491 cui
2890 4455 3027 4509 rupe
3057 4447 3350 4510 parantur:

1988 4528 2277 4582 Multorum
2309 4536 2466 4598 pater
2504 4528 2770 4583 almorum
2789 4531 2884 4601 qui
2916 4533 3118 4587 vertice
3151 4540 3391 4605 ruptam,

1989 4620 2192 4675 Saxoso
2221 4618 2605 4674 latere-lubrici
2635 4637 2733 4691 per
2761 4637 2932 4692 prona
2961 4633 3209 4678 ruentem

1993 4710 2148 4775 Fixit,
2181 4718 2236 4764 et
2265 4709 2320 4763 in
2358 4708 2549 4763 Christi
2580 4713 2869 4782 suspendit
2900 4714 3126 4769 nomine
3155 4716 3380 4786 molem,

1990 4797 2239 4868 Eripiens
2260 4797 2476 4865 cellam,
2508 4797 2701 4854 fratres
2730 4801 2880 4855 necis
2912 4802 3113 4874 impete
3143 4799 3388 4862 servans.

1989 4891 2126 4945 Num
2159 4890 2501 4945 Libertiuum
2537 4899 2744 4947 taceam
2775 4894 2868 4964 qui
2900 4897 3110 4952 assecla
3136 4898 3389 4955 Honorati

1991 4979 2238 5035 Doctoris
2259 4980 2468 5035 meritis
2490 4979 2695 5035 effulsit
2724 4990 2779 5038 et
2809 4983 2928 5054 ipse
2960 4985 3178 5054 beatus,

1992 5067 2373 5142 Prodigiisque
2400 5068 2611 5124 micans
2662 5070 2911 5142 dejectus
2940 5092 3084 5147 equo
3118 5077 3287 5151 ﬂagra
3323 5077 3603 5149 quondam

1994 5162 2129 5215 Dum
2164 5162 2285 5233 pius
2324 5161 2586 5232 impertit,
2618 5162 2835 5221 facilem
2860 5167 2912 5221 vi
2942 5168 3216 5237 prtestruit
3243 5184 3459 5224 amnem

1997 5254 2253 5318 Siderea,’
2272 5251 2448 5307 tunsis
2475 5252 2781 5325 lymphanti
2811 5256 2958 5310 caede
2991 5255 3217 5310 caballis

2001 5341 2342 5406 Praedonum,
2369 5356 2695 5414 ponensque
2724 5360 2903 5410 suum,
2931 5344 3023 5397 dat
3048 5358 3256 5414 ponere
3271 5354 3499 5402 cunctos

272 5429 602 5438 --------—----—
1001 5429 1034 5450 υ
1401 5429 1416 5442 ,
1635 5429 1645 5435 ,

272 5473 411 5529 Nota
437 5469 613 5544 magis
655 5464 829 5524 menti
876 5480 1141 5521 revocans
1174 5478 1339 5535 quam
1383 5467 1526 5515 tecta
1555 5457 1770 5531 resigna

1970 5432 2133 5527 ’Dum
2164 5429 2358 5501 recipit
2386 5431 2577 5500 recipi,
2619 5433 2874 5487 mulctata
2904 5431 3098 5486 sedilia
3127 5439 3366 5503 praestat,

1997 5526 2258 5547 n_-__.-‘:,.
2296 5532 2341 5547 ,.
2371 5535 2549 5547 __-.___
2588 5526 2713 5547 ημ.
2764 5525 3096 5547 -ι,,ι--ς.,,---
3130 5526 3366 5547 ,.ι,..1-..-

276 5563 549 5620 Fluminis
582 5560 839 5618 immensi
870 5559 996 5632 quis
1024 5556 1273 5613 derivare
1303 5559 1520 5628 meatus

274 5658 407 5713 Tam
430 5655 607 5712 valeat
634 5663 814 5713 vastos
831 5653 860 5707 'l’
890 5654 962 5708 Ac
1000 5667 1071 5706 ne
1102 5665 1201 5721 per
1220 5647 1379 5720 plura
1400 5658 1628 5718 negasse

1997 5526 2262 5597 Pauperis
2292 5532 2346 5580 et
2371 5535 2555 5581 votum
2587 5526 2736 5599 ligat,
2760 5525 3101 5597 absolvitun
3129 5526 3464 5602 phalanges:

1998 5619 2089 5675 Sic
2116 5619 2281 5676 etiam
2304 5619 2539 5675 Francos
2562 5620 2761 5690 praedae
2785 5618 2993 5676 fervore
3024 5616 3272 5675 furentes
