4002 6124
506 306 611 363 835
1264 294 1629 351 FLODOARDI
1670 291 1974 348 CANONlCl
2016 288 2348 346 REMENSIS
2386 285 2722 342 OPUSCULA
2759 281 3071 338 METRICA.
3733 284 3828 340 836

509 438 796 494 Involvens
827 429 1070 487 tenebris
1109 431 1432 497 praesentem
1465 422 1674 476 visibus
1713 418 1906 475 abdit?
2146 426 2194 490 Α
2222 416 2530 488 Discipulos
2559 413 2807 468 celebres
2836 410 3085 465 miranda
3113 409 3167 463 in
3193 409 3331 464 facta
3352 410 3696 480 relinquens,

506 530 641 596 Quid
668 541 896 598 puerum
916 522 1023 576 luci
1042 520 1402 583 subtractum,
1423 524 1593 569 matre
1617 519 1902 584 querente,
2221 509 2458 572 Quorum
2489 505 2659 559 multa
2691 504 2860 557 latent
2882 517 3112 572 Operum
3147 501 3460 556 veneranda
3488 502 3727 571 piorum,

505 595 733 689 Vimque
758 615 990 677 ferente,
1025 609 1378 664 reformatum
1402 605 1637 674 vitaeque
1667 602 1975 662 reductum,

1929 616 1975 662 η,
2219 603 2346 667 Quae
2385 600 2542 654 ducis
2573 597 2755 653 eximii
2790 612 3045 666 pressere
3065 596 3283 650 silentia
3315 595 3509 660 nobis;

503 687 715 765 Attactu
746 706 932 779 caliga:
972 699 1214 756 doctoris
1244 702 1531 751 stemmate
1563 693 1684 748 latae
1711 691 1738 744 ?
2219 695 2281 748 At
2312 709 2421 747 non
2455 692 2596 746 furta
2621 701 2818 746 vacant
2847 690 3082 754 olerum,
3110 689 3454 759 memorique
3482 687 3737 742 renident

506 808 670 875 Cujus
702 800 957 858 Honorati
985 794 1316 851 Libertinive
1348 793 1589 846 leremus

2221 787 2402 841 Laude
2432 792 2655 850 retecta,
2680 785 2773 838 Dei
2806 783 2911 837 sub
2953 785 3164 839 honore
3203 783 3500 837 celebriter
3526 791 3666 844 acta.

509 874 637 964 Hoc,
658 895 870 951 meritis
898 891 1026 946 fidei
1057 888 1284 943 annisus
1312 884 1410 939 sed
1433 880 1623 936 matris
1651 885 1901 949 uterque.
2222 877 2475 932 Gramine
2497 877 2743 942 Servate,
2776 891 2974 946 prenso
2994 891 3196 950 angue,
3228 881 3415 928 tuente
3446 874 3683 938 latrone,

507 962 676 1059 Hujus
705 987 850 1042 celsa
879 983 977 1036 viri
1010 980 1183 1052 signis
1222 974 1487 1047 patientia
1517 971 1732 1046 magnis
2222 965 2522 1037 Suppliciis
2548 965 2715 1036 digno
2745 962 3084 1018 cruciatibus
3118 965 3274 1018 hoste
3304 965 3506 1029 soluto,

507 1053 757 1146 Effertur,
790 1073 1231 1146 correptorisque
1256 1068 1516 1143 magistra
1543 1061 1810 1136 magistri,
2223 1057 2438 1127 Spebus
2467 1055 2643 1110 solato
2675 1055 2915 1118 blandis,
2947 1063 3002 1108 et
3027 1070 3254 1109 munere
3282 1053 3415 1109 foto.

1999 1205 2207 1260 CAPUT
2261 1206 2342 1258 ιν.

1065 1349 1141 1409 De
1168 1347 1392 1407 sanctis
1431 1341 1698 1417 Equitio,
1737 1336 2104 1406 Constantio,
2138 1334 2510 1406 Marcellino,
2543 1333 2821 1393 Nomtoso
2851 1343 2903 1392 et
2936 1334 3264 1406 Boni/acto.

505 1517 642 1583 Quid
675 1513 907 1570 referam
953 1507 1226 1580 Equitium
1259 1500 1471 1557 cmlesti
1511 1503 1773 1569 operante
1794 1492 2097 1564 spadonem
2217 1489 2475 1559 Temptor
2489 1497 2543 1544 et
2578 1491 2695 1560 ipse
2724 1490 2800 1544 tui
2825 1496 3154 1558 temptorum
3190 1497 3246 1542 et
3268 1495 3454 1561 gratus
3482 1488 3695 1542 amicus

504 1610 786 1680 Chirurgo,
811 1605 1084 1674 castisque
1103 1599 1235 1654 viris
1265 1596 1510 1666 ipsisque
1536 1591 1735 1662 puellis
2221 1583 2446 1655 Magnus
2477 1584 2720 1638 mirificis
2751 1591 2804 1637 et
2832 1583 3254 1637 mansuetudine
3288 1584 3479 1653 major,

503 1671 814 1761 DuetorEm,
843 1671 1157 1758 sanctisque
1182 1687 1284 1739 viae
1315 1684 1436 1737 sine
1461 1698 1610 1736 more
1642 1679 1986 1752 magistrum,
2221 1675 2348 1739 Quae
2379 1673 2477 1726 tibi
2506 1673 2837 1738 Marcelline,
2871 1672 3037 1726 feram
3071 1671 3364 1742 praeconia,
3402 1673 3626 1742 praesul,

503 1788 824 1856 Vergentem
864 1796 924 1833 se
955 1777 1105 1838 imis,
1137 1782 1352 1828 mentes
1389 1771 1458 1824 ad
1481 1769 1627 1824 celsa
1654 1768 1948 1831 levantem,
2148 1819 2193 1856 Ω
2220 1763 2482 1816 Virtutem
2515 1761 2780 1833 languore
2810 1762 3012 1815 sedens
3038 1767 3262 1831 operate
3293 1760 3532 1826 virilem,

513 1819 595 1841 vus
643 1819 824 1839 ειιιυ...
864 1819 924 1833 συ
958 1819 1105 1838 ...μη
1141 1819 1350 1828 ...--.--ν-
1391 1819 1458 1824 __
1683 1819 1692 1821 -
1723 1819 1726 1820 ν
1938 1819 1947 1831 ,
2609 1819 2641 1833 ν
3077 1819 3089 1831 _
3519 1819 3530 1826 1

504 1819 848 1938 (ὶιιὶἥοθηθιιε
878 1867 1007 1920 dum
1038 1870 1215 1916 vectat
1252 1875 1384 1915 oves
1411 1858 1477 1912 ad
1511 1857 1653 1911 ovile
1686 1869 2010 1924 supernum,
2147 1819 2197 1885 Β
2222 1854 2379 1918 Dum,
2413 1853 2617 1907 fractus
2640 1853 2899 1925 podagra,
2922 1851 3263 1905 flammarum
3296 1851 3494 1906 robora
3521 1849 3762 1922 frangis?

503 1964 820 2034 Suscipiens
850 1959 1057 2030 plures,
1089 1955 1254 2009 etiam
1279 1968 1440 2023 quem
1475 1950 1724 2003 daemone
1755 1948 1974 2017 plenum
2223 1943 2388 2008 Queis
2417 1944 2579 1998 etiam
2613 1944 2899 2014 expediam
2937 1943 3233 2014 tranquille
3264 1943 3400 1996 dura
3430 1943 3696 1997 ferentem

507 2031 679 2113 Corde
710 2053 863 2108 videt
881 2051 1134 2104 Satanam
1166 2045 1408 2099 vocitans
1431 2055 1710 2096 assumere
1741 2045 1892 2110 paret
1924 2056 1937 2100 ;
2222 2033 2541 2088 Nonnosum
2570 2031 2740 2086 titulis
2779 2039 3091 2102 aequantem
3123 2032 3262 2086 facta
3291 2032 3530 2101 priorum

501 2147 674 2216 thue
705 2141 972 2214 probetur
988 2152 1149 2207 opus,
1181 2133 1328 2204 capit
1360 2131 1499 2185 intra
1529 2137 1687 2198 septa
1717 2127 2007 2192 latronem,
2223 2127 2541 2200 Magnorum
2571 2127 2663 2181 ille
2688 2134 2900 2197 patrum
2933 2125 3127 2199 gestis,
3160 2127 3287 2180 dum
3323 2137 3593 2196 praparat
3623 2127 3816 2180 bonum

502 2237 639 2290 Dum
669 2237 898 2287 vexatur
920 2227 1308 2282 ovis‘tentante
1342 2221 1457 2292 lupi
1484 2221 1688 2289 impete
1717 2222 1988 2270 mentem:
2224 2221 2352 2274 Acta
2379 2221 2523 2276 mole
2555 2222 2743 2291 procul
2775 2221 2948 2292 rupis,
2977 2227 3218 2276 sectatur
3243 2221 3503 2274 Achivum

503 2324 616 2389 Quo
643 2319 806 2376 simul
837 2319 1016 2386 eiecto
1046 2312 1261 2386 laqueis
1299 2309 1553 2365 evellitur
1573 2322 1734 2378 agna.
2225 2311 2548 2384 Gregorium
2579 2319 2828 2366 sanctum
2854 2329 2868 2376 ;
2909 2311 3141 2366 solidata
3171 2311 3423 2381 lampade
3451 2311 3604 2377 vitri,

503 2419 613 2473 Nec
637 2417 864 2490 longum
907 2411 1034 2466 fidei
1068 2409 1188 2464 zelo
1217 2406 1302 2461 fur
1325 2405 1568 2475 carpitur
1598 2403 1744 2474 igne,
2226 2402 2496 2457 Donatum
2526 2420 2540 2465 ;
2570 2402 2829 2473 repplens
2853 2402 2962 2457 olei
2987 2417 3154 2473 parvo
3181 2403 3426 2474 unguine
3457 2419 3585 2457 vasa

503 2509 602 2572 Qui
627 2505 855 2579 magicis
885 2502 1078 2556 cellam
1100 2516 1160 2554 se
1185 2497 1543 2568 suspendisse
1574 2493 1892 2563 frequenter
2223 2493 2428 2548 Cuncta
2458 2494 2776 2548 monasterii
2797 2494 2956 2567 signo
2987 2494 3195 2548 helisea
3222 2495 3496 2564 rependit.

503 2595 726 2651 Rettulit
759 2591 978 2664 Equitii,
1007 2589 1246 2644 valuisse
1265 2603 1328 2641 ac
1358 2585 1556 2640 laedere
1583 2583 1814 2637 nullum.

2220 2586 2325 2639 Sed
2359 2601 2537 2656 neque
2569 2586 2824 2640 dissimili
2854 2586 3052 2640 renitet
3085 2584 3400 2640 Bonifacius
3431 2593 3552 2640 actu

501 2687 610 2740 Nec
639 2685 820 2738 minus
847 2681 1160 2750 absorptam
1192 2677 1414 2732 lactuca:
1441 2673 1671 2742 dapsilis
1698 2673 1860 2724 hamo
2222 2680 2315 2734 me
2344 2680 2663 2734 Fet-eminus
2693 2680 2784 2750 qui
2821 2687 3143 2750 paupertate
3171 2679 3418 2734 feracem

504 2777 652 2832 Fruit
676 2776 734 2847 [f.
765 2771 978 2842 Eximit]
1010 2767 1241 2824 aathneis
1271 2764 1513 2836 absorpti
1547 2761 1802 2816 faucibus
1827 2758 2058 2847 anguis1
2221 2768 2487 2823 Attollens
2519 2768 2763 2822 animum
2799 2784 3087 2838 pressuras
3114 2768 3255 2822 inter
3281 2776 3336 2822 et
3364 2777 3503 2822 acta.

502 2843 814 2934 Increpanti
838 2862 900 2932 [Ι.
934 2856 1199 2928 Poscenti]
1225 2868 1530 2924 causasque
1559 2851 1758 2914 aditus,
1782 2849 2012 2902 horrore
2036 2843 2117 2898 fe-
2221 2856 2353 2908 Dum
2378 2856 2610 2910 Domino
2627 2863 2808 2930 grates
2834 2855 3124 2925 dispendia
3149 2855 3377 2909 reddere
3409 2855 3560 2909 ηονίι

501 2955 599 3020 Qui
629 2953 816 3024 superi
859 2951 1002 3004 ferro
1035 2947 1233 3002 medici
1271 2947 1476 3015 plectro
1509 2942 1621 2996 oris
1652 2939 1846 2994 adacto
1927 2934 2118 3006 [rentis
2220 2947 2444 3020 Exiguis
2467 2947 2628 3002 sums
2654 2947 2977 3017 apothecam
3011 2954 3066 3000 ει
3095 2945 3239 3000 dona
3269 2947 3443 3016 replet

504 3043 680 3099 Verbo
706 3041 800 3095 Dei
830 3039 1056 3108 capiens
1078 3037 1265 3104 jussus
1292 3047 1585 3104 ΡΓοΡθΓειΓθ
1617 3030 1850 3102 rigatum
2223 3035 2457 3106 Ipsaque
2486 3035 2576 3090 vix
2615 3035 2798 3089 infusa
2827 3049 2978 3088 mero
3008 3035 3127 3088 sola
3163 3050 3392 3088 munere
3412 3042 3701 3106 spargunt.

503 3136 680 3191 lmbre
707 3129 930 3188 salutari
955 3127 1194 3182 sitientis
1211 3132 1434 3195 pectora
1464 3121 1642 3193 plebis
2150 3187 2190 3208 η
2221 3129 2348 3192 Quae
2378 3137 2563 3184 custos
2581 3129 2754 3183 animi
2778 3127 3102 3198 prohibens,
3129 3143 3187 3182 se
3211 3128 3265 3182 in
3298 3143 3552 3198 corpore,
3587 3129 3764 3197 pandi.

502 3229 636 3283 Dum
663 3224 862 3298 satagit
885 3221 1057 3297 galeis
1084 3219 1296 3273 animas
1333 3216 1552 3286 pietatis
1581 3218 1811 3267 onustus
2145 3192 2193 3254 (λ
2225 3218 2530 3274 Barbaricis
2561 3233 2782 3289 quoque
2823 3217 2951 3271 vina
2981 3217 3112 3272 viris
3145 3218 3198 3270 in
3223 3233 3349 3270 vase
3373 3217 3578 3288 pusillo

504 3318 718 3374 Lucrari
741 3314 992 3379 Domino,
1024 3311 1177 3366 vicos
1206 3315 1260 3364 ει
1284 3316 1463 3364 castra
1493 3320 1817 3378 peragrans,
2225 3310 2484 3365 Crescere
2513 3309 2643 3364 dum
2667 3316 2906 3380 praestat,
2938 3309 3088 3363 nasci
3121 3309 3213 3362 dat
3243 3308 3296 3361 in
3328 3308 3522 3362 usibus
3548 3309 3827 3373 haustum;

504 3408 757 3480 Corporis
787 3406 1039 3474 abjeetus
1070 3401 1258 3472 specie
1278 3399 1376 3454 sed
1405 3406 1587 3453 mente
1617 3403 1904 3461 venustus,
2224 3400 2480 3472 Cymbala
2508 3399 2832 3456 concutiens
2864 3400 3167 3470 laudesque
3197 3415 3264 3453 ex
3295 3415 3392 3453 ore
3424 3398 3571 3454 beati

504 3498 816 3569 Subripitur
841 3510 1000 3566 papae
1031 3505 1339 3562 praeconem
1375 3489 1495 3560 lege
1524 3485 1886 3558 premendum

2225 3497 2595 3558 Praeveniens,
2636 3495 2831 3550 Christi
2863 3495 3188 3565 plectendus
3212 3495 3401 3563 judice
3422 3512 3667 3560 summo,

503 3593 764 3648 Censurae
793 3587 1034 3660 subigat,
1069 3583 1346 3654 tantisque
1385 3586 1636 3636 coerceat
1667 3578 1834 3642 ausis,

2223 3585 2562 3643 Praminitur.
2592 3585 2822 3656 quaesita
2850 3587 3047 3656 planus
3074 3584 3268 3639 solatia
3300 3593 3508 3640 nactus.

500 3681 730 3736 Mittitur
758 3677 1021 3739 ascitum;
1064 3678 1346 3728 mutantur
1375 3670 1543 3726 corda
1574 3675 1854 3739 petentum
2221 3677 2397 3730 Aurea
2423 3692 2688 3747 perpesso
2719 3677 2964 3748 arguitur
2989 3676 3121 3730 dum
3154 3676 3356 3730 damna
3385 3685 3616 3748 nepote,

499 3770 728 3825 Pectora
756 3773 1033 3822 tantorum
1066 3761 1256 3817 inculti
1289 3758 1580 3832 ρτεεεθηιίδ
1608 3765 1808 3821 ῐθῐτθῐῖ
2220 3765 2397 3819 Aurea
2426 3765 2578 3820 lucra
2605 3764 2792 3830 refert,
2835 3764 2980 3818 canit
3007 3764 3176 3817 ardua
3201 3765 3402 3818 damna
3433 3767 3661 3835 nepoti:

501 3862 758 3936 Arguitur
786 3857 988 3930 praesul
1017 3856 1274 3927 visusque
1303 3853 1529 3908 horrore
1555 3851 1800 3906 vibratur
2218 3853 2486 3910 Culminis
2511 3871 2644 3911 auro
2671 3854 2923 3910 affectatu
2952 3863 3264 3910 removetur
3293 3856 3517 3909 honore.

500 3951 637 4019 Quid
669 3951 894 4007 Domini
925 3955 1084 4004 vexet
1115 3947 1400 4011 famulum,
1426 3945 1731 4016 rapidoque
1761 3943 1944 3997 volatu
2217 3946 2355 4010 Quin
2398 3963 2593 4017 parere
2623 3933 2729 4000 sibi
2760 3947 2972 4001 ratione
2995 3946 3238 4001 carentia
3264 3962 3487 4018 cOgens,

499 4043 673 4098 Seeda
695 4048 840 4096 meat
869 4037 1172 4109 prohibens
1191 4036 1313 4098 iter,
1345 4035 1584 4106 implens
1605 4031 1810 4088 famina
1835 4031 1973 4086 vatis
2220 4036 2409 4091 Erucis
2439 4044 2640 4092 tectum
2667 4037 2867 4106 juratis
2895 4037 3096 4091 liberat
3121 4039 3362 4092 hortum.

444 4115 455 4126 ’
500 4135 733 4189 Invitum
758 4141 922 4203 atque
953 4130 1292 4184 latiscentem
1334 4141 1629 4201 properare
1661 4124 1954 4180 monentis.
2217 4127 2328 4182 Nec
2349 4128 2600 4182 miranda
2639 4129 2778 4183 adeo
2810 4144 2932 4199 quae
2963 4128 3162 4202 dignus
3193 4130 3404 4184 honore
3430 4132 3695 4186 sacerdos

499 4225 703 4280 Vixerit
733 4224 824 4278 hic
845 4221 1024 4294 qualis
1052 4226 1322 4277 testantur
1353 4218 1494 4272 mira
1523 4217 1782 4286 sepulcri.

2218 4223 2474 4291 Gesserit,
2509 4229 2630 4278 acta
2656 4223 2877 4294 quidem
2909 4238 3079 4293 puero
3109 4223 3155 4276 si
3184 4232 3365 4278 mente
3397 4223 3694 4288 librentur,

499 4315 770 4371 Ruricolae
790 4330 915 4368 arca
939 4310 1298 4382 supersidens
1325 4309 1376 4362 vi
1411 4307 1647 4363 turbinis
1675 4314 1794 4362 acta
2215 4313 2750 4388 ornanteindignos,
2784 4330 2910 4368 sese
2943 4314 3186 4368 nudante
3217 4313 3560 4385 frequenter,

498 4407 671 4475 Atque
697 4403 919 4473 repulsa
961 4397 1185 4470 procul;
1227 4397 1457 4468 querula
1483 4395 1564 4450 sic
1593 4395 1720 4449 dum
1771 4395 1898 4449 terit
1931 4395 2188 4479 hostesn
2218 4406 2418 4461 Horrea
2452 4403 2607 4479 fruge
2635 4405 2759 4458 dum
2777 4404 3002 4471 sanctis,
3027 4405 3293 4459 exhausta
3320 4406 3565 4476 rapinis;

497 4493 640 4549 V008
669 4491 976 4557 ιδεεεεῖίυε,
1009 4487 1148 4560 ιεςίι
1179 4485 1596 4561 δοδίίηεὲῐηίηθ
1627 4501 1843 4551 vernas,
2131 4485 2190 4521 υ
2213 4499 2400 4554 Matris
2429 4514 2749 4570 compassus
2770 4498 3025 4570 lacrymis
3054 4515 3215 4570 prece
3246 4501 3420 4571 replet
3445 4501 3660 4572 Opima,

498 4580 928 4650 Praesidiumque
957 4577 1138 4633 ferens
1167 4585 1345 4632 servat
1376 4575 1644 4630 tutamine
1675 4575 1893 4630 multos.
2213 4590 2329 4655 Quo
2360 4598 2518 4661 raptu
2546 4605 2768 4662 quoque
2797 4589 3030 4662 gallinas
3055 4597 3220 4662 atque
3248 4591 3412 4661 eripit
3441 4592 3623 4658 hoste,

498 4670 729 4725 Narcissi
753 4668 954 4739 pariter
977 4666 1248 4723 constanti
1275 4665 1396 4720 luce
1427 4664 1663 4754 renidet,
1816 4753 1846 4754 Π
2213 4683 2475 4738 plectitur
2503 4691 2726 4754 “mpm
2758 4683 2959 4754 mpm},
2988 4683 3278 4754 vulpecula
3311 4685 3519 4754 praeda.

499 4757 782 4814 lllustrans
799 4757 909 4812 olei
938 4757 1055 4812 vice
1078 4755 1282 4827 templa
1319 4752 1680 4828 ﬂagrantibus
1717 4753 1900 4807 undis.
2212 4776 2331 4832 Non
2361 4752 2659 4847 spernet)“;
2690 4775 2799 4831 Deo
2821 4752 2880 4829 in
2903 4752 3148 4830 minim'is
3176 4752 3370 4830 audii.e
3397 4776 3659 4832 clientem

2007 4935 2215 4992 CAPUT
2263 4934 2322 4988 V.

1677 5065 1756 5124 De
1777 5073 1983 5126 sancto
2018 5065 2348 5125 Fortunato
2379 5064 2664 5141 episcopo.

494 5215 606 5272 Nec
626 5213 906 5272 Fortunati
935 5209 1243 5270 Tudertinae
1283 5215 1402 5266 acta
1426 5209 1641 5266 silenda
2213 5208 2422 5283 Degere
2452 5212 2716 5262 secretam
2744 5205 3005 5277 prohibet
3026 5205 3389 5278 thalamisque
3417 5212 3692 5262 remotam
3721 5223 3732 5257 :

493 5311 748 5366 Prmsulis
768 5309 968 5384 insigni
989 5309 1250 5364 virtutum
1283 5307 1403 5361 luce
1425 5306 1684 5370 cluentis,
2211 5300 2517 5354 Audentem
2548 5298 2778 5354 Domino
2798 5299 3124 5354 sacrandum
3156 5299 3463 5369 irrumpere
3495 5299 3764 5370 templum

491 5400 588 5466 Qui
619 5415 780 5471 prece
804 5398 1075 5455 subnixus
1105 5395 1328 5454 hostilia
1356 5411 1503 5466 saepe
1532 5394 1757 5469 fugabat
2212 5387 2459 5458 Martyris
2478 5387 2714 5442 adventu
2743 5387 2986 5443 vindicta
3016 5403 3210 5443 severa
3239 5394 3484 5450 coercet;

488 5490 720 5565 Agmina
749 5489 1068 5561 spirituum,
1097 5501 1306 5542 cuneos
1336 5484 1562 5542 horrore
1591 5480 1834 5538 subactis
2210 5481 2379 5546 Quam
2411 5482 2563 5537 nisus
2593 5489 2778 5556 tegere
2809 5480 3085 5553 abripitur
3120 5487 3326 5536 tutator
3352 5481 3421 5535 ab
3452 5496 3662 5556 angue,

489 5575 723 5633 Sedibus
743 5575 1073 5643 exturbant;
1114 5573 1291 5631 sensit
1319 5571 1580 5648 suﬁragia
1608 5577 1782 5642 nupta
2206 5572 2534 5630 Thessalicis
2571 5573 2789 5629 addicta
2816 5571 2976 5627 malis
3003 5571 3253 5645 legiones
3282 5571 3534 5643 Chelydri

491 5663 699 5722 Carnea
718 5681 883 5738 quam
909 5681 1184 5736 superans
1209 5678 1318 5720 una
1340 5663 1471 5720 dum
1505 5668 1664 5719 nocte
1691 5660 1963 5731 voluptas,
2210 5662 2514 5733 lmpetitur,
2549 5661 2833 5733 nimioque
2863 5659 3105 5718 fremens
3134 5661 3452 5718 incenditur
3475 5669 3619 5715 aestu
3646 5679 3659 5713 :
