3994 6132
269 258 379 315 837
863 258 944 311 DE
983 256 1241 311 CHRISTI
1281 256 1645 312 TRIUMPHIS
1686 258 1858 312 APUD
1899 258 2163 315 ITALIAM
2205 260 2382 316 LIBRI
2421 263 2530 318 XIV
2594 295 2661 306 -—-
2702 266 2827 322 LIB.
2867 267 3006 324 XIII.
3506 275 3613 333 838

272 375 523 430 Confessi
557 375 777 430 tandem
809 375 1089 448 genitores
1117 376 1350 431 crimina
1375 379 1572 448 culpae,
1919 381 1968 450 Α
1997 380 2124 436 Post
2152 396 2302 438 coxas
2327 385 2570 440 attritum
2600 387 2762 462 rigidi
2787 391 3042 446 contritio
3071 393 3255 448 cordis
3286 413 3302 460 ;

273 462 526 519 Pontiﬁci
548 464 773 529 sistunt,
810 464 1117 534 rabidoque
1145 464 1334 520 labore
1364 467 1592 520 levatam
1997 469 2251 541 Corporis
2289 483 2343 530 et
2374 476 2533 546 plexu
2573 478 2724 534 durae
2753 482 2985 538 monitio
3017 485 3218 540 mentis
3237 503 3250 540 ε

270 553 389 640 ῌεο
425 553 647 626 longum
678 559 802 622 post
841 552 1172 640 incolumem
1201 555 1575 626 mundamque
1602 555 1888 610 reducunt.
1991 557 2150 613 Jussa
2191 563 2504 632 patrocinii,
2527 565 2683 621 velox
2706 569 2962 625 solidatio
2994 572 3251 640 membri,

274 639 526 733 IIospitio
551 639 762 708 ejectus
784 640 960 733 privat
980 639 1111 694 dum
1131 641 1297 733 prole~
1315 649 1596 733 parentem
1995 649 2226 723 Moxque
2254 662 2442 710 secuta
2459 655 2628 725 salus,
2651 668 2885 732 actoque
2910 662 3100 718 dolore
3121 639 3360 733 medela,

275 729 397 784 Non
429 730 570 784 bene
593 736 914 784 tractantem
947 728 1094 784 bona
1124 727 1371 800 perfidus
1401 731 1606 802 hospes
1635 739 1822 802 aperte
1995 737 2262 810 Expertus
2301 758 2522 816 quoque
2554 727 2840 803 Marcellus
2868 749 2936 804 de
2963 760 3145 807 mone
3165 727 3429 811 ι-θάιιοίυε

276 819 433 915 Band
453 818 852 915 admittendum
882 825 1033 915 notat
1059 820 1165 874 hoc
1181 835 1424 915 censore
1457 819 1726 915 fugatum.
1995 827 2124 899 Ejus
2150 831 2208 885 in
2234 833 2476 890 adventu
2506 837 2727 893 decreta
2756 840 3251 915 sedilialinquens,

276 908 509 962 Lumina
546 907 822 962 damnatis
850 907 1153 962 redhibens
1181 908 1271 962 hic
1297 925 1440 979 papa
1471 908 1748 977 fenestris,
1996 918 2141 974 Voce
2171 920 2276 975 levi
2308 923 2534 978 rediens
2566 942 2580 978 :
2611 925 2773 994 hujus
2802 929 2936 999 quid
2968 907 3094 985 vota
3122 907 3409 990 valerem}

275 999 499 1094 Eripuit!
518 1014 741 1094 quoque
758 999 1002 1094 depulso
1021 999 1273 1067 jumenta
1303 999 1512 1094 furore,
1998 1007 2063 1061 At
2096 1007 2426 1065 Fortunatus
2452 1011 2628 1068 fuerat
2657 1030 2759 1070 ceu
2787 1031 3018 1087 corpore
3047 1019 3258 1094 degens

274 1091 344 1146 Et
372 1091 643 1163 quidquid
659 1091 817 1162 petiit
840 1092 1101 1147 comitata
1131 1099 1216 1146 est
1246 1093 1386 1147 actio
1427 1108 1656 1163 compos
1685 1112 1699 1159 ;
1998 1099 2251 1174 lEgrotos
2280 1103 2478 1159 solitus
2516 1121 2729 1176 curare,
2761 1107 3049 1165 absolvere
3081 1091 3274 1180 nexos,

276 1184 558 1256 Approbat
576 1199 700 1240 orsa
721 1183 901 1251 Gothi,
934 1191 1252 1254 contempto
1283 1192 1459 1254 patre,
1489 1184 1649 1239 ruina
2000 1189 2210 1246 Pellere
2234 1193 2558 1265 perniciem,
2583 1213 2685 1253 nec
2705 1197 2888 1256 adhuc
2909 1210 3032 1272 post
3049 1200 3245 1259 funera
3270 1215 3468 1264 cessat.
3503 1258 3516 1271 ,

1795 1314 2005 1374 CAPUT
2042 1321 2107 1376 Vl

1451 1416 1532 1476 De
1556 1420 1783 1478 sanctis
1811 1420 2102 1497 Martyrio
2133 1433 2186 1483 et
2212 1424 2449 1486 Severo.

281 1554 482 1611 Extulit
503 1561 557 1609 et
576 1560 824 1610 sanctum
847 1552 1164 1608 veneranda
1183 1553 1400 1608 Valeria
1438 1562 1655 1643 patrem
2001 1557 2266 1629 Repperit
2293 1567 2351 1615 ut
2373 1561 2647 1631 functum,
2679 1564 2889 1636 plangit
2920 1568 3071 1622 necis
3091 1580 3261 1643 utque
3293 1579 3504 1628 reatum

278 1645 627 1735 Martyrium,
647 1643 838 1735 prunis
867 1658 1064 1713 panem
1086 1649 1312 1735 tectum,
1345 1649 1513 1735 atque
1537 1642 1719 1698 favilla
2000 1647 2200 1720 Sicque
2227 1651 2413 1706 datum
2455 1655 2710 1726 lacrymis
2743 1659 2939 1730 recipit
2967 1642 3232 1734 tetrisque
3262 1664 3610 1735 redemptum

277 1736 383 1801 Qui
413 1736 571 1810 signo
601 1734 731 1788 tidei
774 1749 883 1788 non
913 1741 1058 1788 tactu
1086 1733 1316 1806 insignit
1344 1733 1537 1788 adacto
1920 1793 1967 1814 η
1999 1738 2322 1811 Suppliciis,
2361 1760 2525 1814 quem
2568 1747 2697 1801 dum
2729 1750 2944 1806 modica
2967 1733 3240 1808 tristarier
3271 1755 3402 1809 hora

283 1793 323 1801 __
462 1793 495 1810 υ
1198 1793 1231 1806 υ
2050 1793 2093 1810 κ,
2366 1793 2524 1814 1"---
2571 1793 2697 1801 η.-.
2729 1793 2944 1806 ....,...V..
2970 1793 3228 1808 .............
3271 1793 3402 1809 ην...

278 1831 500 1899 Hacque
531 1827 874 1882 sacerdotem
909 1825 1210 1895 accipimus
1241 1824 1470 1897 regione
1503 1825 1764 1880 Severum
1920 1793 1970 1860 Β
2000 1833 2150 1888 llaud
2170 1837 2370 1905 patitur
2407 1837 2648 1896 Christus
2677 1861 2694 1907 ;
2723 1844 2968 1900 redivivo
2999 1847 3067 1900 ad
3100 1856 3226 1902 vola
3254 1849 3470 1918 patroni

279 1920 556 1974 Enituisse
587 1917 778 1989 probis
808 1917 960 1971 mirae
977 1916 1199 1987 pietatis
1229 1923 1284 1970 et
1309 1916 1466 1983 actis,

1997 1924 2150 1980 Flere
2189 1927 2280 1981 dat
2308 1944 2616 1997 excessum,
2651 1932 2732 1988 sic
2754 1943 2933 1990 terrea
2964 1937 3210 2008 linquere
3241 1916 3443 2006 laetum,

279 2013 500 2086 Egrum
543 2012 651 2066 ﬁne
673 2011 858 2083 operis
883 2012 1085 2066 vetitus
1114 2010 1209 2082 qui
1231 2010 1412 2066 visere
1442 2010 1666 2066 tardans
1997 2012 2243 2069 Fletibus
2271 2022 2326 2070 et
2347 2019 2587 2088 propriis
2610 2020 2780 2076 lotum
2811 2030 2868 2078 et
2900 2025 3163 2097 plangore
3191 2027 3376 2083 Severi

1774 2134 1983 2192 CAPUT
2022 2138 2133 2194 VII.

1108 2242 1182 2300 De
1210 2239 1508 2299 sacerdote
1541 2241 1651 2316 qui
1679 2238 2000 2317 defunctus
2024 2240 2224 2318 furem
2256 2243 2461 2303 vinxit
2489 2247 2785 2322 sepulcro.

285 2380 459 2445 Quam
487 2379 664 2452 viguit
692 2376 915 2451 dignus,
944 2393 1106 2449 quam
1139 2377 1302 2432 claris
1339 2377 1555 2432 actibus
1584 2378 1726 2433 altus
2006 2375 2067 2430 Et
2097 2375 2191 2447 qui
2215 2383 2370 2447 rapta
2390 2377 2600 2433 vehens
2623 2378 2862 2435 vincitur
2895 2381 3020 2450 jure
3049 2383 3262 2452 latenti,

287 2471 568 2526 Laudibus
596 2471 697 2524 hac
725 2469 940 2525 Domini
967 2469 1183 2540 pollens
1216 2469 1446 2543 regione
1474 2470 1734 2526 sacerdos
2005 2465 2171 2521 Fasce
2201 2467 2381 2538 palam
2417 2469 2620 2538 posito,
2653 2478 2942 2540 praestatur
2965 2490 3196 2549 pergere
3239 2478 3398 2532 liber.

284 2562 388 2628 Qui
421 2561 637 2616 functus
665 2561 837 2615 furem
867 2561 1039 2615 vinxit
1063 2560 1366 2614 tumulatus
1395 2567 1619 2616 euntem
2004 2557 2092 2612 Sic
2119 2558 2284 2613 etiam
2315 2559 2674 2615 Praenestinis
2705 2561 2760 2615 in
2790 2565 3072 2620 montibus
3105 2567 3197 2622 ille

282 2653 469 2707 Mirari
500 2653 744 2727 gaudent
767 2652 900 2707 socii
930 2651 1224 2723 splendore
1255 2651 1526 2726 magistri,
2006 2648 2072 2704 Ut
2097 2650 2226 2704 vixit
2258 2658 2412 2722 pater
2437 2652 2695 2726 egregius
2720 2653 2812 2709 dat
2840 2671 3067 2712 cernere
3095 2659 3333 2715 functus.

282 2747 490 2802 Vivens
520 2747 614 2818 qui
646 2745 788 2800 alma
807 2746 988 2811 docet,
1017 2744 1311 2799 defunctus
1368 2744 1509 2799 furta
1539 2751 1760 2800 coercet
1816 2744 1830 2798 l
2004 2741 2269 2797 Mirantur
2295 2745 2444 2816 gnati
2476 2746 2635 2814 cujus
2664 2747 2792 2802 data
2816 2758 2982 2819 pacta
3001 2751 3227 2821 sepulti,

286 2835 400 2889 Fur
429 2835 562 2888 vivis
591 2840 844 2889 metuens
872 2833 1023 2888 cerni
1065 2833 1287 2887 tabente
1318 2831 1518 2906 ligatur
1853 2830 1877 2848 ‘
2005 2831 2104 2897 Qui
2130 2833 2276 2904 quod
2292 2833 2465 2890 ﬂabra
2493 2837 2716 2892 trahens
2735 2840 2993 2908 spondet,
3008 2841 3310 2898 tumulatus
3329 2844 3617 2917 adimplet,

288 2925 504 2978 Ponere
537 2938 638 2978 nec
660 2924 804 2994 potis
827 2932 912 2978 est
937 2923 1322 2994 praedam,nec
1351 2923 1494 2977 ferre
1527 2929 1796 2977 retentam
1867 2922 1876 2930 '
2006 2921 2300 2992 Depositus
2319 2923 2653 2994 deponendo
2686 2927 2805 2981 loca
2820 2928 3180 2996 ceditamico,
3648 2930 3652 2932 ’

288 3013 442 3068 Vivis
468 3013 598 3068 dum
628 3013 862 3084 stupidis
889 3012 1184 3067 adhibetur
1210 3011 1406 3067 funere
1440 3027 1633 3079 nexus,
2009 3010 2316 3066 Admittens
2344 3012 2572 3067 charum
2601 3022 2754 3084 parta
2782 3015 2913 3070 olim
2942 3017 3079 3072 cede
3118 3018 3386 3086 sodalem,

289 3101 516 3169 Aﬂ’erat,
542 3119 610 3157 an
633 3103 806 3174 rapiat
835 3103 1138 3170 dubitatur,
1169 3103 1418 3174 pondere
1448 3109 1682 3158 onustus
1713 3120 1728 3168 ;
1950 3170 1985 3178 Α
2012 3103 2088 3157 Ad
2118 3118 2307 3159 vocem
2336 3105 2572 3176 queruli,
2603 3106 2733 3161 dum
2763 3123 2823 3162 se
2861 3115 3055 3178 aptant
3081 3111 3328 3167 membra
3359 3112 3548 3168 soluti.

291 3198 432 3251 Dum
463 3197 672 3252 crimen
701 3195 881 3252 fassus
912 3195 1172 3267 precibus
1201 3196 1362 3251 datur
1391 3195 1472 3250 ire
1492 3194 1731 3264 solutus,
1939 3170 1989 3240 Ο

1766 3321 1977 3379 CAPUT
2022 3322 2161 3377 VIII.

1210 3429 1288 3490 De
1314 3436 1518 3490 sancto
1549 3427 1861 3488 Benedicto
1892 3436 1946 3487 et
1968 3429 2184 3488 multis
2212 3429 2343 3504 ejus
2370 3432 2710 3493 miraculis.

367 3568 550 3623 Laude
583 3567 694 3638 poli
724 3565 952 3638 dignum
1008 3563 1223 3619 meritis
1248 3578 1416 3633 super
1458 3562 1663 3617 aethera
1694 3565 1907 3625 notum,
2011 3560 2377 3633 Pastoresque
2397 3562 2452 3616 in
2483 3578 2616 3620 oves
2632 3563 2822 3620 mutati
2853 3565 3020 3621 corda
3040 3564 3240 3633 ferina,

288 3662 545 3732 Syrmate
576 3657 822 3733 Gregorii
865 3655 1168 3727 lepidoque
1189 3653 1472 3710 volumine
1498 3654 1732 3719 cultum,
2084 3653 2195 3709 Nec
2225 3661 2405 3709 tamen
2466 3656 2569 3712 hac
2613 3664 2855 3713 tentator
2909 3659 3081 3725 abest,
3125 3659 3484 3732 refugamque
3542 3660 3625 3717 la-

291 3754 411 3818 Qua
440 3750 716 3806 celebrem
747 3749 932 3804 stolidi
963 3747 1320 3802 Benedictum
1354 3744 1518 3800 laude
1547 3743 1790 3800 feremus
1813 3743 1841 3798 τ
3372 3753 3558 3823 [cessit

290 3847 522 3902 Climata
549 3862 648 3916 per
677 3844 867 3900 mundi
893 3849 1090 3898 cuncto
1120 3840 1453 3896 venerabilis
1472 3839 1593 3895 orbi
2019 3834 2255 3908 Flagitii,
2279 3834 2603 3908 facibusque
2627 3837 2879 3894 libidinis
2899 3855 3061 3894 usere
3094 3839 3345 3894 membra

294 3936 399 4002 Qui
432 3935 654 3990 radians
679 3932 875 3988 Christi
906 3946 1116 3986 cuneos
1141 3929 1207 3964 ιιι
1241 3931 1309 3984 ad
1337 3929 1521 3984 sidera
1545 3929 1732 3984 mittit.
2017 3922 2338 3978 Mortiﬁcata
2369 3933 2544 3995 parat,
2577 3926 2788 3981 viscum
2818 3927 3160 4000 laqueosque
3189 3929 3456 3984 columbae
3485 3928 3500 3938 ί
3573 3991 3582 3994 _

293 4026 396 4091 Qui
430 4040 569 4096 puer
593 4023 700 4078 alta
728 4022 941 4094 legens,
977 4019 1108 4074 vicit
1132 4017 1332 4089 probra
1352 4017 1519 4072 corde
1551 4016 1713 4071 senili
1738 4033 1753 4081 ;
2018 4010 2270 4068 Culmina
2299 4023 2655 4088 transgressae
2684 4017 3076 4089 mundanaque
3106 4034 3231 4072 arce
3262 4019 3492 4089 relapsae

295 4119 437 4173 Dum
459 4115 652 4170 mundi
678 4113 845 4168 ﬂores
873 4120 934 4167 ut
959 4110 1202 4182 pulveris
1230 4109 1383 4164 arida
1413 4109 1650 4167 calcans.
2017 4102 2142 4157 Ales
2168 4119 2322 4158 avem
2353 4105 2509 4178 nigra
2554 4105 2825 4160 candente
2851 4106 2921 4140 ³¹⁴
2955 4107 3096 4178 petit
3140 4107 3388 4178 improba
3416 4108 3629 4174 mitem,

293 4206 665 4278 Splendorem
697 4201 920 4275 generis
950 4198 1145 4254 tumidi
1178 4213 1302 4252 cum
1334 4197 1455 4252 luce
1478 4195 1685 4266 leporis
2015 4191 2173 4247 Tetra
2198 4209 2414 4250 venena
2439 4196 2635 4250 animae
2649 4195 2998 4270 nigrantibus
3025 4196 3218 4250 incutit
3247 4195 3349 4251 alis
3383 4213 3396 4250 :

293 4299 542 4370 Spernit,
573 4304 628 4352 et
652 4296 892 4350 incultus
915 4290 1355 4363 sapienterculta
1386 4289 1727 4361 relinquens.
2019 4290 2124 4345 Sed
2156 4291 2334 4346 crucis
2364 4291 2430 4345 ad
2472 4291 2688 4365 signum
2716 4307 2917 4346 vacuas
2949 4290 3186 4345 discedit
3217 4291 3271 4344 in
3295 4307 3473 4345 auras.

293 4391 492 4445 Rebus
515 4405 638 4443 cum
656 4387 854 4442 studiis
868 4383 992 4440 caeli
1014 4382 1151 4454 petit
1179 4382 1350 4436 ardua
1375 4381 1577 4435 missis.
2026 4381 2226 4437 Pectus
2257 4382 2604 4451 inexpertum
2629 4381 2971 4436 ﬂammarum
3000 4380 3147 4448 jacta
3172 4379 3403 4452 fatigant

293 4482 448 4553 (201)
482 4482 709 4552 Quoque
739 4479 1127 4547 animo,quam
1157 4480 1343 4528 mente
1367 4473 1458 4543 pia
1473 4472 1542 4506 ³¹²
1565 4471 1763 4542 probat
1779 4472 1922 4527 actio
2023 4471 2264 4542 Spicula,
2291 4481 2346 4524 et
2382 4471 2668 4526 obsessam
2705 4470 2866 4523 vallat
2896 4469 2978 4524 vis
3003 4469 3163 4540 ignea
3191 4477 3453 4529 mentem.

1655 4559 1848 4633 [388%,
1936 4599 1994 4666 D
2025 4566 2388 4636 lrrepensque
2417 4563 2616 4634 adytis,
2645 4562 2849 4632 patitur
2873 4562 2964 4616 vix
2994 4569 3218 4632 pectore
3249 4562 3436 4617 claudi

298 4663 538 4732 Ipsaque
568 4673 693 4713 mox
721 4664 878 4711 actus
905 4654 1068 4709 etiam
1098 4650 1403 4724 praeeuntia
1418 4650 1595 4724 signa,

2057 4671 2450 4727 ncrescensque
2479 4655 2670 4720 altum,
2701 4662 3122 4724 consumpserat
3150 4652 3340 4708 intima
3367 4669 3515 4726 gazae
3545 4654 3634 4721 ³³⁵,

298 4749 362 4803 Et
379 4747 617 4803 solidata
643 4743 924 4816 capisterii
950 4745 1186 4797 tractura
1199 4739 1386 4805 soluti,
2020 4750 2081 4804 Ni
2122 4754 2369 4804 servator
2407 4761 2574 4817 opum
2597 4745 2667 4780 ³¹⁶
2696 4743 2819 4799 coeli
2852 4752 3063 4800 secreta
3093 4745 3390 4815 petendum

299 4838 528 4894 Ventosi
559 4837 685 4910 fuga
709 4835 966 4901 rumoris,
994 4833 1288 4903 nutrixque
1304 4829 1514 4896 relicta,

2020 4839 2223 4895 lndens
2253 4836 2569 4900 consilium,
2594 4835 2838 4890 dextram
2871 4835 2975 4888 sub
3004 4849 3182 4908 agone
3209 4834 3451 4889 tulisset.

301 4931 568 4986 Secessus
592 4929 786 5000 eremi,
806 4927 1038 4998 soloque
1056 4923 1304 4979 habitata
1336 4938 1436 4994 per
1455 4935 1632 4976 annos

2019 4929 2156 4985 Dum
2182 4928 2434 5000 veprium
2460 4924 2699 4981 stimulis
2725 4923 3058 4980 cohibentur
3091 4925 3200 4980 tela
3229 4923 3447 4990 furoris,

297 5025 432 5080 Tres
459 5040 678 5096 specus,
708 5023 994 5095 impensus
1024 5018 1255 5075 Romani
1287 5016 1448 5089 panis
1479 5015 1697 5071 habena
1725 5014 1796 5051 ⁸η
1829 5032 1842 5069 :
2019 5017 2150 5092 Igne
2180 5016 2482 5072 urticarum
2510 5011 2742 5068 Veneris
2770 5011 3066 5084 depellitur
3092 5011 3262 5086 ignis,

301 5118 592 5189 Presbyter
605 5115 918 5172 admonitus
943 5113 1220 5186 paschalia
1243 5111 1474 5182 prandia
1499 5109 1666 5179 ferre,
2019 5109 2080 5165 Et
2100 5106 2247 5164 cedit
2273 5104 2494 5180 fugiens
2513 5108 2719 5158 mutata
2750 5101 2941 5158 dolore
2966 5101 3238 5172 voluptas.

1376 5271 1644 5326 GLOSSJE
1687 5270 2106 5326 MARGINALES
2147 5264 2554 5324 MABILLONII.

371 5387 436 5422 3“
498 5386 718 5460 agmina
771 5381 1182 5438 monachorum.
1241 5379 1311 5413 ³η
1365 5379 1482 5444 scil,
1540 5378 1679 5448 petit
1731 5377 1923 5432 ardua.
1956 5371 2223 5430 m'fune.
2279 5373 2424 5439 3"'f.
2458 5371 2635 5427 cauda
2690 5371 2758 5406 ³¹⁶
2812 5367 3032 5424 divitias
3089 5366 3296 5441 gratiae.
3355 5365 3425 5401 ³¹⁶
3455 5365 3621 5422 virtu-

305 5466 418 5514 tum
431 5500 444 5512 .
622 5475 630 5481 ·

1853 5547 2059 5603 NOTAE.

377 5659 522 5729 (201)
554 5657 688 5712 Vide
719 5657 772 5711 S.
807 5655 1151 5729 Gregorium,
1182 5651 1390 5723 Dialog.
1434 5652 1534 5708 lib.
1563 5668 1622 5718 ll,
1654 5665 1776 5721 cap.
1818 5649 1844 5703 ‘l
1869 5663 2027 5720 seqq.
