3994 6132
193 309 288 362 841
806 303 889 356 DE
928 300 1181 356 CHRISTI
1219 298 1583 355 TRIUMPIIIS
1624 296 1795 351 APUD
1836 294 2098 349 ITALIAM
2140 296 2315 351 LIBRI
2355 298 2483 352 XIV.
2525 330 2596 339 -—-
2624 299 2749 354 LIB.
2790 300 2928 356 XIII.
3428 303 3535 360 842

199 444 495 498 Instituens
514 456 708 505 unum,
740 438 1075 509 reliquorum
1110 444 1332 508 pectora
1363 442 1563 491 servat.

263 536 367 590 Ore
399 532 784 605 pusillanimes
822 530 1064 596 ﬁrmans,
1114 530 1478 602 relevansque
1529 534 1808 599 paventes,

195 625 356 681 Panis
384 630 439 679 et
458 622 738 697 indignos,
761 621 896 675 dum
926 620 1265 691 pollicitatur
1282 621 1487 690 opima,

199 716 525 772 Promissam
560 719 715 785 parat
744 712 961 768 occulto
988 711 1259 766 solamine
1291 710 1525 785 frugem,

194 807 635 876 Praedictumque
666 803 835 859 refert
864 819 1157 858 numerosa
1184 803 1331 857 fasce
1363 803 1613 857 levamen

264 893 581 951 Condendis
609 894 777 963 etiam
815 892 1056 964 quodam
1087 892 1245 963 quasi
1278 906 1500 947 carcere
1531 890 1674 945 liber

199 981 432 1051 Spiritus
461 981 769 1037 advolitans
792 980 988 1035 castris
1013 980 1103 1047 ³³⁸),
1127 981 1399 1051 promissa
1422 979 1676 1051 rependit

200 1068 476 1124 Fratribus
496 1068 795 1124 admonitis
822 1069 945 1124 visu
972 1070 1094 1124 loca
1122 1068 1413 1123 commoda
1439 1075 1675 1131 metans,

201 1163 566 1234 Dcpactaeque
587 1163 688 1217 viae
719 1162 842 1216 sine
872 1177 1102 1233 corpore
1119 1161 1307 1215 munia
1329 1161 1636 1232 complens.

265 1258 578 1325 Quinetiam
611 1258 759 1313 facili
790 1265 982 1312 sontes
1008 1272 1264 1312 sermone
1304 1256 1497 1332 ligare,

200 1348 427 1405 Solvere
448 1348 536 1404 vel
567 1347 777 1402 meritis
806 1348 1019 1402 animas
1047 1355 1334 1419 acceperat
1363 1346 1505 1402 altis.

198 1441 519 1515 Virginibus
540 1447 691 1496 notat
718 1441 772 1495 id
805 1441 1052 1512 querulis
1082 1441 1231 1495 illata
1260 1441 1532 1496 minarum

204 1531 386 1596 Paana,
409 1530 815 1601 sacrisquoque
844 1530 1085 1585 libandis
1110 1538 1335 1586 ostensa
1360 1531 1603 1602 repulsa,

206 1622 439 1677 Reddita
468 1621 746 1677 defunctis
765 1622 857 1692 pia
882 1622 1235 1694 participatio
1266 1623 1462 1690 Patris,

205 1713 336 1767 Dote
367 1712 728 1766 sacramentis
756 1711 945 1766 harum
975 1727 1073 1783 pro
1091 1727 1226 1783 pace
1258 1712 1426 1767 litata.

277 1801 434 1856 Haud
454 1818 615 1856 secus
629 1811 684 1855 et
707 1817 938 1871 puerum
962 1811 1125 1856 casta:
1148 1800 1439 1872 probitatis
1465 1801 1746 1856 alumnum

206 1894 395 1948 Visere
424 1894 677 1948 carnales
695 1893 868 1949 sancti
909 1894 1119 1965 absque
1158 1892 1344 1949 favore
1375 1901 1636 1965 parentes

201 1984 432 2049 Ausum,
476 1998 710 2054 moxque
740 1983 861 2038 neci
893 1983 1171 2037 addictum
1224 1992 1496 2056 terraeque
1526 1984 1769 2039 locatum
1803 2002 1817 2049 ;

195 2072 323 2126 Post
349 2079 569 2127 noctem
597 2088 767 2142 super
787 2072 1093 2139 inventum,
1122 2089 1418 2145 rursusque
1450 2082 1731 2145 repostum

196 2161 412 2216 Rursus
445 2169 499 2215 et
514 2162 774 2229 ejectum,
808 2162 938 2216 dum
959 2173 1303 2219 sacramenta
1332 2164 1538 2235 petitus

193 2250 410 2325 Allegat
440 2250 673 2316 tumulo,
700 2250 938 2322 positum
962 2252 1266 2307 consistere
1294 2260 1517 2323 prtestat

268 2343 448 2398 Invito
480 2358 702 2414 quoque
733 2343 1000 2398 dimissus
1039 2344 1272 2415 migrare
1297 2353 1550 2415 patrono,

198 2435 584 2506 Compellente
607 2435 847 2491 dracone
879 2437 1025 2492 redit
1051 2437 1194 2493 duce
1222 2438 1587 2509 callisiniqui.

195 2529 260 2582 Et
290 2544 461 2600 quem
493 2530 777 2583 ductorem
802 2529 1050 2584 tenebris
1078 2537 1319 2585 sectatur
1346 2539 1623 2602 opertum.

194 2620 414 2675 Exierat
439 2620 617 2675 Patris
642 2620 894 2688 obtentu,
924 2622 1052 2677 dum
1085 2623 1263 2678 cernit
1288 2630 1538 2694 apertum

197 2712 613 2778 lnsidiatorem,
641 2712 778 2782 petit
800 2714 960 2769 hoste
991 2720 1223 2789 urgente
1247 2715 1499 2770 salutem.

274 2800 423 2855 Labe
456 2801 812 2871 elepliantina
836 2819 1065 2873 puerum
1092 2805 1358 2877 sanieque
1393 2804 1657 2861 ﬂuentem

195 2902 526 2967 Advectum,
556 2900 723 2956 celeri
754 2901 914 2971 pulsa
942 2903 1035 2957 dat
1067 2903 1191 2959 tabe
1211 2904 1392 2959 saluti.

268 2992 483 3047 Fenore
504 2992 747 3049 devincti
780 2993 1180 3066 reddendoque
1209 3012 1318 3052 aere
1349 2998 1587 3053 carentis

193 3080 470 3153 Pauperis
498 3082 731 3157 anguori
760 3081 957 3138 solatia
986 3083 1133 3139 ferre
1174 3086 1397 3155 petitus,

200 3173 342 3228 Dum
375 3174 673 3230 miseretur
698 3189 885 3245 Opem,
918 3177 1094 3246 patria
1123 3177 1255 3233 dare
1286 3186 1470 3234 mente
1500 3190 1721 3250 paratus

197 3265 480 3332 Pondera,
515 3282 616 3321 nec
639 3275 841 3337 prmsto
874 3284 888 3331 ;
920 3266 1179 3339 suffragia
1204 3275 1333 3324 nota
1364 3270 1721 3342 frequentans

201 3354 432 3409 Obtinet
470 3361 691 3409 assueto
728 3355 956 3426 quaesita
988 3358 1305 3426 precamine
1335 3358 1500 3414 dona.

207 3448 447 3517 Insuper
482 3455 646 3518 atque
677 3462 885 3502 moram
913 3457 1237 3518 compensat
1262 3450 1417 3525 larga
1442 3452 1649 3507 datoris

207 3539 467 3605 Dextera,
497 3540 817 3611 pauperiem
841 3540 1114 3607 relevans,
1156 3548 1210 3596 et
1237 3542 1431 3621 debita.
1458 3545 1711 3615 pendens
1735 3545 1801 3580 ³³¹

282 3633 499 3688 Attactu
512 3630 729 3707 fugiunt
743 3632 938 3693 morbi.
965 3633 1196 3704 depulsa
1227 3635 1437 3690 recedit

205 3723 415 3787 Pestis,
432 3731 488 3778 et
506 3723 627 3794 ipse
657 3723 811 3779 color
828 3724 1062 3780 maculis
1089 3734 1355 3781 vacuatur
1396 3727 1689 3800 ademptis,

203 3814 437 3871 Miratus
464 3816 705 3871 celerem
735 3817 946 3886 stupuit
965 3818 1271 3889 sumpsisse
1300 3819 1595 3884 medelam,

203 3904 387 3975 Inque
415 3920 569 3958 suam
603 3903 837 3960 rediisse
861 3914 1060 3961 cutem.
1094 3907 1189 3961 Cui
1220 3916 1349 3978 pota
1378 3923 1612 3973 venena,

205 3993 425 4049 Pellere
456 3993 585 4048 dum
616 4000 899 4064 nequeunt
925 3994 1188 4062 animam,
1229 3996 1474 4051 candore
1504 3997 1737 4067 pudenti

205 4088 391 4157 Atque
416 4085 583 4156 leprae
604 4084 745 4141 facie
774 4085 1047 4142 fmdarant
1075 4087 1252 4141 lurida
1279 4087 1547 4153 membra,

210 4176 348 4240 Quae
381 4172 553 4230 decus
585 4175 842 4230 amissum
876 4183 1066 4232 sancto
1096 4182 1362 4232 tractante
1383 4186 1690 4233 resumunt.

286 4266 547 4336 Prompta
576 4281 773 4320 manus
802 4264 997 4339 largita
1017 4280 1160 4335 penu
1185 4277 1609 4335 consumpserat
1631 4283 1796 4324 omne
1822 4287 1834 4324 :

213 4357 318 4411 Vix
335 4358 448 4413 olei
479 4373 707 4428 parvum
739 4358 914 4414 vitreo
940 4360 1046 4414 sub
1073 4376 1205 4415 vase
1226 4361 1479 4417 relictum

220 4448 430 4504 Usibus
460 4447 683 4503 attribui
715 4448 986 4504 mandans
1015 4449 1273 4505 instantis
1299 4451 1484 4519 amici,

207 4538 301 4592 Nil
343 4537 590 4593 retinere
626 4543 802 4609 parat,
835 4539 966 4593 dum
995 4538 1143 4594 caelis
1170 4555 1419 4595 crescere
1444 4548 1619 4596 curat.

207 4629 625 4701 Compertoque
653 4629 1070 4700 pusillanimum
1110 4630 1367 4685 mandata
1392 4631 1702 4687 ministrum

206 4724 459 4797 Prodiga
480 4740 903 4799 transgressum,
936 4725 1197 4794 praecelsa
1221 4726 1370 4780 exire
1394 4725 1633 4782 fenestra

210 4819 480 4890 Praecipit
509 4822 804 4891 ampullam
838 4822 894 4879 in
922 4837 1174 4894 praeceps
1194 4829 1407 4879 tentore
1443 4832 1713 4880 retentam

291 4908 431 4964 Tuta
466 4910 565 4965 sed
588 4910 678 4965 illa
703 4928 870 4967 ruens
893 4913 949 4967 in
969 4929 1097 4967 saxa
1123 4913 1382 4982 iacentia,
1416 4913 1547 4969 sidit
1573 4915 1664 4980 33’,

208 5002 337 5056 Nec
366 4994 614 5071 lapidum
636 5003 806 5057 sentit
836 5002 1048 5077 fragilis
1072 5010 1267 5058 natura
1294 5004 1556 5079 rigorem,

208 5090 337 5146 Nec
365 5091 576 5161 patitur
594 5107 830 5166 vergens
860 5093 1144 5148 commissi
1170 5093 1370 5148 damna
1399 5094 1647 5166 liquoris.

208 5180 357 5244 Quae
382 5180 549 5236 simul
579 5179 806 5237 effertur
837 5182 1066 5238 nullaesa
1090 5182 1160 5216 ³³³
1190 5182 1369 5238 levata
1402 5185 1638 5255 petenti,

1849 1752 1897 1818 Β

1857 3118 1906 3185 C

1839 435 1887 500 Α
1916 431 2282 505 Arguiturque
2316 444 2499 500 tenax,
2530 435 2773 508 reliquos
2794 438 3062 492 solamina
3094 437 3333 508 placant.

1916 522 2125 577 Fenora
2143 530 2437 579 sumuntur
2463 541 2666 597 supera
2685 527 2886 583 virtute
2916 527 3161 599 profusa,

1914 611 2078 666 Oratu
2117 629 2350 668 vacuum
2384 613 2558 669 Patris
2587 623 2642 671 et
2669 616 2875 686 pietate
2902 619 3147 689 repletur

1915 704 2149 770 Dolium,
2186 712 2240 758 et
2270 706 2558 760 exundans
2594 708 2846 763 caelestia
2885 725 3115 766 munera
3153 710 3356 777 fundit,

1991 794 2098 848 Nec
2121 799 2334 849 tantum
2361 795 2620 865 precibus
2639 796 2817 852 solitis
2848 806 2954 852 tam
2986 799 3125 852 mira
3156 807 3390 869 patrare,

1919 886 2061 951 Quin
2084 888 2202 943 solo
2235 888 2386 943 visus
2408 904 2808 961 nonnunquam
2844 907 3098 962 promere
3120 898 3274 946 nutu.

1921 980 1978 1033 Id
2008 980 2224 1051 capitur
2252 983 2525 1038 monacho
2563 983 2804 1038 simulati
2836 983 3029 1039 fraude
3060 984 3287 1040 subacto

1921 1068 2026 1123 Μαι
2058 1070 2261 1125 medici
2283 1070 2430 1137 (203)
2450 1071 2756 1144 plausuque
2770 1089 2963 1128 manus
2989 1074 3259 1145 alapaque
3290 1082 3532 1146 recepto.

1994 1162 2249 1217 Rusticus
2277 1163 2370 1217 ille
2411 1163 2574 1218 etiam
2598 1164 2731 1220 loris
2763 1166 2985 1220 tortoris
3016 1166 3243 1221 adactus

1924 1255 2154 1322 Iudicat,
2184 1255 2417 1311 intuitus
2437 1259 2555 1313 sola
2572 1258 2776 1313 virtute
2802 1259 3036 1314 solutus.

1926 1344 1985 1398 Et
2017 1344 2150 1399 Geta
2174 1343 2243 1378 ³³⁸
2275 1361 2690 1413 mansuescens,
2735 1348 3062 1420 animosque
3090 1349 3367 1403 adstratus
3389 1351 3539 1418 fomit

3302 1442 3464 1513 [tens.

1994 1528 2221 1583 Exstant
2240 1534 2295 1583 et
2332 1528 2571 1600 supplici
2601 1530 2862 1601 praeclara
2879 1530 3196 1601 precamine
3226 1540 3402 1605 gesta,

1924 1618 2178 1673 Ruricola
2203 1626 2261 1673 ut
2288 1620 2400 1674 nati
2431 1621 2709 1691 quondam
2740 1621 3060 1678 miserabile
3090 1622 3255 1678 funus

1923 1707 2227 1761 Advectans
2253 1707 2420 1774 ulnis,
2448 1706 2735 1763 effundere
2767 1716 2892 1764 vota
2919 1709 3100 1779 coegit

1925 1794 2234 1864 Improbus,
2263 1794 2615 1869 ingeminans
2644 1803 2699 1851 et
2728 1804 2947 1867 raptum
2970 1805 3147 1853 morte
3173 1815 3469 1870 reposcens

1925 1884 2056 1938 Dum
2088 1884 2327 1958 genibus
2358 1884 2512 1939 ﬂexis
2542 1886 2779 1940 animam
2810 1886 3025 1942 obtinet
3056 1886 3151 1943 ille
3190 1895 3434 1957 precatu,

1924 1980 2086 2052 Ignea
2119 1986 2434 2035 restaurans
2460 1980 2661 2055 gelidis
2681 1982 2939 2038 alimenta
2969 1983 3246 2039 medullis.

1997 2070 2240 2126 Vincitur
2267 2076 2322 2127 at
2353 2073 2632 2143 quondam
2664 2080 2804 2129 nutu
2831 2074 3050 2144 pietatis
3071 2076 3283 2137 amicae,

1924 2162 2316 2233 Excelluntque
2345 2161 2451 2232 piae
2484 2164 2735 2217 retinenti
2767 2172 2891 2220 vota
2929 2166 3137 2220 sororis
3157 2165 3226 2201 ³³⁵

1921 2250 2170 2305 Tendere
2201 2258 2361 2305 nocte
2393 2266 2574 2305 moras
2602 2250 2751 2306 fratri
2786 2252 3028 2309 sitientis
3059 2254 3128 2308 ab
3159 2270 3254 2309 ore

1923 2339 2183 2395 Melliﬂuo
2202 2355 2418 2409 superae
2446 2340 2634 2394 satiari
2661 2348 2881 2396 nectare
2908 2342 3054 2397 vitm.

1923 2429 2050 2493 Qua:
2078 2429 2335 2499 precibus
2364 2429 2561 2484 coelum
2593 2429 2908 2494 obnubens,
2935 2430 3109 2501 liquat
3135 2447 3264 2486 aera
3313 2431 3538 2499 nimbis,

1924 2522 2196 2576 Murmure
2225 2521 2379 2595 virgo
2421 2531 2573 2577 tonat
2602 2522 2791 2590 tacito,
2823 2522 3183 2594 lacrymisque
3213 2532 3401 2578 coacta

1928 2619 2126 2674 Nubila
2159 2619 2531 2686 condensans,
2563 2617 2783 2674 diffudit
2810 2618 3033 2675 fletibus
3064 2619 3288 2674 imbres.

1927 2711 2274 2781 Tempestate
2304 2714 2487 2787 fugam
2516 2712 2661 2767 sistit
2682 2710 3002 2777 famulante,
3032 2721 3273 2767 moratur

1930 2804 1991 2859 Et
2015 2810 2165 2859 tenet
2192 2804 2422 2858 invitum
2451 2803 2592 2859 coelo
2623 2803 2962 2859 Scholastica
2991 2802 3236 2870 fratrem,

1928 2895 2102 2964 Atque
2130 2892 2439 2963 triumphat
2465 2907 2637 2947 ovans
2664 2908 2918 2966 magnam
2941 2891 3261 2947 sibicedere
3279 2894 3541 2963 praedam.

1927 2980 2228 3052 Solatuque
2257 2980 2455 3036 animae
2483 2980 2722 3055 vigilatae
2760 2988 2920 3037 nocte
2942 2981 3117 3052 potita

1929 3072 2072 3128 Laeta
2095 3074 2253 3138 redit,
2275 3073 2638 3148 gaudensque
2664 3074 2791 3144 polo
2820 3075 3099 3129 terrestria
3119 3081 3315 3141 mutat,

1930 3160 2106 3216 leos
2144 3162 2290 3216 celsa
2322 3168 2519 3232 petens
2553 3178 2566 3215 :
2600 3178 2761 3233 quam
2795 3159 2935 3216 ﬁxus
2964 3161 3018 3216 in
3046 3162 3250 3216 mthere
3281 3161 3450 3217 frater

1929 3255 2141 3310 Siderei
2176 3256 2351 3311 cernit
2380 3255 2510 3310 dum
2538 3256 2797 3310 culminis
2821 3255 2931 3311 alta
2962 3264 3262 3326 petentem,

1927 3349 2103 3419 Atque
2130 3347 2451 3403 columbino
2491 3355 2847 3418 superantem
2877 3349 3061 3403 sidera
3089 3349 3213 3403 nisu
3245 3369 3261 3413 ;
3326 3382 3329 3385 λ

1931 3439 2298 3513 Congaudens
2336 3438 2479 3510 apici
2502 3439 2593 3505 ³³⁸,
2624 3446 2808 3514 grates
2838 3440 3159 3510 dependere
3188 3441 3372 3512 dignis

1898 3508 2179 3593 ’Dece—rtat
2219 3508 2475 3598 modulis.
2509 3508 2721 3593 Christo
2742 3508 3019 3608 praeconia
3051 3508 3300 3611 pangens

1932 3627 2145 3702 Dirigit,
2170 3635 2226 3683 et
2256 3643 2522 3683 revocans
2554 3628 2751 3699 recipit
2775 3628 3004 3683 socialia
3036 3628 3305 3694 membra,

1938 3719 2179 3790 Quaeque
2196 3718 2489 3790 sepulcrali
2514 3726 2669 3790 parto
2698 3719 2801 3774 sibi
2825 3720 3013 3775 condit
3035 3721 3247 3776 honore
3272 3738 3286 3774 :

1929 3810 2194 3885 Jungeret
2222 3817 2281 3865 ut
2305 3810 2568 3877 tumulus,
2596 3810 2720 3865 caeli
2753 3824 2893 3881 quos
2918 3810 3177 3879 junxerat
3202 3818 3369 3865 aestus
3388 3811 3477 3877 ³⁸⁷,

2002 3907 2113 3961 Nec
2143 3906 2453 3960 mirandum
2486 3907 2626 3961 adeo
2651 3905 2984 3963 subeuntem
3017 3923 3187 3978 regna
3206 3923 3447 3979 superna

1937 3996 2259 4051 Germanam
2288 3995 2493 4050 vidisse
2531 3995 2793 4063 animam,
2826 3996 2913 4050 cui
2945 3995 3153 4051 fabrica
3185 3996 3375 4051 mundi

1939 4089 2141 4144 Cuncta
2161 4086 2336 4143 oculis
2367 4087 2613 4156 subjecta
2632 4095 2800 4159 patet,
2834 4087 3081 4143 radiante
3109 4103 3340 4143 corusco

1937 4178 2207 4234 Ethereaa
2230 4178 2389 4244 lucis,
2418 4184 2564 4233 totus
2593 4194 2701 4251 qua
2720 4181 2962 4234 cernitur
2999 4179 3168 4245 orbis,

1942 4276 2107 4349 Ignea
2128 4275 2459 4329 Germanum
2484 4274 2747 4329 comitatu
2787 4273 2971 4329 caelite
3004 4274 3195 4330 fultum

1941 4364 2168 4434 Sphaera
2193 4364 2474 4427 renitenti,
2504 4379 2611 4435 qua
2642 4364 2761 4417 visa
2790 4363 2997 4418 inferre
3032 4363 3219 4420 decori
3251 4362 3339 4415 ³³⁸.

1942 4454 2119 4510 Currit
2147 4457 2215 4510 ad
2242 4456 2501 4511 intuitum
2525 4458 2749 4518 accitus,
2794 4463 3118 4527 partemque
3146 4455 3344 4509 diacon

1953 4543 2274 4599 Servandus
2299 4544 2439 4599 radii
2468 4544 2610 4614 rapit
2639 4545 2705 4598 ad
2740 4544 3000 4599 miracula
3033 4543 3204 4600 testis.

2023 4641 2227 4695 Caetera
2250 4644 2409 4713 gesta
2434 4638 2610 4692 Patris
2634 4637 2896 4693 sectanda
2926 4637 3145 4692 silentia
3174 4636 3335 4691 nobis

1949 4730 2321 4801 Suppressere
2350 4728 2509 4783 ducis
2536 4728 2626 4795 33°,
2688 4728 3027 4800 reliquorum
3077 4726 3225 4782 bella
3253 4728 3323 4762 ³⁴⁰
3359 4734 3561 4798 peten-

3387 4821 3491 4891 [tis.

1948 4909 2212 4983 Dogmate
2242 4923 2353 4979 quo
2383 4907 2556 4982 viguit
2582 4925 2596 4975 ;
2621 4909 3022 4964 monachorum
3063 4909 3251 4985 regula
3279 4911 3490 4983 pangit.

1949 5004 2045 5058 Cui
2073 5005 2322 5074 praescita
2338 5005 2459 5059 dies
2478 5005 2684 5070 obitus,
2720 5007 2826 5061 hoc
2854 5022 3080 5062 munere
3111 5007 3331 5081 dignus.

1956 5096 2177 5151 Prodita
2206 5096 2491 5167 discipulis
2522 5099 2644 5170 ipso
2677 5090 2962 5174 retegente
2980 5099 3211 5170 patescit

1955 5187 2131 5244 Strata
2155 5188 2355 5245 decore
2384 5191 2494 5259 via,
2534 5191 2848 5262 splendoris
2877 5192 3086 5247 honore
3117 5194 3386 5245 coruscat.

1304 5289 1570 5345 GLOSSA‘I
1630 5291 2051 5372 MARGINALES
2091 5294 2497 5363 MABILI.ONII,

299 5386 372 5420 ³³⁰
441 5388 782 5445 monasterio
830 5389 1231 5444 Terracinensi.
1294 5390 1360 5424 33‘
1429 5389 1670 5456 solvens,
1735 5392 1764 5425 3"

1930 5394 2072 5448 sedit
2128 5394 2197 5428 ³³³
2262 5395 2579 5451 nullatenus
2643 5397 2771 5453 laesa
2835 5397 2904 5432 33‘
2970 5396 3197 5452 Gothus.
3238 5394 3307 5429 ³³⁵
3345 5393 3572 5449 δοιιοιειο

199 5458 404 5513 sticaa.
438 5456 513 5492 ³³⁵
549 5458 746 5515 honori
777 5460 1010 5515 sororis.
1043 5460 1113 5494 ³³⁷
1144 5476 1313 5516 amor.
1344 5460 1413 5495 ³³⁸
1440 5461 1646 5535 gloriae.
1683 5461 1753 5498 339
1783 5463 2050 5536 Gregorii.
2078 5464 2149 5498 διο
2180 5481 2388 5539 agones

1821 5563 2012 5618 NOTAE

310 5653 853 5737 (QQBLﬂinc‘liquido
880 5657 1240 5737 confirmatur
1260 5659 1449 5737 lectio,
1474 5676 1637 5731 quam
1664 5662 1719 5715 in
1752 5662 1885 5717 Vita;
1996 5665 2195 5737 medici
2207 5680 2396 5721 vocem
2428 5669 2790 5737 compositam
2815 5683 2957 5733 esse,
2991 5684 3101 5725 non
3132 5669 3187 5725 in
3219 5669 3354 5726 duas
3384 5664 3581 5722 dictio-

212 5725 419 5781 sancti
448 5725 757 5791 Benedicti,
778 5730 957 5799 capite
981 5728 1071 5797 30,
1090 5730 1457 5796 asseruimus,
1487 5725 1683 5801 nempe
1703 5737 1876 5787 mulo-

548 5857 850 5919 PATROL.
906 5857 1240 5920 CXXXV.

1987 5752 2084 5789 nes
2115 5736 2561 5809 distinguendam

3206 5878 3283 5940 27
