3994 6132
478 253 584 310 843
1237 237 1604 294 FLODOARDI
1645 233 1945 290 CANONICI
1991 231 2316 289 REMENSIS
2356 228 2694 286 OPUSCUIA
2735 225 3050 281 METRICA.
3717 222 3800 276 8H

477 379 750 434 Scandere
788 378 1126 430 monstratur
1151 385 1262 441 qua
1278 367 1472 423 caalica
1498 364 1737 420 culmina
1764 364 1948 432 justus
2119 368 2170 435 Α
2193 364 2406 435 Quique
2437 363 2569 432 tegit
2609 359 2860 424 famulos,
2893 358 3140 412 obcaecat
3164 370 3348 409 amara
3379 352 3710 416 frementes,

480 471 682 526 Emicat
711 468 866 524 elatis
893 463 1171 526 manibus,
1199 460 1482 530 sacrisque
1513 457 1745 519 cibatus,
2196 455 2272 508 Ne
2301 467 2482 506 coram
2514 449 2722 520 positos
2752 449 2968 501 valeant
2987 453 3237 516 Spectare
3273 443 3474 513 petitos
3503 443 3595 494 ³⁵³.

479 564 719 617 Tradens
750 569 1054 615 extremum
1080 571 1178 625 per
1198 553 1362 608 verba
1393 549 1673 622 precantia
1704 548 1914 612 ﬂatum,
2200 544 2412 613 Raptim
2444 541 2582 595 ferre
2606 540 2764 607 jubet
2793 554 2957 611 gazas
2987 551 3107 590 sese
3137 536 3360 604 auSpice
3394 541 3669 604 sumptas,

483 655 724 724 lnelytus
753 650 871 707 aede
905 623 1130 720 precum
1161 645 1395 700 tendens
1423 643 1491 697 ad
1520 642 1721 711 templa
1753 638 2025 710 polorum.
2203 633 2409 702 Datque
2429 631 2617 684 videre
2648 630 2883 692 hostem,
2912 641 3015 679 nec
3047 640 3211 694 posse
3239 623 3481 677 viderier
3512 624 3695 676 hoste.

559 715 789 816 Pignera
816 715 1048 794 delubro
1081 736 1207 790 data
1236 748 1346 804 quo
1375 730 1638 801 depulsus
1667 727 1879 798 Apollo,
2205 727 2438 780 Numine
2469 725 2548 778 sic
2589 723 2709 788 tuti,
2740 721 2938 776 tollunt
2963 720 3089 774 data
3118 718 3339 788 prtemia
3369 715 3498 778 laeti,

488 833 778 909 Egregium
809 827 1013 885 celebri
1041 831 1303 898 promunt
1333 824 1537 878 victore
1566 819 1926 889 triumphum.
2205 814 2485 869 Praedictis
2513 828 2634 884 quae
2663 818 2816 881 rapta
2848 811 2956 864 Deo
2973 814 3236 862 censente
3262 805 3436 859 ruinis

490 926 617 988 Quae
640 920 880 976 monitus
907 915 1167 972 transfert
1193 911 1388 986 Aigulfi
1415 909 1747 965 Mummolus
1775 913 1897 961 actu
2205 905 2425 960 Prodita
2453 902 2806 973 resplendent
2828 900 3067 964 Francis,
3090 898 3250 952 simul
3278 913 3401 952 ossa
3432 894 3664 958 sororis,

494 1016 601 1070 Hac
627 1015 695 1068 de
724 1029 781 1067 re
808 1011 986 1076 missi,
1019 1022 1234 1079 superae
1266 1004 1360 1076 qui
1392 1002 1530 1057 lucis
1549 1003 1818 1056 honorem
2205 997 2480 1050 Gallorum
2512 992 2720 1047 crebris
2748 991 2916 1044 urbes
2943 987 3259 1043 decorantia
3279 987 3473 1059 signis.

492 1107 627 1160 Dum
645 1116 866 1158 Servare
893 1099 1054 1165 calet,
1091 1113 1192 1168 ρετ
1221 1109 1394 1164 Opaca
1420 1089 1641 1145 Silentia
1681 1086 1858 1141 ηοοιίε
2284 1090 2346 1142 At
2372 1090 2492 1143 loca
2519 1085 2662 1140 culta
2686 1083 2841 1137 Pater
2856 1079 3002 1134 haud
3031 1077 3342 1132 deseruisse
3374 1075 3618 1138 videtur,

498 1201 720 1255 Munera
747 1162 1109 1267 consequitur
1138 1162 1302 1264 longo
1335 1188 1568 1261 quaesita
1596 1185 1809 1240 labore.
2216 1182 2386 1235 lmmo
2410 1182 2630 1248 rogatus
2658 1173 2833 1236 adest,
2865 1169 3006 1223 ultro
3035 1183 3256 1239 quoque
3277 1165 3500 1236 prmmia
3530 1162 3753 1217 confert.

499 1289 690 1360 Eripit,
722 1252 1439 1358 attollit,lgermana‘que.3“
1470 1275 1702 1350 pignera
1725 1270 1934 1344 junctis
2216 1270 2344 1333 Quae
2374 1265 2654 1336 lymphata
2682 1262 2820 1314 3‘3...
2862 1258 3141 1327 saltusque
3168 1265 3224 1309 et
3262 1254 3422 1307 devia
3453 1252 3695 1305 lustrans

501 1340 872 1453 Complicibus
901 1340 1131 1442 con’fert,
1161 1340 1327 1430 sim-Iul
1363 1340 1566 1427 haecad
1594 1340 1783 1424 munia
1815 1368 1942 1422 divo
2222 1359 2452 1428 Experta
2483 1361 2568 1408 est
2601 1349 2818 1414 mulier,
2852 1344 3040 1416 spelzei
3075 1344 3324 1418 ingressa
3351 1340 3542 1395 cubile

501 1475 686 1549 Legati
709 1477 865 1546 jussu
897 1477 1212 1544 prOperant.
1249 1475 1303 1524 et
1332 1468 1402 1523 ad
1424 1466 1625 1520 extima
1657 1462 1891 1518 tendunt
2223 1453 2402 1507 Prima
2437 1449 2556 1505 viro
2589 1442 2828 1500 tirocinii
2860 1455 2969 1511 quo
2999 1438 3241 1493 exercita
3272 1438 3416 1491 lucta
3451 1454 3465 1490 :

2227 1540 2259 1549 -.
2499 1537 2529 1549 ._
2912 1528 3072 1549 ωεὼ,
3111 1535 3154 1549 Α,
3369 1527 3462 1549 ML

502 1527 756 1624 Αῃέοῃίξθ
772 1527 913 1632 sola:
1114 1577 1272 1634 papa;
1296 1574 1557 1615 revocare
1573 1555 1722 1611 suasi
2227 1540 2363 1594 Dum
2393 1537 2537 1608 sapit
2558 1531 2873 1608 egrediens,
2907 1528 3074 1583 animi
3105 1535 3158 1583 et
3184 1528 3312 1582 data
3369 1527 3568 1581 robora
3599 1537 3808 1585 servans,

501 1661 791 1716 Sectantur
827 1618 991 1714 euhei
1016 1618 1229 1709 Christo
1261 1652 1403 1707 duce
1429 1656 1582 1720 rapta
1614 1647 1841 1702 talenta.
2230 1631 2466 1686 Pristina
2504 1644 2609 1684 nec
2638 1628 2779 1684 laesa
2810 1624 3006 1697 retegit
3035 1620 3355 1676 discrimina
3385 1618 3608 1672 mentis.

2017 1771 2225 1828 CAPUT
2269 1769 2334 1823 IX

1773 1883 1850 1941 De
1874 1887 2078 1940 sancto
2109 1871 2372 1935 Paulino
2411 1865 2602 1947 (204).

520 2043 806 2097 Immensae
835 2034 1062 2109 pietatis
1091 2047 1228 2105 Opus
1259 2046 1368 2103 qua
1396 2027 1559 2084 laude
1576 2026 1817 2082 feremus
2164 2022 2214 2090 Β
2244 2012 2514 2068 Craminis
2541 2008 2795 2078 injuncti,
2828 2019 3145 2076 saavumque
3163 2004 3416 2058 amittere
3443 1999 3642 2054 verbcr

513 2130 724 2187 Paulini
758 2145 858 2200 per
879 2141 1053 2199 prona
1079 2124 1174 2179 Dei
1201 2121 1434 2196 vestigia
1464 2117 1686 2184 Christi,
2240 2105 2455 2160 Judicio
2486 2102 2628 2157 servi
2673 2100 3026 2155 dominorum
3061 2101 3277 2166 sceptra
3310 2093 3573 2165 regentis.

512 2224 750 2280 Tramite
778 2222 865 2277 vix
895 2220 1042 2284 trito,
1071 2226 1126 2272 at
1151 2216 1290 2271 mira
1313 2214 1515 2269 virtute
1547 2209 1746 2272 secuti,
2242 2201 2480 2274 Erigitur
2512 2197 2720 2264 rastris,
2750 2193 2914 2250 cultis
2945 2191 3238 2247 abducitur
3266 2188 3460 2250 hortis,

515 2317 780 2388 Dogmate
813 2280 1090 2382 fulgentis,
1115 2313 1306 2363 contra
1331 2301 1544 2359 hostica
1571 2301 1680 2354 tela
1707 2296 1949 2369 vigentis
1967 2293 1997 2347 τ
2242 2288 2483 2362 Regibus
2501 2286 2786 2346 excolitur,
2824 2282 3060 2336 famulus
3089 2280 3220 2333 dare
3252 2286 3375 2332 vota
3409 2281 3643 2348 r0gatur.

515 2407 778 2476 Princeps
809 2401 1063 2457 Ecclesiae
1093 2399 1273 2453 vidua)
1302 2413 1362 2451 se
1403 2393 1612 2450 addicit
1651 2406 1840 2465 egente
1873 2406 1886 2442 ε
2241 2381 2336 2435 Ille
2376 2379 2735 2434 animasauro
2763 2389 3114 2446 prmponens,
3147 2386 3245 2441 pro
3276 2384 3445 2444 grege
3475 2376 3633 2437 capto

516 2497 715 2550 Servus
741 2499 939 2564 sponte
971 2490 1150 2553 datus,
1185 2493 1355 2558 ponat
1383 2499 1492 2556 quo
1539 2481 1759 2536 vincula
1789 2491 1981 2532 servus
2012 2493 2028 2541 ;
2242 2473 2421 2529 Poscit
2449 2490 2462 2538 ;
2508 2473 2821 2526 adunantur
2847 2466 3104 2537 dispersi,
3143 2477 3484 2532 munereque
3507 2459 3645 2514 aucti

518 2584 663 2639 Colla
693 2550 822 2656 iugo
853 2587 1087 2650 pressat,
1120 2550 1266 2631 servi
1301 2550 1417 2646 quo
1441 2572 1578 2626 calla
1621 2567 1896 2631 resolvat;
2241 2564 2524 2618 Mittuntur
2552 2561 2712 2632 patri,
2743 2571 3021 2628 navesque
3051 2555 3332 2624 dapesque
3364 2550 3615 2605 feruntur
3647 2564 3660 2608 ;

519 2649 802 2744 Captivum
835 2649 980 2743 legat
996 2682 1076 2732 se,
1108 2671 1166 2719 ut
1195 2671 1416 2733 captum
1436 2659 1624 2731 praedo
1655 2656 1894 2711 remittat
1925 2672 1941 2717 ;

2245 2661 2599 2731 Stipatusquc
2631 2657 2814 2712 ovium
2844 2656 3003 2709 laetus
3032 2652 3174 2706 redit
3200 2649 3419 2723 agmine
3447 2653 3625 2719 pastor

522 2740 772 2819 Serviliis
799 2740 966 2815 instat
990 2773 1204 2832 regum,
1235 2754 1334 2809 sed
1360 2751 1610 2826 regmina
1632 2749 1795 2803 librat
1825 2764 1839 2812 ;
2247 2750 2309 2803 Et
2338 2749 2431 2821 qui
2466 2763 2562 2819 pro
2591 2745 2797 2800 famulo
2823 2760 2948 2798 sese
2969 2740 3283 2810 subjecerat
3304 2752 3439 2803 uno,

521 2855 818 2925 Subjicitur
847 2829 1102 2918 Domino,
1131 2850 1230 2905 sed
1260 2854 1479 2919 praestat
1496 2845 1704 2900 honore
1725 2849 1958 2912 tyranno
1992 2858 2007 2906 ;
2247 2839 2504 2894 Pluribus
2541 2837 2769 2908 ereptis,
2802 2835 2943 2890 liber
2971 2850 3093 2889 cum
3125 2831 3290 2903 plebe
3321 2829 3615 2899 remigret:

525 2924 775 3003 Culmina
805 2943 1075 3015 disponit,
1107 2941 1416 3004 famulatur,
1444 2944 1499 2992 et
1522 2937 1755 3006 imperat
1782 2933 1929 2987 idem
1966 2950 1980 2999 ;
2246 2932 2478 2988 Servitio
2509 2931 2713 2986 multos
2734 2929 3016 2984 redimens
3041 2925 3190 2998 quod
3231 2924 3441 2995 legerat
3470 2935 3627 2974 unus.

524 3038 812 3092 llortorum
851 3034 1049 3096 cultor,
1080 3045 1268 3102 regum
1303 3028 1465 3080 datur
1501 3024 1696 3079 ordine
1728 3028 1928 3083 rector,
2247 3021 2412 3089 Cujus
2444 3018 2730 3074 miriﬁcam
2765 3018 2954 3073 divino
2987 3016 3193 3072 lumine
3225 3015 3387 3067 vitam

528 3127 876 3196 Nutritorque
909 3123 1121 3178 olerum
1154 3123 1344 3175 censet
1376 3113 1755 3171 moderamina
1785 3127 1996 3186 regum,
2245 3116 2386 3170 Mors
2415 3115 2654 3186 pretiosa
2675 3113 2889 3185 probat,
2923 3111 3262 3183 trepidaeque
3291 3106 3523 3163 Vibi-aiio
3548 3104 3710 3166 cellae,

529 3221 858 3294 lmperitans
892 3215 1117 3290 populis
1144 3214 1293 3269 ﬂecti
1319 3228 1378 3268 se
1404 3213 1576 3267 altore
1608 3215 1788 3265 tuetur
2245 3205 2404 3260 Mella
2432 3203 2704 3260 recessuri
2743 3202 2905 3257 labiis
2934 3201 3152 3256 admota
3177 3197 3424 3254 Joannis.

2035 3323 2244 3378 CAPUT
2293 3323 2354 3378 X.

1778 3427 1858 3486 De
1892 3434 2098 3488 sancto
2124 3425 2296 3486 Datio
2333 3424 2622 3503 episcopo.

532 3572 959 3630 Mediolanensis
977 3570 1164 3626 Datius
1191 3583 1302 3640 quo
1331 3567 1527 3622 robore
1558 3564 1729 3619 fultus
2177 3576 2226 3641 ρ
2258 3562 2444 3618 Hostia
2469 3563 2591 3618 viva
2621 3563 2730 3618 Deo
2757 3577 2966 3618 sacram
2995 3566 3308 3616 mactantur
3334 3559 3402 3613 ad
3433 3573 3580 3612 aram
3609 3574 3622 3618 ;

533 3665 738 3722 Enituit
765 3664 894 3719 ﬁdei
925 3663 1096 3718 sensit
1121 3661 1309 3735 gavisa
1341 3657 1654 3722 Corinthus,

2253 3657 2364 3711 Nec
2391 3671 2578 3711 cassus
2608 3654 2765 3710 labor
2793 3652 3065 3709 almicolaa
3091 3653 3308 3708 seniore
3340 3651 3600 3723 probatur

533 3755 795 3811 Flaminis
815 3753 1045 3825 expulsu
1075 3749 1292 3822 queruli
1339 3746 1656 3816 laribusque
1686 3742 1922 3813 receptis
2252 3744 2446 3800 Attrito
2473 3744 2671 3799 moniti
2701 3743 2950 3816 requiem
2982 3740 3204 3797 differre
3233 3740 3512 3816 gerendis,

535 3843 811 3900 Damionis
843 3839 1066 3895 immani
1097 3838 1303 3892 dudum
1336 3835 1550 3890 feritate
1583 3833 1812 3888 retentis

2255 3837 2390 3891 Dum
2421 3836 2527 3891 sibi
2556 3835 2861 3906 apostolico
2891 3835 3048 3890 reddi
3077 3851 3176 3889 sua
3207 3833 3431 3906 praemia
3462 3831 3599 3887 festo

538 3932 778 4004 Hospitis
808 3931 878 3985 ad
909 3936 1104 3984 nulum
1144 3926 1264 3980 dira
1294 3924 1646 3996 improbitate
1663 3921 1900 3993 repulsa.
2257 3928 2546 3998 Accipiens
2568 3935 2778 3999 septem
2821 3927 3002 3998 palma
3034 3927 3236 3981 dilatus
3259 3926 3313 3979 in
3344 3940 3540 3987 annos,

541 4025 770 4080 Lumine
797 4037 908 4095 quo
943 4020 1147 4076 mentis
1175 4018 1370 4092 viguit,
1401 4032 1511 4086 qua
1533 4016 1654 4069 luce
1690 4013 1901 4068 refulsit
2258 4016 2551 4072 Sacriﬁcus
2580 4017 2801 4072 tandem
2833 4015 2996 4070 celsis
3023 4015 3184 4069 datus
3211 4014 3413 4068 emicat
3440 4011 3614 4066 astris.

541 4117 764 4171 Canitia:
796 4113 1083 4168 Canusinae
1105 4111 1217 4179 jam
1241 4109 1452 4163 lacteus
1477 4105 1620 4170 urbi,

2259 4110 2517 4165 Andraaas
2537 4111 2660 4165 vitae
2685 4109 2980 4165 Fundanus
3001 4107 3301 4179 episcopus
3322 4107 3477 4160 almae

539 4211 739 4265 Fronte
770 4207 996 4280 quidem
1029 4220 1227 4269 caecus,
1262 4202 1459 4256 rutilus
1486 4200 1582 4254 sed
1606 4198 1774 4254 corde
1803 4198 2062 4265 Sabinus,
2262 4201 2496 4256 Lubrica
2517 4201 2780 4257 correctis
2795 4208 3163 4256 correctorem
3180 4205 3294 4253 atra
3324 4205 3592 4262 secutum,

539 4301 832 4355 Barbarico
857 4299 1025 4353 claret
1041 4294 1211 4349 Totila
1227 4299 1472 4348 tentante
1495 4289 1762 4345 ministro.
2257 4291 2545 4363 Tetrisque
2565 4291 2888 4345 instructum
2907 4287 3276 4345 monitoribus
3293 4286 3460 4357 eripit
3486 4285 3616 4339 atris

542 4396 674 4449 Dum
705 4391 858 4446 necis
876 4390 1130 4464 gerulum
1164 4387 1310 4441 letho
1331 4400 1648 4457 cogensque
1681 4382 2052 4455 inhibensque
2260 4388 2510 4440 Amotum
2525 4385 2787 4453 dominis,
2821 4385 3158 4456 laqueosque
3175 4400 3369 4439 cavere
3395 4389 3697 4437 monentem

542 4485 763 4541 Prodita
792 4482 1028 4539 lethiferi
1058 4481 1326 4537 damnans
1351 4478 1570 4534 aconita
1600 4477 1804 4533 decore
2260 4475 2452 4530 Evellit
2472 4475 2684 4546 laqueis
2714 4493 2730 4539 ;
2767 4473 3117 4546 paradisique
3158 4473 3360 4544 inclyta
3389 4473 3590 4527 cedrus

544 4582 734 4636 Pressa
763 4579 939 4636 crucis
961 4585 1132 4650 potat,
1165 4581 1448 4646 stratoque
1473 4574 1661 4629 datore
1692 4572 2010 4643 triumphat.
2257 4567 2525 4622 Tartareis
2554 4566 2812 4622 conculsa
2843 4566 3004 4632 dolis,
3037 4566 3166 4620 dum
3199 4572 3391 4630 mutat,
3423 4573 3477 4618 et
3502 4565 3692 4626 hazret;

547 4671 716 4735 Quam
747 4670 933 4724 rutilet
955 4667 1148 4722 Narnis
1175 4663 1492 4720 venerando
1526 4661 1746 4717 Cassius
1774 4677 1891 4727 ore,
2260 4655 2467 4710 Eterni
2498 4655 2742 4710 nemoris
2757 4655 3017 4710 frondosa
3036 4655 3322 4710 cacumina
3349 4653 3546 4708 ﬁrmat.

545 4761 868 4816 Praemissus
892 4759 1041 4814 videt
1064 4757 1360 4828 experiens
1387 4771 1480 4809 rex
1513 4753 1738 4821 crudus,
1779 4753 1983 4808 omisso
2263 4748 2392 4812 Quae
2421 4754 2576 4804 vates
2603 4747 2850 4803 moriens
2881 4744 3229 4801 Constantius
3260 4760 3418 4799 orsus
3449 4744 3652 4815 Aquina

542 4855 848 4930 Armigcro,
879 4853 1188 4924 meritoque
1204 4850 1305 4904 viri
1338 4855 1635 4922 praestante
1673 4855 1899 4918 recepto
1930 4864 1944 4900 :
2182 4887 2241 4955 D
2265 4839 2528 4895 lnclamat
2549 4839 2854 4906 toleranda,
2885 4845 3078 4894 notant
3106 4846 3229 4909 post
3258 4837 3429 4891 mulio
3462 4835 3612 4898 fullo,

544 4947 571 4955 -
1031 4944 1042 4955 ο
1172 4942 1225 4955 ι..
1449 4947 1457 4955 .
1554 4940 1567 4955 1
1743 4939 1778 4955 ιο
1824 4939 1834 4955 ι
2268 4929 2547 4955 ηιμ-...ζηζη
2579 4937 2742 4955 ..ιη-..ιι
2773 4928 2910 4955 ηηηηζ
2931 4927 3224 4955 ..ζᾹηηηηηη
3255 4926 3466 4955 εσηηηοῖΛ
3492 4924 3612 4955 ant};

539 4947 830 5003 Sacrorum
861 4944 1077 5001 arcanis
1105 4942 1298 5000 solitus
1331 4947 1465 5014 quot
1502 4940 1695 4996 adesse
1725 4939 1945 5006 diebus,
2182 4924 2241 4955 ν
2265 4929 2550 5003 Regminis
2577 4937 2743 5000 atque
2773 4928 2913 4985 sacri
2931 4927 3224 4998 viduaeque
3255 4926 3468 4982 vacatio
3491 4924 3649 4979 sedis.

543 5037 725 5108 Seque
751 5036 896 5091 inter
924 5033 1419 5106 lacrymis,secreta
1439 5029 1596 5086 litare
1618 5028 1882 5102 profusis,

1614 5170 1884 5227 GLOSSIE
1943 5168 2362 5226 MARGINALES
2404 5168 2806 5227 MABILLONII.

619 5307 685 5342 3“
727 5308 955 5364 sororis.
991 5307 1060 5341 3"
1092 5305 1390 5378 appetiIOS.
1419 5303 1488 5340 ⁴³³
1513 5307 1560 5373 Γο
1591 5302 1706 5359 δίη·

2119 5398 2326 5458 NOTAE.

548 5531 859 5673 “(22:21?
889 5532 992 5588 hoc
1023 5538 1075 5587 et
1128 5530 1252 5587 aliis
1279 5531 1335 5585 in
1381 5547 1540 5602 capp.
1578 5530 1643 5585 10
1669 5529 1742 5586 25
1769 5547 1800 5586 a
1845 5531 2125 5586 Flodoardt

2270 5530 2493 5587 lebratis
2547 5530 2618 5599 cf,
2678 5533 2735 5587 S.
2793 5529 2952 5603 Greg.
3009 5530 3188 5605 Magn.
3216 5530 3424 5604 Dialog.
3457 5527 3546 5584 lib.
3576 5545 3642 5594 ni,
3670 5540 3775 5594 cap
3818 5521 3847 5576 5
