3994 6132
195 284 305 336 845
801 285 884 339 DE
923 285 1178 341 CHRISTI
1220 287 1586 344 TRIUMPHIS
1626 291 1797 347 APUD
1839 293 2105 350 ITALIAM
2146 295 2320 352 LIBRI
2362 298 2490 353 XIV.
2535 332 2602 342 —
2643 301 2764 356 LIB.
2810 304 2950 359 XIII.
3431 313 3537 367 846

1704 455 1914 512 CAPUT
1958 457 2049 515 XI.

1518 547 1601 610 De
1642 562 1846 613 sancto
1896 555 2242 631 Frigdiano.

349 687 514 756 Cujus
545 687 752 763 vigoris
775 689 1046 765 Frigdiani
1075 692 1334 747 sanctitas
1628 729 1646 744 ο
1851 704 1899 767 Α
2071 700 2177 755 Sed
2195 717 2300 757 nec
2319 701 2532 758 minore
2559 703 2796 758 comitur
2825 705 3102 761 Placentia

351 778 564 834 Lucana
595 796 831 835 vernans
852 781 1068 839 fulserit
1096 784 1200 838 sub
1230 784 1474 858 regmina
2070 791 2276 858 Nitore,
2306 794 2702 864 comprimente
2733 797 2980 868 turgidas
3005 798 3151 854 Pado

350 866 598 958 Plumea,
632 876 848 958 meatus
889 871 1154 926 derelicto
1186 872 1422 937 tramite,
2073 878 2368 950 Lymphas,
2397 881 2584 937 Sabini
2627 866 2875 958 mitigato
2907 886 3101 942 litteris

352 955 601 1010 Rastrum
626 957 876 1025 jubentis
907 968 1257 1030 prosecutum
1287 963 1566 1033 praedicat,
2071 969 2305 1026 Parento
2329 972 2486 1041 jusso
2517 955 2802 1046 praesulari
2835 976 3080 1034 ﬂumine.

349 1049 516 1105 Sueta
538 1067 772 1121 parcens
793 1053 1063 1126 dissipare
1104 1057 1327 1127 predia.

1694 1152 1904 1208 CAPUT
1945 1154 2059 1210 XII.

1435 1261 1512 1318 De
1537 1270 1742 1320 sancto
1779 1262 2110 1340 Populonia
2151 1263 2342 1348 (205).

201 1382 373 1479 Quam
404 1383 537 1438 vixit
566 1385 806 1443 celebris
823 1389 1100 1461 quondam
1132 1391 1472 1462 Populonius
1495 1393 1718 1464 hospes,
1932 1401 2172 1476 Insignis
2203 1403 2418 1474 trepido
2450 1405 2704 1463 instantis
2730 1407 3050 1466 discrimine
3068 1411 3224 1479 lethi,

203 1474 378 1537 Quam
409 1485 675 1545 praestans
715 1480 925 1535 meritis
952 1483 1149 1552 praesul
1173 1481 1477 1539 Cerbonius
1506 1487 1632 1541 altis
1930 1474 2101 1560 Inque
2132 1490 2253 1545 cicli
2283 1492 2459 1562 spatio
2491 1495 2732 1564 clausus,
2765 1496 3013 1554 fervente
3040 1474 3225 1556 calore

205 1563 317 1618 Rex
359 1565 567 1658 Gothus
594 1577 886 1636 attentans,
919 1587 1050 1627 urso
1091 1581 1448 1643 monstrante,
1483 1584 1682 1643 tuetur,
1929 1579 2175 1645 Sidereo,
2211 1588 2388 1637 tectus
2417 1583 2516 1638 sed
2548 1585 2694 1640 nube
2722 1563 2954 1658 repente
2995 1605 3225 1646 corusca

205 1655 678 1748 Concelebratquc
707 1663 882 1718 virum
913 1664 1005 1720 tali
1037 1665 1265 1721 doctore
1295 1666 1539 1735 beatum,
1927 1669 2292 1742 Terribiliquc
2323 1672 2452 1728 feris
2480 1655 2998 1748 mitemque-tuente
3037 1679 3295 1735 clientem

205 1746 378 1808 Quem
403 1754 521 1801 trux
537 1760 828 1806 censuerat
854 1753 1077 1807 beluina
1104 1753 1258 1809 fauce
1285 1757 1610 1811 vorandum.
1928 1758 2292 1827 Fulminibus,
2322 1778 2444 1832 qua:
2474 1763 2652 1818 vincla
2683 1746 2834 1836 fugat
2863 1767 3123 1840 pellitque
3163 1784 3422 1824 coronam
3455 1788 3470 1831 ;

205 1837 450 1892 Flamine
479 1855 640 1909 quem
671 1851 862 1900 sancto
885 1843 1049 1900 funus
1075 1844 1312 1917 viguisse
1345 1848 1587 1922 resignat
1855 1894 1900 1928 η
1928 1853 2292 1924 Depulsisque
2324 1854 2468 1926 lupis
2506 1856 2650 1910 aries
2685 1864 2790 1912 stat
2817 1837 3224 1928 vellere—sicco,

199 1934 342 1987 Ante
370 1931 553 2009 fugam
587 1945 754 2006 parta:
769 1937 983 2006 jussum
1018 1941 1325 1997 revocarier
1350 1958 1500 1997 urnae
1525 1959 1538 1996 :
1855 1931 1904 1962 υ
1929 1945 2263 2000 Turbinibus
2293 1946 2422 2000 dum
2451 1955 2649 2003 cuncta
2676 1950 2919 2016 madent,
2948 1951 3077 2006 dum
3109 1967 3255 2007 saeva
3277 1951 3478 2008 fatiscit

201 2023 483 2081 Imbribus
511 2028 814 2083 accinctum
847 2031 994 2086 sicco
1025 2032 1122 2086 sed
1163 2034 1405 2108 tegmine
1437 2033 1626 2103 latum,
1928 2037 2148 2092 Ethere
2165 2037 2307 2094 victa
2335 2040 2504 2102 acies,
2541 2048 2728 2112 pastor
2756 2058 2868 2113 quo
2909 2044 3156 2114 regmine
3185 2052 3336 2099 tutus

199 2116 468 2173 Hostibus
496 2120 759 2186 advectis,
784 2123 994 2197 gerulis
1015 2125 1079 2179 ad
1098 2125 1256 2193 jussa
1287 2126 1540 2182 revectis.
1932 2129 2123 2184 Hostes
2147 2130 2475 2205 prosubigit,
2503 2130 2769 2186 victorum
2805 2133 3005 2189 robora
3033 2135 3224 2200 vincit,

194 2209 308 2265 Nec
340 2213 527 2268 minus
556 2214 757 2271 effulsit
786 2216 1106 2292 Fulgentius
1137 2219 1517 2288 Utriculensis,
1931 2217 2176 2272 Culmina
2205 2219 2523 2289 prosternit,
2557 2218 3082 2293 frangitsubicitque
3124 2231 3414 2293 tyrannum

193 2301 457 2377 Prodigio
487 2307 678 2376 simili,
708 2309 804 2365 sed
838 2310 1020 2366 adhuc
1049 2312 1302 2367 mortalia
1331 2321 1571 2387 gestans.
1927 2311 2212 2368 Mitificans
2238 2329 2419 2370 acrem
2450 2314 2590 2370 coelo
2629 2315 2916 2372 minitante
2948 2317 3188 2372 leonem.

1689 2442 1896 2498 CAPUT
1939 2443 2075 2500 XIII.

1516 2545 1592 2604 De
1631 2557 1834 2607 sancto
1880 2549 2238 2608 Herculano.

345 2667 514 2738 Cujus
537 2672 748 2744 rugitus
779 2673 1139 2731 Hcrculanum
1174 2693 1456 2734 murmure
2073 2684 2329 2756 Cutisque
2371 2683 2564 2740 abacta
2594 2685 2836 2741 reclivitc
2866 2693 3016 2761 grata
3058 2695 3306 2763 tergora:

347 2760 609 2817 Perusina
631 2780 834 2820 caesum
867 2769 1239 2825 contremiscit
1261 2771 1575 2842 przesulem,
2070 2776 2243 2832 Simul
2270 2777 2450 2833 soluto
2472 2778 2681 2834 conditi
2710 2760 2974 2834 cadavere

347 2849 537 2906 Mirata
567 2852 737 2909 functi
771 2856 911 2911 colla
943 2868 1093 2914 secta
1125 2861 1380 2931 martyris
2071 2868 2231 2923 Pueri
2259 2876 2502 2925 scatente
2526 2872 2793 2926 vermium
2826 2873 3154 2944 putredine;

344 2941 590 2998 Solidata
621 2961 805 3000 rursus
833 2963 898 3002 ac
927 2956 1114 3005 coacta
1143 2951 1385 3022 corpori,
2071 2955 2231 3011 Sedis
2260 2956 2464 3012 micare
2494 2959 2741 3014 membra
2768 2941 2890 3030 post
2920 2969 3115 3033 quater
3139 2962 3261 3017 dies

348 3032 502 3089 Loris
529 3045 739 3094 resecta
771 3039 1089 3098 reﬂoruisse
1110 3043 1342 3112 viscera,
2072 3045 2268 3101 Decem
2297 3045 2554 3103 reductos
2592 3063 2695 3104 ceu
2726 3047 2816 3104 die
2848 3032 3022 3119 prima
3043 3049 3242 3108 exitus.

1687 3172 1892 3228 CAPUT
1940 3171 2070 3228 XIV.

1453 3278 1532 3337 De
1556 3287 1763 3339 sancto
1799 3279 1968 3338 Isaac
2005 3280 2318 3337 monacho.

208 3409 497 3481 Spoletum
526 3427 557 3465 e
596 3411 754 3481 Syria
786 3413 966 3483 qualis
989 3413 1313 3484 perducitur
1347 3419 1551 3487 hospes
1858 3421 1908 3490 ο
1934 3416 2163 3487 Quoque
2190 3416 2398 3471 caduca
2429 3415 2603 3490 magis
2621 3416 2824 3484 renuit,
2857 3432 3114 3472 mansura
3143 3417 3403 3488 capessit.

207 3505 554 3575 Almipotens
584 3507 730 3561 Isaac
761 3508 967 3578 reperit
997 3508 1256 3581 Gregoria
1286 3511 1438 3584 virgo
1934 3509 2065 3563 Mira
2096 3514 2271 3580 patrat
2309 3508 2548 3580 divoque
2578 3509 2773 3582 vigens
2809 3509 3112 3580 spiramine
3144 3509 3334 3564 claret.

208 3601 413 3655 Tutore
433 3602 539 3657 hoc
567 3603 824 3657 thalamis
850 3602 1065 3677 fugiens
1086 3603 1313 3659 defensa
1340 3605 1595 3676 petulcis,
1937 3601 2056 3656 Haec
2083 3600 2294 3656 olerum
2327 3599 2479 3655 fures
2509 3601 2787 3672 quondam
2813 3600 3024 3656 fervore
3057 3601 3371 3671 probantes,

203 3691 505 3762 Terrigena
544 3701 756 3764 tempto
787 3695 902 3768 regi
943 3711 1066 3766 quae
1100 3695 1352 3770 jungitur
1376 3698 1579 3753 aethrae.
1933 3693 2134 3748 Mutato
2165 3692 2354 3747 rastris
2381 3693 2604 3758 instant,
2639 3691 2732 3764 qui
2763 3691 2902 3746 furta
2934 3689 3237 3761 patebant:

203 3779 389 3834 Sentit
417 3789 473 3836 et
500 3781 735 3836 aedituus
760 3782 903 3837 votis
933 3782 1184 3838 infensus
1215 3785 1437 3855 opimis,
1933 3781 2093 3836 Part0
2116 3797 2174 3836 se
2201 3781 2460 3855 subigunt
2490 3781 2642 3852 operi
2666 3782 2720 3836 in
2749 3781 3022 3836 contraria
3050 3781 3213 3848 versi,

206 3867 470 3938 Improba
487 3885 613 3923 mox
645 3871 839 3940 palmae
869 3871 954 3926 cui
985 3870 1156 3946 ﬂagra
1195 3874 1438 3929 coercuit
1477 3873 1619 3929 ultor
1932 3870 2063 3925 Vota
2093 3870 2178 3924 sui
2209 3869 2365 3924 obliti
2398 3870 2891 3941 secretaqucjussa
2922 3870 3118 3935 secuti,

209 3961 416 4024 Hostis,
449 3961 710 4035 agonistse
730 3963 944 4018 virtutis
975 3965 1226 4034 proditor
1250 3966 1396 4033 altae,
1934 3959 2173 4014 Crimina
2204 3966 2536 4027 temnentes,
2580 3959 2798 4030 pietatis
2827 3960 3010 4014 munia
3051 3960 3265 4025 dantes,

207 4049 369 4104 Illico
399 4049 740 4120 pellendum,
772 4058 998 4123 experto
1024 4068 1084 4106 se
1110 4052 1304 4118 milite,
1338 4069 1616 4123 promens.
1935 4052 2202 4122 Quodque
2226 4051 2427 4123 probro
2450 4051 2657 4123 petiere
2685 4051 2858 4122 proba
2887 4051 3143 4106 mercede
3174 4057 3478 4122 reportant,

211 4145 474 4201 Certatim
509 4145 638 4200 dum
662 4146 833 4202 fertur
861 4149 1058 4216 honos,
1089 4149 1218 4204 dum
1252 4165 1479 4204 munera
1498 4165 1622 4204 rura
1937 4145 2248 4200 Gaudentes
2277 4144 2464 4215 operis
2497 4143 2724 4216 inopino
2754 4161 2983 4199 munere
3005 4143 3196 4199 functi.

211 4237 422 4291 Cuncta
445 4236 628 4291 oblata
653 4236 814 4312 fugit,
847 4239 928 4292 vir
959 4240 1292 4310 paupertatis
1319 4239 1550 4300 amicus,
1937 4233 2026 4288 Sic
2041 4234 2205 4289 etiam
2235 4225 2507 4287 simulatis
2539 4232 2734 4303 inopes
2763 4233 2942 4287 aliena
2965 4238 3216 4304 petentes

215 4326 434 4381 Deserit
455 4326 751 4394 urbicolas,
785 4328 920 4402 legit
955 4329 1138 4383 abdita
1170 4331 1338 4384 lustra
1365 4329 1618 4384 ferarum.
1937 4326 2162 4397 Pr0pria
2183 4326 2418 4382 contecti
2439 4334 2726 4400 segmenta
2764 4327 2975 4397 pudore
2999 4330 3313 4396 capessunt.

213 4418 313 4472 Hic
344 4432 572 4489 quoque
603 4418 888 4489 discipulis
925 4419 1120 4475 callem
1151 4419 1492 4476 sectantibus
1522 4425 1726 4475 arctum
1937 4415 2172 4473 Portitor
2197 4414 2400 4470 inﬁdus
2429 4416 2510 4472 sic
2537 4433 2633 4472 ora
2661 4416 2866 4472 rubore
2897 4415 3104 4471 salubri

211 4511 446 4564 Sumere
477 4510 756 4581 depensos
781 4511 848 4565 ad
879 4511 1078 4568 victum
1110 4529 1304 4568 suasus
1334 4513 1560 4588 agellos,
1937 4508 2176 4581 Eripitur
2205 4508 2664 4588 plexus,horrore
2693 4526 2724 4564 a
2756 4508 2950 4564 funere
2978 4516 3146 4564 tutus.

213 4599 360 4653 Vitat
387 4599 742 4670 pauperiem:
774 4607 1031 4656 metuens
1054 4618 1124 4657 ne
1154 4602 1384 4673 perdere
1415 4603 1612 4657 almam
1639 4620 1650 4663 ;
1859 4670 1894 4674 _
1938 4601 2078 4669 Quas
2108 4602 2323 4657 virtutis
2343 4617 2478 4673 Opes
2506 4617 2902 4672 nonnunquam
2937 4601 3139 4655 invicta
3166 4599 3429 4674 tegebant

213 4687 507 4743 Ccelestem
539 4704 646 4744 non
667 4705 791 4744 esse
823 4690 1001 4746 fateris
1030 4693 1123 4763 qui
1156 4670 1331 4747 terrea
1351 4693 1563 4763 qumrit.
1859 4670 1913 4736 D
1938 4691 2170 4758 Gaudia,
2200 4707 2505 4765 pugnacem
2547 4693 2782 4748 stimulis
2801 4691 3076 4748 servantia
3105 4697 3342 4745 mentem

1715 4813 1921 4867 CAPUT
1970 4813 2076 4868 XV.

1355 4919 1431 4976 De
1458 4919 1684 4978 sanctis
1714 4915 2014 4978 Florentio
2045 4926 2097 4975 et
2134 4915 2447 4993 Eutychio.

219 5053 389 5118 Queis
416 5052 593 5126 viguit
621 5053 834 5108 meritis
865 5053 1029 5108 frater
1066 5053 1370 5109 Florentius
1401 5055 1510 5108 ursi
1948 5053 2196 5114 Innocui,
2230 5052 2444 5107 Domini
2485 5051 2724 5106 vindicta
2754 5058 2940 5107 secuta
2971 5049 3238 5114 dolorem,

217 5141 556 5213 Obsequium
589 5142 784 5213 probat
812 5142 1093 5198 indomita:
1123 5150 1178 5197 et
1206 5142 1401 5198 solatia
1427 5141 1620 5209 belvaa,
1945 5143 2210 5198 Vindictae
2238 5152 2292 5198 et
2317 5144 2580 5216 gemitus,
2612 5143 2797 5198 multae
2836 5143 2962 5197 data
3003 5142 3226 5196 ﬂumina
3257 5140 3383 5193 fletu

221 5235 413 5289 Pastor
444 5235 762 5306 inexpertus
792 5234 1058 5310 gregibus
1087 5235 1291 5290 servire
1321 5234 1632 5300 bidentum,
1946 5236 2131 5292 Cernit
2160 5243 2214 5291 et
2239 5236 2446 5291 invisor
2483 5235 2645 5291 levita
2674 5242 2919 5290 servatus
2940 5241 3150 5288 amator

215 5325 417 5382 Parere
445 5327 741 5382 addiscens
770 5327 1021 5393 monitis,
1044 5325 1259 5396 jejunia
1291 5325 1451 5388 ferre,
1946 5327 2174 5398 Agmine
2203 5327 2385 5381 viroso
2417 5325 2707 5382 inveniens
2738 5323 3049 5379 habitacula
3078 5319 3222 5394 cingi

218 5418 556 5473 Praesentem
584 5417 804 5473 servare
831 5420 1037 5487 cibum,
1073 5436 1246 5476 coenae
1270 5420 1476 5474 addere
1509 5420 1683 5493 leges,
1949 5414 2187 5485 Hospitis
2218 5414 2477 5485 impavidi
2509 5415 2664 5484 cujus
2693 5412 2796 5468 sub
2818 5427 2954 5467 voce
2993 5409 3240 5480 polorum

218 5509 414 5566 Livida
445 5510 570 5566 luce
591 5528 787 5567 manus
817 5512 960 5585 signi
989 5512 1244 5584 servique
1272 5509 1612 5582 peremptrix
1948 5509 2197 5564 Culmina
2227 5511 2594 5578 conclamant,
2626 5509 2860 5566 roboans
2881 5506 2967 5563 cui
2990 5505 3190 5559 militat
3219 5502 3392 5557 aether

298 5682 443 5752 (205‘)
490 5683 579 5738 Sic
633 5684 780 5749 cod.,
810 5684 906 5738 sed
940 5683 1233 5756 legendum
1277 5683 1346 5737 de
1387 5683 1637 5738 Cerbonio
1676 5683 1960 5751 Populonii
1987 5683 2231 5752 episcopo
2250 5688 2297 5737 et
2329 5683 2607 5749 Fulgentio
2639 5679 2988 5735 Utriculensi.
