3994 6148
544 251 649 305 847
1294 245 1662 303 FLODOABDI
1703 244 2005 301 CANONICI
2050 243 2375 299 REMENSIS
2417 243 2757 299 OPUSCULA
2794 243 3107 300 METRICA.
3719 260 3797 311 κω

546 379 722 448 Atque
750 374 1148 438 veneniferam,
1178 374 1377 430 sternit
1396 373 1732 446 perimitque
1763 388 2045 429 coronam.
2190 378 2240 445 Α
2264 371 2530 427 Panditur
2566 372 2787 444 expleto
2817 373 2977 428 claris
3006 373 3306 428 certamine
3335 375 3504 447 signis

548 466 750 519 Caetera
779 463 1046 535 quaerenti
1070 461 1327 536 suffragia
1356 470 1505 518 certa
1537 469 1799 534 parantur
2267 464 2390 533 Ipsa
2419 464 2584 518 etiam
2615 464 2784 519 vestis
2813 465 2998 520 divino
3030 482 3258 520 munere
3298 467 3453 521 testis

550 558 867 633 Plumigerre
887 558 1074 614 subito
1096 558 1269 612 series
1290 556 1499 630 perlata
1529 558 1771 629 cohortis
2264 552 2510 616 Accedit,
2544 554 2757 608 meritis
2780 562 3020 609 avertere
3050 554 3284 609 vindicis
3307 556 3437 609 iram

548 649 757 703 Funera
785 649 907 704 dira
935 649 1126 704 levans
1154 655 1210 704 et
1230 646 1479 705 tristibus
1507 647 1647 703 atria
1668 663 1911 722 purgans
2263 641 2451 706 Sueta.
2480 641 2661 696 calore
2694 642 3017 712 hyperionio
3047 640 3411 717 ﬂagrantibus
3435 646 3578 701 arvis.

546 740 865 811 Eutychius,
895 746 1124 796 consors
1150 739 1208 794 in
1245 738 1386 794 calle
1421 753 1662 809 superna
1689 745 1915 809 petente
2265 728 2424 793 Dum,
2457 728 2666 798 PI‘Olata
2688 728 2910 799 replens
2928 730 3175 786 δίιίθῐιιία
3197 748 3323 785 mra
3355 732 3583 798 madm‘e.

548 833 737 902 Hujus,
768 844 1068 890 turmarum
1090 835 1202 890 dux
1232 834 1639 906 instructorque
1665 833 1905 905 piarum,

2272 819 2500 875 Nursica
2531 819 2785 876 fecundis
2806 820 3104 893 locupletat
3135 824 3338 893 praedia
3367 825 3556 879 nimbis

546 927 659 990 Qua
690 924 963 996 probitate
986 940 1187 998 regens
1211 923 1424 978 animas
1449 923 1519 978 ad
1549 922 1698 978 celsa
1726 923 1934 980 vocarit

2024 1026 2231 1082 CAPUT
2279 1027 2413 1081 XVI.

1917 1130 1995 1188 De
2021 1137 2224 1189 sancto
2256 1129 2539 1189 Martiae.

549 1272 773 1328 Marsica
811 1271 1024 1326 Martini
1055 1270 1182 1345 iuga
1214 1285 1568 1341 promeruere
1608 1270 1919 1341 triumphos
2269 1268 2364 1324 Sie
2404 1270 2530 1325 victi
2563 1270 2724 1326 furiis
2752 1271 2977 1327 victOris
3004 1272 3179 1347 gloria
3206 1273 3396 1326 claret.

546 1362 704 1432 Saepe
743 1360 931 1415 videre
960 1360 1101 1434 geri,
1132 1359 1307 1414 subici
1338 1358 1439 1414 atri
1472 1359 1613 1414 colla
1636 1359 1893 1415 draconis
2271 1358 2365 1412 Cui
2399 1359 2467 1413 de
2506 1376 2642 1430 rupe
2666 1360 2850 1415 ferens
2872 1361 3053 1432 prisco
3082 1362 3285 1415 undam
3314 1378 3535 1417 munere
3562 1362 3765 1419 Christus

547 1454 754 1508 Pellere
782 1451 1069 1523 praestanti
1104 1451 1335 1507 nitentis
1363 1449 1499 1506 sede
1530 1451 1841 1507 columnam
2269 1449 2439 1513 Quam
2471 1451 2639 1505 cliaro
2671 1451 2933 1506 famulum
2969 1453 3131 1507 docet
3167 1454 3527 1522 amplectatur
3557 1471 3712 1509 amore

545 1544 793 1601 Caelestis
823 1545 988 1601 rutilo
1015 1545 1141 1601 vitae
1170 1544 1472 1616 splendore
1512 1544 1805 1599 nitentem.
2267 1538 2442 1608 quue
2475 1539 2767 1609 repentina
2794 1539 3086 1594 muliebria
3107 1538 3216 1594 fata
3247 1541 3404 1594 ruina

543 1639 732 1693 Securi
761 1638 1035 1709 siquidem
1067 1632 1365 1708 penetrans
1391 1652 1492 1708 per
1512 1636 1707 1691 crebro
1731 1636 2020 1698 latebram,
2276 1629 2571 1685 Notiﬁcant
2601 1631 2806 1687 laesisse
2837 1633 3004 1686 Deum
3037 1648 3158 1703 qua:
3181 1633 3321 1687 laesit
3348 1634 3644 1686 alumnum:

544 1732 727 1786 lnnuit
766 1747 825 1786 se
855 1739 1025 1786 strato
1057 1730 1333 1802 precibus,
1371 1730 1720 1801 tendensque
1747 1736 2035 1783 tremorem
2238 1723 2243 1728 ’
2278 1721 2387 1777 Nec
2404 1723 2587 1778 minus
2618 1733 2674 1778 et
2699 1724 2854 1795 pueri
2887 1726 3020 1795 proh
3062 1724 3201 1778 mira
3231 1725 3424 1779 relatio
3453 1725 3576 1795 lapsi

545 1821 797 1876 lncutere
835 1821 1016 1876 oranti
1034 1819 1268 1875 vinceda
1304 1820 1489 1874 thema
1518 1819 1793 1873 ministret
1823 1817 2038 1889 (205*);
2196 1863 2246 1931 Β
2276 1817 2377 1872 Per
2400 1819 2625 1874 scabros
2656 1825 2769 1874 tute
2797 1822 3074 1891 scopulos,
3099 1836 3197 1891 per
3221 1837 3394 1891 prona
3425 1820 3615 1874 ruentis

547 1910 653 1931 ΆἹΑ-
683 1909 823 1931 ---ΙΑΔ
850 1909 1102 1931 2_A--A-_..
1142 1906 1438 1931 1-.....A..I:-
1471 1907 1740 1931 -ι..ἒ..,.-..-
1776 1922 2027 1931 -n_.........-
2278 1909 2445 1931 n--._:_
2480 1917 2525 1931 ,Α
2571 1912 2767 1931 Δ....Ι..,
2807 1912 2972 1931 --1.74-
2998 1928 3159 1931 --μ,-ᾉ
3197 1912 3342 1931 ΔιμξΑ
3380 1920 3425 1931 ιθ
3448 1920 3509 1931 ΑιΑ

544 1910 656 1965 Nec
683 1909 827 1965 valet
850 1909 1107 1963 intectam
1142 1906 1441 1962 temneutis
1470 1907 1744 1979 stringere
1771 1922 2028 1971 carnem;
2198 1906 2246 1931 ”
2276 1909 2449 1981 Rupis
2475 1917 2529 1965 et
2566 1912 2772 1966 avulsae
2802 1912 2975 1967 saltus
2994 1928 3163 1983 super
3189 1912 3351 1967 obvia
3380 1920 3536 1975 tecta,

542 2000 857 2072 Titanisque
880 2000 976 2055 ubi
1008 2006 1089 2054 ter
1111 2006 1284 2054 metas
1314 2006 1591 2054 consumit
1624 1998 1813 2064 inane,
1862 2076 1869 2082 _
2274 2000 2606 2071 Speluncam
2650 2002 2822 2072 patris
2854 2001 3090 2073 impulsu
3123 2019 3190 2057 ne
3223 2003 3450 2057 laederet
3475 2011 3629 2067 actae;

545 2095 818 2147 Accensus
847 2091 1244 2165 Phlegetontaei
1279 2090 1490 2146 fervore
1521 2089 1719 2146 furoris
2274 2094 2401 2166 Ipsa
2433 2104 2632 2151 catena
2667 2097 2889 2167 pedem,
2930 2098 3213 2153 Benedicti
3251 2098 3318 2151 ad
3343 2099 3494 2165 jussa
3526 2099 3775 2157 resolvens,

542 2180 752 2235 Evomit
789 2178 1078 2234 horriﬁcas
1109 2179 1320 2234 devexa
1354 2194 1453 2249 per
1483 2177 1631 2234 invia
1654 2178 1926 2246 flammas,
2271 2184 2432 2255 Saepe
2464 2184 2737 2240 fatiscenti
2769 2186 2961 2241 tribuit
2990 2203 3113 2258 qua:
3146 2188 3343 2242 robora
3367 2188 3499 2242 recti

540 2271 684 2327 Dans
703 2288 826 2327 sese
857 2273 911 2326 iu
939 2288 1187 2343 praeceps
1206 2271 1413 2344 sparsis
1442 2287 1669 2328 nemora
1702 2271 1925 2347 ignibus
1950 2287 2119 2327 urens
2151 2291 2163 2327 ε
2269 2274 2648 2346 Funicoloque
2671 2276 2825 2331 dedit
2847 2275 2973 2331 ferri
3007 2277 3237 2331 traxisse
3264 2277 3524 2351 vigorem.

2013 2399 2222 2455 CAPUT
2268 2399 2425 2457 XVII.

1627 2501 1704 2560 De
1730 2500 2024 2560 monacho
2052 2500 2299 2561 nomine
2332 2500 2824 2576 Quadragesimo.

540 2638 669 2704 Quis
694 2636 883 2709 quanti
915 2636 1096 2691 meriti
1118 2634 1207 2691 cui
1239 2634 1703 2708 Quadragesimus
1727 2634 1930 2705 hospes
2267 2636 2496 2692 Pulvere
2526 2635 2741 2693 vivifico
2768 2652 3001 2713 surgens
3031 2637 3227 2708 probat
3256 2654 3352 2694 ora
3386 2639 3599 2693 fricatus

543 2731 785 2787 Extiterit
823 2729 1150 2794 monachus,
1173 2727 1391 2802 fugiens
1417 2724 1769 2782 venerandus
1790 2725 2051 2792 honores,
2263 2727 2359 2782 Vix
2382 2728 2532 2785 letho
2565 2728 2825 2801 precibus
2855 2737 3043 2801 raptus
3073 2730 3293 2802 lucique
3315 2731 3591 2787 reductus.

1980 2856 2187 2912 CAPUT
2234 2857 2420 2913 XVIII.

1681 2959 1758 3017 De
1786 2957 2097 3017 Benedicto
2125 2961 2417 3019 monacho
2448 2969 2501 3019 ει
2532 2961 2721 3020 ille-na.

538 3081 846 3151 Campanus
877 3094 1097 3150 quoque
1129 3092 1293 3148 quam
1321 3075 1487 3130 nituit
1507 3074 1835 3129 Benedictus
1856 3074 1925 3129 ab
1960 3054 2085 3148 igne
2259 3075 2509 3131 Defensaa
2533 3076 2863 3147 profitentur
2890 3093 3043 3142 apes,
3082 3094 3406 3149 pressaeque
3435 3079 3652 3150 rapinae.

536 3170 789 3225 Criminis
814 3167 1096 3233 immunis,
1138 3166 1323 3220 hostili
1351 3164 1612 3236 panditur
1641 3163 1770 3238 igne
2046 3194 2052 3203 ο
2256 3168 2463 3238 Spretis
2482 3169 2760 3239 supplicio
2792 3170 2976 3225 verbis
3010 3171 3235 3226 invasor
3264 3170 3516 3237 adactus,

535 3264 738 3319 Cretera
762 3268 1040 3317 vastantes
1071 3260 1290 3315 ﬂamma
1328 3265 1625 3330 superante
1654 3273 1886 3329 vapores
1919 3275 1934 3323 ;
2178 3274 2228 3343 ρ
2252 3259 2533 3315 Mansueto
2561 3259 2676 3315 fera
2703 3277 2875 3333 prona
2896 3279 3112 3329 manus,
3145 3271 3264 3318 trux
3281 3262 3541 3318 subditus
3566 3261 3749 3317 hostis.

532 3353 799 3409 Iudicium
830 3351 1048 3407 accedit
1077 3350 1263 3423 potius
1292 3349 1536 3404 fervante
1568 3347 1755 3404 furore
2255 3347 2496 3419 Subjecti
2530 3348 2718 3404 ferulae
2750 3349 3100 3406 fremebundi
3130 3351 3383 3407 caedibus
3414 3352 3526 3405 ursi

531 3447 750 3502 Invictze
791 3444 1083 3516 probitatis
1114 3459 1255 3515 Opus
1271 3442 1490 3497 fornace
1523 3441 1813 3511 probante,
2255 3440 2485 3496 Cmsoris
2518 3442 2740 3498 lenibus
2780 3442 3059 3519 fugientes
3085 3446 3251 3500 mella
3283 3444 3542 3519 ﬂagellis.

527 3536 755 3608 Quoque
786 3535 959 3607 magis
983 3534 1183 3605 petitur
1204 3531 1465 3587 furiarum
1499 3529 1728 3585 ardente
1757 3530 1960 3597 calore,
2257 3534 2489 3588 Incestis
2518 3536 2771 3605 trepidus
2800 3536 3035 3591 latitanti
3071 3554 3302 3593 munere
3333 3539 3505 3592 caedis

531 3625 643 3680 Hoc
657 3624 834 3697 magis
859 3620 1131 3695 effulgens
1159 3619 1279 3675 auri
1319 3618 1639 3690 resplendet
1666 3618 1898 3683 honore.
2256 3627 2573 3698 Deprensus
2599 3628 2824 3684 sceleris
2842 3646 3090 3685 censurae
3120 3632 3243 3685 luce
3272 3638 3557 3701 stuprator

527 3716 647 3771 Non
672 3716 915 3771 audente
944 3729 1079 3785 rogo
1107 3713 1192 3768 vel
1223 3727 1437 3767 summa
1466 3711 1679 3767 fervere
1715 3720 1887 3766 veste.
2257 3714 2476 3787 Hocque
2507 3718 2802 3793 redarguto
2828 3719 3026 3774 servati
3056 3720 3288 3774 crimine
3323 3720 3534 3791 plures.

527 3809 698 3874 Quam
728 3806 901 3864 coluit
927 3813 1121 3861 sancte
1151 3803 1420 3859 Samnitis
1457 3803 1703 3859 culmina
1731 3802 1937 3871 Menas,

2006 3910 2213 3967 CAPUT
2261 3912 2392 3968 XIX.

1069 4013 1147 4072 De
1183 4030 1307 4089 qua
1331 4012 1597 4088 lraginta
1626 4014 1873 4071 rusticis
1901 4020 1955 4071 et
1982 4012 2069 4072 eis
2096 4014 2206 4089 qui
2234 4022 2412 4091 caput
2450 4033 2642 4093 capra
2674 4018 3000 4078 noluerunt
3029 4018 3306 4079 adorare.

520 4147 858 4203 Ausonidum
890 4159 1001 4216 quo
1030 4143 1380 4200 constiterint
1411 4143 1501 4213 pia
1524 4142 1689 4197 corda
1713 4141 1950 4198 virorum
2238 4143 2341 4196 Aut
2369 4142 2523 4197 necis
2540 4143 2812 4214 asperitas
2838 4144 3289 4200 valuitdivellere
3322 4144 3562 4200 Christo.

518 4242 732 4298 Robore
771 4239 1022 4295 ruricolae
1054 4244 1325 4293 testantur
1363 4235 1573 4291 viscere
1604 4244 1809 4307 tempto
2242 4237 2336 4293 llic
2365 4254 2586 4311 quoque
2617 4239 2709 4311 qui
2751 4254 2905 4295 caesae
2937 4240 3184 4295 ridentes
3211 4256 3368 4295 sacra
3400 4240 3635 4310 capellae

519 4334 726 4399 Fortes,
767 4330 1040 4403 sacrilego
1060 4344 1201 4401 quos
1228 4327 1593 4403 quadraginta
1622 4329 1926 4399 prehensos
2157 4398 2195 4403 _
2245 4328 2381 4382 Dum
2412 4328 2611 4399 capitis
2638 4329 2865 4384 horrent
2888 4344 3046 4384 orare
3070 4328 3264 4384 insana
3295 4330 3517 4400 caprini

522 4423 756 4478 Barbara
781 4438 884 4478 nec
922 4438 1119 4476 manus
1160 4435 1296 4475 ense
1327 4419 1510 4474 minax
1546 4435 1650 4475 nec
1689 4418 1907 4476 funeris
1943 4398 2211 4478 horrorD
2239 4420 2601 4491 Splendorem
2635 4419 2786 4493 regni
2809 4419 3053 4490 capitum
3083 4419 3342 4474 mercede
3366 4425 3658 4490 pararunt.

1994 4546 2206 4603 CAPUT
2253 4544 2361 4601 XX.

1663 4649 1740 4709 De
1767 4654 1994 4711 sancti:
2022 4652 2305 4711 Amantio
2336 4659 2389 4709 et
2421 4649 2686 4709 Florida.

509 4780 679 4845 Quam
710 4777 903 4833 validm
932 4778 1118 4833 senior
1157 4775 1370 4833 virtutis
1407 4775 1691 4831 Amantius
1720 4782 1843 4832 actu
2233 4777 2505 4845 Floridus,
2533 4782 2753 4831 enarrat
2781 4774 3007 4847 dapium
3038 4775 3399 4831 decoramine
3436 4783 3637 4847 pastus

504 4870 863 4942 Simplicitate
895 4868 1076 4923 nitens
1107 4867 1377 4923 effulserit
1404 4883 1551 4941 aegra
1580 4867 1818 4923 levando
1932 4868 1939 4879 '
2230 4872 2515 4945 Multiplici
2536 4873 2736 4944 praesul
2767 4872 2961 4927 crebro
2990 4879 3046 4926 et
3076 4871 3421 4927 saturamine
3467 4872 3696 4941 plenus,

503 4962 671 5016 'l‘actu
701 4959 948 5014 membra
967 4976 1167 5015 manus
1192 4966 1246 5015 et
1275 4958 1578 5029 apostolico
1609 4959 1752 5013 altus
1781 4958 2016 5024 honore,
2137 4957 2139 4959 ’
2229 4963 2634 5038 Gregoriusque
2658 4971 2835 5030 pater,
2864 4961 3090 5034 verique
3115 4959 3310 5015 nitoris
3327 4969 3557 5015 amator

502 5056 696 5122 Quam,
728 5049 910 5108 crucis
937 5049 1006 5104 ad
1032 5050 1273 5122 signum,
1299 5048 1482 5105 virosa
1511 5049 1834 5124 extinguere
1865 5048 2020 5106 fortis
2225 5051 2486 5122 Apposito
2518 5051 2713 5123 probat
2741 5050 2938 5106 insano
2963 5048 3225 5121 salvoque
3258 5056 3520 5120 recepto.

1982 5190 2194 5246 CAPUT
2233 5190 2367 5245 XXI.

1964 5301 2044 5360 De
2086 5301 2395 5362 Sanctulo.

493 5428 607 5491 Qua
639 5426 913 5498 probitate
932 5426 1129 5500 vigens
1155 5424 1378 5497 pietatis
1405 5424 1615 5481 lumine
1644 5425 1822 5481 clarus
2223 5427 2347 5498 Ipse
2376 5427 2463 5482 vel
2500 5435 2725 5484 exactus
2747 5428 2890 5483 votis
2928 5434 3170 5482 extrema
3202 5426 3430 5482 fatetur.

491 5518 787 5574 Sanctulus
825 5519 1024 5573 enituit
1054 5527 1240 5573 narrat
1268 5516 1463 5572 vicinis
1498 5518 1652 5572 testis
2223 5517 2456 5591 Namqui
2489 5525 2684 5589 petens
2712 5516 2821 5574 olei
2841 5517 3013 5589 praelo
3045 5524 3314 5571 renuente
3344 5515 3643 5590 liquorem

558 5635 743 5705 (205’)
784 5634 961 5689 Verba
991 5644 1266 5706 corrupta.
