3994 6148
184 265 294 320 849
801 266 884 319 DE
923 265 1177 320 CHRISTI
1213 266 1568 323 TRIUVIPHIS
1606 266 1783 320 APUD
1824 263 2095 320 ITALIAM
2135 262 2331 327 LIBRI
2371 271 2524 325 XIV.
2570 305 2628 314 —
2676 278 2779 334 LIB
2842 284 2980 341 XIII.
3483 297 3590 354 850

186 390 366 457 Atque
396 388 752 456 importunus
784 387 978 442 Bardis
1007 389 1357 462 cingentibus
1377 390 1588 445 instans
1847 394 1902 462 Α
1927 390 2051 459 ipse
2073 387 2383 447 occidendi
2413 404 2687 464 preperat
2717 401 2834 456 vice
2866 405 3091 461 tendere
3118 409 3278 473 colla,

187 483 348 545 Quod
386 490 539 553 rogat
569 481 839 552 impertit,
861 482 1078 537 confert
1105 483 1251 554 quod
1279 500 1523 554 quaerere
1551 484 1726 550 visus,
1926 475 2351 550 Subjectusque
2391 482 2534 536 ensi
2569 483 2814 544 ferientis
2833 493 3080 549 continet
3107 498 3313 566 ulnam,

186 569 402 638 Mitigat
433 568 684 624 infensos
715 569 994 640 placidus,
1030 571 1296 642 laetusque
1337 571 1579 628 furentes
1924 567 2254 637 Elatamque
2286 572 2501 644 gelans
2537 576 2933 635 emollitcorda
2964 583 3266 654 furentum,

188 662 467 716 Exhilarat
496 662 898 734 lymphamque
923 679 1115 718 serens
1141 663 1277 737 legit
1307 666 1551 738 unguina
1579 666 1746 730 laeta;
1921 661 2097 729 Atque
2127 675 2286 733 genu
2319 661 2480 718 ﬂexo
2510 665 2757 722 dirorum
2801 682 3024 740 pectora
3060 675 3248 744 flectit,

188 751 462 821 Pluraque
501 750 598 821 qui
629 750 826 820 paucis
860 767 962 821 per
979 767 1038 805 se
1069 751 1200 806 olim
1221 750 1394 805 millia
1434 752 1580 823 pavit
1921 745 2166 802 Mitiﬁcat
2193 751 2435 818 crudos,
2471 763 2691 810 atroces
2729 758 2986 832 subjugat
3017 764 3201 820 hostes

188 840 385 894 Multos
417 856 560 910 pane
589 839 784 893 cibans
818 856 920 910 per
938 854 1156 894 servum
1186 847 1398 895 recreat
1421 855 1530 895 uno
1916 840 2346 914 Absolvensque
2375 860 2566 913 reum,
2597 855 2865 906 temerare
2897 853 3026 909 hinc
3055 865 3245 914 sancta
3267 872 3571 935 vacantem,

186 934 380 988 Divina
407 934 654 988 bonitate
681 933 812 988 dato
839 932 1114 1004 fessisque
1139 942 1354 1003 reperto
1917 928 2124 984 Dimitti
2158 928 2332 997 jubet
2361 931 2660 998 innocuos,
2697 937 2789 992 dat
2816 939 2970 995 abire
3001 944 3210 1000 solutos
3242 965 3256 1014 ;

184 1025 447 1080 {Edicolis
477 1025 586 1079 usti
624 1025 780 1080 testis
812 1025 1201 1095 reparantibus
1227 1025 1430 1092 aulam,
1919 1024 2170 1093 Dumque
2198 1024 2331 1078 τιθοί
2366 1026 2541 1081 unius
2569 1045 2629 1083 SC
2662 1047 2760 1100 ρνο
2795 1033 3100 1091 θθτνίοίδυε
3121 1038 3278 1094 om?”

182 1115 402 1184 Quique
423 1113 513 1167 die
545 1113 736 1183 paucis
771 1119 961 1184 posset
994 1112 1124 1167 satis
1151 1128 1273 1167 esse
1303 1115 1388 1167 vel
1417 1129 1528 1167 una
1897 1115 2142 1184 Jactura
2177 1114 2398 1172 multos
2421 1117 2566 1173 liber
2582 1121 2734 1176 necis
2762 1122 2878 1194 ipse
2909 1127 3151 1184 resolvit.

183 1209 243 1260 ln
275 1207 362 1260 bis
384 1206 633 1278 quinque
654 1220 787 1260 esus
811 1204 1122 1260 numerosis
1144 1203 1347 1259 sufﬁcit
1368 1221 1535 1271 unus,
1927 1208 2038 1262 Hoc
2076 1205 2297 1262 lethale
2329 1211 2534 1265 malum
2570 1213 2747 1283 rapidi
2782 1215 2837 1269 in
2865 1232 3019 1272 sacra
3051 1236 3178 1274 vasa
3200 1221 3401 1276 furoris

181 1300 522 1351 Accrescens
545 1295 756 1350 mensis
787 1294 1068 1350 cumulato
1100 1293 1371 1367 fragmine
1403 1293 1584 1365 panis.
1926 1294 2234 1368 Sanguinis
2261 1298 2404 1354 hanc
2420 1299 2554 1367 justi
2590 1300 2801 1356 foveam
2830 1321 3142 1378 szevamque
3171 1310 3491 1380 charybdim

183 1390 309 1454 Iste,
339 1389 436 1443 Dei
459 1395 730 1459 praestans
760 1386 914 1442 celso
938 1385 1193 1442 sublimis
1219 1402 1428 1452 amore,
1931 1389 2131 1460 Martyr
2155 1387 2415 1445 Pontiﬁci
2441 1390 2548 1446 fert
2581 1392 2858 1464 Eutychus
2885 1406 3011 1450 ante
3045 1398 3351 1469 Redempto

183 1479 300 1534 Non
333 1475 847 1547 dubitatprOpriam
871 1475 1022 1530 fratri
1052 1476 1374 1546 dependere
1407 1476 1582 1530 vitam
1929 1477 2292 1548 Addiscitquc
2335 1479 2660 1535 Ferentinas
2685 1482 2756 1536 ita
2783 1481 2892 1538 ﬁne
2921 1486 3238 1556 propinquo

188 1569 631 1640 Subjectumque
667 1567 814 1640 fugae
844 1565 1100 1640 suffragia
1130 1583 1352 1622 sumere
1385 1583 1618 1640 cogens,
1931 1567 2234 1621 Humanam
2269 1567 2396 1622 ferri
2429 1577 2675 1625 sacrator
2700 1571 2768 1625 ad
2797 1572 2990 1628 ultima
3029 1589 3269 1639 carnem,

1785 1704 1992 1760 CAPUT
2030 1705 2189 1761 XXII.

929 1808 1004 1866 De
1030 1811 1255 1868 sanctis
1284 1807 1558 1886 Specioso
1592 1817 1643 1868 et
1674 1808 1956 1886 Gregorio
1990 1810 2286 1888 fratribus
2317 1821 2641 1889 sanctoque
2673 1811 2807 1891 Spe.

180 1920 350 2009 Quam
382 1947 574 1998 sancte
614 1946 783 2010 atque
814 1938 901 2008 pie
935 1937 1216 1993 Benedicti
1249 1939 1507 2013 dogmate
1538 1938 1712 2009 patris
1846 1942 1896 2011 Β
1923 1937 2246 1994 Notificatur
2275 1938 2423 2003 huic,
2449 1939 2683 1995 Domino
2715 1948 3022 2015 retegente,
3056 1944 3262 1999 laboris

179 2032 413 2086 Lustrati
448 2031 640 2083 fratres
657 2027 958 2099 Speciosus
988 2036 1288 2098 menteque
1319 2043 1496 2082 nexus
1919 2029 2233 2094 Terminus,
2265 2033 2320 2081 et
2349 2028 2600 2082 claustris
2630 2031 2940 2097 mandatur,
2975 2033 3184 2089 lumine
3215 2045 3437 2107 sumpto

178 2123 477 2196 Gregorius
502 2137 666 2196 gazas
704 2120 830 2175 εαξιί
855 2121 909 2173 in
941 2126 1152 2174 secreta
1183 2119 1359 2174 tulere
1919 2117 2196 2188 Corporis,
2231 2116 2455 2190 attiguis
2486 2116 2673 2172 lumen
2704 2134 3024 2193 respergere
3054 2123 3254 2188 cordis,

183 2217 338 2269 Illius
366 2216 666 2288 ingressus,
701 2213 868 2282 hujus
895 2211 1203 2282 speculatio
1232 2218 1518 2266 monstrat.
1916 2209 2193 2281 Obsequio
2227 2209 2445 2278 expleto
2475 2223 2734 2264 remeans
2765 2211 3000 2266 statione
3033 2213 3232 2279 revisa,

182 2308 246 2362 Ut
275 2307 495 2378 patiens
533 2305 729 2361 Christi
769 2303 873 2360 sub
914 2304 1144 2359 verbere
1170 2302 1502 2376 longanimis
1528 2303 1669 2373 Spes
1913 2302 2078 2356 Sacra
2100 2301 2242 2372 petit
2266 2299 2590 2370 mediusque
2612 2299 2801 2354 accitis
2830 2300 3087 2356 fratribus
3115 2309 3319 2368 astans,

179 2400 526 2464 Constiterit,
557 2414 736 2454 caecus
767 2396 906 2454 facie
937 2396 1032 2451 sed
1063 2397 1230 2452 corde
1267 2395 1551 2461 renidens,
1636 2447 1640 2450 ,
1913 2390 2136 2445 Cantica
2164 2389 2291 2442 diva
2319 2394 2477 2442 sonat
2506 2397 2811 2461 cantusque
2831 2390 3056 2445 exordia
3093 2408 3362 2466 pangeus.

180 2493 463 2548 Exteriore
493 2507 690 2546 carens
721 2488 867 2544 haud
891 2489 1149 2544 interiore
1184 2487 1374 2553 nitela,
1916 2479 2166 2534 Intentus
2196 2477 2456 2548 precibus
2485 2493 2608 2532 cum
2641 2478 2784 2534 votis
2815 2480 2996 2535 sidera
3025 2481 3260 2548 scandit,

180 2587 450 2642 Redditus
479 2584 755 2656 expromit
786 2591 911 2654 post
933 2584 1097 2656 longa
1111 2578 1395 2636 volumina
1427 2579 1600 2634 visus.
1914 2573 2090 2643 Atque
2121 2569 2442 2626 columbino
2473 2571 2621 2626 visus
2652 2579 2844 2642 pet-oro
2874 2581 3018 2628 astra
3048 2574 3230 2629 volatu

182 2680 462 2731 Annorum
496 2675 656 2730 denis
688 2672 910 2730 tandem
942 2677 1138 2744 quater
1170 2668 1401 2724 orbibus
1431 2667 1570 2722 actis
1917 2665 2172 2720 Proditur
2203 2665 2305 2721 hac
2335 2673 2479 2720 meta
2506 2682 2672 2736 quam
2699 2667 2931 2738 simplex
2957 2675 3075 2724 acta
3102 2671 3370 2741 palaestra.

1651 2795 1862 2852 CAPUT
1899 2795 2083 2851 XXIII.

663 2911 740 2969 De
771 2909 1032 2986 quodam
1061 2908 1398 2987 presbytero
1429 2904 1663 2966 Nursiae
1692 2914 1744 2963 et
1776 2905 1963 2964 Probo
1995 2901 2262 2980 episcopo
2293 2911 2472 2980 atque
2500 2901 2800 2979 Stephano
2832 2904 3054 2963 abbate.

183 3055 444 3108 Nursicus
473 3053 562 3107 ille
590 3067 762 3106 senex
793 3049 997 3104 sociam
1026 3047 1120 3120 qui
1146 3046 1342 3101 limine
1374 3045 1529 3118 pellit
1917 3043 2064 3098 Hanc
2094 3059 2258 3098 secus
2279 3041 2514 3098 internis
2536 3042 2770 3097 rutilans
2807 3042 3103 3099 virtutibus
3133 3047 3321 3101 urbem

182 3144 350 3197 Morte
382 3158 606 3213 quoque
637 3139 931 3194 adstrictus
962 3139 1173 3208 paleam
1188 3136 1476 3212 velutigne
1509 3153 1811 3208 pavescens
1912 3137 2279 3208 Contemptor
2311 3137 2625 3207 Stephanus
2655 3135 2848 3192 mundi
2869 3155 3040 3210 quam
3082 3139 3279 3196 robore
3310 3140 3465 3199 firmo

179 3237 418 3292 Accendi
451 3235 713 3289 membris
732 3232 992 3304 prohibet
1019 3231 1275 3302 prOpiare
1305 3230 1520 3295 solutis,
1913 3227 2200 3284 Excellens
2229 3229 2399 3282 animi
2435 3230 2693 3299 patientis
2713 3230 2905 3285 cmlica
2937 3231 3077 3286 rexit

179 3328 346 3390 Quam
391 3325 744 3394 bene,quam
777 3328 928 3376 caste
961 3321 1270 3388 injunctum
1299 3319 1532 3374 servavit
1554 3318 1698 3375 ovile
1829 3345 1876 3412 Ο
1909 3316 2095 3372 Castra
2136 3318 2331 3373 cluens
2356 3318 2483 3372 ﬁnis
2509 3319 2936 3389 claridepromit
2961 3322 3174 3394 agonis.

177 3420 459 3474 Adventus
490 3415 636 3470 Petri
668 3414 933 3485 Paulique
958 3420 1011 3468 et
1041 3413 1215 3487 gratia
1245 3413 1444 3468 clamat
1840 3407 1875 3412 ⁷
1907 3407 2156 3463 Cernitur
2184 3417 2239 3463 et
2267 3411 2440 3484 gestis
2481 3410 2755 3482 dictisque
2785 3418 2840 3465 et
2869 3427 3057 3467 amore
3090 3420 3382 3469 nocentum

179 3512 388 3566 Laetitia
422 3509 658 3580 repetita
683 3507 834 3562 senis
860 3522 1120 3576 suprema
1150 3505 1420 3560 trahentis
1902 3497 2094 3553 Mcssis
2123 3509 2182 3554 ut
2214 3501 2454 3556 incensae
2485 3501 2777 3573 tranquilla
2807 3509 2993 3556 mente
3016 3502 3262 3558 levamen

180 3599 444 3662 Flamina,
475 3598 850 3666 decessusque
884 3594 1038 3668 nigra
1070 3593 1363 3649 formidine
1392 3594 1548 3647 liber.
1900 3594 2170 3649 Amittens
2199 3593 2354 3648 dolet
2383 3593 2622 3661 authori,
2652 3611 2752 3648 sua
2781 3594 2982 3650 damna
3025 3595 3267 3651 refutans

172 3689 281 3741 Sed
310 3703 494 3757 neque
521 3681 800 3755 pontiﬁcis
831 3682 1080 3737 florentis
1121 3681 1364 3737 culmine
1391 3682 1515 3736 vitm
1901 3687 2304 3762 Flagitiumque
2326 3703 2556 3762 gemens
2583 3687 2740 3756 cujus
2770 3688 3058 3744 decoratur
3078 3690 3308 3758 honore,

175 3777 319 3831 Urbe
351 3776 584 3830 Reatina
614 3773 800 3839 Probi,
829 3771 930 3827 etsi
961 3771 1208 3842 pondere
1241 3787 1511 3841 pressum,
1905 3774 2086 3828 Exitus
2115 3775 2369 3848 angelico
2400 3791 2524 3846 quae
2553 3790 2663 3830 non
2697 3777 2988 3846 praesentia
3019 3777 3165 3832 visus

171 3867 480 3939 Languoris
511 3879 716 3934 supero
756 3863 1047 3918 frustratur
1076 3863 1282 3918 lumine
1304 3862 1487 3926 funus,
1904 3861 2144 3918 Mortalis
2174 3862 2420 3933 perferre
2460 3863 2625 3930 valet,
2660 3878 2764 3918 nec
2793 3865 2985 3920 cmlica
2999 3864 3208 3932 suffert,

178 3959 317 4011 Dum
346 3955 636 4012 Iuvenalis
665 3953 1076 4024 Eleutheriique
1105 3954 1282 4009 nitore
1310 3953 1635 4008 tremiscens
1903 3951 2037 4004 Dum
2061 3959 2224 4020 pater
2252 3950 2514 4005 emeritus
2543 3952 2944 4022 comprendere
2974 3954 3190 4008 scandit
3224 3956 3360 4025 (206)

172 4050 294 4104 Non
327 4051 474 4104 valet
505 4063 750 4102 assessor
776 4047 1050 4101 visentum
1083 4046 1222 4102 ferre
1255 4045 1511 4101 decorem
1544 4065 1560 4112 ;
1903 4044 2132 4100 Prwmia
2161 4053 2447 4118 perpetuae
2472 4046 2733 4102 caelorum
2765 4047 2816 4102 in
2848 4064 3017 4122 regna
3045 4064 3284 4106 coronae.

174 4139 346 4203 Queis
374 4139 674 4194 comitatus
704 4137 818 4192 adit
845 4136 1096 4212 gaudens
1126 4135 1372 4190 coalestia
1401 4136 1618 4206 praesul.

1635 4265 1849 4320 CAPUT
1889 4265 2066 4320 XXIV.

447 4376 525 4433 De
554 4373 779 4432 duobus
809 4375 1122 4432 monachis
1164 4371 1530 4432 Vatentionis
1569 4369 1798 4430 abbatis
1825 4378 1877 4428 et
1904 4377 2110 4429 sancto
2138 4368 2427 4429 Suranno
2452 4379 2633 4447 atque
2661 4372 2913 4432 diacono
2944 4375 3226 4450 quodam.

171 4511 485 4566 Barbaricas
521 4509 737 4564 feritate
770 4525 967 4563 manus
988 4509 1056 4563 de
1089 4509 1287 4564 robore
1320 4510 1483 4579 pensi.
1815 4517 1874 4585 D
1901 4506 2239 4576 Pectoraque
2282 4505 2566 4575 excipiens
2595 4508 2830 4563 tremulo
2861 4508 3170 4566 vibramine
3197 4522 3380 4569 motus

166 4604 327 4667 Quos
351 4602 495 4655 alma
525 4600 801 4655 imbuerat
832 4601 1103 4672 probitate
1135 4601 1382 4654 Valentio
1415 4600 1629 4660 fratres,
1906 4600 2016 4654 Hoc
2043 4599 2287 4670 loquitur
2317 4601 2542 4654 sceleris
2569 4602 2803 4656 horrens
2833 4603 3156 4660 discrimina
3185 4609 3314 4662 szevi

166 4696 314 4748 Dum
348 4693 522 4747 functi
557 4693 768 4748 alterno
800 4694 1092 4748 reboantes
1121 4692 1364 4746 carmina
1397 4693 1654 4762 psallunt.
1904 4691 1977 4744 Ac
2002 4689 2227 4744 sufferre
2259 4699 2502 4745 tremens
2533 4692 2754 4762 pietatis
2777 4695 3026 4764 pondera
3056 4705 3236 4752 tantae.

162 4783 437 4838 Attonitis
458 4783 606 4837 clara
635 4781 797 4835 laniis
823 4796 1043 4852 quoque
1076 4797 1209 4835 voce
1241 4780 1480 4835 fatentur
1902 4781 2025 4850 Ipse
2054 4795 2275 4852 quoque
2305 4781 2357 4835 id
2390 4797 2562 4837 ctesor
2584 4782 2741 4837 Marsi
2774 4784 2874 4839 sub
2915 4801 3069 4841 sacra
3099 4788 3334 4843 ministri

161 4877 348 4939 Quam
368 4887 497 4925 vere
529 4870 744 4925 Domini
767 4871 952 4925 vivant
977 4879 1101 4942 post
1131 4871 1324 4926 funera
1355 4871 1519 4936 servi,
1902 4875 2107 4930 Eventu
2139 4877 2359 4947 pandit:
2390 4878 2585 4932 merito
2617 4894 2856 4950 caroque
2884 4881 3086 4937 cliente

162 4963 332 5017 Mons
362 4961 528 5016 etiam
555 4960 777 5015 absecto
817 4960 1009 5014 Surani
1029 4961 1230 5015 vertice
1264 4970 1454 5016 tonsus
1897 4963 2172 5031 Abseisso,
2197 4964 2410 5020 Domini
2451 4966 2662 5021 crudeli
2691 4967 2964 5024 addicitur
2991 4970 3156 5027 hosti.

1639 5095 1849 5152 CAPUT
1885 5097 2033 5152 XXV.

1193 5198 1272 5256 De
1298 5201 1528 5259 sanctis
1561 5199 1802 5274 Mellito,
1840 5200 2217 5278 Theophanio
2255 5211 2306 5261 et
2333 5203 2527 5264 Petro.

158 5343 347 5405 Quam
379 5339 615 5408 simplex
656 5353 937 5409 purusque
967 5338 1073 5408 piis
1099 5339 1333 5395 Mellitus
1366 5341 1420 5394 in
1450 5344 1586 5398 actis
1901 5344 2162 5400 Humanis
2187 5348 2697 5419 memoratjamjam
2729 5367 2788 5406 se
2817 5349 3014 5406 cedere
3043 5350 3227 5405 lectum

156 5433 552 5503 Splenduerit.
583 5432 732 5487 visus
759 5440 924 5504 atque
949 5449 1115 5487 aurea
1144 5444 1446 5504 grammata
1474 5437 1726 5511 signant;
1901 5436 2131 5509 Moxque
2163 5447 2452 5497 secuturos
2472 5444 2787 5499 venerando
2813 5443 3017 5499 famine
3051 5445 3262 5520 pangit.

163 5520 348 5586 Queis
374 5519 699 5590 insignitum
731 5535 840 5591 quo
881 5536 940 5575 se
962 5521 1230 5577 solamine
1251 5522 1446 5579 fretum
1905 5527 2107 5600 Sicque
2128 5531 2518 5604 'lheophanius
2547 5533 3038 5590 Centumcellensis
3066 5519 3316 5591 habenas

249 5647 395 5715 {206)
417 5648 700 5705 (llaudicat
727 5665 938 5705 versus.
1021 5725 1030 5731 ν
