4002 6124
489 303 588 358 851
1247 302 1612 358 FLODOARDI
1656 302 1965 360 CANONICI
2008 304 2332 359 REMENSIS
2372 305 2705 361 OPUSCUIA
2745 306 3054 364 METRICA.
3707 322 3793 376 359,

487 429 720 484 Strenus
744 435 802 484 ut
829 428 988 496 rexit,
1019 429 1266 485 clemens
1304 436 1359 484 et
1388 429 1624 486 idoneus
1641 429 1810 496 urbis,
2125 434 2175 502 Α
2201 430 2453 486 Perditus
2479 431 2732 497 intereat,
2765 433 2851 487 cui
2876 432 3131 489 ﬂammea
3161 436 3277 490 visa
3295 439 3554 511 gehenna

488 521 618 576 Fine
637 525 804 591 patet,
835 519 964 573 dum
996 519 1243 574 discussa
1273 519 1363 590 pia
1405 519 1512 574 fata
1536 527 1784 575 secutum
2208 521 2451 594 Igneque
2485 521 2837 596 mergendus,
2869 525 2996 580 caeli
3027 535 3319 583 revocante
3347 531 3568 596 colono,

487 610 828 682 Tempestate
858 611 1034 681 liquet
1071 611 1350 679 praemissa
1381 611 1503 666 luce
1521 627 1815 680 serenum;
2207 612 2536 685 Regreditur
2565 613 2921 685 monitusque
2947 615 3134 685 probis
3173 633 3232 671 se
3262 618 3336 682 ita
3367 623 3664 691 supprimit
3685 627 3793 682 actis

489 702 858 758 Membrorum
891 703 1145 758 columen
1177 704 1369 758 morbo
1401 703 1668 775 sanieque
1699 704 1959 760 ﬂuentem
2205 703 2420 756 Tartara
2449 701 2808 773 conspexisse
2839 703 3022 759 nitens
3049 712 3110 760 ut
3136 706 3246 760 vita
3272 707 3525 779 loquatur
3554 729 3569 777 ;

487 794 859 864 Tabentisque
898 794 1095 864 probat
1124 794 1383 850 redolens
1408 794 1692 868 ﬂagrantia
1720 796 1919 851 carnis.
2207 793 2322 857 Quo
2355 793 2561 858 tendat,
2596 809 2759 864 quam
2801 802 2950 849 certa
2977 803 3145 866 petat,
3179 813 3343 868 quam
3372 811 3502 854 nota
3545 805 3795 861 tremiscal

496 885 686 938 Petrus
712 891 888 939 morte
916 882 1067 955 capit
1089 884 1415 952 monachus,
1441 901 1510 938 ne
1540 891 1714 940 morte
1753 885 1998 940 secunda
2207 882 2416 957 Lingua
2445 883 2607 938 simul
2639 891 2847 938 testans
2873 891 2927 939 et
2948 885 3186 941 candida
3215 887 3357 943 facta
3387 891 3708 960 probantur.

1885 1032 1892 1038 ·
1932 1013 2138 1068 CAPUT
2186 1012 2364 1066 XXVI.

1134 1137 1212 1196 De
1239 1138 1465 1196 sanctis
1491 1135 1704 1196 Severo
1733 1144 1786 1196 et
1812 1134 2040 1212 Egistto
2069 1134 2411 1211 casterisque
2452 1135 2748 1196 Ravennae
2787 1140 3178 1215 martyribus.

497 1275 694 1332 Christi
721 1276 1038 1330 Ravennam
1066 1273 1371 1328 dedicatam
1394 1272 1611 1345 legibus
2207 1268 2522 1341 Tentusque
2540 1271 2746 1341 equino
2769 1271 3077 1329 lancinatur
3107 1279 3360 1346 tormine,

497 1370 694 1441 Cephze
725 1367 925 1423 cliente
949 1367 1101 1437 jussa
1120 1367 1285 1420 dante
1317 1365 1558 1420 diximus
2210 1360 2371 1415 Ducis
2398 1362 2673 1416 resultans
2704 1360 2846 1417 ferre
2876 1365 3242 1422 contubernia

498 1460 614 1525 Quo
646 1458 813 1532 digna
834 1455 956 1512 coeli
980 1455 1124 1510 ferre
1150 1463 1323 1511 certat
1351 1456 1582 1528 pignora
2210 1449 2389 1504 Fovea
2416 1450 2648 1521 supinus
2678 1450 2807 1506 hinc
2847 1453 3120 1523 profunda
3151 1459 3417 1534 mergitur

499 1553 733 1607 Severus
771 1551 965 1604 horum
998 1555 1202 1618 martyr
1228 1557 1390 1619 atque
1423 1546 1690 1618 pontifex.

2213 1539 2480 1611 Saxisque
2511 1555 2731 1611 pressus
2757 1552 2898 1597 terra
2926 1553 3154 1615 opertus
3183 1548 3403 1605 abditur

499 1644 702 1699 Cruore
741 1644 933 1697 lustrat
954 1641 1096 1696 hanc
1116 1655 1416 1710 comesque
1447 1639 1683 1712 Egistius

1621 1655 1683 1694 us
2214 1632 2457 1704 Aulaque
2489 1633 2629 1687 lucis
2651 1634 2899 1691 Ursicino
2921 1637 3193 1711 jungitur.

499 1738 683 1792 Victor
711 1735 922 1790 solutor
959 1750 1024 1788 ac
1052 1733 1373 1787 Valentinus
1397 1733 1582 1786 simul.
2219 1721 2422 1790 Conjux
2457 1721 2646 1777 relicta
2673 1725 2929 1795 martyris
2954 1726 3170 1783 Valeria

501 1828 598 1882 Hic
625 1826 954 1891 Ursicinum,
984 1825 1112 1878 dum
1148 1823 1397 1893 palestrae
1420 1823 1668 1893 pondere
2220 1816 2490 1892 Regressa
2519 1818 2826 1874 Mediolana
2848 1820 2976 1876 dum
2997 1824 3193 1878 solatia

499 1919 730 1988 yamjam
749 1916 969 1970 labante
984 1913 1132 1968 bella
1161 1920 1284 1984 post
1319 1912 1585 1968 acerrima
2033 1971 2055 1989 .
2219 1909 2456 1979 Repetit,
2482 1909 2703 1966 litantes
2727 1912 2930 1969 rustico
2959 1915 3192 1971 incurrit
3213 1917 3323 1973 I)eo

504 2009 703 2064 Palma:
731 2007 831 2061 sub
860 2005 1055 2060 umbra
1077 2005 1304 2058 horrore
1325 2003 1456 2058 lcthi
1477 2003 1781 2073 pendulum

1048 2005 1304 2095 tihorrore
1325 2003 1456 2095 lcthi
1477 2003 1781 2073 pendulum
2146 2049 2196 2095 Ω
2221 1999 2442 2095 Dilvano
2475 2008 2700 2076 agentes
2729 2004 2897 2059 stulta
2923 2006 3146 2062 stultius
3172 2024 3325 2064 sacra
3349 2029 3367 2077 ;

507 2097 712 2163 Vitatis,
745 2096 900 2149 almae
931 2093 1103 2165 prolis
1131 2093 1308 2148 almus
1347 2093 1544 2159 editor,

2221 2091 2464 2147 Demissa
2494 2092 2598 2149 fixo
2629 2095 2787 2166 queis
2807 2097 3009 2152 veredo
3040 2100 3284 2170 poscitur

2146 2049 2196 2116 Β

507 2188 822 2244 Gervasium
852 2203 974 2242 cum
1006 2186 1171 2241 fratre
1201 2185 1292 2257 qui
1326 2184 1519 2260 genuit
1546 2183 1675 2255 polo
2224 2185 2604 2258 Coinquinatis
2633 2188 2901 2243 accubare
2931 2189 3151 2246 ferculis
3180 2211 3194 2258 ;

507 2281 690 2336 Suasis
710 2281 885 2335 beatae
916 2279 1138 2334 roborat
1159 2276 1483 2334 constantiae
2226 2278 2442 2334 Refutat
2464 2280 2577 2346 illa,
2613 2279 2838 2335 infanda
2868 2281 3047 2336 vitans
3086 2285 3340 2355 prandia,

507 2371 778 2426 Medicum
809 2371 1026 2425 medela
1049 2369 1348 2425 recreando
1376 2374 1604 2440 perpete
2228 2372 2290 2427 Et
2320 2371 2682 2428 Christianam
2715 2389 2849 2429 voce
2868 2373 3012 2430 fatur
3041 2376 3262 2447 publica
3295 2397 3309 2444 ;

509 2463 678 2526 Quem
708 2459 849 2515 colla
869 2459 1024 2533 regni
1047 2458 1187 2514 ferre
1220 2457 1398 2513 ﬁrmat
1427 2472 1655 2512 munere
2230 2462 2488 2533 Correpta
2518 2479 2687 2534 quare
2719 2464 2870 2519 cmde
2901 2466 3069 2520 multa
3104 2467 3375 2533 tunditur,

513 2551 727 2605 Honore
757 2549 922 2604 funus
949 2565 1012 2604 ac
1033 2548 1256 2603 decorat
1280 2546 1512 2623 extimo,
2232 2551 2572 2622 Spiransque
2604 2552 2877 2607 destinata
2897 2562 3052 2608 vecta
3084 2555 3152 2609 ad
3178 2557 3383 2612 mwnia

513 2642 634 2712 Ipse
655 2650 710 2696 et
738 2641 931 2696 salutis
952 2648 1142 2696 nactus
1181 2637 1663 2709 hauritpoculum,
2232 2641 2327 2696 Vix
2357 2641 2620 2698 semiviva
2656 2641 2882 2697 sedibus
2908 2643 3191 2698 reducitur

509 2730 637 2785 .lesu
670 2735 926 2800 patenter
948 2728 1203 2784 invocato
1222 2725 1470 2792 nomine,
2236 2736 2519 2808 Biduoque
2550 2743 2761 2791 restans
2789 2739 2946 2808 parta
2972 2737 3186 2793 scandit
3204 2737 3464 2794 culmina.

1954 2874 2158 2931 CAPUT
2200 2871 2402 2926 XXVII.

1425 3010 1503 3068 De
1529 3015 1734 3067 sancto
1775 3004 2068 3064 Germano
2093 2993 2606 3059 Antissiodorensi
2627 2991 2916 3071 episcopo.

512 3163 816 3218 Germanus
845 3160 964 3231 ipse
993 3156 1194 3230 praesul
1223 3156 1381 3212 urbis
1409 3155 1641 3229 gallicae,
2238 3142 2756 3216 Depromptaletho,
2791 3141 3018 3196 suscitat
3032 3141 3388 3209 juvenculum

513 3256 710 3310 Doctor
729 3251 938 3324 sophia:
968 3249 1253 3324 fulgurans
1281 3248 1608 3314 vibramina,
1756 3290 1757 3293 η
2233 3236 2513 3292 Volusiani
2545 3235 2749 3290 nobilis
2769 3234 3115 3302 clientulum,

514 3349 642 3402 Post
663 3345 835 3400 multa
863 3343 994 3398 clari
1019 3341 1234 3398 roboris
1263 3339 1560 3415 magnalia,
2233 3329 2576 3400 Dominoque
2592 3344 2650 3382 SC
2683 3327 2914 3392 νίεθηῐθ,
2947 3326 3206 3398 linquens
3235 3335 3432 3395 terrea,

512 3438 835 3508 Animaeque
865 3442 1052 3505 raptos
1071 3433 1158 3488 bis
1190 3433 1481 3488 Britannos
1511 3431 1706 3486 funere
2163 3481 2208 3508 ρ
2235 3417 2483 3488 Super“?!
2508 3416 2719 3472 scandii
2744 3415 2865 3470 luce
2898 3421 3108 3470 ιηδϐῑυε
3138 3417 3378 3470 Clllmina
3406 3437 3422 3480 ς

514 3531 629 3585 Huc
653 3482 806 3600 pagis
833 3482 989 3582 actas
1014 3525 1334 3582 obtinendae
1353 3524 1548 3598 gratia,
2161 3482 2209 3547 (ἶ
2234 3509 2399 3573 Queis
2428 3509 2576 3565 clara
2605 3507 2861 3578 splendet
2881 3507 3062 3562 celsus
3085 3506 3229 3562 inter
3255 3508 3438 3564 sidera

513 3597 785 3689 Exceptus
808 3617 932 3672 aula
958 3615 1201 3689 gloriose
1223 3597 1490 3689 fungitur,
2240 3601 2386 3656 Plebi
2431 3599 2579 3656 fideli
2613 3599 2874 3656 comitate
2897 3597 3068 3673 regia,

516 3709 745 3782 Ilioque,
769 3707 914 3764 inter
933 3706 1042 3762 alta
1068 3703 1376 3762 sanctitatis
1401 3702 1612 3758 lumina
2356 3750 2358 3752 ,

1943 3801 2151 3857 CAPUT
2190 3799 2421 3856 XXVIII.

1278 3929 1357 3988 De
1385 3929 1610 3989 sanctis
1645 3925 1984 4000 Theodosio,
2028 3928 2278 3998 Donato,
2306 3925 2690 3986 Sec-undiano
2716 3933 2770 3985 et
2812 3925 3080 3984 Romulo.

521 3937 570 3953 ,μ-

516 4069 607 4125 Sic
630 4069 723 4123 illa
753 4065 1032 4138 quondam
1058 4063 1349 4119 marmoris
1377 4062 1528 4118 rubri
1551 4061 1640 4118 via
2239 4062 2434 4116 Presso
2475 4067 2707 4132 tyranno
2726 4059 2862 4115 calle
2880 4059 3276 4126 inaestimabili,

515 4160 764 4217 Rectoris
789 4160 898 4214 alta
917 4162 1256 4229 pmparatur
1280 4154 1456 4229 gloria
2235 4152 2436 4206 Ductor
2457 4149 2640 4205 ﬁdelis
2667 4151 2789 4205 laeta
2817 4149 2918 4204 fert
2933 4151 3240 4204 celeumata

511 4249 688 4308 Ductu
718 4250 924 4306 viantis
955 4264 1052 4320 per
1075 4245 1328 4318 pavenda
1351 4244 1530 4299 cmlici
1634 4312 1642 4319 .
2233 4242 2434 4298 Palmaa
2459 4243 2636 4298 datori
2665 4243 2832 4314 digna
2857 4242 2994 4296 dans
3023 4241 3303 4312 praeconia

516 4341 755 4396 Pastoris
783 4354 878 4394 ore
898 4334 1293 4392 ﬂuctuantibus
1321 4333 1454 4400 dati,
2153 4360 2203 4426 ι)
2234 4332 2560 4403 Mittensque
2592 4331 2729 4387 festa
2755 4331 3035 4386 saecularis
3068 4331 3280 4403 gloriae,

517 4431 717 4486 Arente
739 4428 868 4482 dum
895 4425 1088 4481 tellure
1109 4421 1405 4478 Theodosii
2155 4420 2190 4426 ’⁷
2237 4424 2426 4478 Grates
2449 4422 2568 4495 jugi
2591 4422 2823 4478 ferendo
2847 4421 3091 4492 persistit
3119 4420 3231 4475 die.
3330 4491 3342 4496 η

519 4521 758 4578 Pedibus
787 4519 1047 4592 paludem
1071 4516 1274 4573 milites
1301 4514 1465 4571 siccis
1485 4520 1688 4579 terunt,
2236 4513 2476 4568 Donatus
2499 4513 2954 4568 etSecundianus
2988 4511 3253 4565 Romulus

519 4615 808 4686 Nunquam
840 4612 1034 4668 datura
1065 4625 1190 4682 quae
1214 4614 1406 4680 putata
1433 4612 1515 4662 est
1538 4604 1788 4661 semitam
2236 4602 2492 4675 Sociique
2519 4617 2696 4678 agone
2724 4601 2996 4657 luminant
3015 4598 3390 4656 concordiam.

1955 4727 2162 4783 CAPUT
2216 4727 2394 4782 XXIX.

1569 4834 1647 4919 De
1667 4835 1894 4894 sanctis
1937 4833 2305 4908 Hermagora
2331 4841 2382 4891 et
2415 4832 2766 4892 Fortunato.

521 4976 682 5032 Marci
722 4975 996 5046 discipulo
1021 4974 1229 5029 radiata
1263 4971 1517 5046 Aquileia
1538 4971 1781 5037 nitescit,
2241 4971 2498 5026 Eductam
2519 4968 2649 5024 ﬁdei
2681 4967 3013 5040 populorum
3055 4966 3243 5022 fomite
3274 4980 3535 5028 messem,

522 5067 852 5140 Hermagoro
876 5065 1145 5129 tradente,
1165 5063 1363 5118 bibens
1390 5062 1460 5118 de
1498 5061 1724 5117 ﬂumine
1771 5060 1939 5128 Petri,
2240 5065 2478 5121 Plurima
2509 5079 2793 5135 pcenarum
2826 5068 3148 5118 constanter
3176 5059 3412 5115 tormina
3441 5058 3606 5119 victa,

522 5160 675 5215 Clara
699 5158 995 5215 salutiferse
1026 5157 1119 5229 qui
1146 5163 1267 5228 post
1290 5155 1553 5211 miracula
1582 5155 1744 5220 lucis,
2241 5158 2372 5214 Cum
2405 5159 2700 5213 Fortunato
2723 5154 2901 5226 primo
2933 5154 3000 5208 ad
3032 5153 3122 5224 pia
3147 5167 3302 5207 sacra
3323 5149 3576 5204 ministro

524 5251 800 5325 Dogmatis
830 5252 1123 5307 instantem
1153 5249 1336 5306 studio
1359 5248 1606 5305 fervente
1634 5249 1901 5317 laborem,
2239 5252 2514 5307 Jacturam
2531 5249 2726 5321 capitis
2763 5247 2886 5305 cmli
2917 5251 3240 5318 compensat
3267 5244 3477 5298 honore

1965 5381 2175 5437 CAPUT
2224 5382 2376 5437 XXX.

1316 5485 1391 5544 De
1424 5483 1647 5545 sanctis
1677 5464 1919 5557 Cantia,
1956 5485 2277 5557 Cantiano,
2315 5483 2696 5544 Cantianitta
2736 5491 2788 5542 et
2821 5479 3032 5542 Probo.

522 5620 670 5675 lianc
696 5634 861 5674 carne
902 5617 1097 5673 fratres
1128 5615 1456 5689 nobilesque
1483 5616 1754 5691 sanguine
2241 5612 2439 5667 Urbem
2461 5616 2753 5666 venustant
2784 5607 3103 5672 Cantianus,
3127 5601 3373 5667 Cantius,

520 5705 832 5763 Aniciorum
855 5707 979 5762 luce
1003 5705 1134 5761 clari
1146 5704 1330 5762 caelite
2239 5701 2438 5758 Sorore
2456 5699 2648 5768 juncta
2667 5696 2994 5753 Cantianilla
3011 5693 3228 5758 ordine,
