3994 6148
219 224 321 279 853

222 349 363 404 Istuc
389 349 459 404 ab
505 350 648 406 L'rbe
675 366 866 407 amore
893 352 1040 407 ducti
1074 351 1257 423 gloriae

221 447 346 499 Cum
381 445 688 521 paedagogo
730 462 844 518 quo
885 446 1136 502 nitebant
1176 445 1449 516 praeduce,

221 539 445 594 Doctore
478 540 657 596 Probo
691 540 900 613 [Proto]
931 555 1040 613 quo
1070 538 1332 614 vigebant
1361 542 1414 596 in
1444 541 1573 608 ﬁde,

807 222 893 276 DE
934 223 1185 278 CHRISTI
1223 223 1578 278 TRlUMPHlS
1620 219 1797 276 APUD
1838 215 2109 274 ITALIAM
2154 215 2350 278 LIBRI
2397 221 2545 278 XIV.
2588 255 2655 265 —
2696 227 2816 284 LIB.
2862 231 2994 287 XIV.

1871 367 1926 432 Α
1952 342 2142 398 Gladio
2175 347 2353 404 recisi
2374 348 2538 404 colla
2557 354 2830 412 scandunt
2857 356 3039 414 sidera

1952 439 2130 494 Roseo
2159 438 2379 500 decore
2419 443 2693 504 Iuculenti
2711 459 2765 506 et
2793 451 2988 511 lacteo.

3503 237 3611 293 854

843 765 1290 855 INCIPIT
1367 767 1710 854 LIBER
1788 764 2313 855 DECIMUS
2400 767 3003 884 QUARTUS.

1639 977 1844 1032 CAPUT
1891 973 2184 1031 PRIMUM.

1376 1111 1452 1170 De
1493 1119 1701 1170 sancto
1733 1109 2016 1171 .lh'chaele
2044 1109 2454 1186 arsit-angelo.

222 1265 412 1319 Limite
440 1265 753 1340 Garganum
785 1266 984 1322 attollit
1013 1265 1306 1338 Campania
1328 1269 1526 1324 collem

222 1355 450 1409 Lumine
488 1369 655 1424 quem
680 1370 886 1425 supero
916 1355 1219 1428 crebroque
1241 1355 1419 1412 nitore
1444 1364 1747 1414 venustans

223 1451 284 1504 Et
313 1449 504 1519 templi
536 1447 745 1504 fabrica
777 1449 1006 1504 Michael
1027 1451 1394 1526 archangelus
1419 1461 1609 1520 ornat;

222 1546 466 1600 lncolere
495 1545 600 1599 hoc
630 1559 690 1598 se
713 1542 1048 1613 depromens
1075 1545 1373 1616 splendore
1406 1547 1686 1619 frequenti

221 1637 494 1690 Virtutum
529 1634 756 1688 humani
787 1635 1008 1709 generis
1040 1650 1137 1707 pro
1177 1637 1299 1691 luce
1329 1637 1624 1704 datarum;

221 1724 375 1789 Quod
409 1723 606 1796 probat
650 1722 745 1778 ille
783 1739 1024 1794 sequens
1069 1733 1283 1780 taurum
1326 1742 1561 1782 nemora
1605 1728 1711 1782 alta
1760 1743 1854 1784 co-

1557 1821 1782 1892 [lentem

221 1907 496 1962 Armentis
525 1907 798 1981 rcfugam,
831 1905 941 1961 telo
970 1906 1023 1960 in
1065 1907 1340 1962 contraria
1367 1925 1530 1964 verso

221 1999 376 2062 Quod
411 1997 641 2051 dederat
672 1997 814 2050 ﬁxus
844 1996 895 2049 vi
925 1995 1144 2050 saucius
1171 1997 1408 2068 agminis
1438 1998 1564 2052 alti:

222 2092 394 2162 ldque
426 2090 661 2161 probant
699 2089 851 2144 cives
881 2089 1354 2160 facerentjejunia
1380 2091 1654 2147 mandans

220 2181 610 2252 Auspiciisque
641 2181 853 2236 docens
879 2180 1122 2235 divinum
1156 2181 1243 2236 his
1272 2199 1523 2253 quaerere
1554 2193 1772 2252 nutum,

220 2276 317 2332 Cui
348 2290 598 2330 summus
629 2290 691 2328 se
725 2273 1012 2328 notificans
1044 2273 1145 2328 fert
1173 2275 1410 2328 nuncius
1439 2290 1566 2330 orsa

221 2370 374 2424 Velle
397 2383 496 2422 suo
538 2367 792 2438 pandens
835 2382 946 2419 rem
970 2374 1179 2440 gestam
1205 2366 1296 2438 qui
1323 2367 1453 2440 juga
1485 2376 1690 2436 servet,

221 2460 321 2525 Qui
357 2459 500 2514 colat
530 2459 762 2514 electum
793 2457 1020 2529 reliquis
1052 2474 1165 2528 prae
1196 2459 1479 2514 montibus
1508 2477 1703 2515 unum.

220 2554 557 2606 Assuescunt
581 2549 750 2624 igitur
787 2547 930 2603 votis
969 2549 1145 2603 accire
1177 2548 1487 2604 ministrum

222 2642 472 2699 Luminis
502 2641 752 2702 aetherei,
783 2640 1046 2711 templum
1082 2647 1373 2710 penetrare
1401 2660 1504 2699 nec
1535 2647 1653 2700 ausi

227 2737 343 2791 Prae
363 2735 580 2790 foribus
610 2735 814 2789 devota
843 2741 1042 2805 gerunt
1079 2749 1144 2788 ac
1182 2734 1441 2790 laudibus
1468 2736 1707 2806 instant;

223 2825 482 2880 Hostibus
505 2823 633 2878 inde
653 2821 893 2878 lacessiti
925 2820 1183 2896 suffragia
1224 2830 1461 2892 poscunt

223 2915 470 2970 Prmsidii
493 2914 752 2988 angelici,
778 2913 1009 2968 Domino
1031 2913 1244 2982 jejunia
1283 2913 1495 2980 libant;

223 3008 336 3061 Nox
372 3006 756 3059 interveniens
786 2993 1081 3058 dirimebat
1120 3002 1234 3058 sola
1263 3003 1527 3059 duellum.

223 3094 477 3151 Pontifici
511 3095 775 3148 assistens
806 3093 993 3146 dubiis
1033 3093 1396 3166 archangelus
1421 3109 1568 3165 aegro

227 3187 358 3240 Dum
396 3185 561 3239 rebus
592 3185 791 3257 retegit
817 3191 1072 3254 suscepta
1104 3184 1421 3254 precamina
1450 3185 1614 3251 coelo,

224 3279 496 3348 Tempora
525 3276 761 3349 prsetigit
790 3275 938 3330 bello
970 3291 1138 3347 seque
1171 3275 1336 3330 affore
1369 3279 1676 3348 spondens,

229 3369 492 3425 Laetificat
523 3386 720 3440 papam
745 3368 1026 3439 promissa:
1066 3383 1292 3422 munere
1324 3368 1538 3439 palmae,

231 3458 322 3512 llis
363 3458 490 3512 freti
515 3458 858 3528 jamjamque
889 3457 1012 3510 sinu
1036 3457 1193 3528 quasi
1225 3464 1348 3512 vota
1377 3467 1633 3531 gerentes

227 3546 418 3621 Signis
445 3545 614 3602 obvia
645 3546 804 3617 signa
825 3544 1032 3609 ferunt,
1061 3546 1362 3601 certamine
1391 3547 1616 3603 fervent.

229 3641 464 3693 Cernere
492 3645 611 3692 erat
633 3637 834 3692 clivum
865 3653 1066 3709 magno
1087 3637 1301 3692 vibrare
1334 3646 1570 3694 tremore

227 3732 464 3806 Fulgura
497 3732 691 3787 crebra
721 3732 930 3797 volare,
961 3731 1175 3802 apicem
1207 3732 1446 3808 caligine
1483 3733 1631 3808 cingi

226 3825 288 3878 Et
315 3839 552 3895 superos
575 3823 720 3897 ignis
740 3823 960 3877 flamma
999 3824 1223 3879 rutilare
1250 3825 1551 3880 ministros.

219 3916 522 3970 Torrentur
551 3922 768 3985 gentes,
809 3912 1164 3983 caelestiaque
1195 3929 1343 3967 arma
1375 3923 1636 3983 paventes

224 4005 531 4079 Diffugiunt
564 4004 765 4075 passim
792 4004 1026 4075 telisque
1053 4012 1314 4076 petuntur
1342 4006 1409 4059 ab
1436 4006 1564 4072 alto,

221 4097 512 4167 Neapolim
545 4096 685 4166 lapsi
717 4095 960 4150 subeunt
982 4095 1424 4167 trepidantiaque
1455 4096 1658 4152 intrant

222 4185 448 4251 Maenia,
484 4199 598 4238 rem
621 4184 910 4254 replicant,
935 4192 1272 4256 expertaque
1295 4185 1522 4239 fulmina
1550 4193 1798 4242 tractant.

223 4276 538 4330 Prostratos
568 4274 820 4340 recitant,
845 4272 1041 4328 Christi
1067 4276 1341 4345 praeconia
1381 4281 1645 4348 pangunt,

225 4365 440 4420 Numen
473 4362 854 4437 magnificant,
896 4363 1138 4418 cervices
1169 4365 1408 4419 subdere
1435 4365 1700 4439 gaudent.

227 4459 364 4515 llinc
388 4457 670 4530 Sipontini
693 4464 878 4529 grates
905 4464 958 4511 ct
983 4465 1108 4511 vota
1138 4457 1336 4523 daturi,

225 4551 480 4606 Culmina
511 4551 659 4605 celsa
686 4556 879 4620 petunt
917 4549 1251 4620 inventaque
1283 4549 1484 4603 mtenia
1517 4547 1708 4618 templi

225 4645 555 4699 Lustrantes
578 4643 843 4714 impressa
877 4643 1067 4696 vident
1096 4641 1331 4714 vestigia
1362 4641 1508 4694 saxis

222 4733 540 4789 Clariﬁcant
569 4732 692 4787 (εωιί
721 4747 1001 4802 procerem
1036 4730 1329 4801 praesentia
1359 4729 1513 4797 cujus

221 4823 338 4879 Hoc
366 4830 517 4894 patet
549 4819 778 4887 indicio,
801 4819 1063 4874 decorant
1092 4818 1372 4873 testudine
1404 4832 1642 4873 marmor

1870 4793 1927 4861 D

1957 1263 2274 1321 Nobilitant
2292 1284 2385 1324 ara
2405 1277 2572 1341 atque
2600 1270 2728 1327 dato
2759 1274 3090 1345 cognomine
3113 1285 3358 1347 comunt,

1957 1360 2153 1416 Sacras
2194 1361 2471 1430 adjiciunt
2500 1364 2669 1431 aedes,
2701 1367 3002 1436 penetralia
3041 1368 3168 1423 diva

1957 1453 2240 1507 Attentare
2273 1454 2472 1508 timent
2511 1454 2676 1525 pede,
2706 1455 2875 1510 limen
2907 1456 3046 1510 inire
3086 1463 3359 1513 verentur.

1956 1545 2149 1601 Scitari
2173 1545 2326 1601 unde
2355 1561 2515 1600 sacer
2543 1563 2935 1619 summumque
2965 1547 3248 1618 requirere
3281 1566 3478 1620 papam

1959 1638 2158 1712 Deligit
2195 1654 2266 1692 an
2291 1638 2464 1692 sacris
2497 1646 2656 1712 egeat
2687 1639 2840 1694 locus
2868 1639 2986 1710 ipse
3019 1639 3212 1694 dicari.

1958 1730 2101 1785 Scita
2141 1737 2298 1800 pater
2324 1729 2507 1784 reddit
2527 1729 2896 1801 mandataque
2919 1730 3087 1805 digna
3123 1732 3397 1802 rependit,

1957 1825 2046 1881 Sic
2069 1825 2320 1880 sananda
2349 1823 2560 1879 homini
2589 1831 2697 1879 tam
2727 1823 2866 1879 sacri
2900 1823 3104 1878 moenia
3128 1824 3316 1895 templi

1957 1917 2083 1972 Tam
2117 1917 2249 1973 celsi
2282 1915 2586 1988 provisoris
2616 1915 2903 1990 r0gitanda
2943 1915 3218 1980 voluntas,

1959 2010 2184 2081 Quaque
2215 2008 2306 2062 die
2335 2007 2460 2062 data
2500 2008 2778 2078 praecipue
2807 2006 3035 2062 victoria
3063 2006 3230 2068 fulsit.

1960 2098 2067 2153 Hac
2099 2097 2342 2152 instante
2376 2113 2571 2166 preces
2603 2096 2794 2150 humili
2830 2095 3032 2166 pietate
3066 2095 3328 2162 ferantur,

1955 2187 2193 2255 Jejuniis
2215 2185 2476 2257 utrinque
2506 2187 2616 2240 Deo
2649 2185 3187 2256 perducerefcertum

1957 2278 2035 2332 Ad
2073 2277 2242 2332 finem
2269 2283 2494 2348 accepto
2517 2275 2657 2331 ferat
2682 2285 2741 2330 ut
2765 2292 2862 2330 sua
2892 2291 3120 2329 munera
3141 2273 3406 2329 Christus.

1958 2372 2069 2427 Nox
2105 2371 2356 2426 umbram
2388 2369 2549 2424 terris
2576 2376 2856 2424 revocarat
2884 2368 3068 2423 sidera
3095 2366 3271 2434 caelis,

1878 2483 1928 2550 Β
1959 2463 2092 2518 Cum
2117 2463 2368 2528 veniens,
2400 2461 2633 2515 summis
2662 2460 2864 2516 dubios
2894 2460 3201 2514 moniturus
3225 2458 3294 2514 ab
3319 2457 3506 2523 astris,

1959 2551 2162 2606 Militiae
2192 2549 2448 2622 princeps
2473 2565 2690 2621 superae
2723 2549 2949 2621 quaesita
2970 2547 3173 2603 revelat

1956 2643 2090 2698 Orsa
2107 2642 2382 2698 sacerdoti
2406 2642 2734 2712 jamdudum
2759 2642 2912 2712 jussa
2945 2639 3154 2712 petenti
3186 2657 3198 2693 :

1962 2758 1987 2788 α
2027 2737 2145 2793 Non
2179 2753 2318 2809 Opus
2361 2746 2444 2793 est
2473 2745 2714 2793 vestrum
2756 2742 2963 2805 nostra,
3016 2735 3213 2808 inquit,
3255 2733 3462 2806 templa
3490 2733 3580 2789 di-

3331 2827 3475 2899 [care
3491 2845 3509 2894 ;

1958 2925 2152 2981 Editor
2181 2925 2298 2997 ipse
2319 2923 2545 2996 quidem
2574 2923 2869 2999 dignoscar
2897 2931 2951 2978 et
2969 2923 3087 2994 ipse
3116 2922 3343 2978 dicalor.

1957 3020 2087 3085 Vos,
2117 3026 2329 3074 tantum
2361 3017 2616 3091 ingressi,
2647 3016 2866 3088 populis
2895 3016 3218 3082 astantibus,
3245 3022 3371 3086 apta

1956 3110 2138 3165 Sacris
2156 3117 2283 3166 vota
2313 3109 2661 3180 frequentate
2687 3117 2741 3163 et
2780 3109 3087 3180 depromite
3119 3107 3331 3174 laudes,

1957 3199 2388 3271 Muneribusque
2421 3198 2564 3252 datis
2591 3197 2830 3269 populus
2871 3195 3241 3252 communicet
3266 3193 3395 3260 aris,

1959 3291 2346 3363 Pandeturquc
2380 3293 2558 3346 locum
2591 3296 2794 3344 memet
2823 3304 3065 3344 sacrasse
3088 3297 3355 3360 paratum.

1958 3380 2264 3451 Responsis
2284 3380 2496 3435 alacres
2519 3387 2818 3450 praperant
2847 3393 2985 3433 nova
3025 3376 3224 3451 gaudia
3255 3377 3404 3432 cives

1958 3469 2157 3536 Edere,
2201 3468 2484 3523 basilicam
2511 3467 2772 3532 subeunt,
2803 3465 2992 3519 divina
3019 3465 3366 3536 frequentant

1960 3565 2149 3619 Munia
2180 3565 2560 3634 miranturque
2599 3562 2823 3616 domum
2851 3560 3050 3615 virtute
3078 3559 3371 3614 micantem

1955 3655 2236 3729 Angelica,
2270 3653 2548 3724 rubroque
2579 3652 2715 3707 altar
2741 3651 3017 3706 velamine
3047 3657 3324 3722 comptum

1956 3743 2071 3798 Non
2103 3758 2248 3814 opus
2287 3743 2588 3797 humanum
2622 3747 2896 3795 textumve
2927 3754 3218 3793 manumve
3242 3745 3486 3805 notante,

1897 3857 1924 3922 ς
1955 3835 2128 3891 Corda
2162 3836 2382 3906 replent
2407 3833 2588 3905 plebis
2614 3833 2703 3905 pia
2727 3832 2951 3908 gaudia,
2985 3830 3209 3886 deditur
3233 3831 3409 3884 almus

1953 3927 2095 3982 Ordo
2134 3926 2516 3980 ministrorum
2550 3925 2742 3979 laudes
2780 3929 2833 3978 et
2853 3923 3093 3977 carmina
3125 3921 3249 3976 diva

1952 4017 2290 4074 (lontiuuare
2323 4017 2433 4082 die,
2468 4022 2631 4072 noctu
2663 4033 2787 4070 nam
2828 4031 2990 4070 nemo
3022 4030 3126 4069 nec
3156 4029 3322 4068 ausus

1952 4109 2246 4182 lnvigilarc
2272 4125 2375 4164 nec
2404 4108 2546 4162 intro
2572 4107 2751 4178 adytis
2775 4105 3006 4182 vestigia
3028 4105 3189 4160 ferre.

1951 4200 2104 4256 Stilla
2133 4199 2254 4254 fluit
2274 4215 2402 4254 saxo
2425 4215 2534 4271 quo
2559 4199 2802 4272 tegmine
2828 4199 3066 4270 protegit
3085 4197 3284 4264 aedem,

1953 4292 2156 4347 Lucida
2184 4308 2306 4363 quae
2327 4292 2513 4346 vitreae
2539 4291 2793 4365 guttatim
2825 4289 3070 4344 illabitur
3099 4304 3249 4343 urna:
3273 4304 3285 4341 :

1953 4378 2136 4434 Dulcis
2167 4387 2222 4433 et
2253 4379 2321 4432 ad
2349 4377 2573 4433 morbos
2612 4385 2745 4449 potu
2768 4377 3116 4432 medicabilis
3146 4377 3356 4441 hausta,

1952 4475 2146 4538 Quam,
2190 4480 2314 4542 post
2345 4487 2498 4526 sacra
2525 4471 2644 4538 Dei,
2667 4470 2814 4526 soliti
2839 4479 3061 4542 gustare
3083 4470 3298 4534 fideles,

1954 4563 2298 4634 Depellitque
2330 4561 2515 4617 febres
2544 4561 2818 4636 aegrisque
2849 4561 3099 4615 medetur
3123 4559 3370 4624 anhelis;

1953 4659 2398 4728 Praestanturque
2425 4656 2532 4728 piis
2563 4656 2652 4711 hic
2683 4655 2918 4727 plurima
2933 4655 3080 4710 dona
3107 4655 3301 4709 salutis

1954 4747 2233 4822 Angelicis
2264 4747 2392 4804 data
2419 4747 2680 4804 subsidiis
2710 4745 2958 4803 bonitate
2982 4746 3266 4803 Tonantis.

1742 4963 1950 5018 CAPUT
2001 4962 2067 5016 ll.

1187 5103 1261 5161 De
1294 5109 1499 5162 sancto
1548 5099 1844 5171 Aristone,
1871 5095 2042 5154 Justo
2072 5100 2125 5151 et
2157 5089 2336 5150 sociis
2372 5106 2600 5150 eorum.

219 5253 412 5310 Multis
432 5255 666 5306 venuste
699 5253 964 5318 martyres
985 5243 1335 5316 Campaniam

221 5349 465 5404 Comunt
497 5342 793 5414 triumphis
819 5342 1160 5416 fulgurantes
1190 5339 1412 5410 inclytis

221 5437 301 5491 Ex
332 5435 495 5508 queis
523 5432 744 5487 Ariston
782 5429 968 5484 Justus
992 5435 1158 5500 atque
1197 5427 1498 5499 complices

223 5524 657 5582 Crescentianus
683 5536 924 5593 cumque
954 5517 1298 5573 Felicissimo

221 5619 487 5674 Urbanus
514 5631 581 5670 ac
606 5611 796 5668 Vitalis
825 5619 880 5665 et
902 5609 1061 5665 ’Fclix
1095 5609 1257 5664 simul

1960 5234 2091 5290 Cum
2112 5232 2376 5288 Martiana
2400 5247 2466 5288 ac
2510 5233 2878 5305 Sympborosa
2907 5229 3201 5302 praenitent

1959 5325 2160 5381 Cruore
2191 5324 2383 5392 tincta,
2411 5331 2604 5380 vernat
2637 5325 2738 5379 hac
2767 5325 3032 5378 Antonius

1959 5419 2015 5472 In
2045 5417 2216 5471 frusta
2247 5415 2452 5472 fractus
2487 5416 2685 5488 hisque
2725 5415 2929 5470 ﬂumen
2955 5427 3287 5469 consecrans

1953 5507 2069 5571 Quo
2101 5504 2412 5574 diluuntur,
2445 5505 2594 5578 quod
2625 5501 2865 5576 sepulcri
2897 5501 2991 5557 dat
3020 5500 3195 5558 vicem
