4002 6124
479 271 584 325 855
1250 267 1616 324 FLODOARUI
1660 268 1960 322 CANONlCl
2003 268 2332 324 REMENSIS
2373 270 2708 326 OPUSCUIA
2750 271 3051 327 METRICA.
3701 281 3786 333 856

1965 426 2173 482 CAPUT
2212 429 2304 483 lll.

1277 553 1357 612 De
1384 556 1610 613 sumtis
1638 554 1863 618 Prisco,
1903 553 2227 626 Antonino,
2270 556 2498 613 Aristeo
2527 562 2710 632 atque
2745 555 3025 615 Paulino.

479 684 686 740 Attollit
708 683 947 754 Capuam
972 682 1196 737 tradens
1218 698 1359 739 nova
1381 684 1635 758 dogmata
1667 684 1884 767 Priscus
2125 691 2171 757 Α
2203 685 2491 741 Mulctatus
2519 686 2779 742 mulctata
2811 686 2941 757 piat,
2981 688 3283 759 pulsusque
3305 690 3519 746 reducit

479 776 727 847 Antiqua:
760 774 990 829 rutilans
1021 773 1223 829 Christi
1257 774 1478 845 pietatis
1501 774 1782 839 alumnus,
2198 778 2277 831 Ad
2309 785 2524 849 portum
2548 779 2715 833 maris
2740 779 2921 833 insani
2950 779 3242 849 dispendia
3275 797 3466 852 passos

480 868 609 923 Cum
638 883 748 940 quo
775 866 1074 933 Antonino,
1106 865 1336 937 puerilia
1359 865 1607 921 membra
1637 874 1908 921 sacrante.
2202 869 2610 944 Naufragioque
2640 872 2783 941 rapit
2808 870 3040 926 Probum
3074 873 3282 942 prolem
3314 880 3479 945 atque
3496 876 3729 931 maritam

480 959 717 1030 Martyrii
739 960 918 1028 palma
948 958 1081 1013 colit
1121 958 1264 1013 hanc
1301 958 1531 1013 antistes
1558 958 1820 1013 Aristcus.
2204 963 2520 1018 Dcemonica
2534 962 2783 1019 sobolem
2824 963 3127 1033 lymphanti
3160 971 3310 1034 peste
3334 966 3604 1038 jugalem,

485 1049 681 1105 Felicis
720 1049 930 1104 calamo
962 1049 1183 1104 decorat
1206 1047 1466 1103 Paulinus
1484 1063 1709 1122 agones,
2204 1051 2267 1105 Et
2294 1051 2458 1107 simul
2489 1060 2709 1123 ereptos
2733 1051 2945 1107 Christo
2978 1069 3100 1107 cum
3136 1053 3384 1123 pluribus
3399 1053 3576 1109 offert.

478 1148 623 1212 Quos
648 1144 846 1216 raptim
881 1144 1124 1219 tetigisse
1139 1144 1295 1214 juvat
1336 1144 1592 1200 Nolensis
1619 1144 1711 1200 hic
1736 1143 1941 1200 almus-
2201 1143 2505 1215 Regressus
2526 1141 2734 1196 laribus
2764 1142 2891 1196 dum
2934 1148 3129 1197 tractat
3159 1143 3325 1214 digna
3356 1146 3641 1209 decenter.

480 1238 772 1308 Presbyter
799 1235 1053 1291 astrictus
1074 1235 1341 1308 Draviquc
1368 1234 1652 1291 obtutibus
1682 1242 1832 1291 actus
2200 1237 2406 1309 Anguis
2436 1236 2566 1291 item
2597 1237 2804 1307 petitur
2835 1236 3025 1291 rabido
3058 1237 3227 1292 livore
3257 1236 3509 1293 furentis.

483 1327 754 1382 Fictorum
787 1324 926 1379 nihil
957 1340 1080 1379 esse
1109 1324 1272 1381 docet
1302 1332 1556 1395 portenta
1585 1324 1849 1390 deorum;
2203 1325 2533 1380 Obscuratur
2571 1332 2742 1390 atrox,
2785 1325 2973 1396 praedo
3003 1334 3239 1381 caecatur
3277 1326 3501 1399 iniquus

482 1417 755 1489 lmpulsus
793 1431 1016 1488 quoque
1042 1415 1334 1490 sacrilegis
1360 1416 1531 1471 libare
1557 1415 1780 1490 ﬁguris:
2204 1412 2485 1468 Scrutator
2504 1412 2721 1487 rogitat,
2750 1412 2989 1485 caligine
3015 1429 3259 1484 pressus,
3292 1422 3567 1484 apertum,

485 1532 507 1559 ιι
554 1509 749 1564 Hostes
781 1508 933 1576 estis,
963 1507 1060 1574 ait,
1087 1513 1391 1563 vestrorum
1420 1508 1523 1563 hoc
1551 1523 1778 1563 munere
1808 1507 1996 1562 divum
2204 1506 2406 1572 Quaerit
2433 1513 2488 1561 et
2508 1506 2826 1578 alloquitur,
2851 1506 3001 1561 videt
3030 1524 3094 1563 ac
3117 1508 3224 1562 sibi
3253 1509 3473 1579 prodier
3498 1519 3642 1573 orat,

480 1601 645 1667 Queis
675 1617 763 1655 me
796 1600 1064 1672 producto
1093 1600 1314 1656 eveniet
1343 1601 1491 1672 quod
1524 1600 1757 1674 contigit
1785 1600 1892 1656 illis
2206 1600 2650 1671 Prmsentemque
2680 1605 2842 1654 tuens
2869 1599 3084 1654 absenti
3116 1608 3303 1655 mente
3332 1602 3582 1673 requirit,

482 1698 718 1753 Felicem
752 1695 974 1750 fratrem
996 1695 1202 1767 quibus
1231 1695 1550 1750 exhibuisse
1582 1696 1817 1762 doletis;
2205 1692 2394 1763 Palpat
2421 1698 2480 1746 ut
2512 1690 2568 1745 in
2601 1691 2846 1747 tenebris
2877 1708 3015 1762 puro
3046 1691 3260 1748 fervore
3297 1693 3430 1749 diei.

480 1785 543 1838 At
579 1784 796 1839 Domini
827 1782 1088 1856 indagare
1115 1784 1223 1839 mei
1253 1783 1300 1839 si
1329 1785 1557 1839 numina
1586 1784 1736 1839 cordi
1777 1792 1883 1852 est,
2206 1786 2467 1839 Demente
2489 1784 2666 1850 eluso,
2695 1783 2918 1839 latebra;
2949 1784 3084 1855 petit
3109 1784 3304 1839 intima
3335 1785 3480 1840 Felix

479 1874 729 1944 Juppiter
760 1889 793 1928 o
825 1874 927 1944 [ut]
981 1890 1238 1944 princeps
1271 1880 1413 1940 ruat,
1450 1875 1517 1929 ad
1548 1874 1814 1947 Capitolia
1845 1876 2030 1933 ducar.
2073 1898 2095 1927 ι)
2206 1872 2317 1926 Nec
2341 1888 2496 1927 mora
2527 1871 2854 1944 regreditur,
2886 1872 3070 1927 vultus
3097 1872 3201 1926 sub
3233 1873 3399 1928 corde
3428 1873 3681 1928 volutans

484 1967 719 2023 Auribus
747 1968 1030 2040 oppressis
1053 1968 1223 2037 judex
1252 1969 1398 2024 hunc
1429 1969 1628 2026 robore
1656 1970 1882 2025 mandat

484 2055 720 2077 ημμμ
778 2057 1088 2077 -_._-__-_-
1126 2056 1233 2077 λη,
1269 2058 1547 2077 una:

2133 2011 2181 2077 Β
2206 1959 2460 2031 Captator
2486 1960 2749 2024 stolidus;
2782 1961 2881 2015 sed
2906 1961 3061 2029 jussa
3086 1960 3306 2016 obturat
3335 1963 3573 2018 arachne

2210 2053 2491 2077 ...._-:..._.
2534 2053 2657 2077 ιλιι,
2690 2052 2990 2077 _-__:-:.-_
3019 2069 3137 2077 ---Α
3172 2054 3348 2077 λ---.ε-

482 2055 743 2120 Obtundi,
772 2057 1092 2128 celsumque
1118 2056 1235 2111 dari
1265 2058 1552 2129 aptarique
1576 2064 1830 2120 catastae;
2133 2052 2181 2077 “
2209 2053 2494 2107 lntroitum
2534 2053 2660 2108 telis
2690 2052 2990 2123 perniciter
3017 2069 3141 2108 acre
3169 2054 3371 2120 ductis,

480 2147 737 2204 Truditur
761 2148 890 2203 hinc
917 2149 1079 2204 caecis
1108 2148 1348 2204 barathri
1380 2149 1655 2221 siccisque
1698 2149 1947 2206 tenebris
2206 2141 2542 2213 Τυίειιιιημιθ
2575 2142 2747 2212 Pium»
2780 2142 2921 2197 ίυάίῑ
2948 2144 3223 2198 “limine
3252 2160 3479 2211 saevum,

483 2241 723 2296 Nexibus
754 2240 1028 2307 astrictus,
1060 2248 1381 2297 sternuntur
1409 2241 1664 2298 acumina
1701 2248 1856 2316 tergo
2208 2231 2641 2303 Praedonemque
2662 2231 2768 2286 levi
2801 2248 2867 2288 ac
2895 2232 3106 2288 dirimit
3136 2233 3454 2288 discrimine
3489 2236 3741 2305 praedam.

481 2333 685 2403 Aspera
713 2337 975 2385 testarum
1006 2330 1323 2386 recubantis
1351 2332 1559 2386 vellere
1592 2346 1872 2398 somnum,

2208 2318 2483 2374 Frustrato
2506 2319 2738 2374 cedente
2761 2319 2914 2391 lupo,
2946 2320 3083 2391 petit
3112 2336 3288 2394 agnus
3311 2321 3473 2388 ovile,

482 2421 557 2477 Ae
583 2418 765 2475 fractae
796 2419 997 2475 lectum
1030 2420 1231 2476 coclea:
1271 2420 1630 2476 mucronibus
1658 2427 1888 2475 armant.

2209 2406 2487 2462 Fomentis
2517 2407 2722 2463 altricis
2751 2408 2868 2464 ovis
2898 2409 3020 2464 sine
3051 2425 3207 2465 more
3241 2411 3485 2481 potitus:

481 2506 682 2561 Visitur
718 2507 808 2561 his
845 2506 1063 2578 superis
1090 2507 1329 2579 divoque
1357 2507 1540 2563 nitore
1565 2506 1797 2577 levatur,
2208 2494 2374 2564 Culus
2410 2496 2673 2551 SUbSidiiS
2704 2497 2868 2552 alitur
2888 2497 3118 2552 minime
3145 2513 3242 2552 0T3
3268 2505 3482 2563 ῑιιθιιπς

482 2601 760 2672 Nocteque
785 2601 888 2656 sub
912 2601 1096 2656 media
1123 2601 1294 2657 scissa
1322 2602 1476 2657 trahe
1506 2601 1709 2658 dissilit
1736 2603 1889 2658 orbis

2209 2585 2313 2640 Lac
2344 2585 2560 2656 puerile
2593 2586 2742 2657 capit
2770 2594 3065 2657 servatque
3089 2586 3249 2641 virile
3277 2586 3572 2642 libramen.

483 2691 649 2747 Crura
669 2691 869 2763 duplex
901 2692 1044 2748 tensi
1074 2692 1169 2764 qui
1197 2701 1473 2764 presserat
1498 2709 1597 2748 axe
1617 2694 1820 2762 soluto,
2206 2680 2295 2735 δίο
2334 2689 2523 2736 ternos
2550 2681 2765 2756 agitans
2794 2696 2991 2737 cursus
3017 2681 3275 2753 lunaeque
3306 2680 3547 2750 labores»

480 2786 671 2857 Adque
693 2785 1037 2841 sacerdotem
1068 2784 1242 2856 ruptis
1263 2785 1558 2841 mandatur
1587 2784 1801 2852 ahenis,
2206 2773 2529 2831 Pontiﬁcem
2559 2784 2683 2847 post
2712 2776 3028 2832 larvicolam
3071 2776 3165 2831 dat
3194 2777 3421 2832 credere
3449 2776 3736 2842 Christum,

482 2872 919 2945 Pontificemque
946 2889 1105 2928 suum
1130 2874 1424 2948 egrediens
1446 2874 1767 2947 perquirere
1800 2874 1958 2942 liber,
2209 2864 2359 2919 ΕΓιιίι
2389 2871 2443 2919 οἱ
2465 2865 2729 2936 templum
2757 2865 2948 2922 (“Vino
2980 2866 3207 2921 numine
3234 2882 3478 2932 Versum.

483 2967 889 3037 Inventumque
912 2966 1037 3021 urbi
1068 2965 1386 3038 laribusque
1407 2967 1646 3022 educere
1676 2975 1833 3022 caute
2207 2955 2308 3022 Qui
2340 2971 2605 3027 responsa
2634 2957 2820 3025 dabat,
2863 2957 3082 3032 fugiens
3101 2957 3198 3012 ubi
3225 2957 3373 3013 cedit
3399 2958 3615 3029 Apollo.

484 3058 547 3113 Et
573 3063 775 3113 tectum
798 3056 1071 3124 refovere,
1100 3056 1251 3111 domi
1277 3057 1407 3111 dum
1432 3056 1594 3113 turbo
1613 3058 1836 3113 residat.
2064 3069 2074 3079 '
2206 3051 2428 3106 Actibus
2445 3051 2530 3105 his
2560 3052 2758 3110 clarus.
2793 3051 3006 3106 virtutis
3044 3052 3253 3107 honore
3285 3050 3541 3118 decorus,

482 3144 583 3210 Qui
610 3144 801 3200 senior
824 3159 929 3199 nec
956 3143 1101 3199 ferre
1122 3144 1315 3199 valens
1341 3154 1629 3212 tormenta,
1654 3145 1891 3202 ferarum
2210 3140 2342 3195 Uum
2365 3140 2571 3211 petitur
2596 3147 2793 3196 cuncta
2824 3140 3024 3212 praesul
3052 3139 3301 3196 fervente
3329 3148 3567 3203 caterva.

485 3237 675 3292 Lustra
704 3236 949 3303 fovebat,
978 3251 1148 3333 agens
1162 3235 1330 3292 vitam
1345 3252 1603 3308 suprema
1633 3237 1964 3306 trahentem,
2125 3266 2173 3333 Ο
2202 3232 2509 3333 Pontificali
2539 3234 2707 3333 alium
2744 3249 2989 3333 renuens
3017 3232 3303 3333 legit-arce
3330 3234 3648 3333 levandum.

480 3325 699 3400 Frigore
729 3324 1063 3391 confectum,
1092 3323 1253 3379 famis
1280 3334 1336 3380 et
1361 3325 1681 3381 discrimina
1710 3343 1951 3398 passum.
2129 3320 2173 3333 ν
2201 3320 2431 3378 Paciﬁco
2462 3322 2591 3378 inde
2617 3329 2763 3377 meat
2789 3322 3049 3377 duodena
3078 3322 3359 3379 Volumina
3381 3323 3575 3379 thbi

480 3415 775 3471 lnveniens
798 3414 947 3471 Felix
977 3423 1099 3486 post
1137 3415 1333 3471 crebra
1369 3416 1651 3472 volumina
1677 3417 1852 3474 saltus
2204 3413 2339 3468 Hinc
2357 3414 2640 3469 hominem
2671 3414 2885 3489 magnis
2915 3414 3165 3485 locuples
3190 3413 3503 3482 virtutibus,
3527 3416 3664 3483 exit,

476 3505 594 3559 Jam
616 3502 853 3576 rigidum
877 3503 1162 3558 immotum
1182 3503 1541 3579 gelidumque
1557 3504 1742 3573 jacere
1770 3506 2026 3574 cadaver,
2201 3503 2273 3557 Se
2301 3504 2450 3559 velut
2479 3511 2634 3560 oratu
2653 3514 2908 3559 sternens
2937 3504 3203 3559 altaribus
3232 3505 3415 3572 almis,

477 3595 683 3651 Estuat
710 3595 858 3651 unde
890 3603 1098 3667 patrem
1133 3595 1357 3663 relevet,
1383 3594 1609 3650 ﬂantem
1628 3597 1823 3652 ultima
1850 3605 2025 3666 curet,
2202 3594 2329 3650 Post
2361 3596 2639 3651 celebrata
2663 3596 2752 3651 die
2784 3595 2981 3652 Christi
3023 3597 3281 3667 mysteria
3309 3613 3471 3653 sacro

480 3686 559 3751 Et,
594 3686 729 3757 proh
762 3685 901 3740 mira
924 3683 1063 3740 fides
1096 3682 1109 3739 l
1145 3685 1388 3757 pendere
1418 3684 1476 3739 in
1502 3685 1759 3741 sentibus
1790 3702 1949 3741 uvam
2201 3689 2337 3743 Pace
2365 3687 2493 3743 data
2514 3688 2731 3744 cunctis
2748 3688 2977 3745 subiens
3005 3688 3251 3744 caelestia
3283 3688 3455 3755 Felix,

479 3777 616 3857 Ecce
644 3777 796 3834 videt
832 3778 1088 3849 stupidus
1127 3794 1251 3850 quae
1279 3794 1453 3854 grana
1476 3778 1715 3847 jacentis
1740 3778 1798 3833 in
1822 3795 1919 3835 ore
2200 3781 2325 3836 Post
2354 3781 2536 3836 crucis
2556 3789 2781 3837 exactus
2810 3781 2983 3836 multo
3023 3780 3124 3835 sub
3147 3796 3325 3851 agone
3357 3782 3667 3854 triumphos

478 3870 670 3924 Pressa
706 3868 857 3925 senis
894 3878 1147 3925 recreant
1175 3870 1418 3926 animum
1462 3871 1829 3945 attolluntque
1860 3871 2093 3928 refotum
2199 3872 2397 3927 Felicis
2427 3872 2622 3943 palmae
2644 3872 2816 3927 titulis
2847 3872 3082 3928 feliciter
3113 3890 3268 3928 usus.

478 3957 704 4014 lnsolito
734 3958 954 4014 dulcem
988 3958 1092 4014 fert
1121 3976 1321 4031 aspera
1350 3960 1500 4032 sylva
1531 3976 1785 4032 saporem
2196 3966 2522 4049 Presbytero
2545 3965 2707 4020 datur
2737 3965 2993 4036 llelpidio
3018 3974 3246 4020 curante
3272 3966 3529 4036 sepulcro

475 4050 851 4124 Laetitiamque
890 4054 1026 4108 meri
1058 4053 1365 4109 tribuerunt
1394 4054 1627 4126 cuspide
1652 4054 1824 4109 dumi.
2194 4054 2561 4126 Pincensique
2580 4053 2698 4109 solo
2728 4052 2929 4108 renitet
2958 4053 3173 4108 virtutis
3193 4053 3404 4123 Opimo.

475 4143 803 4217 Aggreditur
822 4144 971 4200 Felix
1001 4146 1147 4200 ulnis
1176 4146 1537 4217 humerisque
1568 4153 1811 4216 reportat
2195 4144 2307 4199 Hoc
2335 4159 2556 4215 quoque
2587 4141 2903 4213 pontiﬁcem
2926 4142 3141 4197 felicem
3170 4142 3290 4197 luce
3322 4141 3553 4213 potitum

478 4236 618 4290 Rure
647 4244 852 4306 patrem
876 4238 1080 4310 tugurii
1107 4248 1161 4293 et
1188 4237 1423 4293 vidualis
1453 4239 1695 4292 culmine
1722 4238 1929 4302 condit,
2195 4233 2452 4288 Illirorum
2475 4248 2505 4287 a
2533 4247 2705 4302 puero
2726 4230 3058 4302 culmenque
3084 4230 3350 4286 decenter
3379 4231 3666 4301 adeptum,

475 4326 865 4400 Occultumque
898 4328 1067 4396 fovet,
1099 4340 1403 4400 cautusque
1434 4329 1695 4384 alimenta
1727 4330 2019 4385 ministrat.
2194 4329 2432 4399 Martyrii
2463 4328 2628 4383 sociis
2659 4337 2742 4382 ter
2760 4326 2907 4382 deuo
2937 4333 3227 4381 stemmate
3258 4326 3435 4391 nexis,

477 4414 673 4485 Captus
701 4416 827 4471 item
860 4423 1064 4489 martyr
1093 4417 1302 4473 Circeio
1342 4416 1566 4472 deditur
1596 4419 1720 4473 exul
2118 4491 2141 4492 ﬂ
2197 4421 2487 4492 Presbyter
2516 4418 2801 4490 Helpidius
2829 4418 3054 4474 Nolensi
3083 4416 3318 4474 collocat
3346 4416 3489 4472 aula.

476 4509 613 4564 Saxa
634 4525 821 4567 secare
856 4511 1036 4584 apici;
1066 4511 1341 4569 damnatis
1379 4510 1562 4569 vivere
1591 4527 1843 4579 consors,
2116 4491 2170 4558 D

1977 4670 2186 4727 CAPUT
2225 4671 2309 4726 IV.

1831 4799 1909 4859 De
1947 4807 2157 4859 sancta
2197 4798 2474 4860 Juliana.

479 4926 705 4983 lrradiat
734 4927 930 4984 Cumas
956 4929 1112 4986 fortis
1134 4929 1353 4986 Juliana
1381 4929 1594 5005 virago,
2195 4929 2413 4987 Invenit
2436 4929 2525 4985 hic
2553 4928 2763 4985 cunctis
2790 4927 3083 4984 truciorem
3107 4924 3425 4981 horroribus
3451 4925 3667 4979 hostem

477 5019 627 5085 Quae,
662 5027 788 5091 post
807 5021 1072 5078 obtritum
1104 5023 1265 5078 bellis
1293 5032 1457 5094 caput
1486 5023 1663 5077 hostis
1687 5023 1885 5096 iniqui,
2195 5027 2418 5081 Interna
2446 5021 2718 5094 oppositis
2748 5028 3084 5091 externaque
3100 5017 3244 5071 bella
3272 5023 3606 5071 moventem.

475 5110 720 5167 Membra
749 5114 911 5168 beata
930 5114 1052 5169 tulit
1080 5114 1247 5169 variis
1265 5114 1503 5171 exercita
1531 5116 1752 5190 pugnis,
2195 5113 2538 5186 lnternisque
2568 5112 2751 5167 sciens
2777 5110 3031 5165 invictam
3063 5107 3248 5180 prodit
3276 5115 3468 5177 aperte

474 5207 641 5273 Quam
678 5214 831 5279 pater
867 5208 1115 5280 auspicio
1147 5209 1306 5264 luctas
1337 5209 1669 5264 cruciatibus
1699 5209 1829 5282 egit,
2191 5201 2478 5260 Terrilicos
2506 5201 2689 5257 vultus
2718 5199 3018 5271 miserique
3051 5195 3330 5251 notamina
3359 5194 3559 5261 cultus,

472 5296 806 5353 Verberibus
832 5297 1010 5354 tritam
1038 5298 1156 5353 zelo
1174 5297 1432 5353 laceravit
1461 5313 1667 5353 amaro.
2194 5295 2310 5350 Stat
2338 5301 2522 5350 tamen
2550 5290 2844 5362 intrepide,
2885 5296 3069 5344 manet
3091 5284 3461 5357 imperterrita
3488 5285 3665 5360 virgo,

475 5388 721 5443 Praefecti
745 5389 1049 5461 sponsique
1077 5374 1229 5444 deini
1249 5396 1522 5445 tormenta
1550 5389 1805 5464 fatigans,
2192 5386 2305 5441 Nec
2332 5400 2599 5442 concussa
2623 5384 2828 5449 tremit,
2860 5397 2964 5437 nec
2992 5378 3238 5435 desolata
3266 5376 3534 5449 pavescit,

471 5480 724 5536 Sulcatur
749 5482 940 5554 virgis,
973 5482 1218 5552 quatitur
1245 5497 1514 5552 suspensa
1544 5481 1780 5552 capillis,
2193 5475 2621 5549 Conﬂigensque
2648 5474 2827 5546 palam
2867 5471 3062 5543 palma
3101 5465 3401 5539 splendore
3425 5463 3640 5521 nitescit

470 5573 687 5628 Vertice
716 5572 785 5628 de
815 5589 1029 5630 summo
1060 5573 1289 5645 plumbo
1323 5572 1546 5644 perfusa
1571 5573 1821 5645 liquato;
2192 5569 2501 5624 Certantem
2531 5581 2697 5637 quam
2717 5564 2862 5619 bella
2892 5568 3120 5633 stupens
3136 5557 3458 5615 Nicomedia
3486 5558 3634 5622 vidit,

470 5658 714 5717 Carceris
733 5661 861 5717 huic
888 5669 1046 5718 antro
1074 5677 1335 5735 caecoque
1367 5667 1587 5733 recepta
1612 5662 1869 5718 barathro
2192 5660 2377 5735 Regna
2407 5658 2836 5729 triumphantem
2874 5654 3124 5729 gaudens
3155 5648 3451 5722 Campania
3480 5649 3737 5720 sumpsit.
