4002 6124
259 261 364 316 85⁸7
840 261 922 315 DE
963 259 1223 316 CHRISTI
1262 260 1625 318 TRIUMPHIS
1663 263 1835 320 APUD
1875 262 2145 319 ITALIAM
2184 262 2362 318 LIBRI
2402 262 2533 318 XIV.
2573 293 2643 304 —
2682 262 2807 317 LIB.
2850 261 2980 315 XIV.
3493 259 3599 313 858

1777 442 1987 498 CAPUT
2035 444 2096 498 V.

1352 572 1428 631 De
1457 572 1778 650 Spoletana
1807 574 2006 632 sancti
2039 574 2218 633 Pauli
2246 573 2513 633 ecclesia.

258 717 545 786 Spoletnm
579 715 742 770 rutilo
772 715 990 770 Patrum
1015 717 1311 788 splendore
1350 718 1606 773 decoram
1908 724 1961 792 Α
1988 719 2269 774 Obcaecata
2295 718 2465 773 minis
2487 726 2569 773 ast
2600 717 2866 772 illnstrata
2895 716 3174 787 tr0phaeis.

258 807 606 861 Praetulimus
625 806 937 878 claramque
970 807 1076 877 piis
1106 808 1422 880 celsamque
1450 809 1734 882 palazstris.
1986 812 2256 886 Frangere
2275 812 2515 865 clausam
2546 809 2741 864 adiens
2770 806 3092 879 prohibetur
3121 805 3261 860 inire
3295 814 3593 876 patentem,

260 899 405 952 Hanc
435 898 599 952 etiam
635 898 782 952 Pauli
809 899 1023 968 pollens
1058 898 1299 953 Ecclesia
1333 899 1527 954 lustrat
1985 901 2154 966 Quam
2183 900 2311 954 dum
2329 900 2513 953 lumen
2532 897 2663 977 adit.
2700 895 2971 951 tumidum
2999 894 3175 967 caligo
3197 893 3438 966 subegit,

259 991 323 1044 Dt
349 990 532 1059 palma
570 989 719 1056 ﬁdei,
753 991 991 1061 caligine
1025 991 1256 1047 luminat
1278 992 1471 1059 hostis,
1984 995 2233 1066 Fureque
2249 1000 2473 1058 caacato,
2497 989 2625 1045 ﬁdei
2658 988 2872 1063 fulgore
2914 987 3175 1061 flagrante

262 1080 453 1135 Clausa
483 1081 597 1152 lupi
632 1080 810 1148 furiis,
840 1082 968 1157 agni
1000 1082 1097 1136 sed
1128 1091 1319 1154 aperta
1350 1083 1664 1156 triumphis,
1984 1085 2225 1140 Ecclesia
2258 1084 2450 1139 invasu
2470 1076 3086 1152 reprimuntnrlnminis
3111 1076 3316 1132 hostes.

1770 1257 1978 1314 CAPUT
2021 1259 2110 1313 VI.

1436 1390 1512 1448 De
1535 1399 1739 1451 sancto
1772 1392 2119 1450 Eleutherio
2147 1397 2434 1464 martyre.

258 1527 434 1581 Patris
462 1527 761 1582 Eleutherii
793 1529 1039 1598 probitas
1069 1529 1160 1583 hic
1180 1531 1326 1586 clara
1352 1539 1623 1599 coruscat,
1986 1532 2085 1597 Qui
2107 1531 2443 1603 signansqnc
2475 1529 2619 1583 diem
2659 1528 3017 1602 gaudensque
3065 1527 3130 1581 ad
3185 1528 3410 1598 praemia
3439 1527 3610 1583 fertur

259 1616 333 1668 Ad
366 1616 530 1669 vitam
563 1617 828 1686 lacrymas
856 1617 1014 1684 cujus
1045 1633 1334 1673 revocasse
1367 1619 1603 1673 cadaver
1988 1623 2209 1694 Mystica
2235 1621 2411 1693 poscit
2440 1636 2611 1675 ovans
2631 1636 2852 1674 carmen
2882 1619 3122 1690 prolibat
3149 1621 3480 1691 ethymnos,

254 1706 512 1761 Testibns
534 1708 759 1761 asseclis
781 1707 1077 1781 Gregorius
1102 1708 1299 1764 asserit
1325 1709 1503 1764 almus
1538 1728 1553 1776 ;
1988 1715 2138 1769 Ferie
2170 1729 2404 1769 monens
2432 1712 2651 1778 fratres,
2676 1712 2783 1766 ciet
2813 1711 2880 1765 ad
2913 1727 3083 1785 regna
3109 1712 3217 1765 alta
3236 1711 3483 1766 sodalem
3518 1729 3532 1765 :

256 1796 368 1850 Nec
398 1795 527 1850 silet
552 1796 766 1851 obtenti
792 1812 889 1867 per
915 1813 1039 1852 enm
1060 1795 1165 1852 sibi
1189 1798 1335 1853 dona
1365 1799 1590 1872 vigoris,
1988 1829 2017 1858 (ι
2053 1806 2205 1871 Urse,
2238 1805 2364 1859 veni
2394 1804 2640 1859 clamans
2666 1802 2677 1855 l
2717 1833 2731 1844 η
2784 1804 2920 1858 socii
2952 1819 3057 1858 nec
3086 1812 3271 1860 mente
3307 1811 3605 1874 capessunt

256 1886 477 1940 Firmati
505 1886 759 1942 columen
786 1888 1052 1943 stomachi
1078 1888 1292 1957 jejunia
1324 1889 1429 1944 rite

1984 1902 2155 1967 Dicta,
2187 1916 2290 1953 nec
2318 1898 2608 1953 advertunt
2636 1899 2784 1969 quod
2801 1898 2980 1953 fassus
2999 1915 3162 1970 quem
3192 1898 3464 1959 vocitarit.

256 1977 415 2031 Ferre
436 1977 647 2045 datum,
682 1980 847 2050 positi
876 1980 959 2033 vel
992 1980 1215 2035 vincere
1244 1980 1510 2052 ponderis
1526 1996 1748 2052 aaqnnm
1985 1995 2119 2047 Dum
2152 1998 2277 2062 post
2307 1992 2447 2045 scire
2473 1992 2633 2045 datur
2662 1998 2933 2045 semotum
2968 1990 3183 2045 tramite
3211 1990 3379 2063 longo

255 2074 321 2125 At
352 2072 482 2126 dum
516 2089 716 2147 magna
746 2081 925 2145 patrat
958 2075 1229 2146 premitur
1257 2081 1440 2129 tamen
1474 2075 1813 2144 ipselibratu
1988 2081 2301 2136 Decessisse
2334 2089 2545 2150 patrem
2580 2078 3105 2152 rebuscognominis
3138 2079 3318 2146 hujus.

255 2165 466 2219 Divina;
492 2165 816 2220 moderante
848 2183 1044 2221 manus
1065 2167 1183 2238 qui,
1205 2166 1338 2222 sede
1370 2174 1654 2238 receptum
1987 2171 2265 2227 Momento
2298 2170 2402 2224 hoc
2436 2169 2630 2224 fultum
2660 2167 2994 2222 venerandis
3011 2167 3363 2237 actibnsipso

254 2252 705 2325 Applicitnmqne
737 2253 898 2327 nigro
932 2269 1162 2324 puerum
1195 2255 1549 2325 spurcamine
1568 2262 1787 2328 purgat,
1920 2294 1969 2361 Β
1991 2263 2258 2333 Suprema
2290 2267 2396 2317 stat
2428 2260 2726 2315 Eleutherii
2747 2260 2993 2330 quivoce
3020 2258 3267 2314 citatum.

254 2346 431 2409 Quem
468 2344 714 2400 trucibus
742 2346 964 2402 solvunt
996 2347 1085 2418 pia
1115 2348 1482 2403 contubernia
1511 2349 1731 2415 vinclis,
1920 2344 1969 2361 "
1996 2350 2307 2424 Virgineam
2340 2358 2495 2419 pater
2526 2349 2612 2403 hic
2642 2356 2884 2403 mentem
2918 2347 3048 2401 dum
3076 2345 3297 2401 dotibus
3328 2356 3504 2410 ornat,

257 2436 597 2507 lnsuetoque
620 2437 1260 2494 feruntnoctesdnctare
1293 2439 1529 2511 quietas,
1999 2443 2212 2501 Christo
2278 2443 2615 2508 defunctam,
2666 2440 3070 2512 mundumque,
3130 2447 3449 2510 patremque
3512 2455 3613 2495 ne-

253 2528 586 2598 Tripudians
613 2528 776 2583 donis
803 2538 958 2600 pater
979 2535 1144 2601 atque
1178 2529 1486 2601 improvida
1504 2530 1719 2599 jactans
3305 2531 3543 2607 [gantem

256 2618 468 2673 Gaudia
493 2617 878 2689 supprimitur,
908 2634 1080 2690 puero
1102 2619 1320 2694 adjuga
1340 2621 1519 2691 prisca
1552 2622 1773 2692 relapso
1802 2639 1815 2685 ;
1989 2633 2165 2686 Aurea
2198 2632 2345 2688 dona
2378 2632 2550 2689 lutum
2582 2630 2771 2703 sponsi
2801 2630 3097 2701 Splendore
3126 2634 3429 2700 putantem,

256 2710 430 2774 Quem
449 2710 704 2779 lacrymm
734 2710 958 2765 demum
1013 2719 1068 2766 et
1099 2711 1381 2766 redimunt
1425 2712 1639 2782 jejnnia
1658 2712 1888 2768 fratrum
1992 2724 2159 2787 Quam
2188 2723 2269 2779 sic
2291 2725 2459 2800 digna
2484 2725 2648 2796 capit,
2685 2722 2799 2797 regi
2828 2738 2995 2794 quam
3024 2729 3178 2796 grata
3198 2736 3366 2791 super

257 2798 621 2869 Perfecteque
650 2807 838 2853 manet
865 2799 1077 2870 degens
1113 2799 1167 2853 in
1194 2807 1398 2855 caetera
1419 2801 1579 2855 liber.
1990 2812 2247 2869 Rnricola
2277 2798 2505 2885 accepto
2531 2813 2915 2884 increpituque
2937 2812 3149 2866 latrone
3183 2810 3391 2882 fugato.

258 2893 592 2947 Germanum
625 2894 717 2949 hic
755 2894 974 2950 fratrem
996 2896 1206 2950 clarum
1238 2897 1510 2968 probitate
1530 2899 1800 2954 Joannem
1995 2901 2148 2956 Haud
2171 2902 2380 2974 aliquid
2397 2902 2540 2969 juris
2572 2918 2659 2957 res
2704 2901 2759 2955 in
2785 2899 3039 2955 candoris
3067 2898 3309 2953 habente

268 2983 819 3056 Extuleratprmscita
841 2986 945 3058 piae
964 2988 1051 3043 cui
1075 2989 1250 3061 gloria
1280 2998 1462 3055 metae,
1995 2994 2087 3049 Vel
2113 3002 2386 3050 temerare
2419 2994 2635 3050 valente
2668 2995 2853 3050 datum
2884 2992 2988 3047 nisi
3020 2991 3233 3063 virgine
3266 2996 3508 3061 portum.

1740 3153 1949 3209 CAPUT
1999 3155 2110 3210 VII.

1458 3284 1537 3343 De
1558 3294 1765 3345 saneto
1796 3285 2029 3347 Joanne
2061 3290 2411 3363 confessore.

258 3409 508 3466 Joannes
530 3410 739 3481 Syriam
775 3412 991 3467 virtutis
1022 3413 1540 3487 culminelinquens
1988 3418 2273 3474 Roboreos
2302 3419 2422 3473 sine
2454 3434 2605 3473 more
2638 3418 2827 3473 vident
2843 3418 3104 3473 frondere
3135 3418 3392 3483 lacertos,

261 3505 668 3577 Ausoniamque
686 3516 905 3577 petens,
947 3507 1317 3564 Penarensem
1376 3510 1654 3566 illuminat
1692 3513 1886 3566 urbem
1989 3505 2302 3579 Vestiriqne
2333 3508 2460 3563 dato
2491 3523 2600 3563 non
2634 3507 2689 3561 in
2723 3523 2823 3562 sua
2852 3513 3101 3575 tempora
3128 3506 3298 3559 cultu.

261 3596 707 3668 Perqnirensque
734 3597 915 3653 locum
940 3606 1068 3654 tnta;
1097 3610 1154 3654 et
1176 3601 1434 3656 stationis
1462 3602 1726 3677 agellum,
1918 3654 1959 3677 η
1992 3593 2232 3651 SCilaluS
2252 3597 2377 3669 quis
2405 3606 2460 3651 ει
2482 3598 2629 3651 unde
2650 3596 2878 3651 domum
2909 3595 3160 3666 quoilue
3187 3602 3442 3648 morem"

263 3662 530 3742 Psalterio
553 3662 662 3743 lato
684 3689 781 3743 sed
810 3704 936 3745 mox
962 3691 1032 3745 ad
1062 3699 1188 3747 vota
1216 3693 1411 3757 relato,
1495 3662 1529 3677 υ
1713 3662 1724 3669 ’
1915 3662 1961 3719 U
1987 3681 2059 3738 Se
2091 3662 2291 3743 Christi
2332 3686 2496 3741 modo
2528 3685 2757 3740 servitio
2787 3662 3005 3738 venisse
3046 3681 3269 3747 fatetur,

266 3779 468 3853 Deligit
491 3780 579 3834 hic
599 3788 818 3852 sumpto
848 3782 1044 3838 collata
1067 3782 1378 3840 habitacula
1403 3786 1601 3860 signo;
1992 3780 2101 3834 Hoc
2121 3795 2181 3833 se
2192 3779 2318 3847 jure
2350 3777 2506 3844 locis,
2542 3777 2647 3831 hoc
2668 3775 2849 3831 sidere
2870 3773 3233 3828 rurihusillis.

262 3869 475 3924 Certior
497 3870 749 3943 angelico
772 3870 906 3941 quin
930 3870 1130 3927 famine
1160 3874 1418 3944 protinus
1447 3876 1601 3931 audit
1988 3872 2110 3926 Visa
2142 3870 2323 3925 ferunt
2353 3868 2597 3941 populis,
2631 3866 2909 3922 turmatim
2941 3866 3113 3919 densa
3144 3863 3398 3918 feruntur

261 3961 419 4015 Hunc
434 3961 541 4015 sibi
562 3962 660 4016 rite
686 3961 866 4017 locum
892 3963 1126 4019 Domino
1157 3975 1454 4035 praestante
1482 3970 1811 4038 parandum,
1986 3964 2237 4040 Agmina,
2264 3962 2534 4033 διίραηῑθε
2563 3971 2768 4015 coeunt
2788 3960 2904 4012 haec
2932 3957 3111 4012 Visere
3137 3964 3326 4012 lurm'c’e
3360 3974 3374 4021 ;

258 4050 512 4123 Degendi
545 4057 765 4121 portum
785 4067 1089 4125 cursusque
1120 4054 1335 4126 viaeque
1366 4056 1641 4112 levamen.
1989 4057 2176 4111 Castra
2204 4055 2458 4111 locantur
2490 4054 2658 4108 humo
2691 4051 2809 4107 solo
2837 4049 3138 4125 gaudentia
3164 4048 3324 4113 caelo,

259 4137 506 4192 Canebat
526 4138 773 4209 glacialis
802 4140 1014 4211 hyems,
1039 4157 1236 4197 nemus
1262 4158 1427 4199 omne
1457 4146 1676 4219 rigebat
1989 4148 2291 4204 Praeficitnr
2321 4145 2612 4203 certaturis
2639 4143 2955 4199 certaminis
2985 4157 3191 4213 auspex
3214 4159 3231 4207 ;

258 4234 526 4288 Dnratum
559 4234 881 4306 nudumque
913 4251 1075 4291 coma
1116 4238 1499 4311 scriptumque
1524 4242 1742 4312 pruina,
1987 4245 2261 4320 Aggregat
2299 4250 2462 4314 atque
2495 4241 2630 4316 regit
2664 4240 2897 4296 Domino
2952 4237 3274 4293 moderante
3313 4242 3560 4291 catervas
3590 4248 3605 4300 ;

258 4326 473 4396 Illeqne
495 4324 599 4379 sub
626 4325 776 4381 vidui
817 4328 1095 4385 residebat
1117 4330 1361 4402 tegmine
1382 4332 1519 4408 ligni
1550 4351 1565 4400 ;
1989 4333 2083 4389 Sic
2108 4341 2304 4405 quater
2331 4331 2586 4387 undenos
2617 4329 2835 4401 pollens
2862 4327 3158 4382 virtutibus
3188 4339 3365 4380 annos

260 4417 476 4472 Venatn
503 4416 633 4472 fessi
653 4426 779 4490 post
806 4418 972 4495 longa
996 4422 1281 4478 volumina
1298 4423 1495 4485 saltus,
1992 4423 2128 4479 Hinc
2156 4429 2408 4493 sumptus
2435 4420 2627 4492 requie
2667 4417 2869 4473 renitet
2899 4414 3213 4487 splendoris
3243 4414 3473 4476 honore,

262 4508 479 4564 Erroris
503 4509 632 4564 dum
661 4519 791 4566 nota
820 4518 1016 4582 petunt
1055 4513 1327 4570 solamina
1356 4516 1529 4589 longi,

1746 4655 1955 4711 CAPUT
2000 4655 2140 4711 VIII.

1474 4787 1550 4845 De
1576 4795 1781 4847 sancto
1818 4786 2106 4847 Cassiano
2133 4793 2420 4860 martyre.

261 4915 432 4986 Syllae
452 4914 630 4970 forum
658 4932 768 4987 qua
791 4917 815 4969 ί
833 4917 1086 4973 assianus
1107 4920 1285 4994 gloria
1905 4925 1965 4994 D
1993 4921 2266 4993 Datusque
2295 4919 2456 4975 saevis
2484 4915 2839 4988 dissipandus
2863 4915 3126 4986 parvulis,

259 5010 526 5075 Illustrat,
557 5011 691 5077 edit,
719 5021 1094 5085 concrepante
1125 5016 1369 5072 carmine
1990 5013 2169 5069 Sumit
2196 5026 2389 5067 severa
2417 5009 2571 5064 mille
2593 5008 2809 5064 vinctus
2826 5008 3074 5062 vulnera.

261 5101 519 5156 Clemens
548 5102 853 5173 palaestram
881 5104 1167 5162 disserens
1182 5107 1456 5176 Aurelius,
1988 5106 2282 5162 Crescente
2316 5118 2481 5174 paena
2502 5102 2633 5156 dum
2664 5099 3146 5159 fatiscitcarnifex,

264 5190 498 5247 Pictoris
525 5197 644 5246 arte
671 5207 732 5247 se
761 5192 996 5249 docente
1026 5201 1082 5249 et
1109 5195 1345 5267 hospite.
1987 5193 2178 5250 Pueris
2208 5190 2452 5267 magistri
2486 5206 2586 5261 per
2622 5196 2804 5245 cutem
2833 5187 3177 5251 ludentibus,

256 5279 415 5335 Altor
450 5279 648 5335 scolari
671 5280 759 5336 hic
789 5281 1131 5353 praestitutus
1157 5285 1387 5357 agmini,
1989 5285 2133 5349 Quas
2159 5282 2278 5354 ipse
2302 5282 2472 5337 durus
2500 5280 2952 5337 doctorediderat
2972 5277 3133 5340 notis,

258 5370 660 5443 Spernensqne
678 5372 852 5428 sacris
880 5375 1199 5446 supplicare
1218 5375 1492 5446 formulis,
1988 5374 2231 5430 Tandem
2264 5387 2447 5428 moras
2466 5370 2727 5428 luctantis
2755 5370 2887 5425 olim
2919 5366 3144 5439 Spiritus

261 5460 501 5532 Impube
530 5462 729 5535 vulgus
757 5465 979 5521 erudire
1017 5474 1077 5522 nt
1102 5468 1385 5539 panditur,
1990 5467 2256 5522 Miserans
2288 5465 2517 5521 latebris
2544 5464 2769 5520 mandat
2797 5460 3007 5517 absolvi
3039 5461 3180 5515 Deus

261 5550 479 5607 Ludnm
505 5552 738 5622 jubetnr
762 5564 942 5612 morte
970 5558 1206 5628 ephebis
1225 5559 1470 5631 praebeat
1986 5559 2026 5613 A
2067 5565 2172 5613 tam
2204 5566 2431 5615 cruento
2456 5558 2853 5613 lancinatornm
2878 5568 3047 5627 grege

255 5639 421 5707 Quos
444 5643 848 5715 snpprimendo
877 5646 1038 5702 seriis
1066 5646 1396 5717 offenderat,
1987 5651 2064 5706 Ad
2090 5651 2413 5726 angelorum
2442 5649 2647 5705 blanda
2663 5646 2862 5703 tollens
2883 5643 3146 5710 culmina,
