3994 6132
281 290 384 346 861
617 327 619 329 ι
895 292 978 345 DE
1016 291 1272 347 CHRISTI
1311 291 1670 349 TRIUMPIIIS
1709 294 1880 349 APUD
1921 290 2182 348 ITALIAM
2224 289 2400 344 LIBRI
2439 287 2571 342 XIV.
2614 317 2682 327 —
2722 285 2846 339 LIB.
2888 284 3019 337 XIV.
3521 282 3629 337 862

288 421 516 491 Ignibus
545 420 811 476 immunis
834 422 1107 478 scelerum
1140 429 1298 478 necat
1324 429 1438 479 atra
1467 440 1732 495 vaporum
1938 428 1985 494 Α
2013 421 2316 500 Verborum
2354 418 2571 493 gladius
2603 417 2981 489 plectrumque
3010 412 3351 468 abscinditur
3388 412 3521 476 oris,

286 512 667 583 Edomitisque
688 512 827 569 focis
846 521 1056 583 perstat
1088 514 1281 570 Christi
1312 516 1490 572 hostia
1519 516 1729 573 victrix.
2016 512 2249 570 Interior
2279 511 2376 566 sed
2419 510 2582 580 plena
2603 509 2735 563 serit
2763 504 3038 578 praeconia
3068 504 3256 578 lingua
3283 520 3300 569 ;

288 600 446 664 Quod
478 608 761 671 nequeunt
787 601 991 656 clibani
1023 603 1223 658 dantur
1261 604 1520 675 sup‘plere
1547 605 1823 677 chelydri;
2009 601 2299 672 Impetitur
2328 598 2491 654 saevis
2512 597 2715 653 totiens
2743 595 3003 650 decorata
3033 593 3267 668 sagittis,
3394 681 3404 691 .

287 689 631 747 Marcescunt
649 698 831 748 tamen
863 693 1087 749 aetherei
1118 694 1319 750 virtute
1352 695 1636 766 triumphi,
2013 690 2263 746 Bellatrix
2292 689 2450 760 pulsa
2476 694 2531 744 et
2551 686 2752 755 jaculis
2778 700 2938 739 mens
2976 684 3175 739 emicat
3194 687 3249 737 et
3277 684 3458 737 astris.

1762 823 1970 880 CAPUT
2018 820 2169 876 XIII.

1616 928 1692 986 De
1732 932 1937 986 sancto
1982 920 2309 982 Ambrosio.

292 1044 536 1100 Comitur
568 1047 843 1103 Ambrosii
870 1049 1084 1105 meritis
1111 1051 1244 1107 urbs
1263 1052 1591 1118 Mediolana,
2016 1049 2257 1105 Sincerae
2274 1046 2403 1103 fidei
2433 1047 2728 1103 candentia
2755 1045 2961 1101 vellera
2980 1044 3186 1111 subdit,

289 1133 461 1198 Quam
492 1136 664 1209 gestis
691 1143 859 1211 atque
887 1153 983 1194 ore
1013 1139 1145 1195 colit
1174 1141 1467 1197 virtutibus
1492 1152 1672 1209 ornat,
2014 1137 2243 1210 Singula
2280 1135 2491 1191 militiae
2520 1141 2757 1190 tractans
2796 1150 3019 1206 quoque
3050 1134 3239 1188 munia
3267 1134 3427 1188 divae.

288 1221 421 1286 Quae
451 1224 675 1279 monitis
706 1227 1012 1299 Augustini,
1036 1228 1283 1297 Pauline,
1312 1232 1580 1305 resignas.
2016 1231 2283 1287 Omnibus
2311 1230 2379 1286 ad
2405 1247 2679 1286 summum
2709 1228 3025 1284 laetantibus
3054 1230 3166 1284 exit
3192 1230 3483 1295 honorem,

286 1314 443 1370 Hunc
470 1323 623 1386 pater
649 1317 912 1375 infantem
944 1321 1155 1377 caelesti
1185 1324 1437 1380 examine
1468 1324 1627 1380 cunis
2009 1324 2358 1395 Antistesque
2388 1322 2549 1378 datus
2573 1329 2761 1377 sancte
2784 1327 3134 1377 sacrosancta
3154 1320 3452 1388 ministrat,

292 1405 548 1460 lnvasum
590 1407 820 1462 miratur
858 1425 1020 1479 apum
1054 1426 1179 1466 mox
1206 1421 1348 1467 astra
1382 1422 1665 1485 petentum
2009 1417 2231 1475 Actibus
2261 1417 2532 1490 eﬁulgens
2555 1415 2769 1473 Domini
2804 1416 3101 1487 splendore
3133 1415 3400 1472 coruscis.

292 1493 672 1568 Praesagitque
700 1495 877 1551 virum
906 1498 1153 1554 caelestia
1180 1502 1339 1557 mella
1370 1504 1645 1559 daturum.
2009 1509 2290 1582 Approbat
2318 1509 2373 1564 id
2395 1516 2538 1565 tacta
2574 1510 2824 1583 gaudens
2849 1507 3147 1579 paralytica
3176 1512 3329 1562 veste

289 1584 355 1672 ᾼι
386 1599 543 1653 puer,
586 1592 870 1640 ostentans
899 1603 1055 1643 sacro
1082 1605 1142 1644 se
1174 1605 1325 1645 more
1353 1591 1669 1659 colendum,
2011 1602 2072 1657 Ει
2106 1602 2332 1672 proprio
2362 1600 2584 1656 rediens
2613 1600 2797 1655 alieno
2828 1600 3011 1655 vincta
3041 1599 3274 1665 ducatu;

288 1671 558 1768 Dor-gebat
589 1674 717 1730 ludo
756 1677 1007 1768 venerari
1037 1677 1250 1752 virgine
1272 1681 1513 1768 destram
2010 1671 2183 1765 Atque
2223 1694 2454 1768 indigna
2492 1694 2630 1764 petit
2658 1693 2857 1747 claram
2889 1691 3126 1746 connixa
3155 1690 3433 1746 lucernam

287 1758 716 1852 Yaticinansque
738 1764 925 1818 datum
956 1768 1299 1824 memorabat
1326 1760 1385 1824 se
1406 1770 1602 1826 ordine
1633 1781 1834 1827 vatum.
2008 1758 2223 1840 Vellere
2254 1758 2610 1850 candelabro,
2652 1783 2861 1838 lethum
2903 1782 3007 1836 sibi
3035 1782 3198 1836 stulta
3227 1781 3416 1852 virago

288 1849 533 1948 ξάυξδίυδ
557 1851 749 1948 femus
780 1855 1120 1928 τυιίίδηείιυθ
1151 1859 1327 1915 "imre
1347 1862 1555 1931 Sophim
2009 1879 2201 1934 Tracta
2237 1888 2390 1934 veste
2421 1876 3018 1948 rapit,temerariaque
3048 1892 3197 1931 arma
3222 1849 3495 1937 retundit;

284 1943 525 2043 duribus
549 1945 761 2000 accitur
789 1963 1079 2043 procerum
1111 1953 1359 2043 consulta
1389 1965 1634 2012 notatum
2012 1971 2273 2043 Repperit
2300 1971 2390 2025 hic
2420 1969 2586 2025 etiam
2618 1969 2750 2024 ΕΙῘῶ
2778 1968 3079 2039 spiramine
3108 1966 3326 2023 fervens

282 2033 409 2135 LPSC
440 2035 894 2135 quoque-35¢“us
925 2039 1184 2135 Princeps
1218 2041 1511 2115 legumque
1552 2046 1829 2121 magister.
2010 2033 2267 2119 Hiezabel
2289 2062 2512 2117 rabidos
2544 2061 2703 2135 nigro
2725 2033 2897 2115 livore
2919 2058 3132 2114 furores

275 2125 514 2219 Tutatur
543 2128 794 2219 patriam,
828 2130 1063 2201 populos
1103 2133 1263 2206 regit.
1289 2136 1509 2193 ordinat
1546 2139 1731 2194 urbes.
2006 2156 2122 2219 Qua
2147 2154 2372 2208 fraudes
2400 2153 2544 2208 hosti
2576 2125 2804 2207 cbluber
2828 2150 3053 2205 molitur
3081 2155 3273 2218 aperto

419 2233 525 2288 ορθ
554 2218 862 2315 ΜεάίοῙίξῖιδ
901 2229 1097 2293 Ρδίθηε
1129 2224 1348 2300 fastigii!
1380 2240 1566 2300 Partes
2006 2217 2315 2315 quuirens
2339 2241 2489 2306 odia,
2522 2238 2748 2295 exilium
2784 2245 2959 2309 parat,
2989 2217 3181 2292 incitat
3209 2252 3343 2291 auro

278 2310 734 2404 ml'mrexsecm
764 2312 961 2369 Christi
1003 2331 1132 2371 οοτθ
1168 2319 1282 2387 (δίο)
1312 2322 1478 2377 vestis
1937 2381 1980 2404 η
2011 2310 2468 2404 Culminibusque
2499 2331 2715 2387 animos
2755 2329 2929 2400 pactis
2969 2328 3022 2382 in
3051 2326 3157 2382 tela
3188 2326 3387 2382 furoris

279 2402 401 2493 Quo
431 2405 693 2493 templum
716 2407 901 2462 studio
930 2408 1239 2484 ingreditur
1267 2415 1575 2487 scissasque
1606 2419 1910 2493 phalanges
1937 2381 1984 2447 Β
2012 2426 2121 2481 Nec
2158 2425 2318 2480 Jesus
2348 2381 2536 2478 tamen
2565 2381 2827 2477 athletarm
2859 2436 2957 2474 sua
2989 2428 3165 2472 castra
3195 2424 3475 2492 regentem

282 2492 582 2548 Paciﬁcar"
601 2503 778 2565 Parati
803 2496 932 2551 dum
952 2504 1075 2553 νοίθ
1108 2500 1161 2553 in
1195 2501 1354 2572 Plura
1376 2502 1626 2561 ἷθνιιηιυῐ·
1656 2527 1670 2573 ς
1818 2492 1824 2493 ί
2007 2516 2241 2578 Deserit,
2283 2515 2505 2583 adjutor
2534 2513 2751 2569 validus
2781 2511 2886 2567 sibi
2907 2512 3076 2567 corda
3109 2510 3380 2565 ferentum

280 2583 516 2639 Infantis
544 2602 647 2642 vox
674 2588 1026 2645 Ambrosium
1042 2591 1135 2646 dat
1165 2593 1377 2651 honore
1406 2600 1732 2656 sacrandum
2008 2603 2167 2659 Pellit
2187 2603 2255 2658 ab
2289 2602 2509 2657 insidiis
2538 2602 2751 2657 hostem
2768 2606 3061 2671 servatque
3093 2597 3370 2652 clientem.

283 2675 548 2770 Conversi
578 2694 685 2770 qua
725 2679 933 2736 dividui
965 2682 1020 2736 in
1047 2683 1373 2758 diversaque
1400 2691 1537 2760 rapti
1700 2680 1704 2683 ’
2005 2700 2163 2755 Latro
2191 2698 2339 2770 quod
2367 2704 2624 2769 expertus
2655 2695 2952 2768 laqueique
2984 2702 3209 2765 parator
3234 2691 3411 2762 Operti

277 2766 721 2863 Conveniuntin
754 2779 912 2863 pacta
941 2773 1068 2841 viri,
1103 2790 1260 2831 mens
1288 2780 1546 2836 omnibus
1566 2798 1676 2837 una
2007 2766 2254 2846 Vicinum
2275 2766 2451 2863 quise
2481 2766 2743 2844 Ecclesiae
2768 2786 2873 2842 fert
2900 2785 3096 2842 tollere
3125 2791 3340 2856 raptum

274 2855 514 2950 luditur,
545 2858 891 2916 Ambrosium
922 2879 1077 2920 sacro
1103 2864 1213 2920 sibi
1236 2866 1364 2936 jure
1385 2868 1682 2927 dicandum
2002 2879 2066 2935 Ut
2094 2884 2260 2950 queat
2288 2855 2537 2947 ejusdem
2567 2874 2745 2931 facilis
2772 2874 3006 2930 crimine
3036 2855 3257 2929 culmen
3277 2872 3445 2943 (207).

275 2944 634 3043 Conclamant
672 2950 932 3022 utrinque
959 2952 1123 3008 simul
1155 2957 1505 3013 concorditer
1532 2974 1746 3016 omnes.
1997 2944 2164 3043 cujﬁs
2190 2971 2244 3025 ίη
2276 2944 2564 3026 aversum
2586 2954 2883 3023 {emam-ma
2900 2967 3063 3021 ducta
3087 2976 3338 3020 tenorem

274 3037 378 3133 Ille
409 3037 589 3133 fugam
622 3043 896 3133 meditans
923 3061 1128 3102 saevum
1156 3048 1463 3107 instaurare
1487 3053 1726 3110 tribunal
1996 3037 2111 3127 Quo
2144 3068 2298 3133 putat
2326 3060 2583 3132 abripere
2613 3058 2889 3130 abripitur
2914 3056 3221 3132 gestamine
3250 3061 3461 3121 vectus,

271 3126 548 3224 Braecipit,
579 3131 966 3224 applicitisque
996 3135 1107 3191 reis
1134 3143 1405 3211 tormenta
1434 3143 1641 3199 volutat
1674 3164 1691 3210 ;
2000 3126 2230 3224 Quoque
2260 3150 2351 3207 die
2396 3126 2607 3221 patrem
2647 3126 2794 3204 ratus
2841 3126 3111 3202 extorrem
3142 3160 3262 3199 esse
3300 3142 3614 3210 ferendum,

270 3216 388 3309 blec
410 3233 693 3276 removere
721 3222 868 3277 valet
897 3225 1157 3296 czeptisve
1178 3228 1453 3287 abducere
1484 3234 1707 3303 plebem
2002 3216 2278 3308 Exulabit,
2297 3216 2456 3296 versa
2488 3240 2543 3293 in
2576 3238 2803 3309 pr0prio
2831 3237 2939 3292 sibi
2970 3235 3173 3292 vertice
3205 3234 3418 3289 fraude.

272 3306 647 3365 Clamantem:
709 3340 719 3353 -
779 3312 958 3385 Super
1026 3317 1300 3374 addantur
1362 3327 1454 3377 tua
1511 3324 1745 3381 crimina
1798 3344 1901 3384 no-
2000 3332 2115 3388 Scit
2144 3306 2360 3388 Domini
2392 3306 2616 3385 monitis
2644 3306 2827 3384 tamen
2866 3329 3079 3384 hostem
3110 3326 3307 3397 praesul
3335 3340 3518 3380 amare

1620 3420 1754 3491 [δίει
1798 3442 1824 3474 υ
2002 3425 2484 3496 Proscriptumque
2514 3423 2704 3478 levans
2731 3422 2934 3493 Opibus
2950 3421 3146 3476 solatia
3175 3419 3412 3486 confert,

278 3495 506 3552 Pondus
531 3497 674 3553 inire
703 3498 896 3569 legens
921 3503 1129 3573 sophiae
1161 3513 1466 3574 revocatur,
1499 3508 1685 3581 inepta
2003 3516 2065 3570 Et
2103 3495 2233 3569 licet
2260 3513 2382 3584 ipse
2412 3526 2571 3583 inquo
2603 3511 2825 3583 plexum
2856 3525 2915 3564 sc
2939 3508 3125 3578 judice
3143 3507 3357 3563 clamet.

274 3589 560 3645 Sacrando
591 3590 697 3645 sibi
738 3600 920 3648 scorta
938 3594 1166 3652 adhibet
1196 3613 1300 3654 nec
1326 3606 1449 3655 vota
1490 3601 1723 3659 reflectit
2000 3610 2117 3666 Non
2148 3618 2331 3664 tamen
2360 3616 2476 3663 atra
2496 3624 2694 3663 manus
2723 3612 2883 3678 pavet
2913 3605 3119 3660 addere
3149 3602 3435 3658 fraudibus
3464 3617 3621 3656 arma

281 3681 614 3772 tier-uentum
645 3680 886 3755 ferrique
912 3685 1022 3740 sibi
1056 3687 1173 3743 haec
1202 3699 1430 3760 peccata
1462 3701 1769 3765 rogantum.
1925 3750 1968 3772 η
1999 3699 2285 3772 Pugnaces
2313 3697 2445 3751 dum
2475 3712 2621 3751 saeva
2640 3695 2788 3751 viros
2820 3694 2913 3749 dat
2942 3692 3150 3748 femina
3177 3691 3363 3749 valvas

276 3771 504 3826 Nisibus
533 3773 619 3828 his
639 3750 811 3830 cassis
837 3774 1086 3852 fugiendi
1113 3750 1363 3852 tempora
1388 3750 1569 3855 captat
1670 3750 1673 3751 ν
1738 3750 1764 3751 ﬂ
1921 3750 1971 3819 C‘
2000 3750 2301 3847 thtruere
2322 3789 2935 3858 Ecclesiaesacramquc
2969 3783 3239 3855 repellere
3266 3781 3485 3853 plebem

281 3862 656 3937 Egressusque
678 3867 872 3922 urbem
894 3869 998 3924 sub
1028 3878 1181 3926 vasta
1205 3873 1426 3930 silentia
1464 3878 1642 3933 noctis
1998 3887 2065 3941 At
2087 3884 2355 3941 Dominus
2383 3891 2646 3955 praestare
2667 3880 2854 3936 solens
2884 3895 2950 3934 ex
2985 3879 3141 3933 hoste
3171 3883 3376 3944 tropaea

275 3958 337 4050 Iit
366 3957 615 4015 Ticinum
643 3978 704 4016 se
724 3961 865 4018 ferre
897 3973 1094 4036 putans
1120 3975 1274 4025 recto
1302 3971 1526 4045 agmine
1555 3990 1825 4048 gressum,
2002 3976 2179 4045 Effera
2205 3976 2533 4050 belligerum
2566 3974 2816 4030 demutat
2844 3973 3010 4028 corda
3035 3970 3282 4025 virorum

273 4048 434 4103 Mane
463 4058 714 4120 repertus
737 4054 894 4109 adest
916 4063 1083 4126 porta:
1110 4059 1265 4115 urbis
1292 4060 1653 4134 Mediolanaa;
1998 4069 2229 4124 Servare
2263 4048 2537 4132 inventos,
2562 4064 2854 4120 admittere
2883 4063 3076 4118 limine
3115 4059 3276 4115 ﬁdos.

275 4142 410 4196 Acta
440 4146 672 4214 stupens
685 4145 830 4201 aries
864 4149 1085 4208 Domini
1117 4153 1452 4211 attollendus
1480 4157 1609 4213 ovili
2000 4161 2170 4233 quue
2204 4176 2419 4230 parum,
2448 4158 2555 4213 nisi
2577 4174 2698 4213 cum
2730 4155 2936 4229 p0pulo
2961 4162 3084 4210 vota
3112 4168 3263 4207 arma
3285 4149 3623 4223 profundant

274 4233 541 4325 Inventus
565 4235 798 4325 capitur,
826 4243 1008 4293 tentus
1033 4253 1302 4311 servatur,
1336 4245 1563 4302 adactus
2000 4252 2174 4325 Atque
2206 4252 2377 4307 Deum
2391 4252 2553 4307 simul
2587 4250 2797 4306 attollat
2821 4264 2945 4304 cum
2978 4246 3143 4319 plebe
3162 4242 3385 4298 satelles
3410 4259 3424 4307 ;

271 4320 563 4418 alligitur,
578 4324 782 4418 gaudet
811 4329 1014 4399 raptari
1044 4346 1115 4386 an
1144 4348 1301 4388 sacra
1327 4335 1663 4406 Toparcham
2000 4320 2303 4403 Pascantur
2348 4346 2556 4418 pariter
2587 4345 2694 4411 leo,
2750 4344 2872 4409 bas,
2906 4343 3070 4413 lupus
3108 4355 3284 4413 agnus
3322 4344 3378 4393 et
3409 4336 3618 4391 haedus.

273 4409 458 4505 C585?"
480 4413 606 4468 eti“
633 4416 889 4472 comitem
923 4420 1186 4490 Ρτεθάίοιᾶ
1213 4423 1494 4495 imPlerier
1522 4442 1649 4482 orsa
1999 4437 2110 4493 Nec
2138 4409 2514 4491 siletan-tistes
2536 4409 2981 4505 tantosingratus
3004 4409 3267 4494 honores,

272 4503 452 4599 (ἔξείὲ
472 4509 681 4599 βξῖξέεδυιΔ
706 4509 873 4566 νθῙιιίί
899 4512 1088 4582 Iussus
1108 4516 1240 4571 dare
1264 4517 1392 4585 jura
1423 4527 1652 4586 mearat,
2000 4524 2228 4580 Cumere
2256 4523 2525 4599 gratiﬁcis
2548 4503 3083 4597 insigniamlaudibus
3113 4520 3307 4587 edens,

275 4590 480 4668 Effugit
508 4595 639 4651 hinc
668 4596 868 4654 iterum
899 4609 1112 4658 secreta
1139 4604 1452 4660 habitacula
1481 4623 1758 4679 quaerens.
1998 4616 2060 4671 Et
2089 4590 2363 4671 Chrisfum
2393 4614 2632 4671 modulis
2661 4590 2921 4670 resonare
2951 4613 3259 4669 celeumata
3290 4610 3514 4665 tradens

275 4686 608 4777 :Alta_§“bire
648 4707 874 4777 Ρδνθηε,
906 4710 1084 4768 agnus
1113 4712 1342 4752 censore
1373 4698 1573 4756 minaci
1919 4773 1957 4777 __
2000 4704 2337 4777 Hymnidicis
2367 4704 2602 4760 roboare
2632 4703 2817 4759 choris
2844 4719 2910 4757 ex
2942 4718 3053 4775 quo
3083 4701 3226 4756 alma
3264 4708 3459 4756 suetus

272 4775 532 4831 Proditur
559 4772 800 4848 exactus,
832 4783 1093 4855 purisque
1123 4784 1346 4842 ablutus
1373 4787 1430 4842 in
1456 4789 1642 4854 undis,
1917 4773 1974 4841 Ι)
2000 4772 2274 4851 occiduus
2304 4794 2497 4867 pangit
2528 4794 2649 4850 sine
2681 4794 2857 4849 limite
2882 4772 3128 4849 carinina
3152 4791 3332 4847 limes.

1752 4921 1960 4979 CAPUT
2004 4925 2135 4980 XIV.

1359 5021 1439 5081 De
1464 5026 1689 5084 sanctis
1718 5023 2001 5104 Gervasio
2031 5036 2210 5104 atque
2239 5028 2526 5087 Protasio.

269 5150 439 5206 Addit
458 5152 761 5212 clariﬁcare
790 5157 934 5213 Deus
963 5174 1024 5214 se
1053 5159 1449 5217 clariﬁcantem
1992 5167 2136 5223 Luce
2164 5173 2515 5223 coruscantes
2534 5180 2735 5237 supera
2771 5164 3056 5238 signisque
3094 5158 3383 5213 micantes.

271 5241 371 5297 Cui
400 5245 578 5300 celata
598 5246 695 5303 diu
721 5250 965 5319 pretiosa
994 5251 1200 5308 talenta
1226 5254 1449 5319 revelat,
1994 5255 2189 5311 Christi
2220 5255 2380 5311 laude
2410 5255 2552 5324 datis
2576 5253 2903 5310 famulorum
2936 5249 3145 5305 lumine
3174 5242 3445 5318 promptis

271 5334 411 5389 Dum
438 5353 499 5392 se
525 5337 605 5392 illi
630 5346 796 5396 testes
822 5342 1039 5397 Domini
1066 5344 1355 5400 Gervasius
1382 5352 1547 5418 atque
1993 5346 2242 5403 Pontifici
2269 5346 2552 5419 precibus,
2595 5346 2774 5418 posito
2803 5356 3111 5412 somnoque
3138 5344 3360 5414 gravato

273 5421 411 5480 Huic
438 5425 726 5485 individue
764 5429 933 5486 frater
954 5431 1229 5489 Protasius
1252 5434 1486 5501 haerens,
1990 5437 2103 5492 Visi
2128 5437 2342 5493 adstare
2372 5438 2550 5509 palam
2576 5436 2812 5506 juvenes
2853 5432 3093 5488 candore
3124 5429 3366 5483 nitentes

272 5513 641 5572 Adversorum
681 5519 749 5574 ad
773 5520 997 5591 probra,
1031 5529 1241 5592 notant,
1263 5523 1329 5579 ad
1366 5524 1502 5581 vatis
1527 5525 1817 5593 honorem,
1991 5527 2168 5599 Atque
2197 5527 2326 5599 polo
2357 5526 2615 5582 manibus
2656 5524 2840 5594 pansis
2866 5530 2926 5578 ut
2951 5526 3076 5577 vota
3100 5519 3358 5574 ferentes.

343 5650 498 5723 (207)
556 5652 734 5709 Verba
778 5657 965 5722 facitis
1007 5659 1236 5714 crimine
1289 5660 1496 5716 culmen
1546 5661 1654 5717 alia
1697 5677 1895 5718 manus
1936 5662 2172 5734 scripsit.
2206 5663 2304 5719 sed
2340 5664 2462 5719 sine
2505 5676 2698 5717 sensu.
