4002 6124
389 257 495 310 863

389 391 664 448 Sollicitus
690 411 848 451 sacer
875 413 939 454 ac
968 408 1169 457 nutans
1199 403 1295 458 ubi
1320 405 1437 461 nisa
1455 409 1721 468 recedunt

390 480 525 535 Vera
554 484 690 552 petit
717 487 916 556 repeti,
948 488 994 542 si
1026 506 1184 556 vana,
1218 492 1487 550 facessere
1518 499 1710 553 ventis.

392 568 636 643 Augetur
661 589 826 642 parco
861 576 1102 645 devotio,
1134 581 1249 635 visa
1290 595 1596 650 recurrunt,

382 663 500 756 .Iam
532 681 753 737 quoque
785 673 1078 727 marcentis
1119 690 1308 731 vocem
1332 678 1460 732 dum
1487 681 1643 736 tertia
1671 683 1801 756 galli

384 755 496 809 Nox
531 757 806 825 redhibet,
841 761 1075 819 redeunt
1100 766 1201 821 visi
1244 785 1307 823 ac
1337 772 1644 841 produntur
1674 755 1896 845 ephcebi

386 846 627 900 Insomni
648 863 711 901 ac
737 850 957 920 stupido
988 870 1273 927 vacuoque
1306 866 1363 913 ut
1385 876 1613 931 corpore
1645 863 1789 920 fesso

385 936 601 1031 'I‘ertius
634 940 732 994 hos
753 941 940 997 ductat
971 944 1195 1001 Paulum
1227 966 1391 1020 quem
1423 954 1648 1009 schema
1674 956 1871 1031 figurat

387 1029 601 1101 Quiqne
632 1038 831 1086 notans
862 1035 1043 1091 socios
1074 1041 1266 1108 pandit
1287 1058 1387 1098 suo
1411 1044 1561 1113 jussa
1581 1029 1799 1104 secutos

388 1122 543 1211 Saecli
573 1125 889 1183 adversatos
911 1133 1149 1203 pompis,
1181 1137 1523 1211 vestigiaque
1555 1142 1649 1197 alti

387 1210 631 1267 Sectatos
663 1213 912 1283 Domini,
942 1220 1160 1276 culmen
1193 1227 1468 1295 sprevisse
1499 1231 1789 1300 caducum,

390 1299 635 1371 Binaque
674 1304 965 1362 conclusos
987 1312 1263 1379 quondam
1295 1315 1375 1371 sic
1406 1318 1573 1373 lustra
1603 1320 1815 1376 dicasse

387 1388 734 1463 Servitioque
770 1395 863 1450 Dei
893 1398 1146 1472 divaeque
1179 1420 1403 1461 vacasse
1436 1411 1649 1480 sophim

387 1477 643 1549 Martyrio
671 1482 841 1557 digno
873 1487 1053 1545 donec
1088 1508 1324 1548 vernare
1348 1477 1559 1566 probati
1584 1517 1597 1562 ;

387 1568 621 1639 Corpora
661 1589 770 1644 quo
799 1574 980 1632 fundit
1008 1587 1131 1635 vota
1160 1582 1497 1641 invenienda
1526 1588 1722 1644 locello

383 1667 572 1754 arcam
606 1669 956 1726 exultandam
990 1678 1370 1750 templumque
1410 1682 1631 1737 celebre
1662 1687 2004 1754 parandum;

387 1750 615 1809 Nomina
647 1758 872 1813 scitatus
902 1762 1048 1832 capit
1072 1764 1364 1822 inventum
1397 1769 1477 1824 ire
1515 1750 1762 1826 libellum

388 1840 619 1935 Nomina
649 1865 757 1918 quo
788 1853 1159 1926 meritumque
1192 1857 1339 1933 legat
1367 1870 1722 1935 sumptasque
1751 1881 2005 1935 coronas,

394 1934 487 1988 Ille
512 1936 666 1991 ciens
690 1939 887 1997 fratres
908 1944 1140 2013 telluris,
1172 1948 1226 2002 in
1244 1952 1439 2006 ordine
1472 1934 1702 2023 primus,

389 2022 560 2114 'I‘erga
588 2029 765 2096 aperit
794 2030 1092 2101 fodiendo;
1125 2037 1217 2092 diu
1250 2022 1777 2114 secretaipatescunt

391 2112 617 2171 Munera
634 2134 736 2174 nec
765 2129 1020 2195 corrupta
1059 2127 1167 2183 situ
1202 2146 1304 2186 nec
1325 2133 1447 2188 tabe
1475 2112 1653 2190 soluta

394 2202 566 2276 thue
587 2207 680 2262 diu
700 2212 879 2280 posita
907 2215 1008 2271 hac
1029 2217 1287 2293 fragranti
1319 2231 1538 2278 nectare
1569 2242 1789 2296 sparsa;

391 2298 682 2369 Expectata
711 2315 860 2374 patet
892 2312 1143 2380 pandens
1168 2318 1437 2386 promissa
1465 2319 1717 2375 libellus:

635 2400 695 2448 ut
724 2403 852 2451 nato
882 2402 1180 2459 comitante
1213 2407 1328 2462 luec
1358 2418 1512 2480 rapta
1542 2410 1853 2484 Philippus,

391 2480 570 2538 Edidit
598 2492 659 2540 ut
685 2489 937 2561 geminos
968 2493 1138 2551 Vitale
1170 2498 1379 2556 Valeria
1410 2509 1585 2571 patre,

1154 267 1523 326 FLODOARDI
1564 274 1867 332 CANONICI
1908 277 2237 332 REMENSIS
2278 276 2618 333 OPUSCULA
2655 277 2965 332 METRICA.

3623 284 3733 338 864

2024 419 2075 484 Α
2102 413 2329 473 Nomina
2360 428 2487 468 mox
2518 419 2783 484 actusque
2824 419 2996 480 notat,
3029 416 3362 484 patrimonia
3396 423 3619 471 cuncta.

2106 502 2278 556 Pensa
2300 501 2438 567 foro,
2473 501 2720 574 indignis
2746 500 3081 574 famulisque
3108 503 3337 559 ferenda
3365 505 3587 571 solutis,

2103 596 2303 667 Sicque
2333 597 2524 651 decem
2558 594 2816 667 pre'eibus
2846 596 3104 668 lectuque
3126 614 3317 654 vacare
3341 600 3447 653 sub
3474 599 3655 664 annis,

2109 687 2169 741 Ut
2196 689 2356 743 datur
2395 688 2634 759 palmam
2660 703 2901 759 quonam
2933 690 3233 745 certamine
3266 692 3554 754 scandant,

2105 783 2395 837 Sacricolis
2420 790 2479 837 ut
2509 783 2698 850 delati,
2742 799 3005 854 responsa
3035 785 3309 857 negarint,

2103 875 2277 948 Digna
2307 873 2427 929 deis
2464 876 2601 929 tenti
2623 883 2683 930 ut
2703 873 2846 929 fanis
2874 892 3029 931 sacra
3059 876 3204 931 ferre
3234 886 3565 933 monentur:

2104 966 2249 1019 Vana
2282 966 2430 1035 prior
2460 965 2721 1040 ﬁgmenta
2751 968 2978 1033 docens,
3002 985 3100 1039 per
3128 968 3300 1023 ﬂabra
3328 969 3563 1037 jubetur

2107 1057 2321 1112 Plumbi
2353 1057 2502 1112 exire
2527 1058 2806 1112 hominem
2829 1074 2843 1121 ;
2867 1059 3132 1113 suadetur
3150 1075 3215 1114 ac
3242 1060 3383 1114 alter
3412 1059 3481 1114 ad
3501 1066 3640 1125 atra,

2107 1148 2156 1201 Is
2202 1163 2424 1220 quoque
2476 1148 2799 1203 suadentem
2828 1149 3090 1204 miserum
3146 1150 3537 1223 trepidumque
3594 1150 3736 1204 resi-

3436 1238 3661 1310 [gnans,

2109 1330 2365 1385 Fustibus
2393 1330 2666 1396 atteritur,
2696 1330 2981 1402 majorque
3012 1331 3082 1385 ad
3112 1330 3258 1386 bella
3291 1333 3523 1398 levatur,

2109 1422 2458 1493 Compatiens
2488 1422 2633 1477 hosti
2665 1422 2861 1477 doctus
2887 1422 3265 1498 paradigmate
3295 1423 3515 1487 Christi,

2108 1517 2307 1588 Sicque
2329 1517 2488 1572 datus
2515 1516 2715 1593 gladiis
2745 1534 2868 1572 cum
2902 1516 3067 1573 fratre
3097 1518 3383 1574 asciscitur
3406 1520 3589 1574 astris.

2109 1605 2347 1669 Quorum
2381 1606 2475 1659 ubi
2503 1606 2572 1660 de
2604 1606 2730 1661 trita
2752 1607 3022 1661 tolluntur
3042 1606 3278 1681 pignora
3308 1608 3497 1663 tumba

2111 1693 2338 1749 Condita
2364 1694 2573 1749 lecticis
2600 1694 2842 1767 insngnia
2865 1694 3025 1767 plura
3055 1696 3250 1751 salutis

2108 1786 2353 1841 Praestita
2384 1786 2639 1854 defessis,
2666 1787 2822 1843 titulo
2857 1787 3175 1858 panduntur
3205 1789 3433 1844 honoris

2110 1878 2434 1949 Martyribus
2461 1879 2574 1946 lati,
2604 1879 2809 1950 pietate
2840 1886 2894 1934 et
2924 1879 3175 1950 praesulis
3203 1881 3331 1934 almi

2105 1970 2395 2041 Martyrum
2427 1970 2534 2041 (sic)
2561 1977 2812 2025 attrectat
2838 1969 2967 2025 fidei
2992 1971 3265 2026 velamina
3294 1971 3441 2036 nisu,

2109 2059 2250 2113 Luce
2282 2057 2614 2113 reformatur
2646 2074 2825 2114 caecus
2857 2061 3101 2115 radiante
3136 2060 3404 2125 Severus;

2110 2151 2380 2205 Curantur
2397 2150 2554 2223 nigro
2585 2151 2797 2206 obsessi
2830 2152 3133 2223 spiramine
3161 2151 3369 2223 plures,

2108 2238 2507 2310 Gratanterque
2536 2246 2871 2294 revertentes
2904 2240 2953 2294 vi
2987 2240 3216 2295 luminis
3239 2247 3468 2312 augent,

2107 2327 2365 2382 Ecclesiae
2394 2328 2653 2383 minuunt
2676 2329 2826 2399 pravi
2855 2329 3098 2384 fomenta
3129 2328 3349 2389 furoris,

2111 2417 2499 2488 lucipiuntque
2523 2416 2651 2472 ferae
2668 2418 2873 2472 sensim
2904 2434 3178 2473 rarescere
3211 2417 3405 2482 turbae,

2109 2508 2279 2577 Inque
2309 2508 2653 2564 sacerdotem
2689 2509 2884 2564 Christi
2914 2510 3091 2564 excita
3121 2509 3228 2564 tela
3257 2508 3437 2563 relidi.

1838 2633 2047 2690 CAPUT
2099 2635 2205 2689 XV.

1547 2737 1625 2795 De
1653 2740 1983 2798 virtutibus
2010 2741 2206 2798 sancti
2234 2738 2554 2799 Ambrosii.

390 2854 600 2913 Saevam
633 2859 774 2916 intra
820 2865 1071 2934 quamvis
1126 2869 1304 2923 aulam
1362 2871 1517 2945 nigra
1548 2889 1828 2930 murmura
1859 2891 2013 2929 mus-
2035 2878 2083 2945 (3
2113 2874 2250 2939 Quid
2278 2874 2593 2931 Zoroastreo
2620 2890 2919 2930 succensus
2943 2875 3107 2929 corda
3138 2873 3339 2929 furoris

816 3002 823 3003 γ
1768 2966 1930 3036 [sent,

391 3043 609 3100 Confusi
650 3050 912 3106 renidunt
942 3060 1123 3109 tamen
1150 3057 1412 3116 insultare
1439 3074 1716 3134 parantes.

390 3134 680 3193 Recticolis
704 3138 908 3196 Zabulo
938 3142 1066 3197 dum
1098 3145 1320 3216 quidam
1341 3158 1593 3223 arreptus
1623 3170 1812 3211 eorum

391 3227 596 3317 Invitus
627 3231 719 3285 dat
747 3247 875 3287 vera
907 3233 1052 3301 licet,
1087 3236 1249 3294 laude
1278 3241 1441 3317 erigit
1467 3244 1701 3314 hostem,

392 3316 689 3374 Conturbat
719 3320 918 3389 socios,
952 3324 1213 3395 pietatem
1245 3316 1466 3388 nescius
1488 3333 1665 3399 effert,

392 3406 450 3460 Di
483 3422 514 3460 a
552 3415 736 3464 truces
765 3410 976 3468 addunt
1003 3416 1252 3482 comites,
1306 3421 1692 3497 perimuntque
1735 3428 2000 3493 sodalem,

390 3498 628 3553 Invisum
659 3501 803 3556 veris
832 3507 1116 3560 cumulant
1144 3507 1250 3563 sibi
1280 3512 1481 3582 probra
1510 3515 1787 3581 decorem,

392 3590 565 3665 Digno
588 3593 835 3663 pontiﬁci
869 3594 1079 3653 Christo
1110 3600 1280 3656 decus
1299 3618 1465 3659 omne
1496 3606 1716 3673 ferenti,

390 3682 516 3737 llam
544 3683 649 3738 sibi
678 3685 772 3756 qui
808 3694 1027 3757 praestat
1056 3692 1303 3749 cmlcstia
1333 3712 1562 3753 munera
1589 3717 1767 3767 servo,

389 3775 487 3839 Qui
508 3792 709 3846 supero
735 3777 1039 3836 adstantem
1072 3786 1249 3841 munit
1270 3786 1399 3841 dum
1431 3787 1633 3847 famine
1656 3794 1895 3865 plebem,
1956 3790 1965 3799 ’

390 3868 647 3925 Cominus
675 3872 950 3928 (ethereus
977 3876 1126 3932 visus
1155 3882 1461 3940 consistere
1490 3885 1646 3951 civis,

389 3961 514 4015 Auri
547 3961 642 4033 qui
660 3961 884 4019 inferret
906 3968 1113 4038 populo
1135 3988 1258 4042 quae
1286 3973 1408 4044 jura
1436 3978 1688 4032 serenda.

389 4046 631 4103 Aimulus
654 4050 771 4105 haec
802 4055 978 4109 cernit
1008 4056 1226 4114 fervens
1257 4060 1492 4119 infestus
1520 4074 1575 4121 et
1594 4082 1722 4123 acer

390 4140 739 4213 Invictusque
778 4145 895 4200 suis
926 4149 1124 4218 pellaci
1158 4153 1399 4208 creditus
1432 4171 1547 4219 ore,

390 4232 582 4288 Omnia
612 4234 706 4306 qui
749 4245 898 4292 tetree
927 4256 1200 4310 spernens
1242 4244 1528 4301 molimina
1560 4247 1791 4317 fraudis,

391 4326 545 4391 Quod
560 4325 710 4381 ferus
731 4329 1022 4386 umbrabat
1051 4334 1217 4405 coepit
1244 4336 1571 4405 depromere
1601 4340 1786 4397 lumen

392 4414 634 4485 Contigit
654 4418 760 4473 hoc
787 4420 942 4495 vigili
975 4425 1213 4479 servanti
1241 4428 1460 4483 oracula
1490 4435 1708 4486 mente:

393 4507 485 4562 Ast
504 4506 639 4564 alias
678 4510 883 4568 tumide
922 4522 1111 4586 pactas
1151 4519 1578 4588 prohibentibus
1607 4539 1769 4580 aures

396 4595 615 4670 Regalis
639 4599 863 4657 thalami
894 4604 1169 4662 tutoribus
1197 4608 1312 4663 oria
1338 4625 1469 4665 vere
1497 4611 1673 4684 (207*)

394 4691 630 4757 Quiesita
647 4698 887 4754 assensis
915 4698 1254 4775 fugientibus
1284 4719 1379 4760 ore
1418 4713 1606 4776 parato

395 4781 677 4839 Pontiﬁcis
706 4802 830 4842 mox
862 4789 960 4844 sed
987 4790 1157 4862 lapsis
1185 4794 1495 4866 capuloque
1515 4795 1719 4855 relatis.

392 4874 636 4930 Praesule
658 4882 947 4948 tractante,
978 4882 1125 4938 haud
1146 4885 1337 4940 audire
1367 4886 1682 4944 valentibus
1702 4888 1829 4954 illis,

392 4964 606 5040 Organa
632 4968 726 5039 qui
752 4967 881 5023 ﬁdei
909 4969 1052 5026 fastu
1084 4980 1362 5044 tempsere
1392 4977 1650 5047 superbo.

392 5053 516 5123 Ipse
541 5057 847 5113 sacerdotis
877 5058 1121 5116 Christus
1138 5070 1416 5132 protector
1444 5073 1498 5121 et
1525 5067 1687 5134 ultor,

296 5182 303 5193 ι
392 5148 515 5218 Ipse
545 5155 706 5203 tuens
735 5149 1000 5205 famutum
1043 5160 1242 5208 cuncto
1271 5155 1523 5210 servabat
1550 5156 1618 5211 ab
1650 5165 1792 5213 astu.

391 5241 634 5299 Necsilet
659 5245 777 5300 haec
809 5244 984 5301 hostis
1017 5246 1190 5303 vilent
1221 5249 1307 5304 cui
1333 5249 1561 5305 verbera
1588 5251 1770 5308 carnis

392 5333 623 5389 Incenso
652 5334 782 5409 igne
812 5337 983 5413 stygis
1014 5338 1272 5395 vindicta
1298 5340 1532 5395 tormine
1564 5342 1724 5410 vatis,

388 5424 650 5497 Angelico
682 5442 803 5481 sese
828 5436 1011 5485 tutore
1036 5437 1249 5485 terente
1283 5429 1452 5497 beati,

465 5566 1189 5647 (207*)ACf.‘_V_itam__Sancti
1232 5573 1505 5629 Ambrosii
1547 5591 1578 5628 a
1622 5575 1852 5631 Paulino
1887 5576 2008 5645 ejus

396 5640 631 5702 notario,
660 5640 692 5709 §
717 5641 804 5696 18.
824 5642 1157 5717 Intelligitur
1176 5661 1381 5710 sermo,
1398 5647 1807 5717 exceptishisce
1824 5640 2007 5703 verbis

2106 2965 2187 3034 Sit
2207 2980 2401 3020 suasus
2422 2964 2581 3033 jusso
2601 2963 2833 3018 insidias
2865 2962 3076 3018 fervore
3108 2961 3306 3017 ferocis

2104 3056 2353 3112 Tendere
2382 3052 2733 3126 sceptrigeraa
2765 3051 2996 3118 doctori,
3021 3057 3268 3106 avertere
3298 3058 3474 3106 castra

2109 3147 2387 3210 Ecclesiae,
2420 3160 2530 3217 quo
2561 3142 2846 3199 sacriﬁcus
2884 3142 3102 3218 fastigia
3130 3144 3284 3197 nisus

2106 3236 2404 3293 Scanderat
2432 3233 2669 3289 obscura
2697 3233 2872 3287 tacitae
2904 3232 3142 3303 caligine
3174 3231 3353 3286 noctis

2107 3324 2568 3394 Culminibusque
2606 3321 2772 3375 litans
2801 3321 2923 3376 lites
2953 3321 3135 3376 excire
3163 3332 3404 3392 pararat,

2106 3419 2290 3474 Versis
2316 3434 2380 3472 ac
2408 3417 2572 3483 votis,
2603 3415 2731 3470 odio
2765 3431 2861 3485 pro
2893 3415 3044 3470 caede
3072 3415 3265 3485 petito,

2106 3510 2339 3564 Sanctus
2358 3523 2512 3563 amor
2542 3507 2683 3562 Patri
2717 3513 2968 3562 natorum
2997 3506 3049 3559 in
3075 3506 3241 3561 corde
3264 3506 3534 3577 ﬂagravit.

2107 3601 2351 3657 Prodidit
2381 3608 2543 3671 atque
2571 3608 2756 3655 truces
2784 3615 2844 3653 se
2876 3598 3164 3674 delegasse
3194 3598 3476 3653 ministros

2104 3689 2334 3746 Almiﬁci
2366 3690 2600 3745 invisam
2626 3690 2805 3762 pravis
2834 3690 3159 3764 extinguere
3178 3691 3368 3757 vitam,

2104 3783 2218 3839 Nec
2237 3783 2430 3837 saltem
2459 3782 2692 3837 valuisse
2720 3782 2920 3837 domus
2939 3781 3205 3837 accedere
3234 3782 3410 3852 septis

2108 3870 2362 3943 Undique
2389 3870 2614 3924 munitas
2655 3870 2844 3925 invicti
2872 3869 3183 3926 fervoribus
3205 3871 3369 3946 ignis,

2107 3960 2342 4015 Defenso
2365 3961 2537 4029 justo,
2571 3974 2777 4014 saevum
2808 3959 3279 4014 inﬂammantibus
3310 3960 3519 4015 hostem
3553 3978 3567 4024 ;

2109 4055 2199 4110 liis
2227 4061 2420 4110 stratas
2459 4054 2695 4109 cessisse
2728 4054 2914 4128 nigras
2942 4054 3336 4129 congressibus
3364 4062 3530 4109 artes.

2107 4147 2407 4220 Insurguat
2436 4144 2728 4200 manifesta
2748 4145 3066 4217 caduntque
3098 4147 3262 4200 relisa
3283 4145 3487 4200 duella.

2107 4236 2239 4290 Nam
2271 4236 2509 4307 quodam
2532 4234 2692 4288 datus
2717 4234 2994 4290 insontem
3009 4234 3265 4308 jugulare
3290 4234 3516 4290 satelles

2108 4326 2418 4384 Castiﬁcum
2448 4326 2636 4382 stricto
2667 4334 2968 4397 penetrans
3008 4343 3270 4383 mucrone
3302 4327 3511 4392 cubile,

2109 4425 2245 4478 Dum
2275 4437 2489 4477 sacrum
2517 4419 2683 4474 librat
2714 4420 2768 4473 in
2794 4422 3049 4495 jugulum
3085 4419 3327 4493 deﬁgere
3357 4422 3582 4485 ferrum,

2107 4511 2362 4569 Attonitis
2389 4525 2551 4565 arens
2581 4509 2766 4564 nervis
2782 4510 3041 4580 junctura
3078 4509 3303 4584 rigescit

2109 4606 2220 4661 Nec
2244 4605 2389 4661 valet
2410 4602 2607 4658 elatam
2631 4601 2905 4658 moderari
2927 4602 3168 4657 motibus
3199 4603 3406 4669 ulnam,

2110 4697 2245 4751 Dum
2274 4693 2496 4750 tandem
2529 4691 2708 4747 fassus
2736 4691 2945 4746 crimen
2972 4691 3322 4763 dominaeque
3355 4694 3623 4761 furorem,

2111 4785 2283 4850 Quem
2315 4783 2445 4838 dare
2474 4781 2589 4836 adit
2617 4781 2778 4835 morti
2813 4780 3135 4836 redhibetur
3166 4792 3319 4852 patre
3349 4784 3532 4839 saluti.

2110 4876 2221 4931 Nec
2251 4872 2484 4946 pavidus
2512 4886 2672 4946 reges
2698 4871 3016 4942 trepidusve
3041 4879 3228 4928 orator
3257 4874 3408 4929 adire

2113 4970 2208 5026 Hic
2235 4978 2390 5041 pater
2419 4966 2690 5027 extimuit,
2721 4981 2862 5020 caeso
2894 4965 3042 5037 quod
3066 4982 3195 5038 rege
3215 4974 3481 5038 tyrannus

2112 5060 2363 5116 Intremit
2392 5056 2708 5113 admonitus
2739 5057 3022 5128 sacrisque
3047 5065 3292 5113 remotus
3318 5058 3386 5113 ab
3414 5058 3527 5113 aris

2111 5156 2416 5209 lnnocuum
2448 5150 2579 5205 dum
2608 5147 2878 5220 paeniteat
2907 5148 3116 5204 fudisse
3145 5165 3422 5205 cruorem.

2108 5247 2174 5302 At
2201 5246 2332 5319 quia
2360 5245 2665 5300 contemnit
2691 5244 2943 5300 consulta
2971 5242 3211 5297 salubria
3238 5242 3401 5309 vatis,

2109 5338 2225 5394 Non
2245 5337 2411 5393 modo
2441 5336 2712 5403 sidereos,
2741 5335 2881 5391 imos
2899 5335 3033 5405 quin
3066 5334 3221 5405 ponit
3251 5335 3515 5397 honores,

2111 5431 2175 5486 Et
2204 5447 2296 5503 qui
2326 5428 2645 5501 pontiﬁcem
2677 5437 2954 5499 praecepto
2980 5426 3223 5501 benigna
3248 5425 3515 5481 ferentem

2107 5574 2410 5646 corruptis:
2450 5578 2569 5629 cria
2597 5590 2737 5642 vere,
2766 5590 2910 5645 quae,
2951 5572 2996 5627 si
3026 5570 3254 5627 omnino
3290 5570 3641 5638 necessaria,
3663 5572 3747 5627 sic

2109 5648 2249 5704 forte
2276 5645 2617 5701 restituenda
2647 5652 2806 5700 sunt:
2838 5647 2997 5700 obvia
3024 5646 3157 5698 veri.
