3994 6132
255 264 366 320 865

258 388 505 459 Spernit,
537 384 779 440 femineo
806 384 1013 438 fractus
1043 392 1250 437 terrore
1279 381 1500 436 fatiscit.

260 479 353 532 Ast
378 477 539 531 aliter
566 473 913 529 Theodosius
942 482 1231 542 correptus
1264 480 1318 525 et
1357 471 1498 525 orsis

260 572 572 641 lncrepitus
603 569 755 623 duris
783 567 964 621 audiri
995 568 1228 637 praesule
1245 566 1426 621 dictus

262 664 337 715 Ac
358 660 590 714 Domino
623 657 885 730 indignus
909 655 1208 726 jussusque
1247 654 1439 709 audire
1462 658 1782 708 monentem

265 754 555 806 Decretum
577 764 835 803 revocare
858 747 1125 818 datasque
1163 746 1430 801 revellere
1458 745 1630 819 leges,

264 846 401 899 Dum
435 843 593 897 daret
624 842 677 895 in
703 839 896 895 Christi
928 839 1089 893 smvis
1118 838 1207 909 pia
1238 844 1417 891 castra
1451 835 1788 904 triumphos,

265 932 558 1002 Accipiens
578 929 795 1000 placide
823 926 1069 983 monitus
1097 935 1427 997 austeraque
1452 925 1608 993 jussa

268 1025 387 1079 Non
416 1022 522 1077 nisi
548 1021 651 1077 sub
684 1020 812 1075 ﬁdei
848 1019 1005 1075 titulo
1026 1035 1219 1090 parere
1258 1017 1434 1072 suasis

269 1113 788 1167 Obtinetannutans
818 1108 989 1162 sacris
1019 1107 1287 1161 accedere
1321 1111 1521 1159 vatem.

269 1206 363 1259 Sic
394 1202 672 1276 quondam
704 1217 874 1272 super
899 1199 1156 1253 admissis
1179 1213 1366 1253 errore
1395 1196 1610 1268 piaclis,

276 1294 487 1361 lnjuste
519 1292 760 1345 innocuo
791 1288 1091 1344 multorum
1124 1286 1393 1360 sanguine
1418 1286 1559 1349 fuso,

273 1388 506 1439 Amotus
537 1384 759 1452 templis
785 1379 1038 1451 divisque
1069 1378 1322 1449 repulsus
1341 1378 1409 1432 ab
1436 1379 1567 1441 aris,

275 1476 515 1531 Praesulc
538 1475 812 1529 caelestem
845 1472 1024 1527 solum
1050 1478 1333 1540 spectante
1358 1470 1638 1532 decorem,

279 1565 436 1618 Haud
468 1565 655 1618 horret
681 1562 881 1632 suplici
912 1560 1076 1614 vilem
1109 1559 1314 1629 pietate
1344 1559 1617 1628 repelsam

278 1656 394 1710 Nec
425 1655 628 1729 gaudet
648 1654 808 1708 venia
840 1654 1017 1707 luctus
1048 1652 1154 1705 nisi
1183 1651 1308 1719 jure
1338 1651 1541 1717 soluto,

283 1747 428 1819 Lege
457 1746 621 1800 etiam
643 1744 848 1814 scripta
876 1759 1031 1799 sacro
1063 1743 1234 1798 latore
1259 1743 1484 1813 probata

282 1840 418 1903 Quae
457 1838 634 1892 valeat
663 1837 904 1892 subitum
936 1835 1092 1891 scitis
1124 1837 1343 1906 placare
1374 1834 1618 1890 furorem

280 1927 560 1982 Subdenti
590 1926 817 1981 monitis
856 1932 1074 1995 sceptra
1105 1924 1415 1995 imperialia
1454 1923 1643 1978 sacris.

280 2018 465 2072 Altera
503 2016 779 2071 substrato
810 2015 1038 2070 victoria
1068 2014 1289 2069 ducitur
1319 2015 1516 2069 hoste:

285 2107 403 2161 Prae
444 2105 672 2176 reliquis
713 2120 805 2159 rex
834 2103 1180 2158 Ambrosium
1203 2103 1334 2158 colit
1362 2102 1622 2158 omnibus
1646 2119 1839 2173 unum,

284 2195 407 2249 Prae
430 2195 644 2249 cunctis
670 2194 724 2247 in
751 2194 878 2261 jura
908 2193 1104 2263 probat
1136 2208 1302 2263 quem
1341 2192 1466 2246 diva
1492 2207 1769 2258 severum,

286 2285 467 2356 thue
490 2283 637 2354 pium
680 2282 846 2357 digne
876 2281 1191 2353 perculsum
1210 2281 1437 2335 verbere
1473 2280 1690 2335 mulctie

285 2373 556 2428 Conciliat
594 2372 846 2433 Domino,
882 2371 964 2425 sic
992 2370 1265 2444 sacrilego
1302 2370 1480 2424 hostis
1515 2369 1772 2424 habetur.

288 2465 404 2519 Nec
429 2463 622 2518 metuit
644 2463 823 2518 vitans
854 2477 1022 2533 pravo
1054 2461 1199 2516 ferre
1228 2476 1326 2516 ora
1354 2468 1609 2532 tyranno,

287 2559 486 2634 Arguit
514 2575 577 2613 ac
608 2558 822 2612 facinus
850 2563 1084 2611 austerae
1115 2562 1354 2626 syrmate
1384 2555 1627 2611 schedia.

290 2655 491 2709 Omnia
518 2659 837 2709 cernentem
871 2666 1190 2723 pr0ponens
1220 2650 1453 2705 crimina
1491 2651 1739 2717 damnat,

294 2749 719 2817 Immunemque
750 2744 917 2799 trucis
940 2744 1121 2799 reddit
1147 2758 1206 2797 se
1247 2742 1600 2813 proditionis,

296 2838 526 2892 Munera
548 2836 828 2905 rejiciens,
856 2836 1020 2890 etiam
1050 2835 1105 2889 in
1134 2850 1299 2904 prece
1333 2850 1467 2903 pace
1496 2840 1696 2907 negata

300 2927 681 3003 lmpugnatori
716 2926 866 2997 pacis
897 2925 1149 2997 hostique
1171 2923 1395 2995 quietis.

300 3020 475 3075 Exciti
506 3019 590 3073 his
619 3033 876 3090 proceres
896 3015 1054 3071 infidi
1075 3031 1219 3071 saeva
1249 3013 1547 3069 frementes

301 3114 581 3171 Jumentis
606 3114 855 3185 requiem
891 3112 1187 3167 Ecclesiam
1216 3118 1445 3165 stratum
1476 3110 1553 3164 ire
1584 3110 1865 3164 minantur

304 3206 438 3262 Post
466 3205 573 3259 sibi
598 3205 922 3275 promissam
945 3203 1124 3276 stygio
1153 3201 1466 3257 contamine
1497 3201 1756 3272 palmam,

308 3298 374 3350 At
409 3294 670 3350 Dominus
688 3294 871 3361 justus
899 3300 1078 3347 sortes
1118 3290 1463 3346 discriminat
1492 3306 1650 3361 aequa

314 3389 493 3443 Lancc
516 3387 691 3451 datas,
725 3384 953 3440 sceleris
985 3384 1190 3454 patitur
1209 3399 1312 3438 nec
1328 3390 1547 3453 sceptra
1576 3383 1761 3436 valere

315 3485 478 3539 Sorte
509 3481 841 3553 superjusta
871 3496 941 3535 ne
962 3479 1150 3534 dextra
1171 3478 1383 3534 feratur
1409 3478 1636 3549 iniquis,

313 3574 554 3632 Iustitia!
583 3574 864 3649 dignoque
897 3573 1004 3642 piis
1029 3572 1122 3626 dat
1155 3572 1368 3627 honore
1398 3572 1730 3642 triumphos,

320 3666 435 3720 Rex
456 3665 532 3719 ita
561 3664 794 3719 devotus
820 3661 1060 3733 pedibus
1090 3661 1437 3731 prOvolvitur
1461 3660 1589 3715 almi

110 3774 137 3782 θ
318 3755 540 3812 Tutoris
566 3752 869 3823 famulique
897 3749 1077 3805 ﬁdelis
1095 3751 1163 3805 ad
1196 3750 1383 3805 omnia
1405 3749 1625 3817 Christi,

322 3845 656 3901 Calcandum
671 3843 774 3897 sibi
806 3841 1199 3913 sceptrilegum
1220 3840 1314 3911 qui
1339 3846 1605 3894 straverat
1635 3838 1873 3905 hostem,

326 3933 501 4001 Hujus
528 3948 588 3987 se
614 3930 828 3986 meritis
858 3936 1175 4001 protectans
1199 3934 1252 3982 et
1283 3942 1449 3998 prece
1478 3933 1655 3981 tutum
1685 3944 1699 3991 ;

326 4027 563 4098 Moxque
594 4024 672 4079 rei
702 4022 920 4079 veniam
951 4021 1099 4076 facili
1121 4019 1344 4075 datione
1369 4026 1667 4090 capessunt
1694 4037 1707 4073 :

328 4115 461 4179 Quae
490 4112 607 4188 regi
638 4127 748 4166 una
764 4110 918 4182 pium
945 4108 1206 4164 ductabat
1230 4107 1404 4182 gratia
1436 4114 1669 4178 patrem.

328 4207 432 4272 Qui
463 4213 671 4278 quanta
696 4205 938 4260 bonitate
968 4204 1160 4276 vigens
1190 4217 1355 4273 quam
1380 4202 1545 4257 corde
1576 4201 1823 4275 benigno

328 4298 578 4355 Astiterit
605 4297 823 4352 miseris
850 4303 1119 4351 testantur
1151 4310 1301 4365 saepe
1331 4295 1511 4350 soluta

328 4393 568 4449 Vincula
592 4407 859 4447 nexorum
890 4390 1124 4445 :studiis
1157 4389 1362 4464 legatio
1394 4388 1637 4452 fervens,

332 4482 499 4539 Callis
529 4488 584 4536 et
612 4481 732 4550 ipse
762 4480 920 4535 labor
945 4479 1122 4551 longi,
1147 4493 1525 4549 proceresque
1554 4477 1739 4549 petiti,

336 4575 538 4629 Excitze
566 4587 802 4629 mcerore
824 4571 955 4627 ferae
985 4570 1156 4642 patris
1184 4569 1439 4642 improba
1459 4570 1643 4625 ﬂentis

336 4667 550 4722 Gaudia
588 4665 869 4720 laetantum
899 4664 1039 4735 rapti
1073 4662 1396 4717 discrimine
1426 4663 1621 4729 sontis,

338 4756 484 4811 Ultio
514 4753 827 4825 prosiliens,
858 4752 1139 4807 Stiliconis
1165 4751 1347 4807 cessio
1368 4749 1624 4821 supplex,

340 4845 613 4902 Redditus
640 4844 805 4900 exilio
828 4859 1104 4915 supremae
1133 4843 1409 4899 obnoxius
1430 4841 1543 4895 irae.

339 4938 460 5003 Quo
490 4951 592 5008 per
614 4952 739 4991 eum
772 4934 960 5007 plures
985 4934 1138 4989 missi
1170 4949 1391 5006 quoque
1410 4932 1600 5003 judice
1629 4932 1875 5006 gaudent

340 5028 493 5083 Felle
520 5042 616 5081 cor
643 5025 890 5096 impliciti
922 5026 1045 5080 haec
1073 5025 1238 5080 etiam
1270 5023 1527 5095 praetoria
1554 5021 1678 5076 duri

340 5117 557 5174 Iudicis
585 5117 869 5172 obstructo
890 5122 1171 5187 portarum
1201 5114 1396 5169 limine
1428 5112 1612 5167 fantur

342 5211 477 5267 Lata
505 5210 564 5264 in
593 5225 720 5264 eum
747 5224 970 5281 quoque
990 5207 1275 5263 maerentis
1304 5205 1529 5262 oracula
1544 5204 1708 5272 vatis,

340 5303 455 5374 Spe
480 5307 696 5356 cessata
721 5298 1014 5354 hominum
1047 5312 1210 5368 quam
1231 5294 1463 5351 fastibus
1483 5294 1578 5349 ille
1608 5288 1837 5361 locarat,

342 5392 483 5446 Dum
515 5389 711 5460 nequit
752 5387 1053 5443 Ecclesiam
1080 5385 1301 5461 fugiens
1331 5391 1629 5456 penetrare
1681 5389 1967 5456 patentem

349 5479 449 5533 Hic
475 5484 636 5550 pater
665 5477 903 5533 eximius
932 5476 1152 5547 pietatis
1183 5475 1425 5532 culmine
1455 5476 1636 5529 celsus

352 5572 536 5637 Quam
574 5569 742 5625 fuerit
783 5569 987 5625 virtute
1017 5576 1217 5641 potens
1246 5568 1385 5622 mira
1407 5572 1527 5622 acta
1557 5565 1815 5632 fatentur,

352 5660 776 5733 Spirituumque
805 5659 1071 5731 frequens
1100 5658 1355 5729 depulsio
1384 5657 1533 5713 clara
1558 5655 1844 5730 nigrorum

884 258 962 311 IlE
1006 255 1263 313 CHRISTI
1304 252 1665 308 TRIUMPIIIS
1707 250 1877 304 APUD
1921 247 2182 302 ITALIAM
2225 248 2397 303 LIBRI
2438 249 2569 303 XIV.
2613 280 2669 288 --
2720 250 2840 303 LIB.
2886 251 2994 305 XIV

3507 256 3613 311 866

1914 383 1959 446 Α
1988 377 2331 449 Pansophius
2360 392 2497 448 puer
2528 379 2645 449 ipse
2677 381 2808 455 legit
2837 389 2963 452 post
2987 388 3147 452 rupta
3177 384 3391 438 cruenti

1990 470 2147 524 Retia
2180 471 2458 541 praedonis
2488 470 2622 525 lethi
2647 473 2718 526 de
2740 472 2897 527 fauce
2926 474 3190 527 revulsus.

1991 561 2161 628 Hujus
2189 562 2257 615 ab
2282 563 2440 616 hoste
2469 562 2556 631 pia
2579 572 2636 616 ut
2665 564 2841 633 potuit
2862 564 3154 634 praesentia
3192 565 3323 619 ferri

1990 653 2319 708 Monstratur
2352 654 2510 708 Probi
2542 671 2714 725 puero
2743 656 2863 710 diro
2892 658 3111 727 hospite
3143 666 3324 729 capto.

1993 740 2239 797 Pontifici
2265 744 2458 810 misso,
2482 743 2670 815 nilque
2691 745 2811 813 ejus
2840 745 2894 798 in
2925 746 3061 800 urbe
3089 755 3341 820 gravato,

1990 831 2299 903 Moeniaque
2328 848 2552 907 egresso
2583 841 2735 889 truce
2752 850 3074 905 possessore
3114 844 3335 906 recepto

1992 924 2212 978 Iuratus
2234 924 2366 978 dum
2383 941 2441 979 se
2470 924 2816 980 Ambrosium
2847 925 3094 980 timuisse
3126 926 3332 981 revelat

1998 1014 2201 1085 Raptor
2231 1026 2285 1070 et
2315 1015 2445 1071 hinc
2473 1016 2664 1071 urbem
2706 1033 2866 1072 secus
2895 1026 3219 1087 expectasse
3250 1019 3535 1072 veredum.

1998 1107 2137 1171 Quid
2168 1116 2318 1179 patet
2349 1110 2450 1164 iste
2476 1118 2643 1181 queat
2673 1111 2955 1165 Nicentius
2984 1111 3182 1165 ordine
3224 1112 3405 1167 clarus

2000 1196 2255 1253 Salviﬁco
2286 1200 2456 1254 sentit
2482 1201 2710 1271 capiens
2729 1216 2974 1273 anguore
2999 1201 3294 1265 medelam,

2005 1288 2367 1360 Calcatusque
2396 1289 2595 1360 pedem
2624 1290 2889 1345 salvatum
2918 1308 2978 1345 se
3010 1291 3125 1346 fore
3150 1292 3402 1365 gaudens

2001 1380 2214 1435 Attactu
2254 1381 2420 1436 calcis
2448 1382 2708 1453 donoque
2738 1392 3008 1454 sequente
3037 1384 3249 1438 salutis.

2004 1472 2173 1536 Quam
2201 1471 2348 1527 celer
2375 1474 2698 1538 orishonor,
2733 1492 2896 1546 quam
2931 1476 3136 1531 famina
3169 1477 3333 1547 plena
3360 1478 3548 1552 vigore

2006 1565 2254 1621 Miratum
2280 1567 2483 1624 famulo
2507 1569 2786 1623 Stiliconis
2819 1570 3045 1624 flamine
3078 1578 3230 1642 rapto

1930 1674 1978 1740 Β
2004 1655 2221 1710 Crudeli
2253 1657 2461 1710 arbitrii
2496 1657 2732 1711 necdum
2762 1674 3021 1713 sermone
3059 1667 3278 1729 peracto

2006 1748 2178 1815 Hujus
2208 1748 2517 1820 falsiloquis
2537 1750 2723 1819 plures
2761 1750 3083 1805 discrimina
3122 1753 3345 1806 schedis

2006 1841 2327 1896 Constiterit
2359 1857 2551 1911 passos
2581 1857 2683 1896 nec
2705 1842 2902 1895 vinclis
2933 1842 3101 1916 digna
3129 1850 3370 1899 secutos.

2010 1931 2120 1987 Nec
2142 1948 2252 1987 non
2273 1932 2365 1986 ille
2397 1947 2629 1987 monens
2660 1932 2805 1988 facili
2833 1934 2926 2004 qui
2960 1934 3154 2003 splene
3185 1934 3523 1988 cachinnum

2012 2019 2247 2075 Alterius
2284 2020 2472 2091 lapsus
2511 2036 2620 2076 non
2653 2039 2792 2076 vana
2812 2038 2912 2077 sua
2943 2022 3138 2093 probat
3165 2039 3287 2078 orsa
3318 2024 3477 2079 ruina

2017 2116 2075 2169 Et
2108 2116 2293 2186 lapsus
2325 2131 2435 2170 non
2466 2132 2607 2170 vana
2633 2132 2732 2170 sua
2763 2117 2960 2187 probat
2990 2133 3113 2172 orsa
3145 2119 3323 2173 ruina.

2016 2208 2314 2263 Successor
2346 2208 2671 2263 decedentis
2701 2225 2925 2280 quoque
2958 2209 3352 2280 Simplicianus

2018 2299 2134 2353 Vim
2162 2299 2484 2354 verbitenui
2519 2300 2789 2370 persentit.
2805 2315 2940 2354 voce
2962 2300 3185 2366 relatus,

2022 2388 2193 2459 quue
2226 2388 2413 2458 procul
2441 2388 2650 2459 positos
2679 2396 2871 2459 stupor
2895 2396 3128 2459 occupat
3160 2404 3253 2444 ore
3272 2397 3522 2445 serentes
3548 2410 3561 2455 ;

2023 2479 2258 2533 Barbara
2285 2480 2538 2534 virtutem
2563 2494 2783 2551 quoque
2811 2479 3062 2550 praesulis
3087 2495 3184 2534 ora
3207 2481 3529 2551 loquuntur,

2023 2570 2463 2642 Francorumque
2489 2572 2647 2626 ducis
2697 2579 2948 2642 sumptus
2979 2571 3103 2626 fuso
3146 2573 3301 2627 hoste
3332 2573 3642 2643 triumphus

2027 2660 2195 2729 Hujus
2224 2661 2482 2717 amicitiis
2514 2670 2728 2731 partum
2764 2677 2929 2732 quem
2963 2660 3106 2715 fama
3137 2662 3357 2729 fatetur,

2027 2752 2345 2807 Currentem
2387 2753 2621 2823 imperio
2651 2753 2831 2808 valeat
2854 2752 2946 2824 qui
2968 2752 3137 2827 figere
3162 2754 3335 2808 solem

2027 2843 2195 2907 Quam
2222 2843 2396 2913 viguit
2433 2843 2647 2907 doctus,
2678 2859 2841 2914 quam
2873 2842 3021 2897 celso
3051 2842 3273 2896 flamine
3306 2843 3503 2912 plenus

1924 2960 1927 2969 ε
1954 2978 1999 3005 ρ
2028 2936 2249 2991 Semina
2268 2938 2440 2993 densa
2458 2947 2654 2993 notant
2672 2947 2846 2993 terras
2872 2938 3174 2993 animantia
3211 2940 3375 3005 coelo,

2037 3029 2226 3102 Regna
2261 3030 2485 3101 replens
2518 3046 2730 3090 rumor,
2757 3037 3154 3102 compertaque
3184 3029 3350 3096 fama,

2038 3118 2435 3191 Persarumque
2467 3120 2638 3175 duces
2668 3120 2900 3190 sophico
2922 3119 3135 3194 fulgore
3163 3120 3411 3175 cluentes

2040 3208 2206 3264 Multo
2229 3211 2369 3265 calle
2396 3210 2607 3284 fatigati
2642 3210 2855 3266 fervore
2896 3211 3124 3266 videndi

2041 3300 2151 3355 Eoo
2180 3307 2370 3355 notum
2402 3300 2798 3369 splendoribus
2828 3301 2965 3355 urbe
2994 3302 3285 3367 disertum,

2040 3389 2279 3453 Quorum
2307 3389 2552 3459 quaesitis
2579 3389 2768 3444 divina
2800 3391 2921 3444 luce
2953 3390 3235 3445 vibrandis

2044 3478 2275 3534 Cardine
2304 3494 2427 3533 cum
2459 3480 2639 3533 noctis
2666 3480 2759 3534 lux
2788 3485 2872 3533 est
2898 3479 3189 3550 absumpta
3219 3479 3352 3534 diei.

2032 3572 2406 3642 Symmachus
2445 3571 2537 3625 ille
2567 3570 2730 3626 etiam
2760 3571 2916 3638 cujus
2955 3570 3110 3625 labor
3148 3571 3328 3625 omnis
3357 3571 3414 3625 in
3441 3588 3558 3636 ore,

2047 3665 2147 3730 Qui
2182 3681 2342 3738 reges
2381 3680 2678 3735 superasse
2704 3672 2904 3734 putans
2934 3664 3231 3734 splendore
3262 3665 3490 3735 leporis,

2049 3755 2357 3828 Sacrilegos
2386 3754 2523 3809 ritus
2555 3754 2838 3824 repetebat
2859 3763 2914 3807 et
2945 3753 3116 3824 impia
3146 3753 3262 3807 liba

2048 3845 2257 3915 Accipit
2287 3852 2345 3898 ut
2382 3844 2591 3899 cultum
2616 3843 2839 3913 pietatis
2865 3844 3076 3898 honore
3108 3843 3387 3909 volumen,

2054 3933 2282 3988 Lumine
2304 3933 2513 3988 caelesti
2545 3933 2783 4003 divoque
2816 3948 3013 4004 sapore
3047 3931 3329 3999 refertum,

2055 4024 2208 4080 Haud
2249 4024 2413 4080 dictis
2432 4025 2661 4095 posthac
2683 4024 2775 4095 qui
2808 4024 3040 4079 reddere
3072 4024 3329 4095 praesulis
3359 4024 3525 4078 audet

2058 4116 2566 4191 Marcomannorum
2599 4116 2794 4187 probat
2826 4117 2929 4171 hoc
2952 4115 3143 4188 regina
3173 4115 3380 4170 relictis

2060 4208 2318 4263 Errorum
2349 4205 2595 4261 tenebris
2631 4214 2840 4261 tantum
2864 4221 3082 4261 rumore
3114 4205 3284 4271 beati,

2061 4296 2324 4367 Percepto
2353 4311 2610 4367 quaerens
2628 4310 2831 4365 supero
2862 4311 2983 4367 quae
3010 4295 3219 4349 lumine
3250 4294 3430 4368 spargi

1978 4346 2035 4415 D
2061 4346 2278 4458 Legatis
2304 4346 2417 4439 sale
2445 4401 2504 4438 se
2526 4384 2662 4454 petit
2698 4346 2803 4439 hoc
2844 4346 3121 4439 cbndirier
3157 4346 3324 4449 almd,

2063 4476 2464 4548 Accipiensque
2493 4476 2595 4530 cati
2621 4476 3012 4530 catechismum
3039 4476 3161 4531 luce
3187 4475 3363 4530 libelli

2066 4567 2183 4622 Stat
2213 4582 2404 4637 pacem
2434 4564 2669 4619 suadere
2699 4580 2898 4619 curans
2919 4580 3181 4635 persuasa
3205 4565 3504 4640 jugandam

2070 4657 2489 4728 Romulidisque
2532 4654 2709 4710 ferum
2759 4653 2969 4728 subigit
2998 4671 3121 4710 cum
3160 4662 3330 4730 gente
3362 4662 3659 4727 tyrannum

2068 4752 2182 4817 Quo
2210 4750 2504 4823 splendore
2532 4749 2625 4803 Dei
2648 4748 2871 4803 radians
2903 4763 3013 4820 quo
3049 4748 3274 4804 ﬂamine
3306 4749 3521 4821 pollens

2071 4846 2195 4901 Haec
2222 4852 2390 4911 serat,
2418 4841 2655 4897 annixus
2678 4840 2901 4908 tabulis,
2929 4840 3159 4895 Pauline
3189 4842 3374 4908 beate,

2071 4934 2236 4990 Felici
2258 4932 2512 5004 stupidus
2550 4929 2800 4985 meruisti
2830 4946 3059 4985 cernere
3088 4930 3232 4998 visu,

2066 5028 2243 5098 Atque
2271 5022 2524 5079 coronari
2545 5021 2754 5090 justum
2788 5021 3047 5076 rutilante
3078 5020 3335 5094 benignae

2068 5118 2400 5190 Obnubique
2427 5116 2746 5182 voluntatis,
2766 5131 2867 5187 pro
2899 5115 3140 5192 tegmine
3170 5114 3331 5179 scuti,

2071 5208 2486 5283 lntrogredique
2512 5207 2669 5263 vides
2693 5206 2865 5278 proba
2895 5207 3079 5262 divum
3112 5202 3428 5259 habitacula
3454 5202 3681 5267 ﬂamen,

2068 5301 2201 5355 Iura
2220 5297 2316 5353 Dei
2356 5296 2563 5352 rimans
2589 5303 2742 5351 vates
2771 5296 2901 5351 dum
2934 5293 3128 5351 ctelica
3158 5298 3371 5347 tractat.

2073 5394 2173 5460 Qui
2191 5400 2396 5465 quanto
2421 5391 2632 5447 fervore
2657 5393 2791 5458 Deo,
2824 5406 2986 5471 quam
3021 5387 3157 5441 fixus
3177 5387 3405 5441 adhaesit

2076 5485 2370 5541 Pastoralis
2396 5500 2552 5539 amor
2564 5483 2799 5553 vigilans
2816 5490 2870 5536 et
2899 5496 3027 5536 cura
3048 5478 3310 5549 resignat,

2078 5575 2259 5630 Pastio
2284 5580 2401 5628 tuta
2429 5589 2677 5646 gregum,
2709 5569 2891 5625 rabies
2922 5574 3111 5624 exacta
3139 5567 3416 5638 luporum,

2081 5671 2494 5741 Paupertasque
2544 5668 2745 5731 libens,
2788 5663 3115 5737 Christoque
3147 5662 3395 5733 impensa
3440 5658 3692 5727 facultas,
