3994 6148
426 234 530 288 86⁸7
1192 216 1553 272 FLODOARDI
1598 210 1900 267 CANONICI
1946 207 2273 263 REMENSIS
2314 204 2652 261 OPUSCULA
2693 204 2998 262 METRICA.
3642 211 3728 263 868

431 362 732 433 Amplaquc
766 352 1102 427 pauperibus
1127 348 1458 420 patrimonia
1497 345 1604 400 lata
1632 343 1829 410 beatis,
2069 348 2121 413 Α
2148 337 2243 433 Υἱχ
2274 336 2445 408 quino
2467 343 2753 410 satagente
2772 335 2898 433 dein
2926 341 3141 433 pastore
3156 335 3480 433 gerendum.

430 426 788 518 Praidia'quaa
817 443 921 511 iuri
954 438 1208 495 Ecclesiae
1250 451 1500 508 possessa
1523 435 1796 497 dicantur,
2150 428 2361 483 Pensus
2384 435 2436 482 et
2465 436 2689 482 exactus
2721 427 2902 498 prodit
2931 426 3021 498 pia
3053 433 3277 497 pectora
3309 428 3486 482 luctus

428 515 842 608 Strenuitasque
894 535 1257 595 interventus,
1289 528 1412 600 Opis
1442 527 1648 581 arduus
1678 532 1851 590 actus,
2149 519 2223 571 Ac
2256 516 2441 571 ﬂentis
2466 516 2685 571 bonitas
2711 515 2888 570 aliena
2928 516 3104 586 piacla
3133 516 3414 584 jacenlum

433 635 651 689 Cunctae
670 627 982 684 sollicitudo
1020 624 1114 679 Dei
1148 629 1300 677 stans
1331 620 1524 675 sedula
1550 617 1750 689 plebis,
2153 607 2420 679 Editaque
2449 614 2670 679 aspecto
2704 607 2940 679 suspiria
2973 608 3146 662 tristia
3179 607 3382 679 probro

433 723 677 797 Frugalis
709 721 904 792 pietas,
931 716 1144 786 jejunia
1171 714 1340 768 ferme
1372 729 1470 784 per
1500 727 1694 767 omnes
2155 702 2391 797 Urbibus
2421 703 2627 758 orbatis
2656 703 2906 774 lacrymae
2938 719 3102 797 quam
3143 719 3295 797 saepe
3325 702 3489 797 litata:

431 793 754 868 Continuata
785 809 926 874 dies,
953 805 1214 878 precibus
1238 801 1521 876 vigilantia
1542 800 1708 854 castis
2152 796 2328 865 Atque
2361 795 2527 850 Deum
2557 812 2781 867 semper
2810 796 3048 850 sitientis
3074 796 3237 851 corde
3273 794 3514 866 profusae
3544 793 3555 847 !

433 905 491 958 Et
519 911 766 958 sanctum
804 905 1036 954 testatur
1071 909 1508 966 Opus,manuum
1534 891 1690 945 labor
1727 897 1907 960 aptus,
2155 885 2274 940 Non
2303 902 2362 940 se
2397 894 2569 942 morte
2592 888 2741 959 quati
2766 889 2922 957 cujus
2954 889 3198 943 bonitate
3219 887 3424 942 fatetur

432 992 625 1046 Dictati
657 989 958 1060 scriptique
992 986 1137 1051 libri,
1173 983 1325 1038 verbi
1355 997 1544 1052 aequor
1574 979 1728 1041 arati,
2157 976 2383 1033 Servum
2412 995 2471 1032 se
2503 979 2806 1046 ardentem,
2827 987 3034 1050 quanto
3065 981 3206 1035 Deus
3233 979 3449 1034 ambiat
3475 979 3615 1052 igne,

434 1082 682 1155 lndignis
711 1079 998 1150 captisque
1029 1092 1224 1130 manus
1255 1075 1379 1128 data
1410 1087 1642 1125 munera
1676 1071 1840 1143 larga:
2157 1068 2388 1124 Lumine
2416 1086 2525 1141 quo
2566 1071 2760 1126 lustret
2789 1072 3049 1127 mirorum
3080 1072 3321 1128 culmine
3353 1071 3542 1126 claret.

432 1175 491 1229 Et
517 1175 636 1228 sine
666 1171 775 1226 fine
803 1186 1038 1224 manens
1069 1166 1296 1222 fraterni
1311 1165 1493 1220 cultus
1515 1161 1720 1216 amoris
1752 1178 1764 1214 :
2160 1163 2218 1217 ld
2247 1180 2470 1236 quoque
2501 1174 2814 1222 sanctorum
2845 1168 3019 1224 multo
3036 1169 3208 1224 celata
3229 1168 3336 1223 sub
3369 1184 3488 1223 zevo

434 1264 728 1319 Servitium
761 1263 817 1316 in
847 1260 1016 1316 sacris
1047 1258 1234 1314 solerti
1262 1257 1387 1326 jure
1426 1254 1667 1309 solutum
2159 1252 2393 1326 Pignora
2414 1256 2545 1310 huic
2575 1257 2742 1331 digno
2773 1259 2938 1333 digne
2961 1259 3226 1330 patefacta
3256 1259 3558 1332 resignant.

1909 1406 2117 1461 CAPUT
2156 1408 2296 1465 XVI.

1328 1541 1407 1600 De
1432 1541 1658 1600 sanctis
1686 1539 1954 1598 Nazario
1983 1547 2036 1597 et
2070 1538 2229 1599 Celso
2274 1542 2454 1603 Vitali
2482 1553 2534 1602 et
2565 1543 2864 1620 Agricola.

428 1688 669 1751 Quorum
700 1682 986 1738 Nazarium
1020 1680 1347 1750 Celsumque
1377 1678 1552 1732 nitore
1585 1678 1794 1731 levatos
2078 1679 2130 1745 Β
2159 1679 2483 1753 Terrigenas
2507 1681 2657 1735 unde
2679 1681 2796 1752 ipse
2825 1681 3248 1736 ruensvolvatur
3279 1681 3334 1734 in
3367 1681 3496 1734 ima.

438 1779 780 1834 Praetulimus
809 1777 936 1830 divo
967 1783 1208 1828 mentem
1243 1773 1538 1827 irradiante
1569 1771 1716 1825 beati
1752 1789 1765 1834 ;
2158 1768 2315 1823 Vitali
2345 1770 2440 1823 sed
2474 1770 2736 1843 Agricolze
2769 1771 2860 1824 dat
2892 1769 3097 1840 templa
3127 1770 3326 1824 beatus

434 1876 580 1939 Quos
605 1873 725 1927 vice
753 1869 995 1926 thesauri
1023 1868 1163 1936 jussi
1196 1883 1414 1922 servare
1445 1865 1627 1921 coloni
2156 1860 2485 1915 Florentinae
2513 1863 2658 1928 urbi,
2690 1877 2830 1933 quos
2862 1863 3012 1936 larga
3040 1863 3285 1917 Bononia
3320 1863 3487 1916 mittit
3513 1879 3526 1914 :

436 1965 736 2020 Commisso
765 1963 995 2016 minime
1031 1960 1309 2014 audebant
1337 1959 1626 2013 discedere
1657 1957 1726 2010 ab
1759 1958 1940 2022 horto,
2153 1954 2252 2018 Qui
2276 1953 2446 2009 fortes
2469 1962 2592 2026 post
2631 1955 2784 2025 plura
2816 1955 2988 2010 trucis
3012 1954 3350 2009 cruciamina
3378 1954 3555 2026 ﬂagri,

438 2062 568 2114 Dum
597 2074 758 2132 gazas
773 2073 928 2110 sacer
949 2056 1164 2128 ignotas
1185 2053 1509 2109 custodibus
1547 2051 1744 2107 auﬁert
2159 2048 2426 2104 Eximium
2452 2048 2544 2103 fixi
2576 2066 2739 2105 cruce
2769 2050 3163 2105 nanciscuntur
3196 2050 3492 2105 honorem.

437 2153 607 2222 thue
635 2151 754 2204 loco
787 2148 872 2202 his
898 2153 1026 2217 apto
1057 2145 1253 2201 merito
1285 2145 1582 2215 splendore
1615 2143 1810 2199 locatis
2159 2139 2391 2212 Pignora
2415 2140 2669 2195 Judaicas
2696 2140 2842 2194 inter
2873 2141 3140 2210 permixta
3172 2141 3415 2195 latebras

435 2239 720 2295 Gratiﬁcos
741 2245 916 2294 coetus
946 2238 1132 2292 divino
1152 2235 1362 2291 lumine
1389 2235 1624 2306 repplet,
2156 2227 2461 2283 Nonnullos
2493 2227 2679 2302 ignota
2702 2228 2892 2298 jacent
2922 2231 3248 2285 mortalibus
3271 2247 3473 2295 annos,

439 2330 659 2385 Civibus
691 2328 948 2383 Ecclesia!
975 2342 1190 2396 superae
1223 2325 1691 2396 applaudentibus
1720 2323 1893 2391 urbis,
2159 2323 2346 2377 Donec
2369 2323 2618 2394 pontifici
2649 2324 2776 2380 diva
2802 2341 2860 2380 se
2890 2326 3014 2381 luce
3043 2332 3320 2392 notantes,

438 2421 671 2494 Ingemit
709 2420 881 2475 hostis
910 2425 1060 2473 atrox
1093 2417 1336 2488 torqueri
1371 2432 1430 2470 se
1462 2422 1616 2487 patre
1647 2420 1876 2486 questus
2162 2411 2271 2466 lloc
2298 2420 2450 2481 patre
2477 2411 2730 2467 laetantur
2758 2413 2926 2484 digno
2956 2414 3196 2469 retinere
3226 2414 3431 2469 decore

435 2510 742 2575 Ambrosio,
771 2524 960 2564 vocem
991 2507 1255 2577 strepitus
1273 2506 1366 2576 qui
1396 2521 1602 2576 ponere
1628 2505 1831 2573 jussus.
2159 2500 2682 2575 Secerniquenigris
2708 2503 2825 2557 auri
2857 2518 2956 2557 ceu
2984 2501 3163 2575 fulgor
3180 2504 3366 2557 arenis

438 2605 598 2660 Ponit
616 2611 668 2659 et
697 2603 877 2658 inflari
919 2601 1266 2656 Ambrosium
1300 2601 1514 2655 nescire
1537 2600 1774 2671 capessit
1806 2616 1819 2653 :
2163 2591 2370 2646 Lmtitia
2386 2592 2576 2663 populi
2607 2593 2945 2649 cruciatibus
2965 2593 3199 2667 agminis
3226 2594 3329 2648 atri

442 2694 590 2748 Haud
621 2693 773 2747 illum
795 2692 936 2762 ipse,
969 2690 1107 2745 fides
1131 2690 1267 2761 quin
1298 2697 1550 2762 torqueat
1573 2689 1679 2744 alta
1709 2704 1988 2745 sacrorum
2165 2683 2271 2738 llos
2311 2685 2474 2740 simul
2502 2701 2598 2740 ara
2625 2687 2776 2757 capit
2803 2692 3114 2742 sanctorum
3148 2685 3357 2740 lumina
3391 2684 3635 2755 pandens

446 2783 596 2857 Ignis
619 2789 673 2837 et
694 2781 916 2836 invidiae
950 2781 1133 2836 doleat
1160 2780 1308 2851 quod
1335 2779 1601 2834 scandere
1629 2778 1828 2834 coelum
2165 2776 2373 2832 Divina:
2414 2776 2561 2833 circa
2591 2777 2856 2834 famulum
2887 2777 3151 2834 bonitatis
3173 2793 3443 2834 amorem.

1909 2945 2120 3001 CAPUT
2168 2947 2324 3002 XVII.

1627 3073 1705 3131 De
1749 3074 2014 3132 transitu
2050 3075 2248 3132 sancti
2287 3073 2604 3133 Ambrosii.

446 3219 559 3284 Qua
592 3233 747 3289 spem
778 3216 1034 3270 fundarat
1055 3213 1208 3288 fungi
1237 3229 1306 3268 ne
1334 3222 1506 3269 morte
1531 3222 1757 3284 paveret
2092 3218 2140 3282 (ζ
2168 3214 2529 3285 Splendorem
2561 3215 2833 3271 Ambrosii
2864 3222 3070 3271 coeunt
3097 3214 3307 3270 servire
3333 3216 3587 3290 benigni,

442 3308 698 3361 Testatur
732 3305 857 3359 felix
876 3302 1316 3374 obitusfmisque
1349 3303 1545 3358 beatus
2164 3310 2333 3365 Millia
2362 3318 2613 3366 natorum
2647 3327 2889 3382 superna
2915 3311 2982 3367 ad
3012 3311 3203 3365 munia
3225 3319 3479 3373 currunt,

444 3399 649 3453 Militia:
675 3395 853 3468 palma
895 3395 1077 3460 digna:
1116 3394 1388 3465 claraeque
1417 3393 1706 3464 palaestrze,

2165 3406 2394 3460 Fervida
2412 3407 2687 3476 stipantur
2706 3407 2907 3462 diversi
2941 3406 3193 3461 examina
3213 3406 3357 3475 juris

444 3489 673 3544 Numine
706 3487 997 3559 Ρΐεῐῖεοίίυε
1027 3501 1229 3557 Supero
1266 3487 1550 3557 SOCliS‘lue
1582 3486 1811 3540 Γθιτίίυει
2163 3494 2412 3568 Tangere
2438 3502 2747 3568 gestamen,
2778 3496 2970 3551 saltem
3001 3496 3332 3566 appropiare
3350 3495 3626 3551 laborant.

442 3581 536 3636 llle
563 3580 724 3636 etiam
767 3580 912 3634 risus
937 3579 1062 3633 diVO
1093 3577 1334 3632 radiatus
1364 3577 1432 3632 ab
1465 3593 1560 3632 ore
2165 3584 2273 3639 Nec
2302 3585 2498 3639 charos
2519 3585 2650 3639 latet
2674 3585 2954 3652 absentes,
2987 3601 3090 3640 nec
3117 3586 3318 3656 linquit
3344 3593 3616 3650 amantes,

439 3670 693 3724 ΑΓΓῘάθΓθ
715 3668 822 3722 Sibi
854 3667 1143 3722 hominum
1176 3682 1285 3738 quo
1325 3665 1502 3720 οθῐἪίῑ
1535 3665 1735 3731 Iesum,
2168 3676 2293 3730 Eois
2326 3676 2643 3731 transmissa
2672 3676 2803 3730 viris
2823 3676 2972 3748 quod
3003 3676 3208 3731 scheda
3230 3676 3505 3746 profatur,

439 3761 708 3814 Laudeusi
742 3775 865 3814 cum
897 3757 1135 3829 prazsule
1176 3756 1226 3810 ei
1263 3757 1390 3810 dum
1419 3765 1543 3810 vota
1573 3753 1883 3825 profundit,

2166 3769 2323 3825 Visus
2349 3779 2410 3824 ut
2438 3769 2705 3825 assistens
2731 3786 2855 3841 quae
2879 3769 2984 3824 fert
3010 3769 3296 3825 orantibus
3318 3768 3503 3833 almis,

443 3853 776 3923 Au(masque
808 3865 999 3921 Preces
1030 3849 1143 3916 iam
1169 3848 1344 3922 ςτδῐίει
1366 3848 1570 3902 blanda
1592 3849 1816 3902 "CVCW-
2165 3863 2571 3933 lmponensque
2601 3879 2798 3917 manus
2828 3862 3140 3932 pariterque
3165 3861 3490 3932 precamina
3521 3859 3782 3923 fundens;

442 3945 606 4006 Qlleib
627 3943 870 3997 animum
901 3957 1120 4011 semper
1149 3940 1290 3994 ﬁxus
1321 3955 1422 3993 nec
1453 3947 1628 3995 πηοΐῑθ
1654 3938 1882 4006 recedit,
2164 3954 2404 4009 Zenobio
2437 3954 2879 4024 Florentinisque
2912 3953 3184 4007 levamina
3224 3961 3482 4022 portans.

441 4034 576 4085 Dum
609 4032 786 4086 crucis
819 4031 871 4084 in
903 4029 1147 4100 speciem
1171 4029 1446 4082 distantus
1476 4027 1697 4081 brachia
1730 4028 1885 4081 ccelis
2166 4043 2326 4113 Same
2363 4049 2583 4116 rogatus
2609 4042 2787 4107 adest,
2820 4042 3016 4096 urbem
3045 4040 3365 4095 discrimine
3396 4041 3588 4108 solvit?

441 4120 679 4174 Felicem
713 4119 856 4174 νοιίδ
887 4118 1127 4172 animam
1158 4116 1554 4172 comitantibus
1595 4117 1779 4171 ίηῗθῖίο
2168 4133 2424 4189 Defessos
2453 4148 2846 4202 recreans,spe
2877 4131 3080 4186 deinde
3107 4130 3285 4185 salute
3316 4130 3652 4185 reformans.

440 4210 808 4266 Vercellensis
834 4210 990 4263 adest
1013 4210 1210 4279 praesul
1251 4209 1479 4264 ceeleste
1511 4224 1777 4263 vocamen
2169 4222 2449 4277 Mascezcli
2484 4221 2803 4292 desperami
2825 4220 3040 4276 ςρτίιθιε
3073 4222 3263 4292 pericli

446 4299 663 4352 Εκοίίυε
693 4297 922 4367 capiens
943 4296 1174 4390 somnis}
1220 4295 1312 4350 “bi
1349 4311 1476 4390 "lo"
1505 4297 1778 4390 abiturum
2173 4316 2429 4386 impetrat
2461 4315 2734 4385 precibus,
2761 4314 3101 4386 signansque
3134 4315 3436 4390 aenigmate
3471 4317 3722 4387 palmam,

441 4395 616 4464 Atque
639 4406 979 4447 recessurum
1013 4389 1239 4444 monitis
1267 4388 1632 4460 prodentibus
1665 4389 1841 4456 audit,
2166 4406 2269 4460 Ter
2301 4412 2452 4460 ηοιεη
2478 4405 2711 4475 appulsa
2742 4411 3072 4475 tempusque
3098 4388 3398 4475 locumque
3431 4405 3655 4460 bacillo.

444 4485 603 4540 Ῑιυείδ
629 4485 927 4540 honoratus
959 4482 1098 4536 (“V39
1123 4482 1382 4553 mysteria
1407 4483 1630 4537 tradens
1665 4500 1679 4548 ;
2089 4519 2144 4586 D
2172 4497 2548 4567 Gazarumque
2580 4495 2702 4551 loco
2728 4495 2996 4566 quaerenti
3038 4495 3248 4550 lumina
3291 4511 3444 4550 czeco

444 4579 573 4641 Ωιιὲὲ
606 4582 664 4631 ιιι
690 4576 835 4646 capit
863 4576 1178 4631 AmbI‘OSiUS
1207 4592 1478 4630 summam
1511 4575 1793 4630 libaminis
1822 4575 1939 4641 δίιίν
2089 4575 2137 4586 ν
2174 4589 2328 4646 Claro
2359 4590 2662 4645 albatorum
2694 4589 2987 4644 comitatus
3011 4589 3218 4643 honore
3243 4589 3522 4655 virorum,

445 4671 624 4727 Laetus
663 4671 766 4726 init
796 4672 1018 4744 vitaque
1047 4673 1331 4727 cibatusin
1367 4674 1572 4726 aethera
1598 4673 1791 4746 surgit.
1895 4715 1901 4722 .
2173 4686 2479 4756 Apparens,
2509 4681 2678 4738 sociis
2698 4697 2991 4738 occurrere
3020 4681 3384 4737 Mediolanam

443 4765 724 4823 Transitus
753 4769 844 4823 hic
870 4768 1075 4822 celebri
1095 4767 1315 4821 Paschze
1357 4767 1655 4837 splendore
1685 4769 1928 4834 nitescit,
2175 4776 2442 4846 Praecipit,
2475 4783 2533 4830 ut
2553 4774 2732 4830 valeat
2760 4775 2883 4830 luce
2915 4775 3184 4830 exsultare
3216 4776 3391 4846 petita
3429 4796 3444 4840 ;

449 4859 612 4917 Israel
641 4861 898 4915 tenebras
938 4861 1050 4914 θΧίῐ
1088 4875 1197 4930 qua
1227 4867 1386 4916 Ποεῐθ
1402 4859 1631 4930 Canopi,
2173 4870 2332 4924 Paret
2369 4883 2540 4924 ovans
2570 4867 2736 4938 palpo
2767 4881 2890 4938 qua
2921 4881 3032 4922 non
3063 4865 3328 4922 inviserat
3358 4875 3496 4922 ante

450 4950 722 5006 leicolze
754 4950 930 5006 civem
962 4949 1200 5019 paradisi
1233 4965 1404 5023 regna
1431 4949 1688 5004 colonum

2173 4960 2375 5016 Moenia
2399 4960 2538 5014 calle
2555 4959 2694 5030 petit
2723 4965 2895 5023 recto,
2915 4957 3174 5029 dictaque
3205 4957 3487 5026 salutans,

451 5038 660 5094 Festive
682 5038 988 5109 excipiunt,
1022 5038 1182 5111 agnis
1213 5037 1264 5092 in
1301 5038 1527 5092 flumine
1559 5037 1685 5092 lotis

2176 5051 2380 5108 Obvius
2407 5051 2526 5120 ipse
2558 5049 2651 5104 die
2681 5055 2941 5120 patronos
2970 5049 3164 5103 urbem
3191 5048 3462 5104 ineuntes

448 5128 632 5184 Fontis
658 5144 816 5200 “(lua3
859 5127 1019 5193 νίνεθι
1051 5133 1202 5196 Patet
1221 5127 1354 5182 31ml
1387 5127 1562 5199 gloria
1593 5129 1755 5193 νεὶίίεγ
2182 5141 2328 5196 Hanc
2355 5138 2680 5204 Sisinnium,
2741 5137 3105 5193 Alexandrum
3163 5153 3415 5208 quoque,
3469 5137 3804 5208 Martyrium-

445 5223 845 5295 Aspiciuntque
876 5221 1062 5276 subire
1096 5223 1356 5277 thronum
1387 5223 1671 5294 digitoque
1704 5223 2004 5294 loquuntur
3601 5234 3744 5303 [que,

447 5314 646 5370 illustri
677 5314 922 5370 residere
956 5321 1077 5386 patr
1091 5331 1176 5369 em
1201 5313 1413 5387 fulgore
1447 5314 1735 5368 nitentem.
2180 5323 2300 5378 Mox
2331 5321 2602 5393 promissa
2631 5321 2778 5392 capit
2808 5321 2991 5376 loculo
3021 5320 3128 5376 sibi
3159 5336 3394 5375 munera
3424 5327 3604 5376 tacto.

445 5411 614 5466 Stella
640 5412 850 5466 micans
875 5410 999 5465 aliis
1030 5411 1194 5465 funus
1224 5410 1456 5465 lustrare
1488 5411 1734 5480 patescit.
2182 5412 2324 5467 Urbe
2351 5411 2632 5466 Trientina
2661 5425 2800 5482 quos
2816 5410 3019 5480 praesul
3048 5409 3298 5464 Anaunia
3318 5426 3456 5464 rura

445 5503 806 5558 Ambrosiana
837 5503 984 5572 quod
1017 5509 1073 5555 ut
1097 5510 1254 5557 terra:
1285 5510 1448 5571 caput
1490 5503 1611 5556 aula
1642 5503 1959 5570 serendum,
2180 5502 2430 5569 Lumine,
2454 5507 2664 5567 sancte,
2691 5500 2856 5569 jubes
2871 5499 3026 5555 verbi
3056 5500 3290 5554 lustrare
3320 5499 3476 5554 virili
3518 5515 3536 5568 ;

447 5593 613 5665 Nigra
642 5601 859 5651 caterva
878 5608 1107 5666 gemens
1134 5609 1352 5650 causam
1382 5593 1739 5649 cruciaminis
1759 5595 1893 5649 edit.
2180 5595 2308 5659 Quae
2334 5609 2486 5648 sacro
2509 5593 2636 5647 dum
2667 5608 2790 5647 rore
2818 5592 3020 5664 rigant,
3049 5591 3276 5664 indigna
3292 5591 3608 5655 resultans,
