3994 6132
229 281 340 337 869
850 279 930 333 DE
971 277 1230 332 CHRISTI
1271 269 1632 333 TRIUMPHIS
1673 280 1844 334 APUD
1885 279 2151 336 lTALlAM
2193 283 2368 338 LIBRI
2409 287 2537 342 XIV.
2585 319 2639 327 ——
2689 290 2812 344 LIB.
2856 291 2965 344 XIV
3445 301 3582 357 ’870

234 408 452 462 Hostica
475 405 638 461 turba
668 403 797 458 furit
824 402 1112 457 flammans
1145 403 1317 458 livore
1350 404 1619 470 duellum,
1887 407 1939 475 Α
1963 407 2236 461 Ambrosii
2265 409 2477 464 meritis
2501 413 2845 483 applandunt
2867 415 3086 488 agmina
3121 419 3266 483 0031i.

234 499 550 564 Quaestibus
581 505 696 550 atra
725 497 852 556 ciet.
886 497 1039 566 nigra
1068 497 1547 551 numinaluctibus
1571 507 1752 563 ornat,
1968 494 2324 569 Congaudent
2345 499 2498 566 justi,
2527 501 2695 556 livore
2727 513 2978 559 teruntur
3010 507 3182 578 iniqui
3213 527 3226 572 ;

237 592 718 660 Comprensosque
753 590 873 658 pios
903 589 1116 658 spurcis
1140 591 1416 644 maculare
1449 589 1681 655 laborat,
1965 589 2067 645 Ore
2098 600 2368 648 venenato
2392 593 2590 650 famam
2621 597 2714 668 qui
2741 614 2967 669 carpere
2997 601 3135 654 vatis

244 685 416 754 Atque
447 683 781 735 reluctantes
809 679 998 753 ﬂagris
1031 681 1142 735 fere
1175 681 1241 734 ad
1265 683 1467 736 extima
1499 681 1678 736 caedit.
1963 680 2276 748 Tentarant,
2301 683 2484 738 subito
2515 694 2818 756 carpuntur
2839 688 3057 743 vindice
3088 692 3224 761 rapti

237 773 354 826 Nox
371 779 624 842 superest
641 778 1062 835 tantum,terras
1087 771 1322 846 caligine
1350 787 1572 841 pressas
1964 769 2134 842 lnquc
2164 773 2339 827 oculis
2369 789 2603 845 quorum
2633 792 2802 830 nexas
2823 779 3061 833 avellere
3101 788 3315 834 mentes

237 862 354 926 Qua
382 867 664 934 retegente
702 861 854 915 color
885 861 1052 914 rebus
1081 861 1210 914 dum
1255 861 1370 915 sole
1394 861 1647 924 refertur.
1964 861 2133 916 Patris
2163 879 2345 918 amore
2379 875 2593 934 petunt,
2626 865 2829 921 mulcta
2855 867 3134 923 velluntur
3160 871 3362 926 abaeti.

240 951 464 1006 Oblatas
484 953 631 1005 claro
661 950 939 1004 lucrantur
970 967 1148 1024 agone
1181 967 1430 1006 coronas.
1963 953 2055 1007 Ast
2087 953 2180 1008 ille
2210 961 2264 1008 et
2295 955 2503 1009 meritis
2534 956 2853 1010 meritorum
2896 965 2950 1012 et
2979 958 3185 1014 lumine
3207 962 3372 1016 cretis

237 1044 630 1114 Cappadocum
664 1043 732 1097 de
754 1050 920 1115 gente
949 1059 1118 1097 senex
1133 1043 1410 1097 Sisinnius
1439 1044 1635 1098 horum
1972 1042 2193 1099 Effloret
2221 1045 2442 1118 genitis,
2472 1062 2703 1117 quorum
2729 1047 3010 1107 Paulinus.
3050 1050 3279 1114 honore,

243 1137 460 1191 Primus
490 1138 698 1190 honore
731 1136 961 1199 nitente,
984 1135 1113 1189 tuba
1139 1141 1301 1203 caput
1325 1133 1466 1188 ictus
1489 1134 1668 1186 ahena
1971 1136 2233 1192 Culminis
2263 1139 2472 1213 egregii
2503 1139 2796 1211 sapidique
2835 1140 3015 1196 nitore
3044 1141 3270 1212 leporis,

243 1226 540 1282 Confossus
570 1223 851 1280 hominem
880 1239 1104 1294 quoque
1138 1223 1384 1277 membra
1422 1223 1707 1278 securibus
1732 1223 1864 1289 exit,
1969 1226 2264 1281 Ausoniam
2297 1229 2520 1284 decorat
2552 1236 2703 1283 trans
2733 1236 2786 1283 et
2819 1246 2966 1284 mare
2999 1231 3207 1286 lumina
3243 1242 3444 1302 portat.

244 1318 460 1372 Limine
487 1317 555 1370 ab
578 1316 830 1372 Ecclesiae
863 1319 1126 1372 caelorum
1160 1316 1401 1370 culmina
1440 1316 1731 1370 scandens.
1975 1317 2232 1375 Ecclesiae
2259 1319 2429 1375 decus
2461 1321 2690 1385 illustre,
2725 1322 3076 1392 Augustinus,
3112 1331 3166 1377 et
3197 1325 3348 1378 orbis

241 1410 536 1481 Martyrius
565 1416 769 1484 grates,
802 1418 986 1464 tentus
1018 1425 1120 1464 nec
1147 1409 1389 1476 mobilis,
1410 1408 1569 1464 effert
1971 1406 2160 1462 Totius
2191 1408 2487 1464 instructor
2509 1409 2830 1481 fraudisque
2861 1411 3078 1465 hostilis
3109 1411 3356 1480 abactor,

243 1505 501 1558 Salvitico
534 1502 786 1570 Domino,
817 1503 1161 1573 sudibusque
1190 1501 1402 1557 foratus
1433 1501 1628 1566 acutis,
1974 1500 2202 1557 Lumine
2241 1501 2336 1573 qui
2368 1509 2622 1557 cunctum
2655 1503 2832 1573 replet
2887 1503 3030 1558 almo
3071 1512 3126 1558 et
3180 1505 3390 1560 semine
3423 1522 3590 1561 mun-

244 1597 479 1652 Verticis
504 1613 534 1652 e
567 1597 744 1670 plagis
773 1603 976 1666 perstat
1008 1606 1254 1651 saturare
1291 1596 1584 1666 bipennes,
3333 1597 3481 1668 [dum
3510 1617 3523 1663 ;

248 1687 502 1758 Dumque
525 1701 719 1741 cruore
749 1685 980 1740 madens
1012 1686 1192 1759 agitur
1227 1686 1402 1740 libare
1435 1684 1700 1756 profanis,
1901 1736 1948 1759 η
1975 1684 2237 1741 Martinus
2264 1685 2549 1756 specimen
2572 1685 2846 1740 Gallorum
2879 1687 3073 1742 ductor
3100 1695 3154 1742 et
3185 1689 3325 1744 altor

250 1736 498 1758 --ητγ-
531 1736 716 1741 --τ-η
1014 1736 1182 1759 nam-
1227 1736 1398 1740 --ηη
1979 1736 2233 1741 «mm—ﬂ
2582 1736 2592 1739 ς
2883 1736 3060 1742 nm-
3104 1736 3153 1742 η
3189 1736 3314 1744 mm

250 1777 400 1830 Calle
423 1777 616 1832 volans
637 1776 744 1831 alio
769 1775 919 1831 subit
953 1786 1095 1830 astra
1123 1782 1305 1831 actore
1336 1776 1569 1830 solutus.
1901 1736 1951 1803 Β
1977 1772 2316 1828 Candentum
2340 1774 2462 1844 pius
2491 1790 2780 1847 agnorum,
2807 1777 3174 1847 columenque
3208 1794 3491 1833 sacrorum

252 1867 529 1921 lnsultant
558 1866 716 1921 caesis
746 1867 1103 1932 bacchantes,
1146 1865 1388 1936 pendula
1414 1863 1556 1920 collo
1975 1865 2310 1936 Gemmaque
2342 1864 2688 1936 pontificum,
2729 1866 2944 1937 pollens
2984 1870 3153 1922 tutela
3186 1869 3422 1939 piorum,

249 1962 498 2034 Martyris
522 1977 618 2016 ora
648 1961 1040 2032 liganttinnitu
1070 1966 1124 2014 et
1144 1976 1278 2015 voce
1300 1968 1592 2029 crepantes
1978 1954 2144 2023 Cujus
2164 1955 2231 2008 ad
2249 1955 2541 2025 exsequias
2571 1955 2758 2010 divina
2791 1957 3038 2026 potentia
3067 1964 3279 2026 patrem

251 2051 561 2106 Prostratos
589 2051 732 2105 ultor
764 2049 1007 2104 Christus
1037 2065 1147 2121 quo
1177 2038 1443 2115 vindicet,
1475 2047 1688 2103 addunt
1717 2065 1731 2113 ;
1976 2045 2255 2101 Transfert
2275 2046 2625 2101 Ambrosium
2653 2048 2751 2101 sed
2781 2063 2882 2101 nec
2921 2049 3157 2103 statione
3188 2059 3458 2104 remotum

255 2139 405 2193 Inter
432 2140 737 2194 Alexander
761 2138 978 2195 functos
1009 2139 1310 2193 advertitur
1331 2139 1526 2192 halans
1982 2135 2262 2206 HeSperiis
2281 2142 2419 2189 astat
2441 2135 2627 2200 Gallis,
2662 2145 2718 2190 et
2750 2136 2941 2190 funera
2974 2145 3130 2191 curat
3161 2155 3176 2201 ;

251 2231 461 2300 Aspera
487 2247 726 2303 quaeque
751 2231 901 2285 subit
932 2237 1134 2285 tractus
1162 2230 1292 2285 dum
1325 2230 1442 2284 dira
1479 2228 1712 2284 calentis
1979 2227 2274 2282 Mediolani
2301 2228 2408 2282 aris
2440 2228 2623 2298 praesit
2653 2228 2968 2299 Turonique
3000 2229 3292 2298 sepulcris,

256 2318 492 2372 Ventum
516 2319 584 2372 ad
615 2319 774 2373 busta
801 2319 916 2390 rogi
951 2319 1198 2373 condunt
1226 2333 1336 2388 quo
1368 2331 1600 2387 corpora
1630 2314 1806 2381 crudi,
1985 2315 2142 2369 Urna:
2172 2332 2373 2370 munus
2391 2316 2503 2390 agit
2535 2331 2636 2370 nec
2667 2315 2791 2370 diva
2813 2316 3061 2370 litamina
3094 2317 3313 2387 linquit.

256 2409 574 2480 Spirantem
598 2425 730 2483 ergo
756 2409 956 2478 jubent
986 2409 1161 2463 libare
1186 2410 1272 2463 vel
1304 2409 1431 2483 igne
1461 2408 1710 2482 flagrare.
1982 2404 2221 2476 Corpore
2244 2407 2399 2461 adest
2418 2407 2646 2478 populo,
2679 2407 2981 2477 spiramine
3009 2409 3390 2464 servitamico.

262 2502 360 2556 llle
396 2503 570 2558 minas
599 2505 818 2558 calcans
846 2504 986 2574 rapit
1017 2505 1127 2559 alto
1154 2503 1266 2558 fine
1295 2518 1578 2558 coronam.
1985 2496 2044 2549 Et
2075 2495 2200 2567 quis
2230 2505 2428 2550 cuncta
2457 2495 2630 2566 patris
2660 2512 2882 2550 narrare
2915 2496 3157 2569 insignia
3189 2499 3323 2552 tanti

264 2592 451 2647 Excita
478 2608 580 2647 nec
605 2609 665 2646 se
697 2592 849 2646 abdit
881 2592 1142 2657 vindicta,
1185 2609 1289 2647 nec
1319 2591 1489 2646 incita
1518 2590 1741 2662 dignam
1985 2587 2300 2650 Przevaleat,
2337 2602 2570 2658 quorum
2602 2586 2696 2658 qui
2729 2586 2854 2652 scit,
2885 2587 3029 2658 sapit
3057 2588 3262 2654 omnia,
3296 2588 3601 2642 summam?

265 2680 387 2735 Mox
412 2680 918 2735 adhibetmulctam
955 2680 1196 2746 ;coelum
1235 2688 1417 2735 tamen
1457 2677 1660 2752 abrigit
1692 2677 1886 2732 umbra
1989 2683 2118 2736 Nam
2143 2683 2269 2737 licet
2300 2682 2572 2736 addantur
2601 2681 2768 2735 dictis
2805 2682 3151 2753 quamplura,
3187 2682 3390 2736 residet

260 2771 519 2825 Proxima
549 2770 802 2837 terrenis,
832 2777 1004 2825 terras
1035 2769 1309 2825 velamine
1340 2784 1578 2833 caacans,
1998 2774 2229 2829 Maxima
2258 2784 2537 2849 gestorum
2560 2774 2658 2827 sed
2687 2790 2813 2844 pars
2834 2773 3036 2828 intacta
3064 2789 3364 2828 sacrorum.

265 2864 622 2937 Caecatosque
655 2864 916 2920 umbrans
938 2865 1193 2936 pepulos,
1222 2864 1386 2919 micat
1408 2863 1632 2938 ignibus
1653 2879 1747 2919 aer
1775 2881 1788 2917 :
2002 2867 2198 2938 Utpote
2229 2866 2322 2938 qui
2353 2866 2560 2932 studio,
2586 2865 2834 2920 doctrina
2861 2873 2914 2920 et
2935 2866 3175 2921 culmine
3207 2868 3331 2922 vitae

267 2957 524 3012 Fulmina
549 2955 744 3012 crebra
771 2958 979 3024 volant,
1012 2957 1219 3012 lethum
1254 2954 1581 3011 mortalibus
1606 2955 1776 3010 mthra
2004 2957 2209 3011 ltaliam
2241 2954 2488 3025 eripiens
2514 2954 2763 3009 tenebris
2784 2954 2852 3008 ad
2884 2954 3142 3028 dogmata
3171 2955 3363 3023 vertit,

272 3049 514 3105 lntentat
543 3050 777 3121 trepidis
801 3068 815 3116 ;
848 3050 1148 3104 mendaces
1177 3065 1307 3104 vera
1339 3047 1542 3118 profari
1927 3081 1976 3151 Ο
2003 3046 2292 3104 Catholicae
2319 3043 2446 3098 fidei
2479 3053 2679 3098 cuncto
2710 3043 2848 3098 dans
2877 3043 3086 3098 lumina
3116 3045 3346 3110 mundo,

272 3145 577 3219 Coguntur,
610 3144 727 3200 fieri
752 3146 869 3200 haec
892 3152 1209 3200 sanctorum
1242 3143 1368 3198 luce
1398 3142 1655 3204 fatentes.
1929 3133 1976 3151 ν
2002 3138 2112 3192 Nos
2137 3151 2362 3207 quoque
2393 3133 2642 3206 perpetui
2677 3133 2900 3204 rapiens
2927 3149 2958 3186 a
2977 3133 3197 3188 turbine
3230 3134 3360 3189 lethi

275 3233 338 3288 Hi
369 3234 506 3290 socii
535 3234 831 3301 Ambrosii,
864 3234 1091 3304 capiunt
1118 3235 1204 3288 his
1228 3233 1442 3288 lumina
1461 3232 1612 3297 caeci,
2003 3226 2248 3282 Perferat
2273 3225 2492 3281 auxiliis
2523 3230 2731 3280 aeterna
2759 3225 2827 3279 ad
2856 3225 3059 3298 gaudia
3081 3226 3254 3283 lucis!

275 3322 565 3378 Caecantur
599 3323 752 3391 sa3vi,
777 3322 1004 3378 rutilant
1031 3320 1329 3392 splendore
1361 3320 1615 3393 benigni,

357 3475 490 3539 Quae
517 3483 829 3547 sequuntur
865 3491 1027 3548 capp.
1063 3475 1132 3529 19
1151 3481 1207 3530 ct
1235 3473 1310 3529 20
1340 3473 1517 3529 edidit
1559 3471 1934 3540 Mabillonius,
1968 3475 2083 3529 Act.
2117 3473 2214 3527 SS.
2249 3473 2349 3529 ord
2404 3473 2458 3530 S.
2497 3471 2735 3541 Bened.,
2762 3480 2892 3527 tom.
2927 3472 2993 3538 ll,
3029 3490 3137 3548 pag
3187 3473 3258 3531 ΞΟ
3283 3485 3338 3532 et
3365 3494 3524 3550 seqq.

1742 3632 1956 3690 CAPUT
1993 3631 2177 3688 XVlll.

1599 3755 1676 3814 De
1717 3764 1922 3816 sancto
1970 3757 2355 3817 Columbano.

361 3903 604 3958 Diversae
635 3901 893 3973 Hesperia
930 3901 1120 3971 patriae
1162 3899 1410 3955 radiante
1441 3899 1740 3968 nitescunt,
2020 3901 2349 3975 Aggreditur
2386 3915 2623 3970 superze,
2656 3901 2948 3955 virtutibus
2981 3903 3188 3973 Optime
3220 3902 3390 3960 fultus

291 3992 535 4048 Diversis
562 3991 725 4046 simul
752 3991 1007 4046 hostibus
1031 3989 1330 4044 illustratur
1349 3996 1404 4044 et
1429 3989 1567 4060 ipsa.
2019 3988 2223 4043 Gallica
2261 4005 2388 4043 rura
2418 3987 2572 4059 petit,
2608 3988 2793 4044 divina
2821 3990 2904 4044 his
2943 3991 3155 4045 semina
3179 4001 3422 4062 portans,

366 4080 656 4136 Ambrosio
688 4079 967 4153 insignem
996 4086 1152 4134 vates
1182 4079 1316 4149 petit
1341 4077 1578 4149 inclytus
1611 4077 1802 4132 urbem
1816 4078 1920 4113 ³⁵³*
2019 4077 2122 4132 Ore
2143 4094 2420 4149 manuque
2451 4093 2654 4133 vocans
2711 4079 2976 4133 caelorum
3020 4081 3086 4134 ad
3124 4082 3365 4138 culmina
3387 4093 3634 4142 cunctos.

293 4178 472 4232 Gente
504 4175 876 4232 Columbanus
902 4177 1187 4231 Scotorum
1220 4182 1276 4229 et
1305 4173 1576 4247 sanguine
1606 4182 1808 4230 cretus.
2020 4169 2173 4224 Celsa
2201 4178 2394 4240 petens
2423 4171 2708 4243 gradibus,
2738 4172 2908 4225 eremi
2929 4181 3140 4227 secreta
3173 4175 3425 4245 requirit,

295 4269 398 4335 Qui
426 4269 552 4339 pius
580 4284 611 4322 a
642 4283 815 4339 puero
845 4267 977 4322 vixit
1014 4267 1284 4321 mirabilis
1312 4281 1452 4330 aevo,
2018 4265 2194 4336 Atque
2211 4265 2547 4320 columbinis
2587 4266 2862 4321 scandens
2883 4267 3030 4320 subit
3049 4268 3220 4322 ardua
3242 4271 3458 4338 pennis.

299 4361 500 4416 Christi
530 4367 708 4416 castra
737 4361 806 4395 3“
838 4361 1046 4425 locans,
1113 4359 1400 4430 multoque
1457 4359 1574 4414 haec
1610 4357 1785 4413 milite
1827 4373 1920 4414 re-
2022 4352 2133 4408 Nec
2158 4354 2298 4408 divae
2320 4354 2388 4388 ³⁸⁵
2415 4353 2706 4410 frustratur
2735 4355 2857 4425 Opis
2878 4356 3146 4411 solamine
3185 4373 3393 4425 servus,

1649 4449 1846 4520 [piens
2025 4445 2270 4501 Crastina
2302 4447 2595 4517 praeceptis
2625 4448 2848 4502 innixus
2879 4450 3168 4504 commoda
3197 4458 3473 4509 temnens.

295 4542 572 4614 Propositi
611 4549 786 4598 metas
816 4543 981 4611 hujus
1000 4543 1216 4598 virtutis
1241 4542 1470 4598 odorem

2028 4534 2335 4598 Qumrentis
2365 4535 2510 4588 Deus
2529 4543 2738 4606 mgroto
2770 4537 2969 4591 solatia
2991 4538 3140 4593 fratri

298 4635 442 4690 Nare
466 4648 709 4704 sequens
728 4633 908 4700 avida,
945 4634 1107 4704 paulo
1139 4631 1442 4687 excessisse
1471 4630 1725 4686 videbor.
2027 4627 2236 4681 Allevat
2264 4641 2550 4701 angorem,
2590 4627 2781 4702 legans
2810 4636 3001 4699 optata
3033 4631 3326 4687 vehentem

303 4727 458 4781 Finis
479 4732 532 4780 at
563 4725 1152 4797 huncltalisquoniam
1181 4724 1482 4796 impertivit
1503 4723 1697 4797 agonis
1727 4721 1854 4790 3"“,
1941 4741 1999 4809 D
2027 4717 2266 4773 Defessis
2295 4719 2556 4773 alimenta
2578 4720 2778 4782 virum,
2813 4737 2918 4776 nec
2940 4721 3144 4777 missus
3165 4724 3362 4780 inanis’

301 4815 566 4870 Ausoniis
596 4815 818 4869 tandem
850 4815 1055 4886 placuit
1075 4815 1323 4884 junxisse
1345 4815 1586 4885 trOpmis.
2024 4810 2125 4863 Aut
2151 4810 2406 4864 mercede
2437 4825 2630 4864 carens
2661 4811 2813 4865 iteris
2833 4811 2980 4882 (208)
3011 4814 3218 4869 solator
3247 4815 3424 4871 abire.

377 4905 552 4969 Quem
585 4904 820 4978 genitrix
838 4904 967 4959 dum
1001 4911 1156 4960 utero
1215 4910 1391 4977 gestat
1416 4903 1719 4974 procedere
1748 4902 1923 4958 solem
2028 4897 2173 4968 Αἰξί-ἰ
2203 4897 2506 4953 subventor
2536 4898 2902 4954 medicamina
2928 4902 3182 4975 conjugis
3206 4911 3345 4970 orat,

302 4995 599 5067 Aspiciens
617 4995 864 5069 gremiis,
883 4994 1070 5049 lumen
1096 5009 1444 5066 praenoscere
1473 4994 1644 5065 prolis
2029 4987 2460 5060 Subsidiumque
2491 4987 3049 5062 refert,§quzesitaque
3082 4992 3228 5047 dona
3269 5002 3508 5063 reportat

303 5087 588 5140 “lustrata
615 5085 778 5139 datur
799 5099 1071 5156 sparsurae
1099 5083 1306 5138 lumine
1343 5092 1536 5139 terras.
2033 5081 2094 5135 Et
2123 5082 2291 5152 patris
2315 5082 2384 5136 ad
2417 5091 2605 5138 votum
2634 5084 2840 5154 reperit
2859 5085 3375 5158 viguissejugalem.

382 5177 608 5232 Artibus
628 5176 873 5232 imbutus
898 5176 1081 5246 claris,
1119 5175 1452 5232 documenta
1479 5174 1752 5246 palaestrae
2103 5173 2234 5227 Inde
2267 5172 2598 5230 Carantocus
2627 5175 2856 5232 secretis
2883 5177 3093 5232 visibus
3121 5176 3294 5231 abbas

1387 5302 1658 5358 GLOSSXE
1710 5300 2131 5357 MARGINALES
2173 5301 2586 5357 MABILLONII.

387 5409 458 5444 3‘3
488 5410 550 5464 id
579 5413 657 5464 esi
697 5408 1083 5464 Mediolanum.
1174 5408 1242 5442 3'“
1272 5408 1622 5464 monasteria.
1696 5406 1800 5442 ³⁸⁵*
1829 5407 1974 5463 vitae.
2055 5407 2124 5440 ³³⁵
2150 5405 2368 5461 divinas.

1890 5539 2098 5595 ΝΟΤίΕ.

395 5641 695 5713 (208)1ter,
753 5643 929 5709 iteris,
969 5643 1111 5698 sicut
1137 5614 1321 5708 itiner,
1365 5644 1600 5709 itineris,
1650 5657 1760 5699 non
1800 5656 1924 5696 raro
1971 5641 2177 5695 habent
2223 5645 2453 5695 veteres.
2499 5639 2641 5712 Lege
2671 5641 2926 5696 adnotata
2957 5640 3025 5695 ad
3066 5640 3238 5697 Vitam
3288 5640 3322 5692 S
3391 5640 3646 5695 Cuthbert

318 5713 559 5768 metriae
592 5730 619 5766 a
655 5713 796 5767 Beda
829 5714 1160 5783 descriptam
1196 5714 1259 5766 ad
1290 5730 1422 5768 ann.
1453 5713 1577 5768 687.
