3994 6132
198 330 308 388 873

802 330 886 385 DE
928 332 1185 389 CHRISTI
1227 335 1588 391 TRIUMPHIS
1631 338 1802 392 APUD
1845 340 2109 395 lTALIAM
2152 342 2326 397 LIBRI
2368 344 2498 399 XIV.
2543 377 2604 386 —
2649 347 2774 404 LIB.
2817 347 2949 402 XIV.

3439 354 3544 410 874

203 458 276 511 Se
315 458 676 533 obstringunt
716 460 989 516 Domino:
1048 470 1222 519 mater
1276 472 1509 520 turmam
1566 476 1829 540 aggregat
1854 474 1901 541 Α
2001 473 2254 529 Adversis
2283 475 2448 530 etiam
2481 476 2571 530 ille
2602 476 2803 545 bonus,
2831 471 3100 552 saevisque
3130 481 3404 557 benignus

1537 559 1754 630 [almam

203 642 484 698 Castamm
515 644 767 715 gaudens
803 645 1066 700 comitum
1098 662 1159 701 se
1183 648 1269 701 his
1299 664 1419 704 esse
1449 650 1715 705 sodalem.

202 734 491 790 Sufficitur
520 736 661 790 Patri
695 736 1067 802 (Iramelenus;
1101 748 1155 793 et
1189 739 1307 809 ipse
1348 740 1496 796 beati

202 824 436 879 Abbatis
466 825 763 896 splendore
792 825 955 881 datus
986 826 1218 882 devotus
1244 828 1439 894 amori,

206 919 452 974 Instituit
474 926 673 975 coetum
703 919 876 975 Patris
915 922 1081 990 hujus
1111 922 1359 997 regminc
1381 925 1607 980 cultum.

279 1009 518 1079 lnclytus
547 1009 648 1063 iste
677 1009 835 1074 Pater
864 1010 1157 1081 probitatis
1190 1029 1417 1068 munere
1442 1014 1656 1084 pollens

204 1100 378 1164 Quam
410 1099 659 1170 locuples
698 1114 929 1170 operum
958 1101 1110 1165 vixit,
1143 1118 1305 1173 quam
1348 1103 1486 1158 lucis
1516 1103 1825 1173 abundans,

202 1192 437 1248 Afflictis
462 1193 713 1264 impensa
741 1194 945 1249 docent
959 1195 1230 1249 solamina
1251 1196 1467 1251 crebra.

201 1286 644 1360 Theudegisolus
678 1289 780 1344 hoc
801 1288 974 1362 digito
994 1289 1098 1344 sibi
1126 1289 1262 1346 falce
1292 1291 1468 1346 reciso

203 1381 486 1453 Comperit
512 1383 602 1451 ³⁸⁸,
641 1383 927 1454 excipiens
970 1384 1208 1439 subitam
1236 1386 1548 1442 medicante
1593 1388 1825 1443 salutem

202 1477 308 1532 Ore
342 1479 537 1539 Patris.
571 1477 690 1533 fusa
721 1478 897 1551 plaga
926 1494 1024 1549 per
1052 1488 1242 1550 aperta
1271 1481 1469 1536 saliva:

204 1570 422 1625 Fortior
441 1580 495 1625 et
517 1576 759 1641 emptum
792 1579 1063 1648 repetens
1084 1572 1206 1627 sine
1235 1572 1362 1628 labe
1398 1573 1666 1638 laborem,

200 1659 450 1714 Membro
476 1659 787 1714 crediderat
814 1660 962 1730 quod
1002 1676 1062 1715 se
1090 1661 1339 1716 amisisse
1373 1669 1616 1734 recepto.

203 1749 316 1805 Nec
354 1750 540 1804 minus
567 1750 803 1825 egregiae
832 1750 1152 1820 perfunctus
1184 1753 1391 1808 honore
1420 1754 1650 1809 medelze

208 1843 495 1898 Perniccm
513 1843 791 1917 conquirit
819 1859 980 1915 Opem
1012 1844 1296 1917 cladisque
1326 1846 1574 1902 levamen

203 1932 324 1987 Otia
358 1940 598 1989 sectatus
636 1916 823 1989 senior
852 1935 1119 1991 Winocus
1146 1944 1380 2010 agreste,

204 2023 342 2077 Dum
374 2025 602 2080 miratur
619 2042 761 2097 opus
789 2026 1011 2082 Patrum
1028 2026 1269 2082 Terrena
1294 2036 1609 2102 gerentum,

200 2115 523 2187 Militiaaque
548 2117 694 2172 viros
722 2133 937 2189 superae
969 2120 1168 2174 sudare
1208 2119 1399 2175 labore

198 2205 471 2277 Adstupet
499 2206 787 2279 agricolae;
820 2222 998 2264 cuneo
1018 2208 1251 2263 saliente
1284 2208 1490 2279 petitus

197 2296 419 2351 Frontis
447 2304 636 2368 aperta
654 2298 847 2372 gemit,
879 2297 1112 2372 fusoque
1133 2316 1328 2356 cruore
1358 2301 1641 2356 madescit.

194 2386 260 2439 At
313 2386 586 2441 miserans
616 2386 773 2442 Pater
797 2403 1082 2462 angorem,
1128 2388 1489 2461 celeransque
1534 2390 1820 2457 juvamen,

193 2479 375 2549 luque
403 2478 613 2532 cubans
640 2478 805 2546 votis,
839 2487 1098 2550 properat
1128 2497 1360 2555 purgare
1391 2481 1603 2548 salivis,

193 2566 416 2639 Oreque
442 2584 801 2640 conspersum
828 2570 1009 2625 reddit
1040 2578 1164 2643 post
1195 2578 1355 2642 sputa
1379 2572 1606 2642 piatum.

195 2659 455 2732 Dumque
481 2660 672 2717 fovens
702 2660 849 2717 facili
881 2678 1086 2719 saevum
1119 2664 1507 2739 linitunguine
1535 2662 1752 2731 vulnus,

195 2753 381 2820 Curat,
412 2753 616 2824 vixque
642 2753 958 2810 cicatricum
998 2755 1235 2828 vestigia
1265 2763 1467 2822 servat,

194 2841 514 2898 Salviticum
539 2844 708 2919 digno
732 2844 818 2900 hic
838 2853 1080 2901 sectatus
1110 2845 1324 2901 tramite
1344 2846 1556 2900 Patrem

277 2935 561 2991 Frumenti
591 2936 741 2993 dolet
761 2954 1009 2994 aerumna
1030 2936 1366 2993 fraccescere
1406 2938 1474 2973 ³⁵9
1501 2937 1715 3008 fratres,

196 3025 516 3082 Sollicitum
544 3026 669 3082 fidis
698 3029 956 3084 comitem
979 3028 1140 3084 Pater
1178 3028 1339 3100 erigit
1363 3028 1535 3102 orsis:

194 3120 319 3175 Non
349 3120 526 3192 linqui
536 3121 773 3192 justum,
801 3121 1051 3177 sobolem
1084 3136 1187 3176 nec
1218 3136 1467 3192 quaerere
1494 3136 1713 3192 panem.

196 3211 370 3266 Dictis
397 3220 521 3267 vota
549 3211 712 3267 fidem
755 3211 984 3279 faciunt,
1026 3229 1195 3269 vacua
1227 3213 1425 3268 horrea
1456 3212 1576 3268 solo

199 3307 486 3383 Largitore
516 3308 626 3362 Deo
658 3307 806 3363 facili
836 3308 1038 3363 virtute
1069 3308 1371 3379 replentur.

200 3400 316 3455 Nox
356 3400 530 3455 subiit
558 3407 755 3469 totum,
796 3408 985 3457 vector
1012 3402 1117 3457 nisi
1145 3418 1309 3457 nemo
1338 3407 1588 3471 repertus

203 3489 473 3545 Conditor
500 3489 824 3556 immensus,
858 3490 1007 3564 large
1032 3491 1169 3546 dans
1193 3490 1456 3546 omnibus
1483 3505 1626 3544 unus

201 3578 298 3633 Sic
326 3578 604 3649 quondam
634 3576 826 3650 glebas
854 3586 1030 3634 rastro
1050 3578 1384 3633 sarientibus
1412 3577 1655 3643 adstans,

202 3670 504 3744 Sexaginta
527 3669 687 3741 jubet
712 3670 1060 3744 geminorum
1091 3686 1320 3725 munera
1349 3684 1552 3740 panum

204 3761 340 3816 Cum
374 3769 538 3833 potus
576 3762 723 3834 quod
756 3779 981 3834 parvum
1009 3763 1199 3818 aderat
1228 3761 1498 3817 solamine
1527 3760 1682 3816 ferri.

198 3853 471 3910 Mirantur
490 3854 729 3910 crevisse
760 3854 931 3926 dapes
958 3852 1315 3910 vescentibus
1344 3853 1455 3907 illis

196 3945 501 4015 Ruricolae,
544 3948 888 4020 duplamque
918 3953 1101 4018 stupet
1140 3946 1340 4019 legisse
1369 3945 1439 3979 ³⁸0
1468 3944 1723 3999 minister

198 4032 464 4090 Convivis
492 4036 711 4102 saturis,
745 4051 994 4091 escarum
1020 4043 1074 4090 et
1104 4034 1294 4090 fenora
1324 4043 1505 4104 potus.

276 4127 390 4181 Nec
420 4128 596 4183 solum
627 4129 885 4199 proprios
900 4129 1146 4184 clemens
1168 4126 1241 4182 ita
1268 4133 1449 4181 servat
1473 4125 1756 4181 alumnos:

199 4216 351 4282 Quin
374 4216 644 4271 succurrit
674 4223 728 4272 et
758 4218 1023 4275 externis.
1042 4225 1096 4271 et
1122 4215 1346 4271 vincula
1384 4215 1547 4270 solvit

204 4306 474 4374 Etheria,
497 4314 645 4362 tactu
664 4305 853 4361 famuli
885 4306 1120 4362 contrita
1152 4305 1411 4360 fatiscunt

209 4398 294 4451 Ad
320 4398 538 4467 jussum
567 4413 674 4452 aera
704 4397 897 4461 Patris,
930 4396 1288 4452 velluntur361
1321 4395 1553 4450 crimina
1586 4393 1763 4450 fantes

206 4490 283 4544 Se
308 4496 638 4564 purgaturos
666 4488 921 4560 lacrymis
935 4488 1048 4557 jam
1079 4494 1277 4558 sponte
1303 4486 1545 4542 litandis.

204 4583 453 4639 Nexibus
481 4583 696 4638 eductis
725 4583 794 4618 3“
826 4582 988 4649 lavat,
1021 4596 1086 4636 ac
1108 4580 1342 4654 vestigia
1367 4578 1547 4654 tergit,

205 4671 274 4726 Et
304 4672 435 4727 lotis
463 4672 573 4745 agit
602 4670 915 4736 ecclesiam,
958 4669 1057 4725 sed
1087 4668 1278 4723 limine
1295 4670 1481 4723 clauso

200 4760 325 4816 Non
353 4769 505 4832 patet
534 4761 787 4817 introitus
808 4760 1060 4832 trepidis,
1083 4759 1422 4830 jamjamque
1449 4756 1763 4829 propinquo
1833 4783 1850 4796 -

200 4853 442 4927 Agmine
465 4852 753 4908 custodum
783 4858 1130 4924 repetentum
1162 4849 1232 4905 ad
1263 4848 1501 4904 tormina
1531 4854 1713 4917 raptos
1742 4845 1829 4897 ³6³.

200 4946 443 5000 Vincula
475 4944 566 5015 qui
584 4943 776 5013 jussis,
799 4943 1061 5015 precibus
1082 4957 1304 5015 quoque
1328 4940 1518 4995 limina
1548 4937 1760 5012 pandit,

204 5040 572 5110 Claustraque
598 5055 723 5095 cum
754 5040 896 5095 votis
926 5046 1134 5094 reserat
1160 5036 1484 5092 nutantibus
1504 5032 1685 5107 aegris,

203 5132 285 5185 Ac
322 5128 771 5203 simulingressis
800 5128 980 5185 solitis
1007 5127 1168 5183 struit
1194 5126 1333 5183 ostia
1359 5124 1549 5196 septis.

207 5219 427 5275 Clavier
444 5218 515 5254 ³⁶⁴
540 5219 659 5274 haec
690 5220 990 5291 hostesque
1017 5232 1119 5272 suo
1141 5214 1351 5270 munita
1376 5214 1565 5285 vigore

203 5308 538 5378 Cernentes,
569 5316 824 5365 metuunt
851 5308 1040 5364 divino
1075 5306 1300 5362 numine
1340 5311 1486 5360 tutos

203 5409 509 5478 Appetere,
539 5405 799 5461 humanis
818 5412 912 5461 aut
940 5403 1178 5460 subdere
1203 5401 1419 5474 legibus
1448 5406 1617 5456 actos.

1856 1802 1903 1871 l5

1856 4444 1910 4511 D

1931 564 2229 635 Excipitur,
2263 568 2606 637 percussoris
2634 577 2907 626 tormenta
2925 572 3154 628 revincti

1929 657 2169 712 Nexibus
2200 658 2431 714 internis
2460 659 2605 717 ferro
2632 667 2881 733 torpente
2911 663 3128 736 relapso

1931 746 2134 815 Dejeeti
2166 748 2378 816 dextra,
2411 757 2538 805 ante
2573 751 2744 822 pedes
2773 751 3086 821 miseratus,
3119 754 3436 827 ademptum

1932 839 2246 897 Daemonico
2268 841 2527 898 redhibet
2548 842 2734 898 virtuti
2765 844 3093 917 animusque
3120 844 3309 902 furori.

1931 932 2097 988 Obvia
2126 934 2213 991 bis
2242 936 2371 991 saevi
2403 939 2682 1009 quondam
2713 947 2830 995 atro
2857 938 3081 995 ﬂamine
3113 941 3258 1011 pleni

1931 1023 2031 1080 Ora
2063 1027 2241 1083 tulere
2270 1028 2394 1095 viri,
2425 1046 2587 1100 prece
2613 1047 2737 1087 mox
2777 1048 2915 1103 quos
2942 1033 3036 1088 ille
3077 1034 3329 1089 redemit.

1928 1112 2112 1169 Vexati
2146 1116 2337 1171 rabida
2362 1118 2593 1175 veniunt
2623 1120 2697 1175 ita
2727 1121 2975 1193 quinque
3009 1124 3290 1194 phrenesi,

1930 1206 2060 1262 Ilico
2085 1207 2208 1278 quis
2238 1210 2447 1279 prabet
2476 1210 2632 1281 pulsa
2655 1228 2879 1284 quoque
2902 1223 3056 1283 peste
3083 1216 3315 1269 salutem

1929 1294 2019 1350 Sic
2043 1295 2186 1350 Patri
2208 1296 2469 1366 juvenem
2495 1299 2689 1373 viginti
2720 1301 2963 1356 millibus
2989 1309 3167 1357 actum

1931 1385 2158 1440 Currere
2175 1386 2388 1457 pernici
2409 1387 2647 1443 volucris
2666 1388 2864 1445 virtute
2904 1391 3153 1463 chelydri
3181 1392 3249 1426 355

1930 1480 2187 1536 Restituit
2219 1482 2476 1552 precibus
2494 1482 2661 1541 ﬁxum
2689 1485 2947 1558 votisque
2980 1496 3281 1558 receptum.

1931 1569 2100 1625 Mater
2130 1571 2259 1626 item
2286 1588 2408 1627 cum
2441 1573 2597 1643 prole
2623 1575 2729 1629 ruit
2762 1575 2863 1631 hac
2892 1575 3018 1631 labe
3049 1576 3269 1643 referta,

1931 1661 2041 1717 Nec
2068 1678 2242 1730 mora,
2275 1672 2536 1738 purgatas
2558 1665 2763 1732 pariter
2791 1666 2951 1722 Pater
2978 1667 3078 1723 iste
3107 1668 3353 1725 remittit.

1934 1755 2135 1828 Sicque
2163 1758 2449 1815 Parisiacae
2481 1759 2758 1816 bacchans
2786 1762 2842 1815 in
2870 1761 3057 1817 limine
3088 1772 3280 1834 portae,

1934 1848 2156 1921 Hucque
2194 1850 2382 1906 venire
2432 1867 2692 1922 querens,
2759 1854 2970 1908 mmstis
3018 1853 3124 1908 sibi
3177 1854 3403 1909 vocibus
3455 1856 3548 1910 h0-

3218 1942 3373 2014 [stem
3407 1944 3477 1977 ³⁸⁸⁵

1929 2028 2101 2098 Atque
2126 2028 2219 2082 Dei
2250 2028 2515 2100 famulum
2538 2029 2759 2104 vulgato
2781 2029 3004 2085 nomine
3028 2030 3293 2102 prodens;

1932 2116 2181 2172 Portibus
2214 2117 2465 2189 imperiis
2492 2117 2630 2172 diris
2662 2117 2791 2172 dum
2823 2118 3034 2174 viribus
3062 2120 3260 2186 obstat,

1926 2209 2028 2264 Ore
2052 2226 2273 2265 manum
2301 2210 2448 2281 capit
2476 2211 2737 2275 innocuo,
2772 2210 3071 2284 linguaque
3104 2227 3351 2281 repressa

1926 2304 2159 2360 Almitici
2190 2305 2397 2379 digitis,
2424 2306 2617 2374 jussus
2646 2305 2842 2361 fwtore
2870 2314 3137 2378 sequente

1928 2395 2220 2464 Sulphuris
2245 2394 2435 2449 Aitnaei
2457 2393 2710 2449 affectum
2744 2394 3101 2467 lacerumque
3134 2396 3413 2467 relinquit.

1926 2487 2193 2558 Tempore
2214 2487 2327 2557 jam
2362 2487 2532 2541 multo
2572 2486 2800 2541 Phcebei
2830 2488 3078 2543 muneris
3106 2504 3303 2559 expers

1930 2580 2149 2650 Hospite
2181 2576 2422 2634 clarifico
2452 2578 2733 2633 rutilantia
2771 2579 2918 2634 dona
2946 2580 3193 2636 resumit.

1928 2673 2350 2742 Frustratusque
2378 2670 2471 2725 diu
2502 2677 2757 2726 revocato
2797 2670 3005 2725 lumine
3032 2670 3259 2745 gaudet,

1932 2766 2053 2836 Ipse
2084 2763 2412 2839 peregrinus
2442 2762 2795 2837 peregrinum
2825 2771 2885 2819 ut
2906 2763 3116 2818 lumine
3146 2770 3347 2835 captat.

2004 2857 2099 2911 Hic
2125 2855 2209 2910 vir
2238 2854 2574 2926 praepollens
2613 2853 2920 2926 Christique
2951 2854 3212 2910 Columba
3261 2855 3544 2922 renidens,

1932 2947 2160 3003 Lumine
2192 2961 2357 3016 quam
2380 2934 2559 2999 clarus
2587 2959 2902 3015 superoque
2933 2945 3112 2999 nitore
3143 2960 3404 3001 coruscus

1927 3041 2180 3108 Fulserit,
2203 3038 2507 3094 innumeris
2538 3038 2810 3094 radiantia
2839 3039 3079 3094 culmina
3101 3040 3264 3095 donis

1847 3147 1896 3213 ρ
1926 3133 2193 3187 Virtutum
2218 3136 2496 3203 retegunt,
2514 3128 2875 3200 volucresque
2908 3128 3147 3201 feraeque
3174 3128 3478 3200 loquuntur

1927 3223 2167 3278 Saltibus
2197 3221 2266 3255 ³⁸⁷
2299 3221 2513 3287 accitis,
2543 3220 2783 3291 nisuque
2809 3219 3070 3274 adulante
3094 3227 3346 3290 recepta».

1927 3316 2005 3368 An
2028 3328 2138 3368 non
2170 3313 2289 3367 haec
2317 3312 2385 3345 ³⁵⁸
2416 3309 2561 3366 furto
2579 3326 2776 3365 corvus
2805 3310 3071 3365 clamasse
3104 3310 3296 3375 relato,

1928 3402 2264 3474 lmperiique
2294 3411 2541 3457 tremens
2569 3400 2720 3456 visus
2750 3407 2955 3454 terrere
2987 3401 3247 3471 potentis,

1930 3494 2164 3569 Pergere
2190 3492 2246 3546 ni
2267 3492 2457 3560 jussus
2480 3496 2604 3561 post
2634 3490 2850 3544 reddita
2888 3489 3108 3557 damna,
3143 3507 3245 3545 nec
3271 3491 3475 3546 ausus?

1929 3584 2097 3639 Ursus
2126 3598 2194 3636 an
2234 3580 2457 3635 insolito
2489 3577 2682 3634 reboat
2712 3593 2822 3632 non
2854 3577 2957 3633 ista
2988 3593 3190 3648 pavore

1928 3672 2043 3727 Jam
2065 3670 2345 3740 praelibata
2372 3667 2541 3723 verbo
2572 3667 2836 3737 depulsus
2863 3665 2933 3721 ab
2962 3681 3109 3734 esca,

1928 3764 2166 3837 Tergora
2185 3762 2419 3818 cervina:
2450 3776 2677 3815 servans
2698 3759 2867 3814 illaesa
2889 3758 3116 3831 rapinae,

1931 3854 1991 3908 Et
2013 3852 2285 3908 famulans
2311 3851 2515 3906 sanctis
2535 3856 2846 3906 sanctorum
2869 3850 2937 3905 ad
2962 3848 3252 3906 commoda
3275 3849 3475 3917 jussis?

1931 3945 2041 4001 Nec
2082 3944 2233 4000 solus
2253 3950 2405 3999 notat
2433 3944 2554 3998 haec
2581 3945 2734 3999 testis
2762 3943 2851 4009 3‘9,
2886 3943 3107 3998 diversa
3139 3943 3388 3998 feruntur

1933 4035 2047 4089 Huc
2060 4040 2288 4089 attracta
2312 4031 2478 4088 olidis
2497 4032 2566 4066 37°
2592 4032 2915 4100 animantia,
2948 4049 3081 4088 nare
3110 4032 3294 4106 sagaci

1930 4126 2163 4182 Nutibus
2192 4135 2356 4198 atque
2388 4124 2609 4197 repulsa
2641 4124 2814 4180 Patris
2833 4126 2963 4181 dum
2985 4126 3129 4197 pelle
3156 4127 3370 4181 revulsa

1933 4216 2137 4273 Pabula
2165 4214 2432 4271 nudatum
2459 4215 2657 4270 sinitur
2683 4221 2941 4286 prmstare
2972 4215 3225 4271 cadaver.

1935 4307 2044 4363 Sed
2074 4322 2176 4362 nec
2198 4306 2453 4362 dissimili
2495 4305 2706 4382 regitur
2729 4306 3127 4373 moderamine,
3157 4306 3337 4378 pomis

1936 4401 2036 4465 Qui
2067 4418 2165 4472 per
2204 4399 2536 4472 discipulum
2568 4399 2742 4455 cessis
2781 4399 3036 4454 insistere
3058 4415 3260 4470 parens

1940 4491 2167 4547 Carcere
2196 4490 2299 4545 scit
2317 4489 2517 4555 vetitis,
2558 4498 2851 4561 cessatque
2880 4488 3093 4543 inhiare
3120 4488 3350 4558 rapinis.

1937 4581 2129 4636 Vivere
2155 4579 2391 4635 decretis
2415 4578 2506 4646 37‘,
2538 4578 2794 4649 escisque
2819 4578 3089 4633 absistere
3119 4579 3289 4649 partis
3317 4578 3403 4629 37’.

2007 4670 2174 4735 Quam
2199 4668 2398 4724 virtute
2428 4672 2625 4738 petens
2650 4667 2806 4721 verbi
2837 4683 3001 4738 quam
3028 4667 3268 4722 culmine
3291 4674 3554 4737 praestans

1940 4760 2032 4814 llic
2062 4758 2220 4812 Pater
2248 4756 2465 4822 enituit,
2488 4764 2543 4810 et
2566 4755 2719 4824 jussa
2749 4763 2803 4809 et
2824 4753 2965 4810 facta
2996 4753 3298 4828 resignant.

1938 4853 1997 4907 ld
2029 4867 2252 4924 quoque
2281 4856 2556 4906 castorum
2579 4848 2778 4920 retegit
2797 4844 3088 4902 famulatus
3117 4847 3399 4903 alumnum

1940 4949 2000 5003 Et
2024 4946 2303 5020 quondam
2332 4945 2518 5017 liquor
2547 4942 2785 5000 emissus
2805 4942 3104 4998 famulante
3142 4943 3365 5010 cliente,

1939 5036 2050 5092 Nec
2078 5043 2262 5091 tamen
2282 5032 2487 5089 effusus
2514 5032 2822 5104 pervadens
2851 5030 3090 5087 claustra
3107 5047 3326 5087 coronae

1938 5125 2153 5198 Spargit
2173 5125 2424 5190 humum,
2447 5123 2582 5194 quin
2606 5121 2826 5177 insueto
2848 5122 2986 5193 petit
3005 5122 3224 5197 agmine
3243 5120 3313 5155 ⁸⁷³
3332 5118 3550 5173 θωιιιῐη.

1939 5214 2168 5270 Tollitur
2232 5213 2287 5267 in
2370 5227 2603 5268 vacuum
2667 5211 3022 5284 duplicatque
3078 5209 3364 5266 cacumine
3420 5207 3553 5262 trul-

3228 5300 3358 5371 [lum
3389 5298 3478 5353 37".

1935 5398 2095 5453 Jussa
2119 5395 2294 5452 Patris
2323 5395 2614 5463 decorans,
2657 5393 2957 5465 famulique
2997 5397 3204 5463 patrata
3234 5397 3554 5447 venustans.
3602 5463 3607 5467 _

1286 5505 1568 5561 GLOSSZE
1609 5503 2036 5559 MARGINALES
2075 5501 2483 5557 MABILLONII.

280 5613 352 5649 ³⁵⁸
386 5619 653 5683 expertus
708 5620 794 5667 est
828 5682 833 5683 ί
927 5609 997 5645 ⁸⁵9
1027 5607 1215 5683 animo
1266 5605 1466 5683 frangi.

202 5755 280 5790 ³⁸³
304 5747 499 5810 Ursus.
568 5747 669 5788 "37°
699 5755 761 5809 id
810 5758 910 5820 est,
957 5747 1248 5807 olentibus
1307 5747 1584 5805 carnibus.

209 5827 388 5883 rium.

548 5897 825 5960 PATROL.
879 5893 1207 5956 CXXXV.

1586 5604 1656 5638 ³⁸0
1678 5604 1988 5659 collegisse.

200 5682 280 5779 ξε
415 5672 685 5779 Claviggr‘.
711 5682 837 5779 .13“
863 5679 1172 5779 serpentisk
1185 5694 1279 5735 seu
1308 5672 1624 5779 Ldzém‘onis.
1804 5672 2218 5779 Columbanum;

1795 5761 2080 5815 permissis

2118 5604 2183 5638 ³⁶¹
2220 5602 2552 5708 eripiuntur.
2651 5602 2721 5636 ³⁶²
2749 5602 2791 5668 f.
2853 5598 3096 5653 eductos.
3217 5597 3287 5632 ³⁸³
3316 5604 3555 5668 ereptos.

2118 5690 2196 5708 um
2326 5674 2369 5708 67
2392 5691 2422 5708 ο
2474 5671 2704 5708 collihna
2803 5684 2891 5708 cmi
2918 5668 3072 5708 αἰιυίςι
3182 5668 3251 5703 ³68
3272 5669 3532 5708 mirnmlln

2326 5674 2423 5729 We
2474 5671 2706 5728 saltibus
2800 5684 2892 5724 seu
2917 5668 3090 5725 silvis.
3182 5668 3251 5703 ³⁵⁸
3272 5669 3555 5724 miracula.

2758 5740 2828 5775 ³⁷³
2852 5740 3082 5812 impetu.
3166 5740 3235 5775 37‘
3258 5757 3352 5797 vas
3406 5740 3558 5796 vina-

3160 5883 3241 5945 28

2190 5745 2259 5779 ³⁷²
2284 5744 2671 5814 praesentibus.
