3994 6148
192 299 288 354 877

195 435 300 488 Vim
325 444 586 503 superam
614 425 769 480 cives
800 425 909 496 ipsi
940 424 1184 480 renitere
1199 430 1436 488 tuentes,

197 524 316 592 Ejus
355 524 426 576 ab
456 519 644 592 aporia
672 517 745 551 39°
773 531 900 571 sese
934 530 1295 586 compescere
1326 522 1575 570 censent.

197 614 286 669 Ille
312 612 513 667 videns
535 623 594 663 se
623 606 777 660 nullo
805 603 940 678 angi
972 604 1224 670 custode,
1258 603 1454 659 reverti

199 705 270 760 Ad
303 705 429 758 data
459 707 633 756 castra
665 696 828 769 petit,
854 694 1147 765 mediique
1181 695 1237 748 in
1266 695 1384 749 sole
1414 695 1524 750 diei

199 795 542 871 Regreditur,
576 790 817 846 mediam
848 787 1064 859 populo
1084 795 1371 857 spectante
1395 789 1718 858 perurbem,

266 888 378 942 Nec
401 902 553 941 mora
575 882 909 938 concutiunt
941 895 1204 950 proceres
1228 881 1345 934 haec
1375 880 1566 934 nuntia
1583 881 1757 948 diros,

205 980 578 1051 Instigantque
604 977 800 1030 initum
836 972 1045 1044 passim
1077 972 1363 1026 cumulare
1387 971 1648 1028 furorem.

207 1077 436 1149 Legatur
465 1071 656 1126 furiata
685 1070 890 1124 cohors
925 1066 1232 1122 comitante
1266 1065 1492 1121 tribuno

205 1165 416 1219 Vellere
448 1163 750 1224 ductorem,
769 1157 1075 1228 exsiliique
1101 1155 1373 1209 reducere
1404 1154 1687 1208 mulctam.

206 1253 489 1308 Accedens
514 1249 819 1305 truculenta
844 1260 1042 1301 manus
1073 1254 1317 1298 cteeatur
1342 1242 1397 1294 in
1427 1257 1540 1296 uno
1572 1242 1662 1309 391,

205 1348 416 1401 Caetera
437 1342 807 1413 conSpiciens,
835 1347 1164 1410 praasentem
1198 1334 1402 1408 quierit
1433 1341 1490 1388 et
1518 1333 1711 1388 ambit.

211 1437 527 1509 lmpingunt
552 1435 609 1488 in
638 1449 762 1488 eum
791 1431 1049 1501 pedibus,
1073 1428 1362 1483 velamine
1391 1433 1604 1479 vestem

213 1531 572 1605 Contingunt,
602 1543 658 1582 se
689 1531 1004 1581 cernentem
1065 1537 1250 1593 neque
1309 1534 1549 1572 cernere
1590 1525 1837 1589 possunt.

213 1625 355 1680 SidIt
383 1624 452 1657 3”
472 1637 641 1678 ovans
669 1620 812 1674 inter
852 1616 1047 1688 trepidi
1075 1615 1243 1670 anxia
1268 1610 1452 1667 ﬂabra
1471 1611 1736 1666 tumultus

211 1715 323 1770 Sed
350 1715 508 1769 datur
539 1714 643 1768 hoc
672 1718 923 1782 spectare
955 1705 1102 1772 duci,
1135 1704 1238 1775 qui
1269 1703 1412 1756 forte
1443 1709 1707 1756 renutans

212 1806 454 1859 Venerat
483 1819 546 1857 ac
576 1801 793 1866 nolens,
834 1798 986 1854 solus
1011 1794 1256 1850 tesidere
1282 1792 1562 1860 legentem

220 1898 278 1951 In
311 1896 498 1949 medio
521 1894 669 1948 videt
700 1897 1006 1955 errantum,
1036 1886 1132 1942 sed
1167 1883 1418 1955 tegmine
1449 1882 1520 1916 393
1550 1882 1754 1937 laetum.

211 1988 362 2051 Quos
394 1999 664 2040 revocans
690 1982 959 2053 repedare
982 1979 1163 2048 jubet,
1206 1973 1437 2048 regique
1467 1972 1674 2027 referre

217 2077 438 2130 Frustra
470 2075 680 2149 agitare
707 2072 888 2127 virum
922 2070 1047 2124 divo
1079 2065 1357 2121 tutamine
1380 2071 1601 2117 tectum.

209 2168 472 2224 lnfremit
501 2169 616 2222 haec
651 2165 900 2237 capiens,
932 2169 1206 2230 auetoque
1240 2157 1422 2211 furore
1455 2162 1719 2228 tyrannus

207 2259 539 2314 Accumulat
563 2257 872 2312 facinus...
909 2255 976 2310 ad
1001 2251 1250 2324 pessima
1279 2250 1471 2321 legans

205 2351 469 2407 Crudelis
499 2349 736 2405 famulos
765 2347 1088 2419 peragenda
1121 2343 1348 2419 negotia
1372 2342 1575 2410 jussos.

286 2440 604 2495 Psalentem
647 2445 792 2493 coetu
816 2435 1104 2492 inveniunt
1128 2433 1370 2503 stipante
1398 2444 1624 2495 canoro,

207 2535 390 2588 Exeat
421 2533 729 2596 insinuant,
759 2530 914 2586 venit
946 2543 1056 2600 quo
1083 2525 1305 2580 tramite
1340 2533 1552 2596 pergat.

214 2626 472 2681 Rennuit
503 2625 595 2679 ille
619 2639 820 2696 greges
841 2636 1111 2691 carosque
1153 2617 1469 2686 relinquere
1499 2621 1677 2670 natos.

213 2715 475 2770 Lictores
506 2715 787 2784 utrimque
819 2712 984 2766 timor
1015 2705 1309 2763 conturbat
1330 2711 1385 2758 et
1409 2704 1620 2769 horror,

214 2809 369 2861 Hinc
396 2807 548 2878 regis
569 2805 741 2872 furor,
773 2803 906 2858 hinc
936 2799 1072 2856 tanti
1109 2796 1418 2852 reverentia
1444 2795 1634 2850 Patris.

213 2900 591 2971 Compaticns
621 2899 747 2970 pius
778 2896 1028 2950 indultor
1048 2890 1365 2947 discrimine
1387 2889 1580 2960 septis,

206 2992 546 3068 Egreditur,
578 2991 950 3044 lamentantes
971 2984 1306 3041 comitantur
1330 2981 1560 3049 alumni,

199 3085 412 3139 Avulsi
444 3083 674 3155 quidam
705 3083 853 3136 luctu
884 3078 1099 3150 potiore
1126 3082 1406 3131 tenentur.

198 3175 326 3229 Hos
358 3173 590 3227 solatori
634 3170 868 3225 Domino
901 3178 1088 3222 tamen
1118 3165 1208 3219 ille
1239 3163 1476 3218 tuendos

197 3267 513 3339 Allegans,
539 3264 766 3318 laudare
790 3266 981 3317 monet
1007 3260 1126 3314 sine
1159 3258 1268 3312 line
1296 3256 1619 3323 Tonantem,

194 3358 470 3412 Altorem
505 3356 770 3425 buncque
799 3358 1013 3422 patrem
1063 3348 1284 3403 valeant
1329 3355 1387 3400 ut
1428 3345 1630 3400 habere
1680 3343 1862 3400 foven-

1641 3437 1790 3508 [tem.

197 3537 471 3591 Ducitur
496 3533 717 3599 exsilio,
747 3532 1004 3604 ferroque
1037 3530 1243 3601 petitus
1266 3528 1416 3583 inani

196 3627 267 3680 Vi
287 3624 523 3699 tegitur
549 3638 771 3692 supera,
806 3627 1027 3692 captum
1057 3619 1355 3675 tortoribus
1376 3617 1444 3651 3“
1475 3617 1688 3672 hostem

194 3715 440 3786 Eripit,
477 3714 624 3766 hunc
657 3711 850 3781 priscae
881 3708 1182 3763 redhibens
1213 3708 1510 3778 pluresque
1541 3706 1723 3760 saluti.

189 3809 456 3864 Aﬂatus
482 3821 706 3877 quoque
747 3804 1056 3870 ductorem,
1087 3818 1250 3873 quem
1269 3809 1492 3873 spernat
1521 3801 1750 3855 haberet

185 3902 403 3959 Ocius
425 3907 490 3954 ut
522 3897 952 3961 dominatorem,
982 3903 1308 3967 tempusque
1327 3893 1588 3966 resignat,

185 3989 509 4049 Lothario
535 3997 720 4043 careat
741 3985 984 4040 dominis
1012 3985 1113 4040 sub
1147 3984 1396 4055 principe
1427 3983 1587 4038 caris.

275 4081 570 4139 Tandem
601 4085 757 4132 actus
787 4076 997 4149 Ligeris
1023 4075 1220 4129 ﬂuctus
1243 4074 1354 4142 jam
1388 4072 1552 4127 lintre
1583 4071 1769 4125 subire

184 4170 577 4240 Oceanique
603 4167 881 4238 petiturus
914 4171 1226 4235 pervertere
1256 4178 1500 4233 campos,

179 4269 366 4324 Dum
413 4264 579 4318 lento
609 4261 678 4294 ’95
699 4260 958 4330 scapham
986 4258 1225 4312 subeunt
1245 4257 1528 4312 molimine
1551 4254 1766 4319 fratres,

182 4355 555 4432 Egregium
588 4350 764 4406 sancti
798 4348 1056 4404 comitem
1091 4349 1421 4421 cognomine
1452 4347 1612 4401 Luam

179 4447 564 4508 Custodum
597 4458 752 4499 remo
782 4441 1009 4514 quidam
1045 4440 1445 4496 audacissimus
1475 4440 1654 4495 haurit
1683 4439 1771 4492 ³96.

179 4545 519 4612 Increpat
545 4546 791 4592 atrocem
823 4535 1018 4590 duelor
1038 4534 1106 4568 39"
1139 4549 1238 4604 pro
1268 4534 1500 4588 crimine
1532 4533 1778 4606 dignam,

180 4633 519 4695 Praecinit
553 4637 608 4684 et
639 4629 852 4685 Christo
884 4627 1146 4682 luiturum
1179 4626 1398 4682 vindice
1427 4626 1674 4680 multam.

175 4729 493 4786 Famina
524 4723 634 4775 lata
659 4735 901 4791 sequens
928 4718 1060 4773 certi
1090 4717 1286 4788 probat
1324 4718 1461 4772 ultio
1493 4717 1632 4771 vatis
1664 4734 1677 4769 :

171 4827 504 4895 Moxque
537 4815 873 4870 revisentem
933 4820 1148 4884 portum
1197 4820 1350 4867 vorat
1379 4812 1528 4866 unda
1556 4818 1889 4882 protervum.

177 4925 277 4976 Ac
320 4915 506 4989 pius
549 4908 817 4963 arradens
847 4906 1089 4962 ﬂuvialia
1118 4911 1269 4978 terga
1295 4904 1501 4971 carina,

175 5005 451 5069 Sicubi
494 5005 760 5068 metatur,
788 4997 978 5069 pronis
1006 4996 1112 5053 fert
1136 4996 1343 5051 lumina
1373 4995 1551 5062 czecis,

781 289 866 344 DE
908 287 1170 344 CHRISTI
1212 286 1570 343 TRIUMPHIS
1611 289 1780 343 APUD
1824 283 2085 342 ITALIAM
2131 284 2318 341 LIBRI
2365 284 2507 340 XIV.
2549 315 2620 326 —-
2663 285 2788 342 LIB.
2831 290 2961 346 XIV.

3464 297 3569 353 878

1857 433 1901 494 Α
1935 417 2167 475 Horrida
2198 419 2513 490 spirituum
2545 418 2778 489 depellit
2805 431 3047 479 monstra
3078 426 3354 498 nigrorum

2003 511 2196 579 Puppe
2227 525 2442 566 secans
2465 509 2647 565 undas
2675 511 2876 569 Turoni
2908 516 3180 572 delabitur
3208 519 3338 585 oris,

1931 601 2119 654 Visere
2160 614 2334 655 sacra
2363 600 2568 655 volens
2597 601 2806 657 Martini
2834 606 3094 660 avertitur
3119 607 3262 673 aula,

1932 690 2065 745 Cum
2093 704 2346 745 maerore
2374 707 2611 762 gemens
2648 694 2788 748 votis
2817 703 3029 766 portum
3061 696 3412 751 obtinetimis
3446 713 3459 749 :

1933 780 2122 835 Remis
2155 787 2290 835 acta
2315 781 2499 835 avidis
2533 783 2824 840 moderans
2849 803 2908 842 se
2933 789 3133 858 scapha
3163 788 3384 854 resistit,

1933 875 2098 927 Arma
2127 873 2553 944 gubernantum
2585 884 2769 946 spreto
2787 886 2993 934 rectore
3026 880 3384 949 triumphans,

1935 965 2140 1020 Littora
2171 972 2380 1037 sponte
2413 972 2611 1035 petens
2642 969 2745 1022 tert
2774 969 2944 1024 invito
2985 986 3110 1024 arva
3143 971 3419 1043 magistro.

1939 1061 2162 1115 Ductori
2185 1061 2607 1136 superofgrates
2637 1064 2762 1134 pius
2792 1065 3001 1119 advena
3033 1081 3281 1138 pangens

1943 1151 2171 1223 Templa
2193 1159 2384 1225 optata
2417 1153 2590 1222 subit,
2617 1155 2822 1210 sanctis
2848 1161 3063 1210 noctem
3096 1155 3326 1210 excubat
3363 1154 3516 1220 aris,‘

1947 1243 2131 1315 Seque
2161 1261 2408 1314 suosque
2438 1247 2550 1302 Deo
2582 1247 2796 1302 Martini
2831 1262 3056 1301 munere
3087 1247 3297 1319 legans,

1949 1335 2092 1406 Papa
2135 1337 2283 1408 (211)
2309 1336 2577 1408 Leupario
2609 1339 2854 1394 convivia
2885 1339 3025 1393 inire
3064 1345 3308 1411 rogatus.

1948 1425 2285 1499 Obsequitur
2313 1429 2478 1484 sociis
2502 1446 2701 1486 curans
2741 1433 2985 1486 relevare
3014 1431 3282 1493 dolorem,

1945 1516 2616 1590 Prandcndumqueinter
2645 1523 2920 1594 replicans
2943 1522 3164 1578 oracula
3194 1521 3392 1586 firmat,

1952 1609 2243 1665 Pulsorem
2274 1610 2444 1668 fuerat
2473 1631 2594 1686 quae
2615 1617 2728 1686 jam
2745 1617 3017 1684 jaculatus
3055 1616 3111 1670 in
3143 1617 3394 1670 hostem:

1954 1700 2090 1754 Ante
2133 1701 2446 1760 triennales
2474 1723 2785 1782 memorans
2816 1707 3141 1779 Hyperionis
3159 1707 3229 1741 3”
3258 1706 3419 1761 orbes

1953 1785 2092 1840 Cum
2127 1789 2285 1844 natis
2315 1794 2519 1862 pariter
2545 1796 2809 1851 ruiturum
2839 1796 3256 1852 Theodericum.

1952 1875 2088 1929 Hinc
2120 1891 2333 1935 navem
2362 1892 2615 1955 repetens
2645 1885 2841 1942 fratres
2871 1902 3074 1962 angore
3105 1886 3280 1941 teneri

1951 1969 2202 2037 Invenit,
2240 1977 2536 2034 addiscens
2559 1979 2763 2036 furtum
2786 1981 3027 2056 caligine
3056 1983 3124 2017 39°
3157 1997 3370 2053 passos.

1953 2062 2062 2117 Nec
2093 2079 2283 2135 mora,
2322 2070 2532 2125 Martini
2558 2072 2834 2140 jacturam
2866 2082 3096 2146 questus
3126 2074 3193 2128 ad
3225 2091 3417 2129 urnam

1955 2149 2319 2223 “egreditur,
2356 2173 2464 2213 non
2493 2176 2553 2215 se
2583 2162 2675 2215 hic
2705 2163 2962 2234 vigilasse
2985 2164 3185 2218 fatetur

1957 2242 2051 2296 Ille
2075 2257 2214 2300 suos
2241 2248 2456 2305 sineret
2487 2253 2720 2308 tolerare
2749 2262 2810 2310 ut
2840 2256 3039 2310 damna
3061 2258 3300 2313 sodales.

1957 2337 2288 2396 Concutitur
2314 2360 2438 2399 mox
2461 2346 2598 2402 latro
2619 2349 2770 2422 gravi
2795 2351 3080 2422 quatiente
3111 2352 3352 2427 ﬂagello,

1961 2427 2356 2505 Exclamatque
2396 2437 2576 2506 palam
2601 2445 2872 2509 quatecta
2900 2441 3226 2496 nomismata
3266 2443 3425 2496 celet.

1963 2519 2266 2578 Cernentes
2296 2528 2434 2583 socii
2465 2538 2719 2598 currunt,
2751 2531 2966 2588 sublata
2993 2533 3326 2604 rependunt,

1962 2614 2194 2688 Flagitio
2219 2620 2370 2688 parci
2405 2631 2661 2692 poscunt,
2697 2625 2930 2681 horrore
2959 2628 3305 2685 tremiscunt.

1965 2706 2214 2779 Remquc
2244 2709 2419 2766 Patris
2443 2730 2573 2769 vere
2605 2722 2664 2770 ut
2692 2732 2905 2772 sacram
2943 2725 3170 2774 tractare
3201 2727 3518 2791 pavescunt.

1967 2799 2160 2855 Omnia
2191 2803 2535 2873 pauperibus
2576 2805 2773 2879 largito
2801 2825 2865 2863 ac
2897 2808 3040 2864 ferre
3074 2817 3261 2880 parato

1876 1747 1924 1814 Β

1969 2891 2316 2964 Indiguoque
2338 2895 2517 2965 dapis,
2550 2897 2800 2953 ccelcstia
2841 2901 2986 2956 dona
3015 2902 3285 2971 feruntur,

1967 2982 2368 3056 Gratiticusque
2395 2987 2562 3056 capit,
2596 2998 2896 3062 pestesque
2927 3000 2981 3048 et
3010 2993 3178 3050 livida
3210 2994 3278 3028 ‘°°
3310 2994 3485 3066 pellit.

1894 3121 1943 3188 Ο
1976 3168 1991 3188 Α
2015 3074 2338 3188 JZEquoreas
2367 3078 2790 3188 tanc‘leanigeri
2823 3083 3040 3141 delatus
3072 3085 3128 3139 in
3163 3101 3309 3149 oras,

1929 3165 1943 3185 ‘
1965 3167 2040 3220 Ad
2070 3167 2300 3238 patriam
2337 3170 2547 3236 revehi,
2576 3171 2967 3250 Oceanumque
2998 3179 3186 3234 subire
3211 3180 3458 3248 jubetur.

1963 3259 2203 3314 Scottica
2245 3260 2397 3314 navis
2428 3260 2586 3315 adest
2606 3279 2732 3332 quae
2755 3282 2843 3320 res
2868 3269 3211 3341 comitesque
3253 3272 3492 3341 capessit

1963 3349 2110 3406 Licta
2136 3351 2306 3406 Patris
2338 3352 2540 3425 refugae
2573 3355 2755 3410 nativa
2783 3360 3026 3414 revisere
3056 3379 3200 3416 rura.

1973 3441 2237 3517 Remigiis
2264 3441 2428 3514 igitur
2444 3445 2816 3516 chliyrisque
2846 3448 3162 3505 faventibus
3193 3457 3310 3506 acta

1975 3530 2156 3586 Findit
2196 3540 2348 3604 terga
2378 3531 2566 3597 maris,
2593 3532 2906 3608 ﬂuctusque
2928 3538 3193 3594 adnititur
3221 3539 3361 3594 altor

1974 3622 2108 3678 Cum
2143 3623 2329 3679 subito
2360 3639 2510 3677 mare
2533 3624 2681 3680 nolle
2713 3627 2814 3682 viri
2848 3629 3119 3697 sentiscit,
3151 3639 3207 3686 et
3237 3631 3345 3686 imo

1977 3710 2250 3766 Exsiliens
2271 3711 2466 3784 pelago
2494 3712 2655 3767 saevis
2683 3716 2978 3771 conatibus
3008 3719 3218 3783 obstat,

1977 3803 2261 3858 Fluctibus
2289 3811 2454 3874 atque
2486 3805 2642 3859 ratim
2663 3809 2987 3878 prOpellens
3011 3811 3192 3865 reddit
3221 3812 3425 3868 arenis.

1979 3896 2193 3953 Coerula
2220 3898 2540 3953 subducens
2566 3902 2787 3975 retegit,
2821 3903 3100 3978 siccatque
3122 3907 3384 3973 carinam,

1979 3991 2386 4066 Collectumquc
2410 3994 2515 4048 sibi
2541 3993 2746 4050 finibus
2776 3999 3074 4070 requiescit
3095 4001 3324 4056 adactis.

1978 4085 2184 4141 Sistere
2221 4087 2300 4142 sic
2333 4086 2510 4142 triduo
2539 4103 2746 4162 cogens
2773 4091 2893 4146 sine
2920 4093 3137 4167 gurgite
3164 4095 3419 4152 cumbam

1980 4179 2250 4235 Nauclero
2297 4187 2560 4235 cernente
2593 4181 2687 4237 Dei
2718 4199 2832 4254 quo
2863 4187 3093 4242 numina
3114 4204 3244 4243 casu

1975 4272 2087 4327 Res
2113 4272 2285 4328 Patris
2302 4273 2582 4338 exhausta,
2613 4275 2908 4348 sociosque
2927 4295 2957 4333 a
2987 4296 3172 4351 puppe
3213 4280 3457 4336 remittit.

1906 4364 2227 4464 D/Equora
2257 4381 2383 4420 mox
2435 4365 2652 4435 adsunt,
2711 4378 3122 4443 properantque
3182 4389 3461 4428 resumere
3492 4374 3602 4429 lin-

3366 4461 3532 4532 [neu].

1992 4543 2313 4615 Optatisque
2340 4545 2548 4599 vehunt
2570 4562 2668 4615 per
2696 4547 2861 4618 plana
2891 4549 3161 4620 liquentia
3192 4553 3403 4621 ﬂabris,

1997 4635 2304 4692 Laudantes
2335 4637 2596 4707 placitum
2609 4640 2791 4694 cuncti
2820 4641 3080 4712 prteferre
3110 4645 3394 4714 Tonantis,

1994 4724 2175 4779 Mirari
2207 4724 2431 4792 factum,
2474 4733 2649 4781 vatem
2683 4745 2793 4800 quo
2815 4729 2980 4786 vellet
3009 4731 3164 4788 abire

1996 4815 2210 4872 Mittere
2233 4827 2430 4888 sponte
2455 4834 2636 4885 suum,
2670 4819 2932 4878 famulatu
2965 4824 3276 4898 Opibusque
3303 4827 3504 4895 levare,

2071 4907 2266 4962 Missus
2307 4908 2545 4963 Lotharii
2586 4909 2838 4966 devotam
2869 4916 3357 4986 competitaulam,

2001 4994 2173 5058 Quem
2203 5011 2298 5051 rex
2328 5012 2528 5053 munus
2557 5013 2727 5054 ovans
2758 5015 2822 5056 ac
2850 5002 2895 5056 si
2924 5004 3149 5059 coeleste
3182 5013 3444 5077 receptat.

1359 5145 1627 5202 GLOSSIE
1665 5145 2085 5200 MARGINALES
2124 5146 2532 5214 MABILLONII,

266 5297 370 5335 ,ω
451 5282 805 5359 injuria-eoi
864 5277 1346 5359 εοζρεῃὺῇηοληδη
1404 5276 1645 5359 residet._
1695 5276 1764 5310 393
1823 5275 1994 5330 vultu.
2049 5275 2117 5309 39"
2169 5292 2200 5329 a
2251 5277 2616 5333 daemonibus.
2674 5280 2742 5315 ³9⁵
2799 5289 2987 5352 utpote
3046 5282 3220 5336 inviti.
3291 5282 3361 5316 ³⁹⁶
3416 5299 3613 5353 percu-

176 5375 286 5431 tit.
355 5363 458 5402 397
512 5347 913 5412 Columbanus.
946 5351 1014 5386 ³⁹⁸
1033 5349 1165 5405 solis
1213 5348 1281 5383 39°
1303 5355 1484 5404 nocte.
1519 5347 1587 5382 ⁴⁰⁰
1614 5347 1915 5402 daemones.

277 5622 510 5705 (211)

1854 5473 2057 5529 NOTAE.

554 5609 1146 5689 Ergo_adhue_szeculo
1173 5624 1206 5661 χ
1233 5606 2043 5689 episcopi.dicebantnrnpapai
2063 5625 2075 5661 :
2113 5608 2241 5662 item
2257 5610 2506 5689 “suntmi-
2548 5609 2837 5689 pontifices
2885 5610 3076 5665 saltem
3111 5611 3144 5664 ii
3206 5613 3298 5684 qui
3332 5623 3624 5689 metropo-

178 5677 364 5767 ιηὲζ
382 5677 726 5754 ξεῖοὲῐιῑξίιῑί
765 5700 827 5736 ex
858 5683 1044 5736 Odone
1076 5677 1504 5734 Glanni’fosiensi
1531 5677 1730 5732 abbate
1760 5679 1812 5731 in
1845 5677 1973 5733 Hist.
2004 5679 2223 5733 Transs.
2255 5680 2306 5732 S.
2344 5681 2506 5734 Mauri
2533 5677 2658 5733 abb.
2683 5691 2914 5735 constat.
