  <div class='ocr_page' id='page_1' title='image "/cluster/home/n/w/nwhite01/storage/ocr_20150623/135/hvd.32044054759956/446.png"; bbox 0 0 3994 6148; ppageno 0'>
   <div class='ocr_carea' id='block_1_1' title="bbox 198 258 3539 326">
    <p class='ocr_par' dir='ltr' id='par_1_1' title="bbox 198 258 3539 326">
     <span class='ocr_line' id='line_1_1' title="bbox 198 258 3539 326; baseline -0.004 0"><span class='ocrx_word' id='word_1_1' title='bbox 198 274 282 326; x_wconf 83' lang='grc'>881</span> <span class='ocrx_word' id='word_1_2' title='bbox 783 269 865 325; x_wconf 84' lang='lat' dir='ltr'><strong>DE</strong></span> <span class='ocrx_word' id='word_1_3' title='bbox 906 269 1163 324; x_wconf 80' lang='lat' dir='ltr'><strong>CHRISTI</strong></span> <span class='ocrx_word' id='word_1_4' title='bbox 1202 266 1567 323; x_wconf 85' lang='lat' dir='ltr'><strong>TRIUMPHIS</strong></span> <span class='ocrx_word' id='word_1_5' title='bbox 1607 267 1779 322; x_wconf 84' lang='lat' dir='ltr'><strong>APUD</strong></span> <span class='ocrx_word' id='word_1_6' title='bbox 1825 265 2086 322; x_wconf 83' lang='lat' dir='ltr'><strong>ITALIAM</strong></span> <span class='ocrx_word' id='word_1_7' title='bbox 2130 263 2306 319; x_wconf 82' lang='lat' dir='ltr'>LIBRI</span> <span class='ocrx_word' id='word_1_8' title='bbox 2348 262 2478 316; x_wconf 85' lang='lat' dir='ltr'><strong>XIV.</strong></span> <span class='ocrx_word' id='word_1_9' title='bbox 2521 291 2590 301; x_wconf 96' lang='lat'><strong>—</strong></span> <span class='ocrx_word' id='word_1_10' title='bbox 2633 260 2757 314; x_wconf 85' lang='lat' dir='ltr'><strong>LIB.</strong></span> <span class='ocrx_word' id='word_1_11' title='bbox 2801 259 2930 313; x_wconf 78' lang='lat' dir='ltr'><strong>XIV.</strong></span> <span class='ocrx_word' id='word_1_12' title='bbox 3144 259 3148 263; x_wconf 84' lang='grc'><strong>’</strong></span> <span class='ocrx_word' id='word_1_13' title='bbox 3433 258 3539 311; x_wconf 77' lang='lat'><strong>882</strong></span> 
     </span>
    </p>
   </div>
   <div class='ocr_carea' id='block_1_2' title="bbox 262 380 3461 464">
    <p class='ocr_par' dir='ltr' id='par_1_2' title="bbox 262 380 3461 464">
     <span class='ocr_line' id='line_1_2' title="bbox 262 380 3461 464; baseline -0.005 -17"><span class='ocrx_word' id='word_1_14' title='bbox 262 392 482 447; x_wconf 76' lang='lat' dir='ltr'><strong>Foedera</strong></span> <span class='ocrx_word' id='word_1_15' title='bbox 510 397 661 464; x_wconf 86' lang='lat' dir='ltr'><strong>grata</strong></span> <span class='ocrx_word' id='word_1_16' title='bbox 692 389 879 445; x_wconf 86' lang='lat' dir='ltr'><strong>hilaris</strong></span> <span class='ocrx_word' id='word_1_17' title='bbox 907 406 998 445; x_wconf 89' lang='lat' dir='ltr'><strong>rex</strong></span> <span class='ocrx_word' id='word_1_18' title='bbox 1029 400 1258 462; x_wconf 77' lang='lat' dir='ltr'><strong>captans</strong></span> <span class='ocrx_word' id='word_1_19' title='bbox 1296 391 1509 446; x_wconf 90' lang='lat' dir='ltr'><strong>honore</strong></span> <span class='ocrx_word' id='word_1_20' title='bbox 1548 398 1804 446; x_wconf 77' lang='lat' dir='ltr'><strong>venustat</strong></span> <span class='ocrx_word' id='word_1_21' title='bbox 1831 398 1876 462; x_wconf 77' lang='grc' dir='ltr'><strong>Α</strong></span> <span class='ocrx_word' id='word_1_22' title='bbox 1908 390 2148 446; x_wconf 88' lang='lat' dir='ltr'><strong>Nexibus</strong></span> <span class='ocrx_word' id='word_1_23' title='bbox 2180 388 2309 443; x_wconf 90' lang='lat' dir='ltr'><strong>hinc</strong></span> <span class='ocrx_word' id='word_1_24' title='bbox 2348 385 2585 440; x_wconf 89' lang='lat' dir='ltr'><strong>animam</strong></span> <span class='ocrx_word' id='word_1_25' title='bbox 2619 383 2800 438; x_wconf 89' lang='lat' dir='ltr'><strong>carnis</strong></span> <span class='ocrx_word' id='word_1_26' title='bbox 2832 380 3191 452; x_wconf 76' lang='lat' dir='ltr'><strong>tenebrisque</strong></span> <span class='ocrx_word' id='word_1_27' title='bbox 3229 381 3461 433; x_wconf 78' lang='lat' dir='ltr'><strong>solutam</strong></span> 
     </span>
    </p>
   </div>
   <div class='ocr_carea' id='block_1_3' title="bbox 197 476 3177 559">
    <p class='ocr_par' dir='ltr' id='par_1_3' title="bbox 197 476 3177 559">
     <span class='ocr_line' id='line_1_3' title="bbox 197 476 3177 559; baseline -0.004 -19"><span class='ocrx_word' id='word_1_28' title='bbox 197 487 369 541; x_wconf 88' lang='lat' dir='ltr'><strong>Castra</strong></span> <span class='ocrx_word' id='word_1_29' title='bbox 390 498 626 556; x_wconf 84' lang='lat' dir='ltr'><strong>superna</strong></span> <span class='ocrx_word' id='word_1_30' title='bbox 657 483 821 546; x_wconf 86' lang='lat' dir='ltr'><strong>fovet,</strong></span> <span class='ocrx_word' id='word_1_31' title='bbox 855 484 1106 558; x_wconf 88' lang='lat' dir='ltr'><strong>delegata</strong></span> <span class='ocrx_word' id='word_1_32' title='bbox 1140 484 1361 559; x_wconf 81' lang='lat' dir='ltr'><strong>agmina</strong></span> <span class='ocrx_word' id='word_1_33' title='bbox 1388 482 1565 543; x_wconf 81' lang='lat' dir='ltr'><strong>fulcit.</strong></span> <span class='ocrx_word' id='word_1_34' title='bbox 1908 484 2155 540; x_wconf 82' lang='lat' dir='ltr'><strong>Almitico</strong></span> <span class='ocrx_word' id='word_1_35' title='bbox 2182 483 2340 539; x_wconf 70' lang='lat' dir='ltr'><strong>crelis</strong></span> <span class='ocrx_word' id='word_1_36' title='bbox 2368 479 2534 535; x_wconf 92' lang='lat' dir='ltr'><strong>infert</strong></span> <span class='ocrx_word' id='word_1_37' title='bbox 2572 478 2869 548; x_wconf 86' lang='lat' dir='ltr'><strong>splendore</strong></span> <span class='ocrx_word' id='word_1_38' title='bbox 2900 476 3177 530; x_wconf 86' lang='lat' dir='ltr'><strong>decoram.</strong></span> 
     </span>
    </p>
   </div>
   <div class='ocr_carea' id='block_1_4' title="bbox 195 564 3375 647">
    <p class='ocr_par' dir='ltr' id='par_1_4' title="bbox 195 564 3375 647">
     <span class='ocr_line' id='line_1_4' title="bbox 195 564 3375 647; baseline -0.005 -16"><span class='ocrx_word' id='word_1_39' title='bbox 195 577 455 632; x_wconf 77' lang='lat' dir='ltr'><strong>Subsidiis</strong></span> <span class='ocrx_word' id='word_1_40' title='bbox 480 575 679 647; x_wconf 89' lang='lat' dir='ltr'><strong>explet,</strong></span> <span class='ocrx_word' id='word_1_41' title='bbox 712 575 1034 630; x_wconf 85' lang='lat' dir='ltr'><strong>dominandi</strong></span> <span class='ocrx_word' id='word_1_42' title='bbox 1060 574 1265 630; x_wconf 83' lang='lat' dir='ltr'><strong>finibus</strong></span> <span class='ocrx_word' id='word_1_43' title='bbox 1293 582 1478 647; x_wconf 79' lang='lat' dir='ltr'><strong>auget.</strong></span> <span class='ocrx_word' id='word_1_44' title='bbox 1905 570 2412 647; x_wconf 85' lang='lat' dir='ltr'><strong>Piguerarestructi</strong></span> <span class='ocrx_word' id='word_1_45' title='bbox 2451 584 2550 639; x_wconf 88' lang='lat' dir='ltr'><strong>per</strong></span> <span class='ocrx_word' id='word_1_46' title='bbox 2588 583 2712 621; x_wconf 87' lang='lat' dir='ltr'><strong>cum</strong></span> <span class='ocrx_word' id='word_1_47' title='bbox 2748 564 2937 635; x_wconf 87' lang='lat' dir='ltr'><strong>templi</strong></span> <span class='ocrx_word' id='word_1_48' title='bbox 2959 564 3076 618; x_wconf 72' lang='lat' dir='ltr'><strong>tt!th</strong></span> <span class='ocrx_word' id='word_1_49' title='bbox 3110 565 3375 618; x_wconf 82' lang='lat' dir='ltr'><strong>locantur.</strong></span> 
     </span>
    </p>
   </div>
   <div class='ocr_carea' id='block_1_5' title="bbox 259 653 3444 739">
    <p class='ocr_par' dir='ltr' id='par_1_5' title="bbox 259 653 3444 739">
     <span class='ocr_line' id='line_1_5' title="bbox 259 653 3444 739; baseline -0.006 -17"><span class='ocrx_word' id='word_1_50' title='bbox 259 662 505 721; x_wconf 61' lang='grc' dir='ltr'><strong>ΑιῬλῐρτ</strong></span> <span class='ocrx_word' id='word_1_51' title='bbox 532 667 646 739; x_wconf 91' lang='lat' dir='ltr'><strong>ipse</strong></span> <span class='ocrx_word' id='word_1_52' title='bbox 674 666 1045 722; x_wconf 88' lang='lat' dir='ltr'><strong>Columbanus</strong></span> <span class='ocrx_word' id='word_1_53' title='bbox 1066 667 1197 721; x_wconf 91' lang='lat' dir='ltr'><strong>dum</strong></span> <span class='ocrx_word' id='word_1_54' title='bbox 1223 666 1498 721; x_wconf 81' lang='lat' dir='ltr'><strong>clauditur</strong></span> <span class='ocrx_word' id='word_1_55' title='bbox 1524 682 1724 729; x_wconf 86' lang='lat' dir='ltr'><strong>annus,</strong></span> <span class='ocrx_word' id='word_1_56' title='bbox 1905 663 2072 726; x_wconf 84' lang='lat' dir='ltr'><strong>Quam</strong></span> <span class='ocrx_word' id='word_1_57' title='bbox 2094 661 2259 715; x_wconf 68' lang='lat' dir='ltr'><strong>celsa)</strong></span> <span class='ocrx_word' id='word_1_58' title='bbox 2301 656 2561 713; x_wconf 86' lang='lat' dir='ltr'><strong>meritum</strong></span> <span class='ocrx_word' id='word_1_59' title='bbox 2595 655 2741 720; x_wconf 64' lang='lat' dir='ltr'><strong>vitae,</strong></span> <span class='ocrx_word' id='word_1_60' title='bbox 2776 654 2899 707; x_wconf 86' lang='lat' dir='ltr'><strong>data</strong></span> <span class='ocrx_word' id='word_1_61' title='bbox 2921 653 3078 727; x_wconf 83' lang='lat' dir='ltr'><strong>signa</strong></span> <span class='ocrx_word' id='word_1_62' title='bbox 3110 654 3444 724; x_wconf 88' lang='lat' dir='ltr'><strong>loquuntur:</strong></span> 
     </span>
    </p>
   </div>
   <div class='ocr_carea' id='block_1_6' title="bbox 196 745 3367 827">
    <p class='ocr_par' dir='ltr' id='par_1_6' title="bbox 196 745 3367 827">
     <span class='ocr_line' id='line_1_6' title="bbox 196 745 3367 827; baseline -0.003 -16"><span class='ocrx_word' id='word_1_63' title='bbox 196 757 450 821; x_wconf 82' lang='lat' dir='ltr'><strong>Maudatis</strong></span> <span class='ocrx_word' id='word_1_64' title='bbox 480 757 549 791; x_wconf 82' lang='grc'><strong>⁸¹⁶</strong></span> <span class='ocrx_word' id='word_1_65' title='bbox 576 772 716 812; x_wconf 90' lang='lat' dir='ltr'><strong>nova</strong></span> <span class='ocrx_word' id='word_1_66' title='bbox 746 764 903 827; x_wconf 87' lang='lat' dir='ltr'><strong>septa</strong></span> <span class='ocrx_word' id='word_1_67' title='bbox 923 756 1053 812; x_wconf 84' lang='lat' dir='ltr'><strong>colit</strong></span> <span class='ocrx_word' id='word_1_68' title='bbox 1078 756 1233 811; x_wconf 64' lang='lat' dir='ltr'><strong>cellae</strong></span> <span class='ocrx_word' id='word_1_69' title='bbox 1270 755 1597 811; x_wconf 87' lang='lat' dir='ltr'><strong>Ebobiensis</strong></span> <span class='ocrx_word' id='word_1_70' title='bbox 1901 754 2292 809; x_wconf 83' lang='lat' dir='ltr'><strong>Strenuitatem</strong></span> <span class='ocrx_word' id='word_1_71' title='bbox 2326 749 2497 805; x_wconf 90' lang='lat' dir='ltr'><strong>animi</strong></span> <span class='ocrx_word' id='word_1_72' title='bbox 2533 755 2797 819; x_wconf 64' lang='lat' dir='ltr'><strong>praestans</strong></span> <span class='ocrx_word' id='word_1_73' title='bbox 2825 747 3071 802; x_wconf 84' lang='lat' dir='ltr'><strong>doctrina</strong></span> <span class='ocrx_word' id='word_1_74' title='bbox 3105 745 3367 816; x_wconf 82' lang='lat' dir='ltr'><strong>profatur.</strong></span> 
     </span>
    </p>
   </div>
   <div class='ocr_carea' id='block_1_7' title="bbox 1657 952 2045 1008">
    <p class='ocr_par' dir='ltr' id='par_1_7' title="bbox 1657 952 2045 1008">
     <span class='ocr_line' id='line_1_7' title="bbox 1657 952 2045 1008; baseline 0.003 -1"><span class='ocrx_word' id='word_1_75' title='bbox 1657 952 1863 1007; x_wconf 72' lang='lat' dir='ltr'><strong>CAPUT</strong></span> <span class='ocrx_word' id='word_1_76' title='bbox 1912 953 2045 1008; x_wconf 82' lang='lat' dir='ltr'><strong>XIX.</strong></span> 
     </span>
    </p>
   </div>
   <div class='ocr_carea' id='block_1_8' title="bbox 1558 1083 2146 1143">
    <p class='ocr_par' dir='ltr' id='par_1_8' title="bbox 1558 1083 2146 1143">
     <span class='ocr_line' id='line_1_8' title="bbox 1558 1083 2146 1143; baseline 0 -2"><span class='ocrx_word' id='word_1_77' title='bbox 1558 1083 1636 1141; x_wconf 89' lang='lat' dir='ltr'><strong>De</strong></span> <span class='ocrx_word' id='word_1_78' title='bbox 1677 1090 1881 1142; x_wconf 77' lang='lat' dir='ltr'><strong>sancto</strong></span> <span class='ocrx_word' id='word_1_79' title='bbox 1925 1083 2146 1143; x_wconf 78' lang='grc' dir='ltr'><em>Αιιαια.</em></span> 
     </span>
    </p>
   </div>
   <div class='ocr_carea' id='block_1_9' title="bbox 255 1256 3159 1333">
    <p class='ocr_par' dir='ltr' id='par_1_9' title="bbox 255 1256 3159 1333">
     <span class='ocr_line' id='line_1_9' title="bbox 255 1256 3159 1333; baseline 0.001 -21"><span class='ocrx_word' id='word_1_80' title='bbox 255 1258 541 1332; x_wconf 73' lang='lat' dir='ltr'><strong>Magnifica</strong></span> <span class='ocrx_word' id='word_1_81' title='bbox 571 1259 714 1314; x_wconf 90' lang='lat' dir='ltr'><strong>Patri</strong></span> <span class='ocrx_word' id='word_1_82' title='bbox 746 1260 811 1294; x_wconf 75' lang='lat'><strong>“7</strong></span> <span class='ocrx_word' id='word_1_83' title='bbox 853 1276 1087 1331; x_wconf 84' lang='lat' dir='ltr'><strong>magnus</strong></span> <span class='ocrx_word' id='word_1_84' title='bbox 1116 1259 1365 1315; x_wconf 87' lang='lat' dir='ltr'><strong>succedit</strong></span> <span class='ocrx_word' id='word_1_85' title='bbox 1393 1260 1651 1315; x_wconf 88' lang='lat' dir='ltr'><strong>alumnus</strong></span> <span class='ocrx_word' id='word_1_86' title='bbox 1906 1260 2119 1325; x_wconf 85' lang='lat' dir='ltr'><strong>Visere,</strong></span> <span class='ocrx_word' id='word_1_87' title='bbox 2153 1259 2371 1316; x_wconf 86' lang='lat' dir='ltr'><strong>solatiis</strong></span> <span class='ocrx_word' id='word_1_88' title='bbox 2403 1256 2665 1330; x_wconf 83' lang='lat' dir='ltr'><strong>votisque</strong></span> <span class='ocrx_word' id='word_1_89' title='bbox 2689 1258 2883 1327; x_wconf 86' lang='lat' dir='ltr'><strong>juvare</strong></span> <span class='ocrx_word' id='word_1_90' title='bbox 2914 1266 3159 1333; x_wconf 80' lang='lat' dir='ltr'><strong>rogatus,</strong></span> 
     </span>
    </p>
   </div>
   <div class='ocr_carea' id='block_1_10' title="bbox 183 1351 3439 1427">
    <p class='ocr_par' dir='ltr' id='par_1_10' title="bbox 183 1351 3439 1427">
     <span class='ocr_line' id='line_1_10' title="bbox 183 1351 3439 1427; baseline 0.002 -22"><span class='ocrx_word' id='word_1_91' title='bbox 183 1352 372 1416; x_wconf 86' lang='lat' dir='ltr'><strong>Attala,</strong></span> <span class='ocrx_word' id='word_1_92' title='bbox 404 1352 492 1406; x_wconf 92' lang='lat' dir='ltr'><strong>cui</strong></span> <span class='ocrx_word' id='word_1_93' title='bbox 515 1351 714 1407; x_wconf 87' lang='lat' dir='ltr'><strong>celsam</strong></span> <span class='ocrx_word' id='word_1_94' title='bbox 740 1352 985 1423; x_wconf 90' lang='lat' dir='ltr'><strong>perperit</strong></span> <span class='ocrx_word' id='word_1_95' title='bbox 1016 1353 1331 1427; x_wconf 86' lang='lat' dir='ltr'><strong>Burgundia</strong></span> <span class='ocrx_word' id='word_1_96' title='bbox 1351 1353 1602 1423; x_wconf 92' lang='lat' dir='ltr'><strong>stirpem.</strong></span> <span class='ocrx_word' id='word_1_97' title='bbox 1904 1355 2157 1410; x_wconf 77' lang='lat' dir='ltr'><strong>Adventu</strong></span> <span class='ocrx_word' id='word_1_98' title='bbox 2188 1354 2533 1411; x_wconf 88' lang='lat' dir='ltr'><strong>incolumem</strong></span> <span class='ocrx_word' id='word_1_99' title='bbox 2561 1354 2927 1426; x_wconf 88' lang='lat' dir='ltr'><strong>precibusque</strong></span> <span class='ocrx_word' id='word_1_100' title='bbox 2947 1354 3039 1409; x_wconf 90' lang='lat' dir='ltr'><strong>dat</strong></span> <span class='ocrx_word' id='word_1_101' title='bbox 3065 1354 3145 1409; x_wconf 91' lang='lat' dir='ltr'><strong>ire</strong></span> <span class='ocrx_word' id='word_1_102' title='bbox 3161 1356 3439 1427; x_wconf 76' lang='lat' dir='ltr'><strong>vigentem</strong></span> 
     </span>
    </p>
   </div>
   <div class='ocr_carea' id='block_1_11' title="bbox 185 1440 3182 1519">
    <p class='ocr_par' dir='ltr' id='par_1_11' title="bbox 185 1440 3182 1519">
     <span class='ocr_line' id='line_1_11' title="bbox 185 1440 3182 1519; baseline 0.002 -25"><span class='ocrx_word' id='word_1_103' title='bbox 185 1440 426 1496; x_wconf 80' lang='lat' dir='ltr'><strong>Pontiﬁci</strong></span> <span class='ocrx_word' id='word_1_104' title='bbox 456 1443 616 1497; x_wconf 91' lang='lat' dir='ltr'><strong>datur</strong></span> <span class='ocrx_word' id='word_1_105' title='bbox 642 1443 731 1498; x_wconf 90' lang='lat' dir='ltr'><strong>hic</strong></span> <span class='ocrx_word' id='word_1_106' title='bbox 749 1443 996 1517; x_wconf 88' lang='lat' dir='ltr'><strong>genitore</strong></span> <span class='ocrx_word' id='word_1_107' title='bbox 1025 1442 1241 1498; x_wconf 83' lang='lat' dir='ltr'><strong>ferente</strong></span> <span class='ocrx_word' id='word_1_108' title='bbox 1272 1442 1538 1498; x_wconf 87' lang='lat' dir='ltr'><strong>colendus</strong></span> <span class='ocrx_word' id='word_1_109' title='bbox 1566 1443 1655 1510; x_wconf 58' lang='lat'><strong>“3,</strong></span> <span class='ocrx_word' id='word_1_110' title='bbox 1976 1448 2125 1502; x_wconf 90' lang='lat' dir='ltr'><strong>Inter</strong></span> <span class='ocrx_word' id='word_1_111' title='bbox 2155 1447 2314 1518; x_wconf 87' lang='lat' dir='ltr'><strong>plura</strong></span> <span class='ocrx_word' id='word_1_112' title='bbox 2345 1446 2480 1501; x_wconf 90' lang='lat' dir='ltr'><strong>dein</strong></span> <span class='ocrx_word' id='word_1_113' title='bbox 2506 1445 2765 1502; x_wconf 85' lang='lat' dir='ltr'><strong>virtutum</strong></span> <span class='ocrx_word' id='word_1_114' title='bbox 2784 1453 2937 1519; x_wconf 87' lang='lat' dir='ltr'><strong>gesta</strong></span> <span class='ocrx_word' id='word_1_115' title='bbox 2968 1446 3182 1518; x_wconf 89' lang='lat' dir='ltr'><strong>piarum</strong></span> 
     </span>
    </p>
   </div>
   <div class='ocr_carea' id='block_1_12' title="bbox 182 1531 3372 1605">
    <p class='ocr_par' dir='ltr' id='par_1_12' title="bbox 182 1531 3372 1605">
     <span class='ocr_line' id='line_1_12' title="bbox 182 1531 3372 1605; baseline 0.003 -21"><span class='ocrx_word' id='word_1_116' title='bbox 182 1533 355 1586; x_wconf 80' lang='lat' dir='ltr'><strong>Artior</strong></span> <span class='ocrx_word' id='word_1_117' title='bbox 382 1541 672 1605; x_wconf 86' lang='lat' dir='ltr'><strong>angustum</strong></span> <span class='ocrx_word' id='word_1_118' title='bbox 705 1531 957 1587; x_wconf 86' lang='lat' dir='ltr'><strong>fervescit</strong></span> <span class='ocrx_word' id='word_1_119' title='bbox 988 1533 1258 1588; x_wconf 83' lang='lat' dir='ltr'><strong>scandere</strong></span> <span class='ocrx_word' id='word_1_120' title='bbox 1289 1533 1503 1588; x_wconf 91' lang='lat' dir='ltr'><strong>callem.</strong></span> <span class='ocrx_word' id='word_1_121' title='bbox 1903 1540 2058 1595; x_wconf 87' lang='lat' dir='ltr'><strong>Hunc</strong></span> <span class='ocrx_word' id='word_1_122' title='bbox 2079 1540 2219 1594; x_wconf 86' lang='lat' dir='ltr'><strong>Deus</strong></span> <span class='ocrx_word' id='word_1_123' title='bbox 2248 1538 2527 1594; x_wconf 72' lang='lat' dir='ltr'><strong>aerumnis</strong></span> <span class='ocrx_word' id='word_1_124' title='bbox 2552 1554 2788 1594; x_wconf 89' lang='lat' dir='ltr'><strong>censens</strong></span> <span class='ocrx_word' id='word_1_125' title='bbox 2818 1539 3105 1595; x_wconf 85' lang='lat' dir='ltr'><strong>absolvere</strong></span> <span class='ocrx_word' id='word_1_126' title='bbox 3135 1538 3372 1605; x_wconf 84' lang='lat' dir='ltr'><strong>anhelis,</strong></span> 
     </span>
    </p>
   </div>
   <div class='ocr_carea' id='block_1_13' title="bbox 182 1623 3103 1728">
    <p class='ocr_par' dir='ltr' id='par_1_13' title="bbox 182 1623 3103 1728">
     <span class='ocr_line' id='line_1_13' title="bbox 182 1623 3103 1728; baseline 0.002 -52"><span class='ocrx_word' id='word_1_127' title='bbox 182 1623 264 1677; x_wconf 88' lang='lat' dir='ltr'><strong>Sic</strong></span> <span class='ocrx_word' id='word_1_128' title='bbox 293 1623 435 1678; x_wconf 90' lang='lat' dir='ltr'><strong>clam</strong></span> <span class='ocrx_word' id='word_1_129' title='bbox 468 1623 846 1696; x_wconf 86' lang='lat' dir='ltr'><strong>progrediens,</strong></span> <span class='ocrx_word' id='word_1_130' title='bbox 889 1625 1287 1680; x_wconf 89' lang='lat' dir='ltr'><strong>monachorum</strong></span> <span class='ocrx_word' id='word_1_131' title='bbox 1319 1634 1495 1679; x_wconf 88' lang='lat' dir='ltr'><strong>castra</strong></span> <span class='ocrx_word' id='word_1_132' title='bbox 1518 1633 1788 1701; x_wconf 69' lang='lat' dir='ltr'><strong>peragrat,</strong></span> <span class='ocrx_word' id='word_1_133' title='bbox 1813 1660 1864 1728; x_wconf 81' lang='grc' dir='ltr'><strong>Β</strong></span> <span class='ocrx_word' id='word_1_134' title='bbox 1898 1627 2129 1682; x_wconf 90' lang='lat' dir='ltr'><strong>Lumine</strong></span> <span class='ocrx_word' id='word_1_135' title='bbox 2158 1628 2385 1682; x_wconf 82' lang='lat' dir='ltr'><strong>lustrari</strong></span> <span class='ocrx_word' id='word_1_136' title='bbox 2416 1627 2594 1698; x_wconf 87' lang='lat' dir='ltr'><strong>pacis,</strong></span> <span class='ocrx_word' id='word_1_137' title='bbox 2629 1628 2857 1700; x_wconf 83' lang='lat' dir='ltr'><strong>iotuque</strong></span> <span class='ocrx_word' id='word_1_138' title='bbox 2884 1628 3103 1701; x_wconf 85' lang='lat' dir='ltr'><strong>quietis,</strong></span> 
     </span>
    </p>
   </div>
   <div class='ocr_carea' id='block_1_14' title="bbox 181 1710 3458 1793">
    <p class='ocr_par' dir='ltr' id='par_1_14' title="bbox 181 1710 3458 1793">
     <span class='ocr_line' id='line_1_14' title="bbox 181 1710 3458 1793; baseline 0.002 -23"><span class='ocrx_word' id='word_1_139' title='bbox 181 1718 237 1771; x_wconf 83' lang='lat' dir='ltr'><strong>Et</strong></span> <span class='ocrx_word' id='word_1_140' title='bbox 260 1719 475 1787; x_wconf 85' lang='lat' dir='ltr'><strong>potiora</strong></span> <span class='ocrx_word' id='word_1_141' title='bbox 499 1718 685 1774; x_wconf 90' lang='lat' dir='ltr'><strong>calens</strong></span> <span class='ocrx_word' id='word_1_142' title='bbox 722 1719 812 1785; x_wconf 72' lang='lat'><strong>“9,</strong></span> <span class='ocrx_word' id='word_1_143' title='bbox 855 1718 1001 1774; x_wconf 91' lang='lat' dir='ltr'><strong>dicto</strong></span> <span class='ocrx_word' id='word_1_144' title='bbox 1033 1718 1138 1774; x_wconf 86' lang='lat' dir='ltr'><strong>fert</strong></span> <span class='ocrx_word' id='word_1_145' title='bbox 1169 1718 1309 1775; x_wconf 89' lang='lat' dir='ltr'><strong>colla</strong></span> <span class='ocrx_word' id='word_1_146' title='bbox 1338 1710 1594 1789; x_wconf 78' lang='lat' dir='ltr'><strong>patrono,</strong></span> <span class='ocrx_word' id='word_1_147' title='bbox 1813 1710 1863 1728; x_wconf 69' lang='grc' dir='ltr'><em>υ</em></span> <span class='ocrx_word' id='word_1_148' title='bbox 1895 1719 2165 1791; x_wconf 88' lang='lat' dir='ltr'><strong>Tempora</strong></span> <span class='ocrx_word' id='word_1_149' title='bbox 2188 1727 2340 1774; x_wconf 90' lang='lat' dir='ltr'><strong>certa</strong></span> <span class='ocrx_word' id='word_1_150' title='bbox 2370 1720 2529 1775; x_wconf 91' lang='lat' dir='ltr'><strong>iteris</strong></span> <span class='ocrx_word' id='word_1_151' title='bbox 2558 1720 2628 1754; x_wconf 82' lang='grc'><strong>⁸²⁶</strong></span> <span class='ocrx_word' id='word_1_152' title='bbox 2648 1719 2833 1793; x_wconf 88' lang='lat' dir='ltr'><strong>signat</strong></span> <span class='ocrx_word' id='word_1_153' title='bbox 2849 1721 3184 1792; x_wconf 87' lang='lat' dir='ltr'><strong>jamjamque</strong></span> <span class='ocrx_word' id='word_1_154' title='bbox 3211 1720 3458 1792; x_wconf 87' lang='lat' dir='ltr'><strong>petendi.</strong></span> 
     </span>
    </p>
   </div>
   <div class='ocr_carea' id='block_1_15' title="bbox 177 1808 3351 1888">
    <p class='ocr_par' dir='ltr' id='par_1_15' title="bbox 177 1808 3351 1888">
     <span class='ocr_line' id='line_1_15' title="bbox 177 1808 3351 1888; baseline -0.001 -23"><span class='ocrx_word' id='word_1_155' title='bbox 177 1814 347 1883; x_wconf 87' lang='lat' dir='ltr'><strong>Atque</strong></span> <span class='ocrx_word' id='word_1_156' title='bbox 379 1812 714 1868; x_wconf 86' lang='lat' dir='ltr'><strong>Columbano</strong></span> <span class='ocrx_word' id='word_1_157' title='bbox 745 1813 908 1868; x_wconf 89' lang='lat' dir='ltr'><strong>tradit</strong></span> <span class='ocrx_word' id='word_1_158' title='bbox 926 1830 987 1868; x_wconf 91' lang='lat' dir='ltr'><strong>se</strong></span> <span class='ocrx_word' id='word_1_159' title='bbox 1022 1813 1146 1869; x_wconf 92' lang='lat' dir='ltr'><strong>luce</strong></span> <span class='ocrx_word' id='word_1_160' title='bbox 1175 1813 1501 1888; x_wconf 84' lang='lat' dir='ltr'><strong>regendum.</strong></span> <span class='ocrx_word' id='word_1_161' title='bbox 1894 1809 1956 1863; x_wconf 87' lang='lat' dir='ltr'><strong>Et</strong></span> <span class='ocrx_word' id='word_1_162' title='bbox 1989 1808 2115 1863; x_wconf 85' lang='lat' dir='ltr'><strong>licet</strong></span> <span class='ocrx_word' id='word_1_163' title='bbox 2144 1808 2263 1879; x_wconf 88' lang='lat' dir='ltr'><strong>ipse</strong></span> <span class='ocrx_word' id='word_1_164' title='bbox 2295 1808 2423 1863; x_wconf 90' lang='lat' dir='ltr'><strong>dies</strong></span> <span class='ocrx_word' id='word_1_165' title='bbox 2465 1816 2591 1881; x_wconf 89' lang='lat' dir='ltr'><strong>post</strong></span> <span class='ocrx_word' id='word_1_166' title='bbox 2621 1809 3022 1881; x_wconf 80' lang='lat' dir='ltr'><strong>quinquaginta</strong></span> <span class='ocrx_word' id='word_1_167' title='bbox 3052 1810 3351 1863; x_wconf 88' lang='lat' dir='ltr'><strong>meandum</strong></span> 
     </span>
    </p>
   </div>
   <div class='ocr_carea' id='block_1_16' title="bbox 176 1897 3205 1973">
    <p class='ocr_par' dir='ltr' id='par_1_16' title="bbox 176 1897 3205 1973">
     <span class='ocr_line' id='line_1_16' title="bbox 176 1897 3205 1973; baseline -0.001 -19"><span class='ocrx_word' id='word_1_168' title='bbox 176 1901 265 1955; x_wconf 87' lang='lat' dir='ltr'><strong>Ille</strong></span> <span class='ocrx_word' id='word_1_169' title='bbox 295 1901 401 1955; x_wconf 89' lang='lat' dir='ltr'><strong>sibi</strong></span> <span class='ocrx_word' id='word_1_170' title='bbox 437 1908 684 1968; x_wconf 86' lang='lat' dir='ltr'><strong>nectens,</strong></span> <span class='ocrx_word' id='word_1_171' title='bbox 715 1902 947 1973; x_wconf 62' lang='lat' dir='ltr'><strong>quaesito</strong></span> <span class='ocrx_word' id='word_1_172' title='bbox 979 1902 1188 1958; x_wconf 91' lang='lat' dir='ltr'><strong>lumine</strong></span> <span class='ocrx_word' id='word_1_173' title='bbox 1219 1903 1483 1969; x_wconf 90' lang='lat' dir='ltr'><strong>ﬂammat,</strong></span> <span class='ocrx_word' id='word_1_174' title='bbox 1891 1898 2008 1961; x_wconf 85' lang='lat' dir='ltr'><strong>Quo</strong></span> <span class='ocrx_word' id='word_1_175' title='bbox 2039 1897 2130 1963; x_wconf 88' lang='lat' dir='ltr'><strong>sit,</strong></span> <span class='ocrx_word' id='word_1_176' title='bbox 2155 1912 2266 1952; x_wconf 91' lang='lat' dir='ltr'><strong>non</strong></span> <span class='ocrx_word' id='word_1_177' title='bbox 2299 1897 2446 1953; x_wconf 89' lang='lat' dir='ltr'><strong>adeo</strong></span> <span class='ocrx_word' id='word_1_178' title='bbox 2480 1899 2713 1953; x_wconf 89' lang='lat' dir='ltr'><strong>monitis</strong></span> <span class='ocrx_word' id='word_1_179' title='bbox 2741 1897 2954 1951; x_wconf 88' lang='lat' dir='ltr'><strong>dicatur</strong></span> <span class='ocrx_word' id='word_1_180' title='bbox 2972 1898 3205 1968; x_wconf 88' lang='lat' dir='ltr'><strong>apertis;</strong></span> 
     </span>
    </p>
   </div>
   <div class='ocr_carea' id='block_1_17' title="bbox 172 1988 3387 2067">
    <p class='ocr_par' dir='ltr' id='par_1_17' title="bbox 172 1988 3387 2067">
     <span class='ocr_line' id='line_1_17' title="bbox 172 1988 3387 2067; baseline 0.001 -24"><span class='ocrx_word' id='word_1_181' title='bbox 172 1990 298 2044; x_wconf 85' lang='lat' dir='ltr'><strong>Dum</strong></span> <span class='ocrx_word' id='word_1_182' title='bbox 336 1992 405 2025; x_wconf 83' lang='grc'><strong>⁸¹⁰</strong></span> <span class='ocrx_word' id='word_1_183' title='bbox 436 1992 638 2062; x_wconf 86' lang='lat' dir='ltr'><strong>petitur</strong></span> <span class='ocrx_word' id='word_1_184' title='bbox 667 1992 864 2048; x_wconf 90' lang='lat' dir='ltr'><strong>virtute</strong></span> <span class='ocrx_word' id='word_1_185' title='bbox 893 1992 1068 2048; x_wconf 86' lang='lat' dir='ltr'><strong>vicem</strong></span> <span class='ocrx_word' id='word_1_186' title='bbox 1101 1992 1362 2063; x_wconf 90' lang='lat' dir='ltr'><strong>supplere</strong></span> <span class='ocrx_word' id='word_1_187' title='bbox 1395 1992 1665 2067; x_wconf 79' lang='lat' dir='ltr'><strong>magistri,</strong></span> <span class='ocrx_word' id='word_1_188' title='bbox 1889 1989 2164 2059; x_wconf 72' lang='lat' dir='ltr'><strong>Przeparat</strong></span> <span class='ocrx_word' id='word_1_189' title='bbox 2192 1996 2323 2060; x_wconf 86' lang='lat' dir='ltr'><strong>apta</strong></span> <span class='ocrx_word' id='word_1_190' title='bbox 2341 1989 2690 2045; x_wconf 84' lang='lat' dir='ltr'><strong>remansuris</strong></span> <span class='ocrx_word' id='word_1_191' title='bbox 2710 1998 2917 2056; x_wconf 88' lang='lat' dir='ltr'><strong>tamen,</strong></span> <span class='ocrx_word' id='word_1_192' title='bbox 2947 1996 3111 2061; x_wconf 89' lang='lat' dir='ltr'><strong>atque</strong></span> <span class='ocrx_word' id='word_1_193' title='bbox 3131 1988 3387 2062; x_wconf 76' lang='lat' dir='ltr'><strong>migranti</strong></span> 
     </span>
    </p>
   </div>
   <div class='ocr_carea' id='block_1_18' title="bbox 166 2079 3317 2158">
    <p class='ocr_par' dir='ltr' id='par_1_18' title="bbox 166 2079 3317 2158">
     <span class='ocr_line' id='line_1_18' title="bbox 166 2079 3317 2158; baseline 0.002 -27"><span class='ocrx_word' id='word_1_194' title='bbox 166 2079 372 2150; x_wconf 79' lang='lat' dir='ltr'><strong>Dignus</strong></span> <span class='ocrx_word' id='word_1_195' title='bbox 402 2080 496 2134; x_wconf 91' lang='lat' dir='ltr'><strong>ubi</strong></span> <span class='ocrx_word' id='word_1_196' title='bbox 529 2081 749 2155; x_wconf 80' lang='lat' dir='ltr'><strong>egregie</strong></span> <span class='ocrx_word' id='word_1_197' title='bbox 780 2097 877 2152; x_wconf 86' lang='lat' dir='ltr'><strong>pro</strong></span> <span class='ocrx_word' id='word_1_198' title='bbox 908 2080 1098 2136; x_wconf 85' lang='lat' dir='ltr'><strong>castris</strong></span> <span class='ocrx_word' id='word_1_199' title='bbox 1125 2081 1311 2152; x_wconf 75' lang='lat' dir='ltr'><strong>praelia</strong></span> <span class='ocrx_word' id='word_1_200' title='bbox 1340 2091 1547 2136; x_wconf 86' lang='lat' dir='ltr'><strong>sanctis</strong></span> <span class='ocrx_word' id='word_1_201' title='bbox 1887 2084 2053 2155; x_wconf 86' lang='lat' dir='ltr'><strong>Septa</strong></span> <span class='ocrx_word' id='word_1_202' title='bbox 2086 2082 2410 2138; x_wconf 87' lang='lat' dir='ltr'><strong>monasterii</strong></span> <span class='ocrx_word' id='word_1_203' title='bbox 2444 2083 2698 2138; x_wconf 88' lang='lat' dir='ltr'><strong>densans</strong></span> <span class='ocrx_word' id='word_1_204' title='bbox 2729 2089 3008 2158; x_wconf 83' lang='lat' dir='ltr'><strong>tegmenta</strong></span> <span class='ocrx_word' id='word_1_205' title='bbox 3041 2082 3317 2150; x_wconf 81' lang='lat' dir='ltr'><strong>reformat,</strong></span> 
     </span>
    </p>
   </div>
   <div class='ocr_carea' id='block_1_19' title="bbox 168 2171 3345 2248">
    <p class='ocr_par' dir='ltr' id='par_1_19' title="bbox 168 2171 3345 2248">
     <span class='ocr_line' id='line_1_19' title="bbox 168 2171 3345 2248; baseline 0 -21"><span class='ocrx_word' id='word_1_206' title='bbox 168 2174 457 2239; x_wconf 86' lang='lat' dir='ltr'><strong>Exercens,</strong></span> <span class='ocrx_word' id='word_1_207' title='bbox 497 2175 732 2248; x_wconf 85' lang='lat' dir='ltr'><strong>anguiva</strong></span> <span class='ocrx_word' id='word_1_208' title='bbox 758 2177 823 2211; x_wconf 78' lang='grc'><strong>⁴²¹</strong></span> <span class='ocrx_word' id='word_1_209' title='bbox 854 2176 966 2231; x_wconf 90' lang='lat' dir='ltr'><strong>doli</strong></span> <span class='ocrx_word' id='word_1_210' title='bbox 986 2175 1093 2231; x_wconf 86' lang='lat' dir='ltr'><strong>fert</strong></span> <span class='ocrx_word' id='word_1_211' title='bbox 1119 2177 1264 2231; x_wconf 91' lang='lat' dir='ltr'><strong>bella</strong></span> <span class='ocrx_word' id='word_1_212' title='bbox 1298 2175 1550 2230; x_wconf 78' lang='lat' dir='ltr'><strong>furentis.</strong></span> <span class='ocrx_word' id='word_1_213' title='bbox 1886 2173 1961 2228; x_wconf 88' lang='lat' dir='ltr'><strong>Ac</strong></span> <span class='ocrx_word' id='word_1_214' title='bbox 1999 2172 2184 2226; x_wconf 88' lang='lat' dir='ltr'><strong>studet</strong></span> <span class='ocrx_word' id='word_1_215' title='bbox 2214 2171 2526 2227; x_wconf 88' lang='lat' dir='ltr'><strong>invalidum</strong></span> <span class='ocrx_word' id='word_1_216' title='bbox 2562 2172 2705 2226; x_wconf 91' lang='lat' dir='ltr'><strong>nihil</strong></span> <span class='ocrx_word' id='word_1_217' title='bbox 2734 2180 2794 2227; x_wconf 92' lang='lat' dir='ltr'><strong>ut</strong></span> <span class='ocrx_word' id='word_1_218' title='bbox 2817 2173 3100 2243; x_wconf 84' lang='lat' dir='ltr'><strong>lapsumve</strong></span> <span class='ocrx_word' id='word_1_219' title='bbox 3123 2172 3345 2227; x_wconf 88' lang='lat' dir='ltr'><strong>residat.</strong></span> 
     </span>
    </p>
   </div>
   <div class='ocr_carea' id='block_1_20' title="bbox 230 2262 3286 2338">
    <p class='ocr_par' dir='ltr' id='par_1_20' title="bbox 230 2262 3286 2338">
     <span class='ocr_line' id='line_1_20' title="bbox 230 2262 3286 2338; baseline 0 -20"><span class='ocrx_word' id='word_1_220' title='bbox 230 2265 482 2337; x_wconf 84' lang='lat' dir='ltr'><strong>Carpitur</strong></span> <span class='ocrx_word' id='word_1_221' title='bbox 512 2274 765 2322; x_wconf 80' lang='lat' dir='ltr'><strong>austeras</strong></span> <span class='ocrx_word' id='word_1_222' title='bbox 796 2267 997 2338; x_wconf 90' lang='lat' dir='ltr'><strong>tepidis</strong></span> <span class='ocrx_word' id='word_1_223' title='bbox 1026 2268 1312 2338; x_wconf 89' lang='lat' dir='ltr'><strong>durusque</strong></span> <span class='ocrx_word' id='word_1_224' title='bbox 1342 2266 1613 2334; x_wconf 82' lang='lat' dir='ltr'><strong>remissis,</strong></span> <span class='ocrx_word' id='word_1_225' title='bbox 1889 2262 2107 2319; x_wconf 86' lang='lat' dir='ltr'><strong>Emunit</strong></span> <span class='ocrx_word' id='word_1_226' title='bbox 2134 2273 2467 2334; x_wconf 88' lang='lat' dir='ltr'><strong>raparatque</strong></span> <span class='ocrx_word' id='word_1_227' title='bbox 2509 2263 2708 2331; x_wconf 88' lang='lat' dir='ltr'><strong>libros,</strong></span> <span class='ocrx_word' id='word_1_228' title='bbox 2751 2271 3024 2335; x_wconf 82' lang='lat' dir='ltr'><strong>uexatque</strong></span> <span class='ocrx_word' id='word_1_229' title='bbox 3051 2264 3286 2319; x_wconf 89' lang='lat' dir='ltr'><strong>solutos.</strong></span> 
     </span>
    </p>
   </div>
   <div class='ocr_carea' id='block_1_21' title="bbox 160 2354 3234 2435">
    <p class='ocr_par' dir='ltr' id='par_1_21' title="bbox 160 2354 3234 2435">
     <span class='ocr_line' id='line_1_21' title="bbox 160 2354 3234 2435; baseline 0.001 -26"><span class='ocrx_word' id='word_1_230' title='bbox 160 2358 352 2413; x_wconf 73' lang='lat' dir='ltr'><strong>.lt&#39;ellit</strong></span> <span class='ocrx_word' id='word_1_231' title='bbox 387 2368 608 2414; x_wconf 90' lang='lat' dir='ltr'><strong>teneros</strong></span> <span class='ocrx_word' id='word_1_232' title='bbox 637 2360 704 2393; x_wconf 73' lang='grc'><strong>⁸³³</strong></span> <span class='ocrx_word' id='word_1_233' title='bbox 730 2359 889 2414; x_wconf 89' lang='lat' dir='ltr'><strong>lateri</strong></span> <span class='ocrx_word' id='word_1_234' title='bbox 922 2358 1033 2415; x_wconf 90' lang='lat' dir='ltr'><strong>fera</strong></span> <span class='ocrx_word' id='word_1_235' title='bbox 1055 2360 1243 2435; x_wconf 82' lang='lat' dir='ltr'><strong>lingua</strong></span> <span class='ocrx_word' id='word_1_236' title='bbox 1283 2360 1528 2425; x_wconf 88' lang='lat' dir='ltr'><strong>sodales,</strong></span> <span class='ocrx_word' id='word_1_237' title='bbox 1887 2354 2144 2410; x_wconf 79' lang='lat' dir='ltr'><strong>Excubiis</strong></span> <span class='ocrx_word' id='word_1_238' title='bbox 2170 2355 2551 2428; x_wconf 87' lang='lat' dir='ltr'><strong>precibusque</strong></span> <span class='ocrx_word' id='word_1_239' title='bbox 2574 2356 3005 2426; x_wconf 86' lang='lat' dir='ltr'><strong>vacansjejunia</strong></span> <span class='ocrx_word' id='word_1_240' title='bbox 3027 2357 3234 2423; x_wconf 88' lang='lat' dir='ltr'><strong>ductat,</strong></span> 
     </span>
    </p>
   </div>
   <div class='ocr_carea' id='block_1_22' title="bbox 166 2446 3321 2523">
    <p class='ocr_par' dir='ltr' id='par_1_22' title="bbox 166 2446 3321 2523">
     <span class='ocr_line' id='line_1_22' title="bbox 166 2446 3321 2523; baseline 0.001 -22"><span class='ocrx_word' id='word_1_241' title='bbox 166 2449 381 2519; x_wconf 88' lang='lat' dir='ltr'><strong>Diripit,</strong></span> <span class='ocrx_word' id='word_1_242' title='bbox 424 2456 588 2522; x_wconf 89' lang='lat' dir='ltr'><strong>atque</strong></span> <span class='ocrx_word' id='word_1_243' title='bbox 619 2452 788 2506; x_wconf 87' lang='lat' dir='ltr'><strong>eremi</strong></span> <span class='ocrx_word' id='word_1_244' title='bbox 821 2468 920 2522; x_wconf 89' lang='lat' dir='ltr'><strong>per</strong></span> <span class='ocrx_word' id='word_1_245' title='bbox 946 2451 1106 2506; x_wconf 88' lang='lat' dir='ltr'><strong>devia</strong></span> <span class='ocrx_word' id='word_1_246' title='bbox 1132 2459 1309 2523; x_wconf 87' lang='lat' dir='ltr'><strong>raptat</strong></span> <span class='ocrx_word' id='word_1_247' title='bbox 1334 2458 1528 2523; x_wconf 85' lang='lat' dir='ltr'><strong>operta</strong></span> <span class='ocrx_word' id='word_1_248' title='bbox 1885 2446 2094 2519; x_wconf 89' lang='lat' dir='ltr'><strong>Corpus</strong></span> <span class='ocrx_word' id='word_1_249' title='bbox 2112 2447 2500 2502; x_wconf 88' lang='lat' dir='ltr'><strong>contribulans</strong></span> <span class='ocrx_word' id='word_1_250' title='bbox 2532 2447 2777 2502; x_wconf 84' lang='lat' dir='ltr'><strong>animam</strong></span> <span class='ocrx_word' id='word_1_251' title='bbox 2801 2448 3120 2503; x_wconf 74' lang='lat' dir='ltr'><strong>emlcstibus</strong></span> <span class='ocrx_word' id='word_1_252' title='bbox 3151 2458 3321 2520; x_wconf 90' lang='lat' dir='ltr'><strong>aptat.</strong></span> 
     </span>
    </p>
   </div>
   <div class='ocr_carea' id='block_1_23' title="bbox 162 2538 3439 2615">
    <p class='ocr_par' dir='ltr' id='par_1_23' title="bbox 162 2538 3439 2615">
     <span class='ocr_line' id='line_1_23' title="bbox 162 2538 3439 2615; baseline 0.002 -25"><span class='ocrx_word' id='word_1_253' title='bbox 162 2538 414 2594; x_wconf 85' lang='lat' dir='ltr'><strong>lncentor</strong></span> <span class='ocrx_word' id='word_1_254' title='bbox 445 2540 748 2611; x_wconf 75' lang='lat' dir='ltr'><strong>ductorque</strong></span> <span class='ocrx_word' id='word_1_255' title='bbox 780 2541 906 2595; x_wconf 90' lang='lat' dir='ltr'><strong>mali</strong></span> <span class='ocrx_word' id='word_1_256' title='bbox 934 2556 1077 2596; x_wconf 69' lang='grc' dir='ltr'><strong>δειξνο</strong></span> <span class='ocrx_word' id='word_1_257' title='bbox 1100 2541 1280 2599; x_wconf 88' lang='lat' dir='ltr'><strong>uritur</strong></span> <span class='ocrx_word' id='word_1_258' title='bbox 1310 2541 1440 2615; x_wconf 89' lang='lat' dir='ltr'><strong>igne</strong></span> <span class='ocrx_word' id='word_1_259' title='bbox 1474 2541 1564 2602; x_wconf 70' lang='grc'><strong>⁸⁵³,</strong></span> <span class='ocrx_word' id='word_1_260' title='bbox 1953 2538 2233 2610; x_wconf 89' lang='lat' dir='ltr'><strong>Discipulo</strong></span> <span class='ocrx_word' id='word_1_261' title='bbox 2254 2539 2322 2575; x_wconf 82' lang='grc'><strong>⁸²⁷</strong></span> <span class='ocrx_word' id='word_1_262' title='bbox 2358 2548 2484 2611; x_wconf 90' lang='lat' dir='ltr'><strong>post</strong></span> <span class='ocrx_word' id='word_1_263' title='bbox 2507 2556 2658 2595; x_wconf 90' lang='lat' dir='ltr'><strong>nona</strong></span> <span class='ocrx_word' id='word_1_264' title='bbox 2686 2556 2844 2596; x_wconf 62' lang='lat' dir='ltr'><strong>novre</strong></span> <span class='ocrx_word' id='word_1_265' title='bbox 2876 2541 3219 2612; x_wconf 87' lang='lat' dir='ltr'><strong>reparamina</strong></span> <span class='ocrx_word' id='word_1_266' title='bbox 3243 2544 3439 2598; x_wconf 84' lang='lat' dir='ltr'><strong>messis</strong></span> 
     </span>
    </p>
   </div>
   <div class='ocr_carea' id='block_1_24' title="bbox 153 2625 3133 2707">
    <p class='ocr_par' dir='ltr' id='par_1_24' title="bbox 153 2625 3133 2707">
     <span class='ocr_line' id='line_1_24' title="bbox 153 2625 3133 2707; baseline 0.004 -29"><span class='ocrx_word' id='word_1_267' title='bbox 153 2625 402 2696; x_wconf 80' lang='lat' dir='ltr'><strong>Supplici</strong></span> <span class='ocrx_word' id='word_1_268' title='bbox 438 2626 681 2681; x_wconf 86' lang='lat' dir='ltr'><strong>clamans</strong></span> <span class='ocrx_word' id='word_1_269' title='bbox 711 2627 959 2684; x_wconf 85' lang='lat' dir='ltr'><strong>meritam</strong></span> <span class='ocrx_word' id='word_1_270' title='bbox 992 2645 1049 2683; x_wconf 90' lang='lat' dir='ltr'><strong>se</strong></span> <span class='ocrx_word' id='word_1_271' title='bbox 1080 2629 1329 2699; x_wconf 84' lang='lat' dir='ltr'><strong>pendere</strong></span> <span class='ocrx_word' id='word_1_272' title='bbox 1350 2646 1595 2701; x_wconf 63' lang='lat' dir='ltr'><strong>poenam.</strong></span> <span class='ocrx_word' id='word_1_273' title='bbox 1881 2635 2068 2689; x_wconf 91' lang='lat' dir='ltr'><strong>Visere</strong></span> <span class='ocrx_word' id='word_1_274' title='bbox 2103 2632 2399 2707; x_wconf 84' lang='lat' dir='ltr'><strong>ﬂagrantes</strong></span> <span class='ocrx_word' id='word_1_275' title='bbox 2430 2646 2559 2686; x_wconf 89' lang='lat' dir='ltr'><strong>sese</strong></span> <span class='ocrx_word' id='word_1_276' title='bbox 2593 2642 2846 2702; x_wconf 86' lang='lat' dir='ltr'><strong>spectare</strong></span> <span class='ocrx_word' id='word_1_277' title='bbox 2876 2641 3133 2705; x_wconf 87' lang='lat' dir='ltr'><strong>parentes</strong></span> 
     </span>
    </p>
   </div>
   <div class='ocr_carea' id='block_1_25' title="bbox 152 2713 3340 2796">
    <p class='ocr_par' dir='ltr' id='par_1_25' title="bbox 152 2713 3340 2796">
     <span class='ocr_line' id='line_1_25' title="bbox 152 2713 3340 2796; baseline 0.004 -29"><span class='ocrx_word' id='word_1_278' title='bbox 152 2713 255 2768; x_wconf 85' lang='lat' dir='ltr'><strong>Nec</strong></span> <span class='ocrx_word' id='word_1_279' title='bbox 280 2714 500 2769; x_wconf 84' lang='lat' dir='ltr'><strong>facilem</strong></span> <span class='ocrx_word' id='word_1_280' title='bbox 533 2716 652 2787; x_wconf 89' lang='lat' dir='ltr'><strong>quit</strong></span> <span class='ocrx_word' id='word_1_281' title='bbox 673 2716 826 2771; x_wconf 88' lang='lat' dir='ltr'><strong>adire</strong></span> <span class='ocrx_word' id='word_1_282' title='bbox 854 2716 1063 2772; x_wconf 88' lang='lat' dir='ltr'><strong>Patrem</strong></span> <span class='ocrx_word' id='word_1_283' title='bbox 1091 2718 1367 2788; x_wconf 82' lang='lat' dir='ltr'><strong>captando</strong></span> <span class='ocrx_word' id='word_1_284' title='bbox 1396 2717 1643 2789; x_wconf 82' lang='lat' dir='ltr'><strong>piamen,</strong></span> <span class='ocrx_word' id='word_1_285' title='bbox 1878 2723 2152 2796; x_wconf 66' lang='lat' dir='ltr'><strong>Praecipit,</strong></span> <span class='ocrx_word' id='word_1_286' title='bbox 2185 2730 2349 2794; x_wconf 89' lang='lat' dir='ltr'><strong>atque</strong></span> <span class='ocrx_word' id='word_1_287' title='bbox 2375 2738 2533 2778; x_wconf 90' lang='lat' dir='ltr'><strong>mora</strong></span> <span class='ocrx_word' id='word_1_288' title='bbox 2566 2724 2722 2779; x_wconf 90' lang='lat' dir='ltr'><strong>nulla</strong></span> <span class='ocrx_word' id='word_1_289' title='bbox 2757 2724 3093 2796; x_wconf 89' lang='lat' dir='ltr'><strong>impediente</strong></span> <span class='ocrx_word' id='word_1_290' title='bbox 3121 2727 3340 2782; x_wconf 85' lang='lat' dir='ltr'><strong>reverti.</strong></span> 
     </span>
    </p>
   </div>
   <div class='ocr_carea' id='block_1_26' title="bbox 151 2800 3365 2893">
    <p class='ocr_par' dir='ltr' id='par_1_26' title="bbox 151 2800 3365 2893">
     <span class='ocr_line' id='line_1_26' title="bbox 151 2800 3365 2893; baseline 0.005 -33"><span class='ocrx_word' id='word_1_291' title='bbox 151 2806 284 2870; x_wconf 81' lang='lat' dir='ltr'><strong>Quin</strong></span> <span class='ocrx_word' id='word_1_292' title='bbox 321 2808 552 2879; x_wconf 90' lang='lat' dir='ltr'><strong>rapitur,</strong></span> <span class='ocrx_word' id='word_1_293' title='bbox 589 2817 883 2882; x_wconf 88' lang='lat' dir='ltr'><strong>mutusque</strong></span> <span class='ocrx_word' id='word_1_294' title='bbox 902 2810 1138 2865; x_wconf 90' lang='lat' dir='ltr'><strong>animam</strong></span> <span class='ocrx_word' id='word_1_295' title='bbox 1172 2811 1399 2866; x_wconf 89' lang='lat' dir='ltr'><strong>dimittit</strong></span> <span class='ocrx_word' id='word_1_296' title='bbox 1424 2812 1477 2865; x_wconf 88' lang='lat' dir='ltr'><strong>in</strong></span> <span class='ocrx_word' id='word_1_297' title='bbox 1510 2829 1689 2866; x_wconf 83' lang='lat' dir='ltr'><strong>auras.</strong></span> <span class='ocrx_word' id='word_1_298' title='bbox 1879 2820 1936 2874; x_wconf 90' lang='lat' dir='ltr'><strong>ln</strong></span> <span class='ocrx_word' id='word_1_299' title='bbox 1977 2817 2331 2893; x_wconf 87' lang='lat' dir='ltr'><strong>geminisque</strong></span> <span class='ocrx_word' id='word_1_300' title='bbox 2356 2816 2500 2871; x_wconf 90' lang='lat' dir='ltr'><strong>viam</strong></span> <span class='ocrx_word' id='word_1_301' title='bbox 2534 2824 2759 2872; x_wconf 89' lang='lat' dir='ltr'><strong>sectans</strong></span> <span class='ocrx_word' id='word_1_302' title='bbox 2788 2800 3113 2875; x_wconf 87' lang='lat' dir='ltr'><strong>custodibus</strong></span> <span class='ocrx_word' id='word_1_303' title='bbox 3142 2830 3365 2887; x_wconf 82' lang='lat' dir='ltr'><strong>auctus;</strong></span> 
     </span>
    </p>
   </div>
   <div class='ocr_carea' id='block_1_27' title="bbox 148 2901 3183 2988">
    <p class='ocr_par' dir='ltr' id='par_1_27' title="bbox 148 2901 3183 2988">
     <span class='ocr_line' id='line_1_27' title="bbox 148 2901 3183 2988; baseline 0.003 -34"><span class='ocrx_word' id='word_1_304' title='bbox 148 2901 234 2973; x_wconf 72' lang='lat' dir='ltr'><strong>llis</strong></span> <span class='ocrx_word' id='word_1_305' title='bbox 257 2902 446 2972; x_wconf 82' lang='lat' dir='ltr'><strong>pavidi</strong></span> <span class='ocrx_word' id='word_1_306' title='bbox 476 2904 708 2959; x_wconf 88' lang='lat' dir='ltr'><strong>comites</strong></span> <span class='ocrx_word' id='word_1_307' title='bbox 734 2914 994 2976; x_wconf 87' lang='lat' dir='ltr'><strong>repetunt</strong></span> <span class='ocrx_word' id='word_1_308' title='bbox 1026 2907 1195 2961; x_wconf 87' lang='lat' dir='ltr'><strong>Patris</strong></span> <span class='ocrx_word' id='word_1_309' title='bbox 1215 2908 1353 2961; x_wconf 88' lang='lat' dir='ltr'><strong>atria</strong></span> <span class='ocrx_word' id='word_1_310' title='bbox 1386 2909 1593 2978; x_wconf 82' lang='lat' dir='ltr'><strong>plures,</strong></span> <span class='ocrx_word' id='word_1_311' title='bbox 1803 2969 1843 2988; x_wconf 56' lang='grc' dir='ltr'><strong><em>η</em></strong></span> <span class='ocrx_word' id='word_1_312' title='bbox 1875 2906 2175 2978; x_wconf 87' lang='lat' dir='ltr'><strong>Complecti</strong></span> <span class='ocrx_word' id='word_1_313' title='bbox 2202 2905 2473 2975; x_wconf 80' lang='lat' dir='ltr'><strong>genitrice</strong></span> <span class='ocrx_word' id='word_1_314' title='bbox 2505 2906 2671 2961; x_wconf 90' lang='lat' dir='ltr'><strong>datur</strong></span> <span class='ocrx_word' id='word_1_315' title='bbox 2693 2908 2798 2963; x_wconf 89' lang='lat' dir='ltr'><strong>sub</strong></span> <span class='ocrx_word' id='word_1_316' title='bbox 2819 2907 2941 2966; x_wconf 90' lang='lat' dir='ltr'><strong>luce</strong></span> <span class='ocrx_word' id='word_1_317' title='bbox 2966 2910 3183 2976; x_wconf 87' lang='lat' dir='ltr'><strong>diurna,</strong></span> 
     </span>
    </p>
   </div>
   <div class='ocr_carea' id='block_1_28' title="bbox 144 2972 3491 3074">
    <p class='ocr_par' dir='ltr' id='par_1_28' title="bbox 144 2972 3491 3074">
     <span class='ocr_line' id='line_1_28' title="bbox 144 2972 3491 3074; baseline 0.002 -27"><span class='ocrx_word' id='word_1_318' title='bbox 144 2995 317 3066; x_wconf 87' lang='lat' dir='ltr'><strong>Atque</strong></span> <span class='ocrx_word' id='word_1_319' title='bbox 353 3004 565 3053; x_wconf 83' lang='lat' dir='ltr'><strong>utoves</strong></span> <span class='ocrx_word' id='word_1_320' title='bbox 596 2998 720 3053; x_wconf 88' lang='lat' dir='ltr'><strong>trita</strong></span> <span class='ocrx_word' id='word_1_321' title='bbox 749 2999 1043 3070; x_wconf 88' lang='lat' dir='ltr'><strong>capiuntur</strong></span> <span class='ocrx_word' id='word_1_322' title='bbox 1074 3002 1229 3056; x_wconf 89' lang='lat' dir='ltr'><strong>fauce</strong></span> <span class='ocrx_word' id='word_1_323' title='bbox 1263 3001 1472 3072; x_wconf 87' lang='lat' dir='ltr'><strong>lupina.</strong></span> <span class='ocrx_word' id='word_1_324' title='bbox 1798 2972 1845 3034; x_wconf 49' lang='grc' dir='ltr'><strong>(ἶ</strong></span> <span class='ocrx_word' id='word_1_325' title='bbox 1874 2999 1984 3054; x_wconf 89' lang='lat' dir='ltr'><strong>Nox</strong></span> <span class='ocrx_word' id='word_1_326' title='bbox 2018 2996 2276 3068; x_wconf 88' lang='lat' dir='ltr'><strong>equidem</strong></span> <span class='ocrx_word' id='word_1_327' title='bbox 2298 2996 2571 3066; x_wconf 88' lang='lat' dir='ltr'><strong>repedare</strong></span> <span class='ocrx_word' id='word_1_328' title='bbox 2595 3007 2809 3063; x_wconf 91' lang='lat' dir='ltr'><strong>monet,</strong></span> <span class='ocrx_word' id='word_1_329' title='bbox 2830 2997 3111 3071; x_wconf 87' lang='lat' dir='ltr'><strong>febrisque</strong></span> <span class='ocrx_word' id='word_1_330' title='bbox 3132 3015 3436 3074; x_wconf 87' lang='lat' dir='ltr'><strong>perurgens</strong></span> <span class='ocrx_word' id='word_1_331' title='bbox 3486 3029 3491 3033; x_wconf 87' lang='lat'><strong><em>-</em></strong></span> 
     </span>
    </p>
   </div>
   <div class='ocr_carea' id='block_1_29' title="bbox 143 3084 3219 3164">
    <p class='ocr_par' dir='ltr' id='par_1_29' title="bbox 143 3084 3219 3164">
     <span class='ocr_line' id='line_1_29' title="bbox 143 3084 3219 3164; baseline -0.001 -17"><span class='ocrx_word' id='word_1_332' title='bbox 143 3088 233 3141; x_wconf 67' lang='lat' dir='ltr'><strong>Ast</strong></span> <span class='ocrx_word' id='word_1_333' title='bbox 260 3089 359 3159; x_wconf 84' lang='lat' dir='ltr'><strong>qui</strong></span> <span class='ocrx_word' id='word_1_334' title='bbox 396 3095 631 3144; x_wconf 81' lang='lat' dir='ltr'><strong>tutorem</strong></span> <span class='ocrx_word' id='word_1_335' title='bbox 661 3090 801 3146; x_wconf 83' lang='lat' dir='ltr'><strong>fastu</strong></span> <span class='ocrx_word' id='word_1_336' title='bbox 834 3100 1107 3162; x_wconf 88' lang='lat' dir='ltr'><strong>tempsere</strong></span> <span class='ocrx_word' id='word_1_337' title='bbox 1134 3093 1399 3164; x_wconf 88' lang='lat' dir='ltr'><strong>superbo,</strong></span> <span class='ocrx_word' id='word_1_338' title='bbox 1874 3084 2166 3157; x_wconf 88' lang='lat' dir='ltr'><strong>Compellit</strong></span> <span class='ocrx_word' id='word_1_339' title='bbox 2196 3086 2432 3140; x_wconf 86' lang='lat' dir='ltr'><strong>clamare</strong></span> <span class='ocrx_word' id='word_1_340' title='bbox 2464 3084 2641 3140; x_wconf 86' lang='lat' dir='ltr'><strong>Patris</strong></span> <span class='ocrx_word' id='word_1_341' title='bbox 2661 3101 2720 3140; x_wconf 91' lang='lat' dir='ltr'><strong>se</strong></span> <span class='ocrx_word' id='word_1_342' title='bbox 2742 3087 2938 3142; x_wconf 89' lang='lat' dir='ltr'><strong>ardere</strong></span> <span class='ocrx_word' id='word_1_343' title='bbox 2958 3088 3219 3159; x_wconf 84' lang='lat' dir='ltr'><strong>querelis,</strong></span> 
     </span>
    </p>
   </div>
   <div class='ocr_carea' id='block_1_30' title="bbox 140 3170 3113 3250">
    <p class='ocr_par' dir='ltr' id='par_1_30' title="bbox 140 3170 3113 3250">
     <span class='ocr_line' id='line_1_30' title="bbox 140 3170 3113 3250; baseline 0.003 -25"><span class='ocrx_word' id='word_1_344' title='bbox 140 3170 402 3229; x_wconf 90' lang='lat' dir='ltr'><strong>Convulsi</strong></span> <span class='ocrx_word' id='word_1_345' title='bbox 429 3176 597 3231; x_wconf 90' lang='lat' dir='ltr'><strong>variis</strong></span> <span class='ocrx_word' id='word_1_346' title='bbox 625 3185 959 3233; x_wconf 90' lang='lat' dir='ltr'><strong>consumunt</strong></span> <span class='ocrx_word' id='word_1_347' title='bbox 987 3180 1235 3234; x_wconf 87' lang='lat' dir='ltr'><strong>cladibus</strong></span> <span class='ocrx_word' id='word_1_348' title='bbox 1264 3197 1447 3236; x_wconf 91' lang='lat' dir='ltr'><strong>ausus.</strong></span> <span class='ocrx_word' id='word_1_349' title='bbox 1873 3178 2162 3250; x_wconf 87' lang='lat' dir='ltr'><strong>Exitioque</strong></span> <span class='ocrx_word' id='word_1_350' title='bbox 2186 3178 2327 3248; x_wconf 86' lang='lat' dir='ltr'><strong>rapi.</strong></span> <span class='ocrx_word' id='word_1_351' title='bbox 2357 3193 2512 3232; x_wconf 89' lang='lat' dir='ltr'><strong>mora</strong></span> <span class='ocrx_word' id='word_1_352' title='bbox 2542 3178 2588 3232; x_wconf 89' lang='lat' dir='ltr'><strong>si</strong></span> <span class='ocrx_word' id='word_1_353' title='bbox 2609 3186 2797 3235; x_wconf 88' lang='lat' dir='ltr'><strong>teneat</strong></span> <span class='ocrx_word' id='word_1_354' title='bbox 2820 3181 3113 3236; x_wconf 90' lang='lat' dir='ltr'><strong>redeundi.</strong></span> 
     </span>
    </p>
   </div>
   <div class='ocr_carea' id='block_1_31' title="bbox 144 3263 3318 3341">
    <p class='ocr_par' dir='ltr' id='par_1_31' title="bbox 144 3263 3318 3341">
     <span class='ocr_line' id='line_1_31' title="bbox 144 3263 3318 3341; baseline 0.003 -24"><span class='ocrx_word' id='word_1_355' title='bbox 144 3263 200 3317; x_wconf 86' lang='lat' dir='ltr'><strong>Hi</strong></span> <span class='ocrx_word' id='word_1_356' title='bbox 235 3265 389 3322; x_wconf 91' lang='lat' dir='ltr'><strong>ferro</strong></span> <span class='ocrx_word' id='word_1_357' title='bbox 412 3267 582 3338; x_wconf 90' lang='lat' dir='ltr'><strong>plexi,</strong></span> <span class='ocrx_word' id='word_1_358' title='bbox 616 3269 824 3340; x_wconf 89' lang='lat' dir='ltr'><strong>rapidis</strong></span> <span class='ocrx_word' id='word_1_359' title='bbox 848 3270 901 3324; x_wconf 91' lang='lat' dir='ltr'><strong>hi</strong></span> <span class='ocrx_word' id='word_1_360' title='bbox 937 3270 1191 3326; x_wconf 90' lang='lat' dir='ltr'><strong>ﬂuctibus</strong></span> <span class='ocrx_word' id='word_1_361' title='bbox 1218 3272 1423 3330; x_wconf 89' lang='lat' dir='ltr'><strong>hausti.</strong></span> <span class='ocrx_word' id='word_1_362' title='bbox 1870 3265 2203 3338; x_wconf 85' lang='lat' dir='ltr'><strong>Moxquedie</strong></span> <span class='ocrx_word' id='word_1_363' title='bbox 2234 3265 2428 3320; x_wconf 90' lang='lat' dir='ltr'><strong>callem</strong></span> <span class='ocrx_word' id='word_1_364' title='bbox 2458 3274 2721 3336; x_wconf 85' lang='lat' dir='ltr'><strong>repetens</strong></span> <span class='ocrx_word' id='word_1_365' title='bbox 2748 3278 3029 3325; x_wconf 89' lang='lat' dir='ltr'><strong>remeante</strong></span> <span class='ocrx_word' id='word_1_366' title='bbox 3051 3270 3318 3341; x_wconf 91' lang='lat' dir='ltr'><strong>cupitum,</strong></span> 
     </span>
    </p>
   </div>
   <div class='ocr_carea' id='block_1_32' title="bbox 142 3352 3322 3434">
    <p class='ocr_par' dir='ltr' id='par_1_32' title="bbox 142 3352 3322 3434">
     <span class='ocr_line' id='line_1_32' title="bbox 142 3352 3322 3434; baseline 0.002 -26"><span class='ocrx_word' id='word_1_367' title='bbox 142 3356 554 3430; x_wconf 82' lang='lat' dir='ltr'><strong>lnveniuntque</strong></span> <span class='ocrx_word' id='word_1_368' title='bbox 587 3360 731 3431; x_wconf 88' lang='lat' dir='ltr'><strong>piam</strong></span> <span class='ocrx_word' id='word_1_369' title='bbox 764 3369 1036 3434; x_wconf 89' lang='lat' dir='ltr'><strong>quotquot</strong></span> <span class='ocrx_word' id='word_1_370' title='bbox 1063 3364 1281 3419; x_wconf 84' lang='lat' dir='ltr'><strong>rediere</strong></span> <span class='ocrx_word' id='word_1_371' title='bbox 1315 3363 1610 3418; x_wconf 78' lang='lat' dir='ltr'><strong>medelam.</strong></span> <span class='ocrx_word' id='word_1_372' title='bbox 1872 3356 2123 3411; x_wconf 88' lang='lat' dir='ltr'><strong>Salvatur</strong></span> <span class='ocrx_word' id='word_1_373' title='bbox 2150 3370 2426 3419; x_wconf 88' lang='lat' dir='ltr'><strong>remeans,</strong></span> <span class='ocrx_word' id='word_1_374' title='bbox 2458 3352 2700 3409; x_wconf 87' lang='lat' dir='ltr'><strong>febrium</strong></span> <span class='ocrx_word' id='word_1_375' title='bbox 2732 3356 2817 3411; x_wconf 87' lang='lat' dir='ltr'><strong>vis</strong></span> <span class='ocrx_word' id='word_1_376' title='bbox 2846 3358 3048 3429; x_wconf 88' lang='lat' dir='ltr'><strong>linquit</strong></span> <span class='ocrx_word' id='word_1_377' title='bbox 3075 3367 3322 3426; x_wconf 90' lang='lat' dir='ltr'><strong>euntem,</strong></span> 
     </span>
    </p>
   </div>
   <div class='ocr_carea' id='block_1_33' title="bbox 210 3443 3241 3527">
    <p class='ocr_par' dir='ltr' id='par_1_33' title="bbox 210 3443 3241 3527">
     <span class='ocr_line' id='line_1_33' title="bbox 210 3443 3241 3527; baseline -0 -24"><span class='ocrx_word' id='word_1_378' title='bbox 210 3450 540 3506; x_wconf 67' lang='lat' dir='ltr'><strong>Prae-validis</strong></span> <span class='ocrx_word' id='word_1_379' title='bbox 569 3452 745 3508; x_wconf 87' lang='lat' dir='ltr'><strong>Patris</strong></span> <span class='ocrx_word' id='word_1_380' title='bbox 776 3453 935 3508; x_wconf 85' lang='lat' dir='ltr'><strong>istius</strong></span> <span class='ocrx_word' id='word_1_381' title='bbox 964 3455 1128 3511; x_wconf 85' lang='lat' dir='ltr'><strong>modo</strong></span> <span class='ocrx_word' id='word_1_382' title='bbox 1161 3462 1464 3527; x_wconf 69' lang='lat' dir='ltr'><strong>patrantur,</strong></span> <span class='ocrx_word' id='word_1_383' title='bbox 1872 3445 2107 3500; x_wconf 85' lang='lat' dir='ltr'><strong>Sanatus</strong></span> <span class='ocrx_word' id='word_1_384' title='bbox 2137 3445 2350 3498; x_wconf 90' lang='lat' dir='ltr'><strong>Patrem</strong></span> <span class='ocrx_word' id='word_1_385' title='bbox 2385 3443 2592 3513; x_wconf 89' lang='lat' dir='ltr'><strong>reperit</strong></span> <span class='ocrx_word' id='word_1_386' title='bbox 2622 3460 2883 3515; x_wconf 86' lang='lat' dir='ltr'><strong>suprema</strong></span> <span class='ocrx_word' id='word_1_387' title='bbox 2914 3447 3241 3502; x_wconf 89' lang='lat' dir='ltr'><strong>trahentem.</strong></span> 
     </span>
    </p>
   </div>
   <div class='ocr_carea' id='block_1_34' title="bbox 141 3535 3289 3622">
    <p class='ocr_par' dir='ltr' id='par_1_34' title="bbox 141 3535 3289 3622">
     <span class='ocr_line' id='line_1_34' title="bbox 141 3535 3289 3622; baseline -0.003 -20"><span class='ocrx_word' id='word_1_388' title='bbox 141 3542 402 3612; x_wconf 70' lang='lat' dir='ltr'><strong>Imperiis</strong></span> <span class='ocrx_word' id='word_1_389' title='bbox 432 3545 666 3611; x_wconf 84' lang='lat' dir='ltr'><strong>clarent,</strong></span> <span class='ocrx_word' id='word_1_390' title='bbox 699 3545 958 3616; x_wconf 88' lang='lat' dir='ltr'><strong>precibus</strong></span> <span class='ocrx_word' id='word_1_391' title='bbox 995 3547 1161 3603; x_wconf 90' lang='lat' dir='ltr'><strong>modo</strong></span> <span class='ocrx_word' id='word_1_392' title='bbox 1190 3548 1360 3622; x_wconf 88' lang='lat' dir='ltr'><strong>digna</strong></span> <span class='ocrx_word' id='word_1_393' title='bbox 1387 3546 1647 3618; x_wconf 87' lang='lat' dir='ltr'><strong>profusis.</strong></span> <span class='ocrx_word' id='word_1_394' title='bbox 1728 3593 1733 3598; x_wconf 86' lang='lat'>_</span> <span class='ocrx_word' id='word_1_395' title='bbox 1873 3538 2128 3593; x_wconf 85' lang='lat' dir='ltr'><strong>Adventu</strong></span> <span class='ocrx_word' id='word_1_396' title='bbox 2159 3544 2341 3592; x_wconf 89' lang='lat' dir='ltr'><strong>tamen</strong></span> <span class='ocrx_word' id='word_1_397' title='bbox 2368 3535 2661 3603; x_wconf 87' lang='lat' dir='ltr'><strong>exhilarat,</strong></span> <span class='ocrx_word' id='word_1_398' title='bbox 2694 3536 2970 3609; x_wconf 89' lang='lat' dir='ltr'><strong>funusque</strong></span> <span class='ocrx_word' id='word_1_399' title='bbox 3002 3545 3289 3609; x_wconf 90' lang='lat' dir='ltr'><strong>paternum</strong></span> 
     </span>
    </p>
   </div>
   <div class='ocr_carea' id='block_1_35' title="bbox 138 3624 3503 3708">
    <p class='ocr_par' dir='ltr' id='par_1_35' title="bbox 138 3624 3503 3708">
     <span class='ocr_line' id='line_1_35' title="bbox 138 3624 3503 3708; baseline -0.001 -21"><span class='ocrx_word' id='word_1_400' title='bbox 138 3635 263 3689; x_wconf 57' lang='lat' dir='ltr'><strong>llaec</strong></span> <span class='ocrx_word' id='word_1_401' title='bbox 295 3636 507 3691; x_wconf 84' lang='lat' dir='ltr'><strong>Bobius</strong></span> <span class='ocrx_word' id='word_1_402' title='bbox 535 3638 815 3708; x_wconf 85' lang='lat' dir='ltr'><strong>quondam</strong></span> <span class='ocrx_word' id='word_1_403' title='bbox 849 3639 1107 3695; x_wconf 89' lang='lat' dir='ltr'><strong>violentis</strong></span> <span class='ocrx_word' id='word_1_404' title='bbox 1138 3640 1412 3696; x_wconf 86' lang='lat' dir='ltr'><strong>imbribus</strong></span> <span class='ocrx_word' id='word_1_405' title='bbox 1437 3647 1631 3696; x_wconf 88' lang='lat' dir='ltr'><strong>auctus</strong></span> <span class='ocrx_word' id='word_1_406' title='bbox 1873 3628 2227 3684; x_wconf 71' lang='lat' dir='ltr'><strong>Tormenlum</strong></span> <span class='ocrx_word' id='word_1_407' title='bbox 2270 3626 2336 3660; x_wconf 68' lang='grc'><strong>⁵²³</strong></span> <span class='ocrx_word' id='word_1_408' title='bbox 2391 3624 2545 3680; x_wconf 72' lang='lat' dir='ltr'><strong>Videt</strong></span> <span class='ocrx_word' id='word_1_409' title='bbox 2601 3641 2724 3681; x_wconf 77' lang='lat' dir='ltr'><strong>esse</strong></span> <span class='ocrx_word' id='word_1_410' title='bbox 2777 3643 2937 3682; x_wconf 85' lang='lat' dir='ltr'><strong>suum</strong></span> <span class='ocrx_word' id='word_1_411' title='bbox 2997 3628 3350 3700; x_wconf 85' lang='lat' dir='ltr'><strong>celeremque</strong></span> <span class='ocrx_word' id='word_1_412' title='bbox 3418 3646 3503 3683; x_wconf 80' lang='lat' dir='ltr'><strong>re-</strong></span> 
     </span>
    </p>
   </div>
   <div class='ocr_carea' id='block_1_36' title="bbox 134 3717 3539 3801">
    <p class='ocr_par' dir='ltr' id='par_1_36' title="bbox 134 3717 3539 3801">
     <span class='ocr_line' id='line_1_36' title="bbox 134 3717 3539 3801; baseline 0.002 -23"><span class='ocrx_word' id='word_1_413' title='bbox 134 3723 377 3780; x_wconf 79' lang='lat' dir='ltr'><strong>Molibus</strong></span> <span class='ocrx_word' id='word_1_414' title='bbox 394 3725 627 3793; x_wconf 84' lang='lat' dir='ltr'><strong>eﬂ‘usus,</strong></span> <span class='ocrx_word' id='word_1_415' title='bbox 660 3726 997 3801; x_wconf 82' lang='lat' dir='ltr'><strong>lymphaque</strong></span> <span class='ocrx_word' id='word_1_416' title='bbox 1031 3738 1275 3786; x_wconf 88' lang='lat' dir='ltr'><strong>tumente</strong></span> <span class='ocrx_word' id='word_1_417' title='bbox 1307 3738 1517 3786; x_wconf 89' lang='lat' dir='ltr'><strong>rotatus</strong></span> <span class='ocrx_word' id='word_1_418' title='bbox 3136 3717 3425 3791; x_wconf 56' lang='lat' dir='ltr'><strong>[gressum</strong></span> <span class='ocrx_word' id='word_1_419' title='bbox 3526 3732 3539 3738; x_wconf 82' lang='grc'><em>’</em></span> 
     </span>
    </p>
   </div>
   <div class='ocr_carea' id='block_1_37' title="bbox 130 3810 1707 3886">
    <p class='ocr_par' dir='ltr' id='par_1_37' title="bbox 130 3816 1627 3886">
     <span class='ocr_line' id='line_1_37' title="bbox 130 3816 1627 3886; baseline 0.004 -17"><span class='ocrx_word' id='word_1_420' title='bbox 130 3816 446 3886; x_wconf 78' lang='lat' dir='ltr'><strong>Approbat,</strong></span> <span class='ocrx_word' id='word_1_421' title='bbox 487 3817 732 3874; x_wconf 88' lang='lat' dir='ltr'><strong>indictus</strong></span> <span class='ocrx_word' id='word_1_422' title='bbox 757 3820 825 3854; x_wconf 84' lang='grc'>⁸³⁸</span> <span class='ocrx_word' id='word_1_423' title='bbox 847 3820 1018 3876; x_wconf 89' lang='lat' dir='ltr'><strong>sacris</strong></span> <span class='ocrx_word' id='word_1_424' title='bbox 1050 3838 1333 3878; x_wconf 90' lang='lat' dir='ltr'><strong>removere</strong></span> <span class='ocrx_word' id='word_1_425' title='bbox 1365 3822 1627 3886; x_wconf 87' lang='lat' dir='ltr'><strong>furorem,</strong></span> 
     </span>
    </p>
   </div>
   <div class='ocr_carea' id='block_1_38' title="bbox 1921 3810 3498 3886">
    <p class='ocr_par' dir='ltr' id='par_1_38' title="bbox 1945 3810 3498 3884">
     <span class='ocr_line' id='line_1_38' title="bbox 1945 3810 3498 3884; baseline 0.003 -20"><span class='ocrx_word' id='word_1_426' title='bbox 1945 3812 2008 3864; x_wconf 88' lang='lat' dir='ltr'><strong>At</strong></span> <span class='ocrx_word' id='word_1_427' title='bbox 2035 3810 2192 3865; x_wconf 87' lang='lat' dir='ltr'><strong>Pater</strong></span> <span class='ocrx_word' id='word_1_428' title='bbox 2222 3816 2497 3865; x_wconf 85' lang='lat' dir='ltr'><strong>extremos</strong></span> <span class='ocrx_word' id='word_1_429' title='bbox 2523 3810 2767 3866; x_wconf 89' lang='lat' dir='ltr'><strong>monitus</strong></span> <span class='ocrx_word' id='word_1_430' title='bbox 2798 3827 3156 3884; x_wconf 83' lang='lat' dir='ltr'><strong>pangensque</strong></span> <span class='ocrx_word' id='word_1_431' title='bbox 3189 3819 3498 3883; x_wconf 87' lang='lat' dir='ltr'><strong>notansque</strong></span> 
     </span>
    </p>
   </div>
   <div class='ocr_carea' id='block_1_39' title="bbox 128 3901 3421 3975">
    <p class='ocr_par' dir='ltr' id='par_1_39' title="bbox 128 3901 3421 3975">
     <span class='ocr_line' id='line_1_39' title="bbox 128 3901 3421 3975; baseline 0.001 -19"><span class='ocrx_word' id='word_1_432' title='bbox 128 3906 355 3961; x_wconf 76' lang='lat' dir='ltr'><strong>Vellere</strong></span> <span class='ocrx_word' id='word_1_433' title='bbox 380 3906 622 3963; x_wconf 88' lang='lat' dir='ltr'><strong>farriteri</strong></span> <span class='ocrx_word' id='word_1_434' title='bbox 658 3907 922 3964; x_wconf 89' lang='lat' dir='ltr'><strong>fabricam</strong></span> <span class='ocrx_word' id='word_1_435' title='bbox 953 3927 1146 3966; x_wconf 83' lang='lat' dir='ltr'><strong>vexare</strong></span> <span class='ocrx_word' id='word_1_436' title='bbox 1186 3911 1376 3967; x_wconf 90' lang='lat' dir='ltr'><strong>moliui</strong></span> <span class='ocrx_word' id='word_1_437' title='bbox 1873 3905 1941 3959; x_wconf 92' lang='lat' dir='ltr'><strong>Se</strong></span> <span class='ocrx_word' id='word_1_438' title='bbox 1970 3919 2136 3958; x_wconf 91' lang='lat' dir='ltr'><strong>cruce</strong></span> <span class='ocrx_word' id='word_1_439' title='bbox 2157 3901 2483 3969; x_wconf 90' lang='lat' dir='ltr'><strong>communit,</strong></span> <span class='ocrx_word' id='word_1_440' title='bbox 2517 3904 2700 3958; x_wconf 89' lang='lat' dir='ltr'><strong>crucis</strong></span> <span class='ocrx_word' id='word_1_441' title='bbox 2721 3905 2868 3959; x_wconf 89' lang='lat' dir='ltr'><strong>edita</strong></span> <span class='ocrx_word' id='word_1_442' title='bbox 2895 3904 2962 3938; x_wconf 73' lang='lat'><strong>&quot;9</strong></span> <span class='ocrx_word' id='word_1_443' title='bbox 2983 3920 3190 3975; x_wconf 89' lang='lat' dir='ltr'><strong>pronus</strong></span> <span class='ocrx_word' id='word_1_444' title='bbox 3210 3904 3421 3970; x_wconf 88' lang='lat' dir='ltr'><strong>adorat,</strong></span> 
     </span>
    </p>
   </div>
   <div class='ocr_carea' id='block_1_40' title="bbox 128 3993 3369 4069">
    <p class='ocr_par' dir='ltr' id='par_1_40' title="bbox 128 3993 3369 4069">
     <span class='ocr_line' id='line_1_40' title="bbox 128 3993 3369 4069; baseline 0 -21"><span class='ocrx_word' id='word_1_445' title='bbox 128 3995 440 4063; x_wconf 78' lang='lat' dir='ltr'><strong>inhibitus,</strong></span> <span class='ocrx_word' id='word_1_446' title='bbox 479 3996 661 4067; x_wconf 91' lang='lat' dir='ltr'><strong>posito</strong></span> <span class='ocrx_word' id='word_1_447' title='bbox 694 3998 843 4069; x_wconf 86' lang='lat' dir='ltr'><strong>leges</strong></span> <span class='ocrx_word' id='word_1_448' title='bbox 868 4006 1143 4055; x_wconf 87' lang='lat' dir='ltr'><strong>statuente</strong></span> <span class='ocrx_word' id='word_1_449' title='bbox 1174 4000 1396 4063; x_wconf 81' lang='lat' dir='ltr'><strong>bacillo,</strong></span> <span class='ocrx_word' id='word_1_450' title='bbox 1873 3994 2255 4066; x_wconf 89' lang='lat' dir='ltr'><strong>Attollensque</strong></span> <span class='ocrx_word' id='word_1_451' title='bbox 2285 4009 2502 4049; x_wconf 91' lang='lat' dir='ltr'><strong>crucem</strong></span> <span class='ocrx_word' id='word_1_452' title='bbox 2528 3993 2786 4066; x_wconf 85' lang='lat' dir='ltr'><strong>lacrymis</strong></span> <span class='ocrx_word' id='word_1_453' title='bbox 2814 4005 2865 4049; x_wconf 92' lang='lat' dir='ltr'><strong>et</strong></span> <span class='ocrx_word' id='word_1_454' title='bbox 2901 3995 3156 4049; x_wconf 87' lang='lat' dir='ltr'><strong>laudibus</strong></span> <span class='ocrx_word' id='word_1_455' title='bbox 3189 4000 3369 4049; x_wconf 88' lang='lat' dir='ltr'><strong>ornat.</strong></span> 
     </span>
    </p>
   </div>
   <div class='ocr_carea' id='block_1_41' title="bbox 124 4083 3292 4160">
    <p class='ocr_par' dir='ltr' id='par_1_41' title="bbox 124 4083 3292 4160">
     <span class='ocr_line' id='line_1_41' title="bbox 124 4083 3292 4160; baseline 0.001 -23"><span class='ocrx_word' id='word_1_456' title='bbox 124 4083 185 4138; x_wconf 86' lang='lat' dir='ltr'><strong>Et</strong></span> <span class='ocrx_word' id='word_1_457' title='bbox 208 4084 405 4139; x_wconf 90' lang='lat' dir='ltr'><strong>crucis</strong></span> <span class='ocrx_word' id='word_1_458' title='bbox 435 4085 505 4139; x_wconf 86' lang='lat' dir='ltr'><strong>ad</strong></span> <span class='ocrx_word' id='word_1_459' title='bbox 536 4084 755 4160; x_wconf 86' lang='lat' dir='ltr'><strong>signum</strong></span> <span class='ocrx_word' id='word_1_460' title='bbox 789 4087 1011 4142; x_wconf 89' lang='lat' dir='ltr'><strong>monitis</strong></span> <span class='ocrx_word' id='word_1_461' title='bbox 1042 4095 1270 4158; x_wconf 88' lang='lat' dir='ltr'><strong>parente</strong></span> <span class='ocrx_word' id='word_1_462' title='bbox 1304 4088 1531 4157; x_wconf 79' lang='lat' dir='ltr'><strong>fluento,</strong></span> <span class='ocrx_word' id='word_1_463' title='bbox 1872 4087 2005 4142; x_wconf 88' lang='lat' dir='ltr'><strong>Tum</strong></span> <span class='ocrx_word' id='word_1_464' title='bbox 2026 4096 2239 4143; x_wconf 85' lang='lat' dir='ltr'><strong>secreta</strong></span> <span class='ocrx_word' id='word_1_465' title='bbox 2270 4094 2464 4157; x_wconf 89' lang='lat' dir='ltr'><strong>petens</strong></span> <span class='ocrx_word' id='word_1_466' title='bbox 2492 4097 2738 4142; x_wconf 87' lang='lat' dir='ltr'><strong>veterum</strong></span> <span class='ocrx_word' id='word_1_467' title='bbox 2764 4088 2963 4143; x_wconf 87' lang='lat' dir='ltr'><strong>delicta</strong></span> <span class='ocrx_word' id='word_1_468' title='bbox 2992 4087 3292 4159; x_wconf 89' lang='lat' dir='ltr'><strong>proborum</strong></span> 
     </span>
    </p>
   </div>
   <div class='ocr_carea' id='block_1_42' title="bbox 124 4173 3206 4252">
    <p class='ocr_par' dir='ltr' id='par_1_42' title="bbox 124 4173 3206 4252">
     <span class='ocr_line' id='line_1_42' title="bbox 124 4173 3206 4252; baseline 0.002 -27"><span class='ocrx_word' id='word_1_469' title='bbox 124 4176 439 4245; x_wconf 81' lang='lat' dir='ltr'><strong>.-lrduaque</strong></span> <span class='ocrx_word' id='word_1_470' title='bbox 468 4190 731 4248; x_wconf 89' lang='lat' dir='ltr'><strong>aggresso</strong></span> <span class='ocrx_word' id='word_1_471' title='bbox 755 4173 967 4230; x_wconf 82' lang='lat' dir='ltr'><strong>facilem</strong></span> <span class='ocrx_word' id='word_1_472' title='bbox 998 4174 1261 4250; x_wconf 86' lang='lat' dir='ltr'><strong>fugiendo</strong></span> <span class='ocrx_word' id='word_1_473' title='bbox 1293 4184 1553 4231; x_wconf 87' lang='lat' dir='ltr'><strong>meatum.</strong></span> <span class='ocrx_word' id='word_1_474' title='bbox 1874 4179 2125 4252; x_wconf 88' lang='lat' dir='ltr'><strong>Abstergi</strong></span> <span class='ocrx_word' id='word_1_475' title='bbox 2151 4177 2370 4252; x_wconf 86' lang='lat' dir='ltr'><strong>rogitat,</strong></span> <span class='ocrx_word' id='word_1_476' title='bbox 2414 4175 2656 4249; x_wconf 89' lang='lat' dir='ltr'><strong>ﬂetuque</strong></span> <span class='ocrx_word' id='word_1_477' title='bbox 2689 4176 2897 4252; x_wconf 91' lang='lat' dir='ltr'><strong>rigante</strong></span> <span class='ocrx_word' id='word_1_478' title='bbox 2928 4187 3206 4252; x_wconf 70' lang='lat' dir='ltr'><strong>repurgat.</strong></span> 
     </span>
    </p>
   </div>
   <div class='ocr_carea' id='block_1_43' title="bbox 121 4267 3123 4345">
    <p class='ocr_par' dir='ltr' id='par_1_43' title="bbox 121 4267 3123 4345">
     <span class='ocr_line' id='line_1_43' title="bbox 121 4267 3123 4345; baseline 0.001 -25"><span class='ocrx_word' id='word_1_479' title='bbox 121 4267 253 4321; x_wconf 76' lang='lat' dir='ltr'><strong>Visa</strong></span> <span class='ocrx_word' id='word_1_480' title='bbox 289 4278 506 4339; x_wconf 60' lang='lat' dir='ltr'><strong>tropaea</strong></span> <span class='ocrx_word' id='word_1_481' title='bbox 549 4267 691 4323; x_wconf 90' lang='lat' dir='ltr'><strong>redit</strong></span> <span class='ocrx_word' id='word_1_482' title='bbox 716 4267 1008 4323; x_wconf 89' lang='lat' dir='ltr'><strong>Sinoaldus</strong></span> <span class='ocrx_word' id='word_1_483' title='bbox 1046 4270 1283 4340; x_wconf 89' lang='lat' dir='ltr'><strong>prodere</strong></span> <span class='ocrx_word' id='word_1_484' title='bbox 1322 4268 1485 4323; x_wconf 86' lang='lat' dir='ltr'><strong>Patri.</strong></span> <span class='ocrx_word' id='word_1_485' title='bbox 1792 4335 1833 4345; x_wconf 23' lang='grc' dir='ltr'>,μ</span> <span class='ocrx_word' id='word_1_486' title='bbox 1878 4271 1967 4327; x_wconf 90' lang='lat' dir='ltr'><strong>Sic</strong></span> <span class='ocrx_word' id='word_1_487' title='bbox 1993 4272 2135 4326; x_wconf 82' lang='lat' dir='ltr'><strong>inter</strong></span> <span class='ocrx_word' id='word_1_488' title='bbox 2163 4269 2402 4345; x_wconf 88' lang='lat' dir='ltr'><strong>gemitus</strong></span> <span class='ocrx_word' id='word_1_489' title='bbox 2430 4269 2543 4324; x_wconf 92' lang='lat' dir='ltr'><strong>triti</strong></span> <span class='ocrx_word' id='word_1_490' title='bbox 2586 4275 2638 4323; x_wconf 90' lang='lat' dir='ltr'><strong>et</strong></span> <span class='ocrx_word' id='word_1_491' title='bbox 2666 4268 2907 4339; x_wconf 86' lang='lat' dir='ltr'><strong>suspiria</strong></span> <span class='ocrx_word' id='word_1_492' title='bbox 2938 4269 3123 4325; x_wconf 87' lang='lat' dir='ltr'><strong>cordis</strong></span> 
     </span>
    </p>
   </div>
   <div class='ocr_carea' id='block_1_44' title="bbox 195 4335 3247 4432">
    <p class='ocr_par' dir='ltr' id='par_1_44' title="bbox 195 4335 3247 4432">
     <span class='ocr_line' id='line_1_44' title="bbox 195 4335 3247 4432; baseline 0.001 -22"><span class='ocrx_word' id='word_1_493' title='bbox 195 4335 483 4411; x_wconf 75' lang='lat' dir='ltr'><strong>Virtutem</strong></span> <span class='ocrx_word' id='word_1_494' title='bbox 512 4372 737 4429; x_wconf 89' lang='lat' dir='ltr'><strong>quoque</strong></span> <span class='ocrx_word' id='word_1_495' title='bbox 766 4335 1269 4431; x_wconf 44' lang='lat' dir='ltr'><strong>magnifici-probat</strong></span> <span class='ocrx_word' id='word_1_496' title='bbox 1300 4358 1390 4413; x_wconf 91' lang='lat' dir='ltr'><strong>ille</strong></span> <span class='ocrx_word' id='word_1_497' title='bbox 1425 4358 1693 4431; x_wconf 85' lang='lat' dir='ltr'><strong>magistri.</strong></span> <span class='ocrx_word' id='word_1_498' title='bbox 1792 4335 1843 4402; x_wconf 79' lang='grc' dir='ltr'>υ</span> <span class='ocrx_word' id='word_1_499' title='bbox 1867 4360 2136 4416; x_wconf 88' lang='lat' dir='ltr'><strong>Attollens</strong></span> <span class='ocrx_word' id='word_1_500' title='bbox 2154 4335 2360 4424; x_wconf 65' lang='lat' dir='ltr'><strong>oculos,</strong></span> <span class='ocrx_word' id='word_1_501' title='bbox 2384 4359 2581 4414; x_wconf 63' lang='lat' dir='ltr'><strong>caelum</strong></span> <span class='ocrx_word' id='word_1_502' title='bbox 2605 4358 2710 4414; x_wconf 88' lang='lat' dir='ltr'><strong>sibi</strong></span> <span class='ocrx_word' id='word_1_503' title='bbox 2754 4335 2930 4415; x_wconf 77' lang='lat' dir='ltr'><strong>cernit</strong></span> <span class='ocrx_word' id='word_1_504' title='bbox 2959 4366 3212 4432; x_wconf 87' lang='lat' dir='ltr'><strong>apertum</strong></span> <span class='ocrx_word' id='word_1_505' title='bbox 3236 4377 3247 4412; x_wconf 92' lang='lat'><strong>:</strong></span> 
     </span>
    </p>
   </div>
   <div class='ocr_carea' id='block_1_45' title="bbox 123 4445 3281 4522">
    <p class='ocr_par' dir='ltr' id='par_1_45' title="bbox 123 4445 3281 4522">
     <span class='ocr_line' id='line_1_45' title="bbox 123 4445 3281 4522; baseline 0.001 -23"><span class='ocrx_word' id='word_1_506' title='bbox 123 4448 414 4502; x_wconf 61' lang='lat' dir='ltr'><strong>Ruricolae</strong></span> <span class='ocrx_word' id='word_1_507' title='bbox 448 4445 716 4501; x_wconf 86' lang='lat' dir='ltr'><strong>insistens</strong></span> <span class='ocrx_word' id='word_1_508' title='bbox 738 4446 912 4516; x_wconf 83' lang='lat' dir='ltr'><strong>Operi,</strong></span> <span class='ocrx_word' id='word_1_509' title='bbox 936 4445 1191 4518; x_wconf 75' lang='lat' dir='ltr'><strong>stifaeque</strong></span> <span class='ocrx_word' id='word_1_510' title='bbox 1222 4448 1289 4481; x_wconf 65' lang='lat'><strong>“5</strong></span> <span class='ocrx_word' id='word_1_511' title='bbox 1321 4446 1630 4513; x_wconf 61' lang='lat' dir='ltr'><strong>medenda},</strong></span> <span class='ocrx_word' id='word_1_512' title='bbox 1874 4449 2306 4522; x_wconf 87' lang='lat' dir='ltr'><strong>Gloriﬁcansque</strong></span> <span class='ocrx_word' id='word_1_513' title='bbox 2332 4449 2499 4503; x_wconf 91' lang='lat' dir='ltr'><strong>Deum</strong></span> <span class='ocrx_word' id='word_1_514' title='bbox 2532 4457 2718 4521; x_wconf 81' lang='lat' dir='ltr'><strong>grates</strong></span> <span class='ocrx_word' id='word_1_515' title='bbox 2750 4448 3015 4520; x_wconf 87' lang='lat' dir='ltr'><strong>dependit</strong></span> <span class='ocrx_word' id='word_1_516' title='bbox 3045 4458 3100 4503; x_wconf 89' lang='lat' dir='ltr'><strong>et</strong></span> <span class='ocrx_word' id='word_1_517' title='bbox 3128 4449 3281 4504; x_wconf 85' lang='lat' dir='ltr'><strong>odas.</strong></span> 
     </span>
    </p>
   </div>
   <div class='ocr_carea' id='block_1_46' title="bbox 120 4533 3170 4609">
    <p class='ocr_par' dir='ltr' id='par_1_46' title="bbox 120 4533 3170 4609">
     <span class='ocr_line' id='line_1_46' title="bbox 120 4533 3170 4609; baseline 0 -17"><span class='ocrx_word' id='word_1_518' title='bbox 120 4535 216 4593; x_wconf 67' lang='lat' dir='ltr'><strong>Cui</strong></span> <span class='ocrx_word' id='word_1_519' title='bbox 256 4537 418 4589; x_wconf 66' lang='lat' dir='ltr'><strong>laeva:</strong></span> <span class='ocrx_word' id='word_1_520' title='bbox 450 4534 633 4604; x_wconf 88' lang='lat' dir='ltr'><strong>pollex</strong></span> <span class='ocrx_word' id='word_1_521' title='bbox 662 4533 849 4587; x_wconf 89' lang='lat' dir='ltr'><strong>dextra</strong></span> <span class='ocrx_word' id='word_1_522' title='bbox 867 4542 1145 4589; x_wconf 87' lang='lat' dir='ltr'><strong>resecatur</strong></span> <span class='ocrx_word' id='word_1_523' title='bbox 1166 4534 1373 4606; x_wconf 83' lang='lat' dir='ltr'><strong>iniqua.</strong></span> <span class='ocrx_word' id='word_1_524' title='bbox 1874 4541 2205 4596; x_wconf 89' lang='lat' dir='ltr'><strong>Substiterat</strong></span> <span class='ocrx_word' id='word_1_525' title='bbox 2234 4556 2292 4595; x_wconf 88' lang='lat' dir='ltr'><strong>se</strong></span> <span class='ocrx_word' id='word_1_526' title='bbox 2323 4538 2462 4594; x_wconf 82' lang='lat' dir='ltr'><strong>clam</strong></span> <span class='ocrx_word' id='word_1_527' title='bbox 2484 4539 2639 4592; x_wconf 80' lang='lat' dir='ltr'><strong>testis</strong></span> <span class='ocrx_word' id='word_1_528' title='bbox 2660 4538 2754 4609; x_wconf 89' lang='lat' dir='ltr'><strong>qui</strong></span> <span class='ocrx_word' id='word_1_529' title='bbox 2785 4537 2898 4592; x_wconf 89' lang='lat' dir='ltr'><strong>visa</strong></span> <span class='ocrx_word' id='word_1_530' title='bbox 2922 4537 3170 4605; x_wconf 91' lang='lat' dir='ltr'><strong>referret,</strong></span> 
     </span>
    </p>
   </div>
   <div class='ocr_carea' id='block_1_47' title="bbox 108 4626 3189 4702">
    <p class='ocr_par' dir='ltr' id='par_1_47' title="bbox 108 4626 3189 4702">
     <span class='ocr_line' id='line_1_47' title="bbox 108 4626 3189 4702; baseline 0 -21"><span class='ocrx_word' id='word_1_531' title='bbox 108 4628 370 4700; x_wconf 86' lang='lat' dir='ltr'><strong>Jamque</strong></span> <span class='ocrx_word' id='word_1_532' title='bbox 402 4627 565 4681; x_wconf 91' lang='lat' dir='ltr'><strong>datus</strong></span> <span class='ocrx_word' id='word_1_533' title='bbox 588 4626 789 4701; x_wconf 88' lang='lat' dir='ltr'><strong>glebis,</strong></span> <span class='ocrx_word' id='word_1_534' title='bbox 823 4626 965 4681; x_wconf 87' lang='lat' dir='ltr'><strong>Patri</strong></span> <span class='ocrx_word' id='word_1_535' title='bbox 996 4627 1125 4681; x_wconf 91' lang='lat' dir='ltr'><strong>dum</strong></span> <span class='ocrx_word' id='word_1_536' title='bbox 1159 4628 1429 4698; x_wconf 89' lang='lat' dir='ltr'><strong>promitur</strong></span> <span class='ocrx_word' id='word_1_537' title='bbox 1459 4635 1661 4693; x_wconf 81' lang='lat' dir='ltr'><strong>artum,</strong></span> <span class='ocrx_word' id='word_1_538' title='bbox 1871 4633 2143 4688; x_wconf 87' lang='lat' dir='ltr'><strong>Panderet</strong></span> <span class='ocrx_word' id='word_1_539' title='bbox 2172 4639 2412 4702; x_wconf 67' lang='lat' dir='ltr'><strong>acceptae</strong></span> <span class='ocrx_word' id='word_1_540' title='bbox 2444 4630 2538 4702; x_wconf 90' lang='lat' dir='ltr'><strong>qui</strong></span> <span class='ocrx_word' id='word_1_541' title='bbox 2566 4629 2690 4684; x_wconf 89' lang='lat' dir='ltr'><strong>diva</strong></span> <span class='ocrx_word' id='word_1_542' title='bbox 2719 4628 2993 4683; x_wconf 84' lang='lat' dir='ltr'><strong>levamina</strong></span> <span class='ocrx_word' id='word_1_543' title='bbox 3023 4629 3189 4684; x_wconf 83' lang='lat' dir='ltr'><strong>vocis.</strong></span> 
     </span>
    </p>
   </div>
   <div class='ocr_carea' id='block_1_48' title="bbox 118 4716 3227 4789">
    <p class='ocr_par' dir='ltr' id='par_1_48' title="bbox 118 4716 3227 4789">
     <span class='ocr_line' id='line_1_48' title="bbox 118 4716 3227 4789; baseline -0.001 -16"><span class='ocrx_word' id='word_1_544' title='bbox 118 4720 307 4774; x_wconf 86' lang='lat' dir='ltr'><strong>Educi</strong></span> <span class='ocrx_word' id='word_1_545' title='bbox 344 4718 559 4773; x_wconf 86' lang='lat' dir='ltr'><strong>tumulo</strong></span> <span class='ocrx_word' id='word_1_546' title='bbox 590 4735 654 4773; x_wconf 92' lang='lat' dir='ltr'><strong>ac</strong></span> <span class='ocrx_word' id='word_1_547' title='bbox 682 4734 875 4789; x_wconf 89' lang='lat' dir='ltr'><strong>passus</strong></span> <span class='ocrx_word' id='word_1_548' title='bbox 904 4735 1001 4789; x_wconf 90' lang='lat' dir='ltr'><strong>per</strong></span> <span class='ocrx_word' id='word_1_549' title='bbox 1028 4718 1418 4787; x_wconf 85' lang='lat' dir='ltr'><strong>millejubetur</strong></span> <span class='ocrx_word' id='word_1_550' title='bbox 1948 4719 2128 4774; x_wconf 87' lang='lat' dir='ltr'><strong>Altera</strong></span> <span class='ocrx_word' id='word_1_551' title='bbox 2155 4719 2242 4773; x_wconf 86' lang='lat' dir='ltr'><strong>lux</strong></span> <span class='ocrx_word' id='word_1_552' title='bbox 2276 4719 2434 4773; x_wconf 81' lang='lat' dir='ltr'><strong>terris</strong></span> <span class='ocrx_word' id='word_1_553' title='bbox 2459 4735 2568 4789; x_wconf 41' lang='lat' dir='ltr'><strong>.am</strong></span> <span class='ocrx_word' id='word_1_554' title='bbox 2601 4718 2790 4773; x_wconf 71' lang='lat' dir='ltr'><strong>cmlica</strong></span> <span class='ocrx_word' id='word_1_555' title='bbox 2820 4718 2965 4772; x_wconf 88' lang='lat' dir='ltr'><strong>dona</strong></span> <span class='ocrx_word' id='word_1_556' title='bbox 2996 4716 3227 4783; x_wconf 86' lang='lat' dir='ltr'><strong>ferebat,</strong></span> 
     </span>
    </p>
   </div>
   <div class='ocr_carea' id='block_1_49' title="bbox 112 4808 3416 4883">
    <p class='ocr_par' dir='ltr' id='par_1_49' title="bbox 112 4808 3416 4883">
     <span class='ocr_line' id='line_1_49' title="bbox 112 4808 3416 4883; baseline -0.001 -17"><span class='ocrx_word' id='word_1_557' title='bbox 112 4811 378 4877; x_wconf 86' lang='lat' dir='ltr'><strong>Deferri,</strong></span> <span class='ocrx_word' id='word_1_558' title='bbox 411 4810 769 4882; x_wconf 87' lang='lat' dir='ltr'><strong>imbutusque</strong></span> <span class='ocrx_word' id='word_1_559' title='bbox 791 4811 960 4865; x_wconf 89' lang='lat' dir='ltr'><strong>sacris</strong></span> <span class='ocrx_word' id='word_1_560' title='bbox 998 4811 1320 4864; x_wconf 87' lang='lat' dir='ltr'><strong>moderante</strong></span> <span class='ocrx_word' id='word_1_561' title='bbox 1351 4809 1539 4864; x_wconf 69' lang='lat' dir='ltr'><strong>Salivis</strong></span> <span class='ocrx_word' id='word_1_562' title='bbox 1876 4811 1971 4867; x_wconf 90' lang='lat' dir='ltr'><strong>lllc</strong></span> <span class='ocrx_word' id='word_1_563' title='bbox 2012 4826 2215 4866; x_wconf 76' lang='lat' dir='ltr'><strong>vocans</strong></span> <span class='ocrx_word' id='word_1_564' title='bbox 2240 4826 2629 4883; x_wconf 85' lang='lat' dir='ltr'><strong>summumque</strong></span> <span class='ocrx_word' id='word_1_565' title='bbox 2654 4811 2772 4864; x_wconf 87' lang='lat' dir='ltr'><strong>vale</strong></span> <span class='ocrx_word' id='word_1_566' title='bbox 2802 4809 2940 4863; x_wconf 86' lang='lat' dir='ltr'><strong>dans</strong></span> <span class='ocrx_word' id='word_1_567' title='bbox 2980 4808 3236 4864; x_wconf 86' lang='lat' dir='ltr'><strong>fratribus</strong></span> <span class='ocrx_word' id='word_1_568' title='bbox 3264 4809 3416 4863; x_wconf 81' lang='lat' dir='ltr'><strong>addit</strong></span> 
     </span>
    </p>
   </div>
   <div class='ocr_carea' id='block_1_50' title="bbox 114 4898 3341 4975">
    <p class='ocr_par' dir='ltr' id='par_1_50' title="bbox 114 4898 3341 4975">
     <span class='ocr_line' id='line_1_50' title="bbox 114 4898 3341 4975; baseline -0.002 -17"><span class='ocrx_word' id='word_1_569' title='bbox 114 4905 421 4959; x_wconf 84' lang='lat' dir='ltr'><strong>Fracturae</strong></span> <span class='ocrx_word' id='word_1_570' title='bbox 450 4903 668 4959; x_wconf 87' lang='lat' dir='ltr'><strong>medico</strong></span> <span class='ocrx_word' id='word_1_571' title='bbox 689 4902 972 4975; x_wconf 88' lang='lat' dir='ltr'><strong>vitamque</strong></span> <span class='ocrx_word' id='word_1_572' title='bbox 999 4902 1207 4958; x_wconf 85' lang='lat' dir='ltr'><strong>ferente</strong></span> <span class='ocrx_word' id='word_1_573' title='bbox 1239 4901 1489 4973; x_wconf 89' lang='lat' dir='ltr'><strong>sepultis,</strong></span> <span class='ocrx_word' id='word_1_574' title='bbox 1879 4898 2202 4968; x_wconf 79' lang='lat' dir='ltr'><strong>Exhortans,</strong></span> <span class='ocrx_word' id='word_1_575' title='bbox 2236 4903 2431 4974; x_wconf 72' lang='lat' dir='ltr'><strong>emptis</strong></span> <span class='ocrx_word' id='word_1_576' title='bbox 2470 4912 2749 4965; x_wconf 91' lang='lat' dir='ltr'><strong>maneant,</strong></span> <span class='ocrx_word' id='word_1_577' title='bbox 2784 4901 2995 4972; x_wconf 89' lang='lat' dir='ltr'><strong>potiora</strong></span> <span class='ocrx_word' id='word_1_578' title='bbox 3036 4909 3341 4972; x_wconf 83' lang='lat' dir='ltr'><strong>capessant.</strong></span> 
     </span>
    </p>
   </div>
   <div class='ocr_carea' id='block_1_51' title="bbox 109 4993 3111 5073">
    <p class='ocr_par' dir='ltr' id='par_1_51' title="bbox 109 4993 3111 5073">
     <span class='ocr_line' id='line_1_51' title="bbox 109 4993 3111 5073; baseline -0.002 -21"><span class='ocrx_word' id='word_1_579' title='bbox 109 5000 407 5073; x_wconf 80' lang='lat' dir='ltr'><strong>Jungitur</strong></span> <span class='ocrx_word' id='word_1_580' title='bbox 433 4997 642 5053; x_wconf 81' lang='lat' dir='ltr'><strong>unifico</strong></span> <span class='ocrx_word' id='word_1_581' title='bbox 673 4997 910 5052; x_wconf 64' lang='lat' dir='ltr'><strong>viduatae</strong></span> <span class='ocrx_word' id='word_1_582' title='bbox 940 4998 1153 5073; x_wconf 85' lang='lat' dir='ltr'><strong>glutine</strong></span> <span class='ocrx_word' id='word_1_583' title='bbox 1186 4997 1401 5068; x_wconf 68' lang='lat' dir='ltr'><strong>palmae,</strong></span> <span class='ocrx_word' id='word_1_584' title='bbox 1880 4998 1973 5051; x_wconf 90' lang='lat' dir='ltr'><strong>Sic</strong></span> <span class='ocrx_word' id='word_1_585' title='bbox 1993 4997 2162 5052; x_wconf 88' lang='lat' dir='ltr'><strong>verbo</strong></span> <span class='ocrx_word' id='word_1_586' title='bbox 2192 4995 2412 5070; x_wconf 88' lang='lat' dir='ltr'><strong>genitos</strong></span> <span class='ocrx_word' id='word_1_587' title='bbox 2440 4996 2626 5051; x_wconf 85' lang='lat' dir='ltr'><strong>solans</strong></span> <span class='ocrx_word' id='word_1_588' title='bbox 2655 4993 2959 5050; x_wconf 89' lang='lat' dir='ltr'><strong>absolvitur</strong></span> <span class='ocrx_word' id='word_1_589' title='bbox 2987 4993 3111 5047; x_wconf 90' lang='lat' dir='ltr'><strong>imis</strong></span> 
     </span>
    </p>
   </div>
   <div class='ocr_carea' id='block_1_52' title="bbox 121 5085 3135 5161">
    <p class='ocr_par' dir='ltr' id='par_1_52' title="bbox 121 5085 3135 5161">
     <span class='ocr_line' id='line_1_52' title="bbox 121 5085 3135 5161; baseline -0 -21"><span class='ocrx_word' id='word_1_590' title='bbox 121 5091 585 5161; x_wconf 72' lang='lat' dir='ltr'><strong>l&#39;necipiturque</strong></span> <span class='ocrx_word' id='word_1_591' title='bbox 607 5089 787 5144; x_wconf 87' lang='lat' dir='ltr'><strong>datam</strong></span> <span class='ocrx_word' id='word_1_592' title='bbox 822 5090 982 5144; x_wconf 89' lang='lat' dir='ltr'><strong>tacite</strong></span> <span class='ocrx_word' id='word_1_593' title='bbox 1023 5094 1254 5144; x_wconf 87' lang='lat' dir='ltr'><strong>tractare</strong></span> <span class='ocrx_word' id='word_1_594' title='bbox 1284 5088 1535 5143; x_wconf 89' lang='lat' dir='ltr'><strong>salutem.</strong></span> <span class='ocrx_word' id='word_1_595' title='bbox 1882 5088 1945 5142; x_wconf 88' lang='lat' dir='ltr'><strong>Et</strong></span> <span class='ocrx_word' id='word_1_596' title='bbox 1965 5088 2054 5161; x_wconf 91' lang='lat' dir='ltr'><strong>pia</strong></span> <span class='ocrx_word' id='word_1_597' title='bbox 2084 5087 2316 5142; x_wconf 71' lang='lat' dir='ltr'><strong>siderea:</strong></span> <span class='ocrx_word' id='word_1_598' title='bbox 2347 5087 2549 5142; x_wconf 86' lang='lat' dir='ltr'><strong>mentis</strong></span> <span class='ocrx_word' id='word_1_599' title='bbox 2574 5094 2676 5142; x_wconf 87' lang='lat' dir='ltr'><strong>tert</strong></span> <span class='ocrx_word' id='word_1_600' title='bbox 2704 5085 2927 5141; x_wconf 87' lang='lat' dir='ltr'><strong>ﬂamina</strong></span> <span class='ocrx_word' id='word_1_601' title='bbox 2957 5086 3135 5141; x_wconf 77' lang='lat' dir='ltr'><strong>ccelis.</strong></span> 
     </span>
    </p>
   </div>
   <div class='ocr_carea' id='block_1_53' title="bbox 194 5180 1670 5254">
    <p class='ocr_par' dir='ltr' id='par_1_53' title="bbox 194 5180 1670 5254">
     <span class='ocr_line' id='line_1_53' title="bbox 194 5180 1670 5254; baseline -0.003 -17"><span class='ocrx_word' id='word_1_602' title='bbox 194 5183 302 5238; x_wconf 81' lang='lat' dir='ltr'><strong>Sic</strong></span> <span class='ocrx_word' id='word_1_603' title='bbox 338 5180 626 5254; x_wconf 86' lang='lat' dir='ltr'><strong>quondam</strong></span> <span class='ocrx_word' id='word_1_604' title='bbox 655 5196 887 5252; x_wconf 89' lang='lat' dir='ltr'><strong>puerum</strong></span> <span class='ocrx_word' id='word_1_605' title='bbox 904 5180 1114 5252; x_wconf 89' lang='lat' dir='ltr'><strong>spirare</strong></span> <span class='ocrx_word' id='word_1_606' title='bbox 1140 5196 1399 5252; x_wconf 89' lang='lat' dir='ltr'><strong>suprema</strong></span> <span class='ocrx_word' id='word_1_607' title='bbox 1427 5187 1670 5252; x_wconf 86' lang='lat' dir='ltr'><strong>putatum</strong></span> 
     </span>
    </p>
   </div>
   <div class='ocr_carea' id='block_1_54' title="bbox 1235 5375 2429 5432">
    <p class='ocr_par' dir='ltr' id='par_1_54' title="bbox 1235 5375 2429 5432">
     <span class='ocr_line' id='line_1_54' title="bbox 1235 5375 2429 5432; baseline -0.001 -1"><span class='ocrx_word' id='word_1_608' title='bbox 1235 5377 1502 5432; x_wconf 76' lang='lat' dir='ltr'><strong>GLOSS/E</strong></span> <span class='ocrx_word' id='word_1_609' title='bbox 1556 5376 1977 5432; x_wconf 80' lang='lat' dir='ltr'><strong>MARGINALES</strong></span> <span class='ocrx_word' id='word_1_610' title='bbox 2026 5375 2429 5431; x_wconf 81' lang='lat' dir='ltr'><strong>MABILLONII.</strong></span> 
     </span>
    </p>
   </div>
   <div class='ocr_carea' id='block_1_55' title="bbox 193 5531 3516 5624">
    <p class='ocr_par' dir='ltr' id='par_1_55' title="bbox 193 5531 3516 5624">
     <span class='ocr_line' id='line_1_55' title="bbox 193 5531 3516 5624; baseline 0 0"><span class='ocrx_word' id='word_1_611' title='bbox 193 5540 588 5624; x_wconf 62' lang='lat' dir='ltr'><strong>‘f‘resulis:..</strong></span> <span class='ocrx_word' id='word_1_612' title='bbox 628 5541 699 5624; x_wconf 82' lang='lat'><strong>.‘&quot;</strong></span> <span class='ocrx_word' id='word_1_613' title='bbox 731 5541 1090 5624; x_wconf 59' lang='grc' dir='ltr'><strong>εοιυηξιεέηρο</strong></span> <span class='ocrx_word' id='word_1_614' title='bbox 1141 5540 1208 5574; x_wconf 76' lang='grc'><strong>⁴¹⁸</strong></span> <span class='ocrx_word' id='word_1_615' title='bbox 1239 5539 1596 5624; x_wconf 44' lang='lat' dir='ltr'><strong>vellendas-</strong></span> <span class='ocrx_word' id='word_1_616' title='bbox 1678 5536 2512 5624; x_wconf 58' lang='lat' dir='ltr'><strong>f1”.QesidcraR§-..”°.D°&quot;¢°a</strong></span> <span class='ocrx_word' id='word_1_617' title='bbox 2580 5531 3516 5624; x_wconf 56' lang='lat' dir='ltr'><strong>&quot;&#39;Iliéb‘BFPa-..i’i.i.&#39;PP&quot;fcc\°S°</strong></span> 
     </span>
    </p>
   </div>
   <div class='ocr_carea' id='block_1_56' title="bbox 112 5603 3199 5684">
    <p class='ocr_par' dir='ltr' id='par_1_56' title="bbox 112 5603 3199 5684">
     <span class='ocr_line' id='line_1_56' title="bbox 112 5603 3199 5684; baseline -0.004 -13"><span class='ocrx_word' id='word_1_618' title='bbox 112 5619 194 5652; x_wconf 71' lang='grc'><strong>⁸³³</strong></span> <span class='ocrx_word' id='word_1_619' title='bbox 232 5603 453 5671; x_wconf 67' lang='lat' dir='ltr'><strong>febris.</strong></span> <span class='ocrx_word' id='word_1_620' title='bbox 526 5613 594 5648; x_wconf 77' lang='grc'><strong>⁸³⁸</strong></span> <span class='ocrx_word' id='word_1_621' title='bbox 620 5614 828 5684; x_wconf 86' lang='lat' dir='ltr'><strong>jussus.</strong></span> <span class='ocrx_word' id='word_1_622' title='bbox 910 5613 977 5646; x_wconf 71' lang='grc'><strong>⁸³⁵</strong></span> <span class='ocrx_word' id='word_1_623' title='bbox 1007 5612 1183 5667; x_wconf 61' lang='lat' dir='ltr'><strong>stivae.</strong></span> <span class='ocrx_word' id='word_1_624' title='bbox 1266 5612 1336 5646; x_wconf 74' lang='grc'><strong>⁸³⁸</strong></span> <span class='ocrx_word' id='word_1_625' title='bbox 1367 5610 1600 5666; x_wconf 84' lang='lat' dir='ltr'><strong>itineris.</strong></span> <span class='ocrx_word' id='word_1_626' title='bbox 1685 5610 1751 5644; x_wconf 77' lang='grc'><strong>⁸²⁷</strong></span> <span class='ocrx_word' id='word_1_627' title='bbox 1781 5610 1955 5667; x_wconf 76' lang='lat' dir='ltr'><strong>Jonte.</strong></span> <span class='ocrx_word' id='word_1_628' title='bbox 2034 5609 2099 5644; x_wconf 66' lang='grc'><strong>⁸³⁸</strong></span> <span class='ocrx_word' id='word_1_629' title='bbox 2120 5609 2180 5663; x_wconf 73' lang='lat' dir='ltr'><strong>id</strong></span> <span class='ocrx_word' id='word_1_630' title='bbox 2208 5612 2286 5664; x_wconf 83' lang='lat' dir='ltr'><strong>est</strong></span> <span class='ocrx_word' id='word_1_631' title='bbox 2311 5622 2479 5664; x_wconf 88' lang='lat' dir='ltr'><strong>causa</strong></span> <span class='ocrx_word' id='word_1_632' title='bbox 2500 5605 2779 5671; x_wconf 88' lang='lat' dir='ltr'><strong>tormenti,</strong></span> <span class='ocrx_word' id='word_1_633' title='bbox 2808 5611 2914 5659; x_wconf 90' lang='lat' dir='ltr'><strong>etc.</strong></span> <span class='ocrx_word' id='word_1_634' title='bbox 2984 5604 3052 5638; x_wconf 76' lang='grc'><strong>⁸²⁹</strong></span> <span class='ocrx_word' id='word_1_635' title='bbox 3072 5603 3199 5659; x_wconf 87' lang='lat' dir='ltr'><strong>alta.</strong></span> 
     </span>
    </p>
   </div>
  </div>
