4002 6124
469 318 574 371 883
712 315 1077 371 FLOIJOAHDI
1119 314 1420 369 CANONICI
1466 314 1795 371 REMENSIS
1836 317 2168 372 OPUSCULA
2211 317 2601 373 METRICA.—
2635 318 2716 372 DE
2755 317 3011 373 CHRISTI
3053 318 3439 386 TRIUMPHIS,
3480 320 3606 376 ETC
3710 325 3822 379 884

1967 477 2183 533 CAPUT
2228 478 2337 535 XX.

1614 578 1691 636 De
1717 578 1942 637 sanctis
1970 578 2238 656 Bertul/‘o
2268 585 2321 636 et
2352 578 2654 639 Eustasio.

544 706 699 762 Hunc
728 705 796 740 ⁴³⁰
821 706 1073 778 sequitur
1094 705 1316 762 fervens
1343 707 1992 781 subrelligionisamore,
2109 710 2443 784 AMarcenti
2509 727 2638 766 arva
2696 711 2869 786 gradu
2907 729 2921 765 :
3001 713 3233 785 languor
3296 715 3510 770 Patrem
3539 757 3555 783 ,
3645 733 3824 790 angor

476 804 732 859 Francica
749 803 1048 878 prOgenies
1072 803 1239 858 altum
1272 819 1435 876 quem
1475 805 1763 879 sanguinis
1786 805 1921 871 edit,
3470 807 3749 878 [alumnos

473 895 696 951 Arnulfo
712 894 922 952 celebri
950 894 1223 951 Bertulfus
1251 896 1424 968 stirpe
1446 897 1736 952 cohaerens
2193 890 2469 946 Presserat
2499 892 2794 960 haerentes,
2826 907 2929 947 nec
2958 908 3113 964 spem
3138 893 3423 950 redeuntis
3453 896 3748 962 habentes,

474 987 747 1048 Pontiﬁci.
779 1003 943 1060 quem
974 987 1120 1042 celsa
1148 987 1344 1043 videns
1368 986 1583 1063 fastigia
1609 995 1795 1044 mente
2192 983 2426 1039 Roboris
2451 984 2717 1039 excubias
2733 1000 2839 1040 nox
2862 984 2965 1039 fert
2990 985 3289 1040 columis...

475 1083 746 1152 Spernere
773 1080 1007 1161 cmlesti,
1037 1086 1295 1146 sectatur,
1326 1089 1381 1135 et
1409 1082 1579 1136 ardua
1599 1081 1746 1137 sago“
2188 1072 2333 1127 Iuris
2366 1072 2654 1144 apostolici
2688 1074 2895 1129 cultum
2928 1074 3087 1129 Pater
3110 1075 3330 1130 ordinat
3353 1091 3521 1151 aeger,

477 1170 728 1225 Culmina
756 1176 1139 1232 contemnens,
1173 1169 1354 1225 crucis
1382 1170 1575 1241 arripit
1605 1171 1712 1226 alta
1742 1177 1970 1242 tropea,
2195 1162 2266 1216 ΑΟ
2291 1161 2454 1216 50ίὶιο
2476 1161 2719 1233 ᾱὶεροηὶι
2745 1162 2832 1235 agi
2863 1162 3154 1217 sollemnia
3187 1163 3291 1217 ritu

482 1261 904 1333 Eustasiumque
934 1268 1131 1332 petens
1160 1261 1420 1317 Lussovia
1443 1262 1568 1337 lege
1595 1262 1867 1318 colentem
2143 1271 2152 1279 ·
2197 1252 2297 1317 Qui
2324 1253 2428 1307 sibi
2451 1253 2547 1325 qui
2577 1253 2743 1309 sociis
2774 1260 3025 1309 statuens
3056 1254 3332 1309 insomnia
3362 1262 3605 1311 servent.

478 1354 662 1409 Castra
694 1352 1037 1417 Columbani,
1068 1352 1294 1408 monitis
1333 1352 1600 1408 attollitur
1625 1354 1804 1420 almis,
2208 1347 2323 1401 Nox
2348 1363 2506 1402 curas
2530 1347 2758 1423 subigit,
2785 1358 3013 1403 cunctos
3027 1364 3195 1420 sopor
3220 1349 3399 1405 obruit
3429 1351 3576 1406 altus

479 1442 743 1499 Omnibus
771 1447 825 1496 et
844 1450 1032 1516 gratus
1070 1441 1258 1497 virtuti
1290 1442 1441 1515 degit
1470 1450 1526 1497 et
1557 1451 1716 1513 aptus
2209 1435 2475 1492 Custodes
2498 1439 2663 1493 etiam
2684 1438 2880 1493 lethaea
2914 1439 3116 1493 oblivia
3139 1440 3353 1496 sternit.

479 1534 675 1601 Attala,
706 1533 802 1589 sed
838 1533 1020 1589 Gallos
1049 1534 1113 1569 ⁴²¹
1168 1534 1489 1591 Lussovium
1521 1545 1576 1589 et
1618 1543 1681 1590 ut
1719 1536 1857 1606 petit
1880 1553 2104 1610 agmen,
2207 1534 2662 1591 Asseculislictus
2687 1536 2755 1570 ‘37
2784 1535 2995 1591 Christo
3034 1538 3261 1592 custode
3288 1537 3518 1593 levatur.

482 1618 773 1698 Utriusque
798 1625 968 1681 Patris
988 1626 1056 1661 ‘3’
1082 1626 1233 1682 socia
1264 1627 1471 1698 pietate
1491 1625 1762 1695 fervente,
2208 1625 2529 1698 Solaturque
2557 1625 2717 1681 Petro
2748 1625 2816 1660 ³³⁸
2842 1626 2974 1680 dum
3005 1627 3255 1698 principe
3269 1628 3465 1683 visitur
3491 1628 3687 1683 abbas.

484 1716 618 1770 Huic
644 1731 866 1787 quoque
906 1731 966 1770 se
996 1714 1209 1770 dedens
1238 1716 1402 1771 Italos
1429 1715 1657 1771 sortitur
1681 1731 1904 1788 agones,
2202 1714 2434 1786 Surgere
2467 1714 2805 1785 praecipitur,
2837 1729 3142 1786 sospesque
3164 1716 3343 1771 redire
3368 1716 3619 1786 jubetur,

484 1807 769 1862 Permanet
805 1822 869 1862 ac
911 1805 1071 1862 ﬁdus.
1115 1807 1409 1878 Postquam
1456 1816 1511 1861 at
1568 1807 1725 1862 Pater
1762 1808 1830 1842 ⁸³³
1869 1808 2101 1883 emigrat
2202 1803 2494 1874 Accipit"39
2525 1813 2580 1858 et
2610 1804 2829 1859 Petrum
2851 1820 2975 1859 sese
3006 1805 3211 1875 petisse
3244 1815 3557 1875 patronum,

1757 1925 1763 1931 ~
1853 1896 2031 1967 [astris
2204 1892 2478 1947 Attonitus
2499 1899 2652 1965 rogat
2691 1894 2929 1948 excitum
2960 1894 3093 1948 dare
3124 1894 3239 1948 visa
3270 1894 3582 1949 ministrum
3601 1915 3618 1949 :

486 1984 770 2039 Communi
803 1984 1062 2059 allegitur
1090 1984 1333 2040 Fratrum
1356 1984 1570 2041 fervore
1587 1985 1655 2020 ‘3‘
1684 1986 1969 2060 magister,
2138 2031 2180 2060 η
2210 1980 2305 2035 Ille
2332 1997 2541 2055 negans
2569 1981 2898 2036 Illusu'atum
2930 1997 2992 2037 se
3023 1982 3145 2037 luce
3171 1983 3359 2053 petita.

485 2074 733 2150 Perfovet
760 2031 1097 2151 atqueat-egit
1125 2078 1252 2134 divo
1290 2078 1673 2135 moderamine
1693 2031 1969 2151 “Spw;
2138 2031 2184 2099 Β
2212 2067 2359 2123 Hanc
2379 2031 2553 2142 thegi
2576 2069 2771 2138 poscit,
2804 2031 3489 2143 precibusquclextorquel
3518 2072 3760 2138 anhelis,

556 2169 683 2223 Atra
709 2182 923 2223 venena
952 2182 1200 2239 coquens
1236 2168 1470 2238 impellit
1495 2169 1564 2223 ad
1594 2168 1846 2239 improba
1874 2186 2106 2240 serpens
2207 2160 2384 2231 Atque
2411 2168 2629 2231 reperta
2651 2167 2821 2228 notat,
2846 2162 3111 2234 testisque
3133 2163 3345 2218 accedit
3364 2165 3608 2219 adacter.

488 2261 662 2316 Corda
689 2262 1145 2334 propinquorum,
1167 2261 1352 2317 vicino
1382 2261 1621 2317 subdere
1650 2263 1891 2317 suadens
2278 2257 2322 2311 It
2351 2255 2512 2310 Pater
2540 2257 2659 2327 ipse
2689 2257 2900 2324 valens,
2924 2258 3172 2329 aliosque
3191 2259 3282 2312 dat
3311 2257 3393 2312 ire
3424 2259 3708 2325 valentes,

490 2350 638 2405 llunc
718 2349 787 2385 ‘35
841 2349 946 2405 sibi
1023 2348 1295 2421 pontiﬁci,
1355 2358 1472 2405 sata
1529 2365 1633 2405 nec
1701 2350 1810 2405 sibi
1853 2366 2103 2422 quaerere
2206 2345 2547 2400 Dtemonicas
2576 2345 2734 2416 pellit
2764 2355 2969 2415 pestes,
2994 2357 3191 2421 purgat
3232 2364 3394 2418 prece
3423 2357 3661 2403 mentes.

1755 2442 1930 2514 [cessa
1949 2442 2035 2496 ‘3“.
2282 2439 2598 2495 Victorinus
2625 2439 2681 2494 id
2696 2448 2974 2511 expertus,
3008 2442 3168 2497 datus
3197 2444 3390 2498 obvius
3414 2446 3583 2509 almo,

491 2535 628 2590 llinc
648 2549 911 2606 proceres
938 2533 1076 2604 adit,
1108 2533 1239 2588 hinc
1269 2547 1478 2605 regem,
1512 2547 1614 2587 nec
1640 2538 1764 2588 vota
1796 2530 2039 2599 facessit,
2213 2533 2323 2589 Nec
2343 2550 2496 2589 mora
2524 2544 2769 2604 curatus,
2789 2543 2972 2608 grates
3001 2536 3182 2591 studet
3209 2538 3375 2592 edere
3406 2556 3595 2594 sanus.

491 2629 600 2684 Nec
630 2628 827 2700 emptis
854 2626 1046 2685 resilit.
1087 2626 1202 2691 Qua
1223 2625 1275 2681 vi
1302 2634 1535 2700 cogente
1560 2625 1759 2681 beatus
2214 2630 2305 2686 Sic
2333 2648 2471 2702 puer
2498 2648 2799 2704 oppressus
2829 2648 3087 2704 saevoque
3121 2634 3327 2688 latrone
3358 2642 3596 2691 voratus.

494 2722 835 2777 Romulidam
868 2721 1029 2776 Pater
1052 2720 1371 2794 aggreditur
1398 2735 1752 2791 compescere
1783 2736 2001 2791 papam.
2212 2723 2442 2778 Abbatis
2469 2731 2605 2778 nutu
2638 2725 2775 2779 redit
2810 2734 2927 2780 atra
2960 2726 3115 2781 fauce
3134 2732 3407 2796 receptus.

491 2815 762 2881 Quaesitus
800 2829 1049 2869 normam
1077 2813 1293 2875 recitat,
1333 2818 1612 2884 praecepta
1642 2810 1899 2883 resignat.

2209 2820 2409 2874 Tabcm
2452 2818 2616 2874 etiam
2651 2819 2820 2890 leprze
2851 2836 3055 2892 supero
3083 2820 3311 2891 depellit
3340 2822 3574 2885 honore,

491 2905 729 2960 Antistes
760 2903 987 2959 monitis
1016 2903 1294 2977 adgaudet
1327 2900 1595 2956 Honorius
1623 2900 1786 2970 aptis,
2212 2909 2274 2964 Et
2306 2908 2537 2964 medicis
2562 2908 2936 2980 chperatum,
2968 2924 3122 2964 sacro
3150 2910 3395 2980 unguine
3424 2912 3637 2964 salvum

493 2993 901 3064 Amplexusque
926 2991 1125 3057 virum,
1147 2990 1376 3058 refovet,
1404 2998 1717 3052 veneratur,
1746 2990 2000 3055 honorat,
2212 3001 2339 3055 post
2368 2999 2456 3070 pia
2491 3008 2619 3054 νοω
2644 2997 2795 3065 facit,
2818 2997 3106 3070 pos‘tquam
3128 2999 3341 3067 jejunia
3373 3000 3542 3054 ducit,

495 3084 741 3153 Curaque
760 3081 1034 3143 concedit,
1067 3081 1219 3156 leges
1247 3088 1300 3136 et
1330 3081 1579 3155 regmina
1608 3082 1804 3147 munit,

2214 3092 2387 3164 Atque
2419 3091 2495 3146 ita
2519 3092 2643 3146 labe
2673 3097 2879 3160 cutem,
2910 3090 3065 3145 sanie
3092 3089 3171 3146 sic
3198 3091 3411 3147 viscera
3441 3092 3697 3158 mundat,

497 3175 813 3245 lnvitusque
832 3173 1013 3227 redire
1034 3172 1183 3227 sinit.
1228 3170 1515 3227 Thuseana
1537 3172 1747 3227 terebat
2219 3187 2283 3242 υι
2313 3186 2489 3243 morbi
2525 3193 2650 3258 post
2673 3186 2822 3241 nulla
2850 3186 3020 3241 decus
3045 3185 3114 3220 uo
3146 3185 3373 3262 vestigia
3407 3186 3640 3260 nl,un

1954 3325 2164 3381 CAPUT
2212 3325 2346 3380 XXI.

1435 3432 1514 3491 De
1540 3434 1764 3493 sanctis
1794 3432 2120 3509 Blidulp/to
2155 3438 2207 3488 et
2234 3429 2496 3488 Meroveo
2527 3425 2844 3486 monacho.

565 3560 731 3634 Signa
761 3559 1032 3616 salutiferi
1062 3558 1305 3629 nemoris
1343 3559 1461 3637 haec
1490 3557 1695 3628 inclyta
1723 3557 1863 3612 laetis
2143 3561 2192 3628 ί]
2214 3553 2506 3627 Sacrilegis
2537 3561 2591 3608 et
2622 3551 2717 3624 qui
2758 3549 2936 3605 faveat
2974 3551 3142 3605 simili
3178 3552 3305 3627 igne
3336 3551 3628 3624 liquescat.

496 3652 784 3708 Fructibus
804 3649 1069 3725 effulgent
1092 3651 1326 3722 vitaeque
1353 3648 1651 3724 fragrantia
1678 3654 1867 3703 nectar
2214 3650 2277 3702 At
2306 3648 2416 3702 dux
2445 3646 2563 3715 ipse
2604 3642 2731 3698 mali
2765 3652 3016 3698 metuens
3043 3643 3150 3698 sibi
3184 3644 3368 3716 qualia
3399 3645 3577 3699 cernit

494 3742 751 3815 Aspirant
779 3744 977 3798 devota
999 3743 1109 3797 Deo
1137 3742 1266 3797 dum
1291 3741 1523 3816 pignora
1552 3740 1805 3815 gignunt.
2216 3738 2393 3814 lnﬂigi
2427 3737 2640 3792 meritis
2658 3735 2921 3790 miserum
2942 3751 3064 3790 eum
3097 3751 3325 3789 munere
3355 3736 3549 3790 castris

495 3838 736 3902 Quorum
770 3834 1068 3906 persistens
1097 3832 1276 3889 solido
1306 3831 1632 3903 Blidulphus
1663 3831 1871 3886 honore
2214 3826 2457 3882 Destinat
2485 3823 2766 3891 almiﬁcis;
2798 3832 2954 3894 pater
2980 3823 3219 3894 inclytus
3239 3824 3414 3879 Attala
3445 3826 3593 3880 dona

495 3925 748 3981 Numinis
768 3924 964 3981 insecti
995 3930 1232 3981 assertor
1256 3938 1555 3995 coramque
1580 3932 1812 3994 tyranno
2215 3918 2444 3990 Respuit
2466 3916 2646 3984 inﬁdi,
2676 3922 2816 3972 torto
2847 3931 3173 3971 succurrere
3201 3916 3371 3971 currit

495 4014 888 4071 Iudivisibilem
920 4014 1261 4085 Iaudansque
1300 4012 1622 4084 doeensque
1653 4011 1933 4077 decorem,
2213 4010 2444 4085 Flagitat
2473 4016 2527 4065 et
2553 4009 2744 4064 fratres
2769 4008 3044 4062 redimaut
3067 4008 3185 4062 diro
3216 4008 3342 4082 igne
3378 4008 3734 4084 ﬂagrantem.

494 4107 761 4163 Culminis
790 4105 1016 4162 tetherei
1046 4104 1220 4160 turias
1241 4103 1495 4160 accendit
1524 4103 1698 4175 iniqui
1727 4120 1740 4157 :
2215 4104 2540 4162 Incumbant
2571 4103 2851 4175 precibus,
2878 4102 3019 4158 votis
3040 4111 3299 4159 tueantur
3324 4105 3621 4172 anhelum;

497 4201 555 4255 [n
577 4216 677 4254 sua
714 4199 821 4254 fata
858 4197 1015 4253 ducis
1043 4196 1310 4275 secretius
1339 4211 1490 4250 arma
1519 4200 1802 4266 parantur,
2000 4250 2003 4253 .
2212 4195 2453 4251 Nexibus
2483 4200 2769 4264 exemptus
2789 4200 3073 4264 praestatur
3094 4210 3326 4268 pergere
3357 4211 3547 4250 sanus.

495 4293 663 4348 Fraus
691 4297 833 4346 tecta
861 4288 1174 4353 instruitur,
1206 4287 1413 4343 bellum
1447 4286 1616 4342 ferale
1646 4292 1918 4351 movetur,
2213 4284 2322 4339 Nec
2353 4282 2517 4357 longo
2548 4289 2730 4337 tamen
2762 4281 3024 4355 indignus
3052 4281 3513 4357 perfungilurusu

501 4383 634 4439 Veri
664 4396 844 4453 preco
873 4378 1017 4434 dolis
1043 4378 1248 4449 petitur
1276 4378 1564 4451 plagisque
1590 4376 1849 4433 subactus
2211 4367 2495 4447 Temporis
2525 4373 2591 4427 ad
2614 4372 2830 4427 veniam
2858 4371 2997 4428 cessi
3030 4373 3177 4444 quod
3208 4373 3439 4444 perdere
3471 4376 3658 4450 nugis.

497 4475 751 4531 Fustibus
789 4471 1059 4527 obteritur
1081 4470 1312 4538 crebris,
1340 4470 1468 4526 dum
1499 4486 1659 4526 sensa
1691 4469 1899 4526 doloris
2219 4466 2389 4530 Quam
2422 4479 2639 4518 servare
2661 4462 2796 4537 legit
2825 4462 3101 4534 lacrymis,
3128 4462 3454 4534 jactansque
3476 4466 3775 4521 cachinnis

500 4566 786 4621 Mactatum
809 4563 1037 4636 liquisse
1059 4569 1240 4634 patet;
1281 4560 1363 4616 sic
1403 4560 1621 4632 hospite
1650 4557 1760 4615 ﬁdo
2217 4558 2285 4612 Se
2325 4556 2564 4627 gessisse
2593 4554 2856 4626 probrum
2888 4555 3050 4621 votis,
3084 4570 3209 4609 mox
3242 4554 3491 4609 febribus
3519 4564 3677 4609 actus

499 4658 765 4725 Quaesitus
794 4672 961 4712 sensu
984 4664 1147 4728 atque
1174 4653 1361 4730 ﬂagris
1400 4653 1673 4724 reperitur
1697 4650 1900 4719 inanis,
2219 4651 2348 4725 Igne
2378 4649 2542 4705 callet
2574 4647 2703 4703 lethi
2726 4648 3078 4719 clamansque
3110 4647 3412 4719 furensque
3437 4648 3716 4722 gehennae

501 4753 717 4809 Exeitus
745 4762 804 4808 ut
833 4756 1028 4808 somno
1059 4750 1175 4806 miti
1207 4749 1477 4805 dormisse
1506 4764 1705 4820 sopore
2214 4741 2497 4813 Abripitur
2528 4740 2708 4812 poenis
2733 4740 3020 4794 submotus
3057 4749 3111 4794 et
3140 4756 3340 4816 aggere
3373 4739 3549 4794 bustis

499 4845 681 4900 Mitius
699 4851 864 4916 atque
888 4859 1130 4916 unquam
1173 4841 1471 4913 perhibens
1499 4847 1605 4895 stat
1625 4840 1853 4895 vulnere
1878 4840 2039 4906 liber,
2138 4901 2184 4916 η
2215 4837 2457 4892 Ostentat
2487 4834 2694 4889 tumqu
2718 4850 2881 4906 quam
2910 4833 3031 4887 dira
3062 4834 3355 4904 patraverit
3385 4849 3542 4887 ausu.

503 4937 712 4993 Inscius
750 4935 993 5012 angoris,
1022 4933 1175 4991 tenui
1202 4933 1381 4989 vibice
1413 4939 1675 4988 notentur
2133 4901 2189 4968 Ι)
2215 4933 2324 4987 Nec
2369 4931 2554 4986 minus
2596 4929 2899 4984 excessisse
2938 4937 3154 4995 notant,
3196 4928 3512 5000 mulctaque
3552 4929 3845 5000 resignent

500 5033 739 5089 Membra
770 5029 915 5097 licet,
936 5029 1112 5085 nescit
1141 5028 1247 5083 diri
1277 5025 1597 5082 meminisse
1623 5024 1819 5093 duelli,
2216 5024 2285 5079 Se
2312 5021 2608 5078 offendisse
2640 5021 2834 5087 Deum,
2862 5020 3171 5076 Meroveum
3195 5019 3346 5075 fonte
3386 5029 3732 5091 prementes,

500 5124 610 5179 Nec
639 5127 1027 5179 temeratorem
1059 5127 1242 5175 tamen
1265 5117 1403 5173 ultio
1425 5125 1677 5187 tempore
1705 5116 1878 5170 multo
2215 5111 2337 5178 Qui,
2370 5118 2525 5182 patre
2557 5108 2779 5182 praelato
2813 5110 3101 5164 Dertonam
3134 5107 3356 5172 missus,
3385 5123 3621 5177 epacum

502 5216 685 5272 Visere
720 5212 1030 5270 dissimulat
1050 5210 1309 5277 Bardum,
1341 5208 1477 5282 quin
1508 5207 1761 5263 daemone
1792 5213 2005 5276 raptum
2217 5205 2470 5260 Sternere
2498 5203 2628 5258 dum
2661 5207 2832 5257 certat
2853 5200 2977 5256 luco
3008 5201 3279 5255 densante
3309 5198 3601 5265 sacellum,

501 5310 793 5383 Compellit
820 5309 1056 5366 clamare
1081 5306 1192 5379 pati
1231 5321 1290 5361 se
1319 5288 1489 5380 digna
1514 5301 1700 5375 piacli,
2218 5298 2401 5353 Caesus
2432 5293 2683 5349 fameolis
2709 5292 2810 5349 rivi
2842 5291 3182 5383 demergitur
3211 5290 3399 5383 undis,

499 5378 668 5458 Tanta
697 5400 874 5458 fatens
912 5378 1105 5456 ausum
1129 5397 1275 5454 ferre
1302 5378 1422 5452 haec
1451 5393 1715 5452 incendia
1739 5392 1971 5463 justum,
2216 5387 2327 5442 Nec
2356 5385 2538 5459 subigi
2564 5383 2865 5456 permissus
2889 5380 3051 5454 aquis
3076 5388 3336 5435 oneratur
3364 5378 3611 5451 iniquis:

1569 5553 1835 5610 GLOSSIE
1889 5550 2307 5607 MARGINALES
2354 5546 2756 5604 MABILLONII.

568 5686 639 5723 ⁴³⁰
663 5686 916 5744 Attalam.
1006 5686 1072 5720 ⁴⁸¹
1101 5685 1349 5740 Galliam.
1446 5682 1516 5718 ‘3’
1544 5681 1776 5737 Eustasii
1859 5690 1916 5738 et
1962 5682 2172 5737 Attalis.
2248 5678 2318 5714 ‘33
2348 5678 2542 5734 Attale.
2629 5676 2695 5711 ‘3‘
2718 5674 3018 5731 desiderio.
3103 5674 3171 5707 “"5
3205 5671 3529 5728 Bertulfum.
3609 5672 3681 5707 ⁸³⁸
3712 5688 3846 5727 ωηο

499 5774 675 5814 cessa.
762 5756 1185 5831 madiseipulis
1209 5755 1433 5811 relictus
1541 5753 1609 5789 ⁸³⁸
1636 5770 1668 5809 a
1696 5753 1898 5819 Petro.,
1965 5752 2033 5787 ⁴³⁰
2064 5752 2238 5809 audit.
2306 5750 2376 5785 “0
2395 5750 2512 5806 scit.
2548 5746 2820 5805 sanitatis.
