3994 6148
236 190 334 245 885
913 185 1187 240 ΒΑΝΟΤᾹΞ
1226 183 1580 240 MATHILDIS
1624 186 1889 242 REGIN/E
1929 188 2026 243 VI'I

1929 188 2099 243 VITA.
2142 219 2210 228 —
2255 187 2530 244 OBSERV.
2577 187 2861 242 ΡῐὶίΕνιᾹί

236 322 401 392 Sylsz
433 317 769 390 ponderibus
792 317 994 372 missus
1019 317 1283 389 visusque
1319 316 1590 388 sepultus,

239 411 526 468 Incolumis
555 410 718 466 fluvio
755 411 934 484 surgit
965 410 1272 482 fratresque
1307 409 1496 464 revisit

236 508 531 580 Sacrilegos
559 506 662 561 cita
689 522 852 576 poena
879 505 1003 561 ferit
1029 506 1323 580 plagisque
1355 507 1614 561 subactos

237 597 488 652 Afficiens
509 597 702 654 variis:
736 597 1022 651 oculorum
1055 596 1158 650 hos
1188 596 1396 650 lumine
1435 595 1628 667 privat,

239 687 454 762 Ignibus
485 687 583 742 hos
606 686 732 750 urit,
764 701 1056 740 nervorum
1087 686 1190 740 hos
1216 685 1448 740 nexibus
1477 685 1662 758 angit;

237 776 467 838 Quorum
493 781 611 845 post
631 774 874 844 patribus
903 773 1128 845 quidam
1161 773 1530 828 Bobiensibus
1551 775 1681 841 acti,

237 864 519 918 Tormenta
552 863 817 938 effugiunt
838 864 1118 936 lacrymis,
1148 864 1240 919 alii
1273 864 1475 935 probra
1503 863 1680 934 poenis

239 958 524 1016 Exsolvunt
549 959 758 1015 meritis
788 959 1154 1031 inhibentque
1175 958 1391 1030 piacula
1420 957 1625 1033 ﬂagris.

3464 193 3571 249 886

1871 329 1918 391 Α
1949 320 2043 376 Hic
2071 319 2257 376 socius
2287 320 2567 392 quondam
2602 319 2889 391 Leupardo
2921 319 3087 374 frater
3118 321 3406 377 adhaerens

1950 409 2086 464 Dum
2119 409 2288 480 patris
2318 409 2554 479 imperio
2585 408 2760 463 vineae
2787 408 3097 465 munimina
3123 410 3362 468 densant

1949 504 2118 564 Quam
2149 499 2311 554 multi
2337 498 2533 567 juncto
2566 504 2852 569 nequeunt
2881 498 3112 553 attolere
3145 499 3291 568 nisu,

1949 595 2174 650 Arboris
2199 593 2393 649 armati
2419 592 2626 664 pietate
2661 592 2835 647 tulere
2863 593 3198 648 columnam.

1953 687 2122 758 Hujus
2154 685 2428 757 Leupardi
2456 683 2658 739 vetitos
2683 684 2971 756 vulpecula
2997 685 3167 755 jussis

1949 782 2237 835 Attentans
2266 776 2500 833 sorbere
2533 776 2722 832 botros
2746 783 2911 848 atque
2931 793 3025 832 ore
3060 777 3258 848 petitos

1949 868 2116 924 Morte
2146 874 2422 940 sequente
2453 871 2655 920 tenens
2681 865 2885 935 promit
2923 865 3244 921 discrimine
3275 867 3504 922 crimen.

1683 1088 1893 1142 CAPUT
1945 1088 2104 1143 XXII.

974 1194 1052 1254 De
1079 1193 1464 1254 Baudacaria
1492 1200 1547 1252 et
1575 1193 1804 1251 caeteris
1834 1191 2200 1267 quibusdam
2231 1190 2466 1249 sanctis
2501 1189 2840 1248 monachis.

299 1329 538 1385 Bertulfo
567 1329 934 1384 Baudacarius
951 1331 1274 1386 moderante
1302 1336 1538 1385 statutus

231 1418 402 1473 Vincti
431 1424 576 1473 tutor
599 1418 825 1490 capiens
845 1419 1117 1474 solamine
1141 1421 1336 1475 missos

231 1509 360 1561 Dum
396 1509 552 1578 panis
575 1525 801 1579 parvum
834 1509 983 1580 quod
1014 1509 1517 1580 adestauatemque
1548 1509 1838 1563 ministrat.

231 1597 328 1652 Ter
359 1598 533 1653 denos
547 1598 764 1655 modico
793 1615 991 1673 magna
1019 1599 1117 1654 sed
1150 1606 1336 1654 mente
1367 1606 1556 1669 paratu

233 1686 547 1742 Exhilarans
573 1687 766 1754 fratres
794 1688 1032 1759 dapibus
1059 1705 1282 1761 quoque
1310 1689 1520 1744 ditibus
1550 1689 1750 1761 explet.

233 1779 319 1834 llis
349 1779 499 1834 rutili
533 1780 696 1834 radiis
737 1791 979 1850 patrum,
1013 1781 1214 1851 pietate
1245 1781 1459 1836 corusci

228 1872 452 1926 Athletae
483 1872 720 1926 subeunt
747 1872 957 1927 alacres
986 1873 1132 1928 dicto
1173 1873 1392 1946 agmine
1425 1874 1626 1928 ccelum

228 1967 465 2028 Quorum
495 1971 677 2019 mente
710 1963 891 2018 nitens
920 1963 1076 2018 hilari
1112 1963 1422 2018 Tedoaldus
1448 1972 1502 2019 et
1534 1965 1645 2020 imo

227 2052 360 2106 Dum
404 2052 628 2106 recubat
657 2058 825 2107 strato
853 2052 1100 2108 caelestia
1130 2061 1316 2107 mente
1347 2069 1650 2128 peragrans

224 2142 464 2196 Advocat
493 2150 654 2213 atque
694 2143 813 2197 vale
846 2141 1053 2198 faciens
1082 2142 1206 2198 lmto
1237 2158 1332 2198 ore
1363 2144 1586 2199 sodales

221 2236 532 2308 Alloquitur
569 2237 726 2303 lenis,
759 2254 1016 2308 suprema
1047 2238 1243 2294 viatica
1274 2240 1454 2310 poscit

224 2328 408 2400 Seque
429 2337 625 2384 notans
648 2329 875 2400 pulchro
893 2340 1195 2386 extremum
1227 2339 1387 2386 ornat
1403 2333 1652 2387 carmine
1677 2331 1841 2387 finem

225 2423 615 2495 lncipiensque
645 2425 838 2490 melos,
867 2426 1142 2480 scandens
1170 2427 1370 2482 virtute
1403 2427 1547 2482 beati

225 2518 474 2574 Culmina
503 2521 788 2588 virtutum,
819 2521 1114 2593 divumque
1139 2522 1422 2578 videbitur
1452 2525 1626 2588 altor;

221 2612 337 2666 Jam
364 2612 509 2667 Deus
531 2612 586 2666 in
618 2612 748 2668 Sion
770 2613 932 2668 claris
951 2614 1188 2668 animam
1221 2615 1413 2670 inserit
1443 2615 1623 2670 astris.

222 2704 588 2777 Sicagibodus
625 2704 720 2759 ubi
754 2705 1022 2775 promptis
1041 2705 1142 2760 sub
1176 2706 1424 2776 patribus
1455 2707 1623 2761 altum

220 2793 573 2848 Consectatus
612 2794 715 2849 iter
739 2811 908 2864 purus
937 2803 1258 2850 mansuetus
1289 2805 1342 2850 et
1372 2803 1526 2851 artus

217 2882 403 2938 Munia
424 2883 656 2953 parendi
683 2884 826 2939 votis
854 2892 1149 2954 pertractat
1177 2885 1372 2940 amicis

218 2971 351 3024 Dum
381 2971 529 3040 jacet
550 2980 794 3028 extremo
813 2973 1046 3027 ductans
1076 2973 1379 3044 spiramina
1411 2974 1555 3040 nisu,

216 3059 765 3130 Conspicitaathereo
795 3061 965 3117 solem
1009 3061 1221 3135 fulgore
1261 3062 1554 3118 micantem

214 3153 284 3206 Ac
309 3152 688 3208 nostriradios
715 3153 900 3208 Phaebi
937 3155 1233 3225 splendore
1266 3153 1599 3228 nigrantem,

216 3240 504 3298 Coelicolas
543 3249 721 3297 astare
748 3243 914 3311 viros,
943 3243 1259 3315 miransque
1299 3243 1484 3299 doceri

1951 1327 2210 1383 Protinus
2240 1328 2394 1382 hunc
2424 1343 2554 1382 sese
2586 1328 2901 1384 subiturum
2935 1329 3176 1386 ineunda
3208 1332 3440 1388 nitorem

1953 1417 2196 1474 Coatibus
2223 1419 2568 1490 aequandum
2599 1420 2908 1492 meruitque
2939 1422 3187 1478 ediscere
3217 1425 3380 1479 celsis

1953 1507 2016 1561 Et
2045 1523 2214 1573 super
2257 1507 2404 1562 hanc
2435 1507 2619 1563 lucem
2652 1509 2818 1566 sociis
2850 1510 3085 1565 renitere
3125 1513 3406 1578 coruscis;

1868 1645 1916 1712 Β
1948 1601 2013 1654 At
2035 1601 2225 1655 redeat
2251 1618 2654 1674 summumque
2685 1605 2803 1659 vale
2835 1606 3200 1676 praesentibus
3227 1608 3372 1669 edat,

1949 1692 2062 1747 Nec
2078 1707 2232 1747 mora
2257 1693 2594 1768 regrediens
2618 1695 2816 1750 turmis
2842 1697 3086 1752 societur
3115 1699 3370 1754 amoenis.

1947 1784 2227 1838 Fratribus
2257 1785 2514 1840 attonitis
2546 1786 2772 1842 rediens
2803 1789 3012 1843 monita
3040 1790 3242 1844 extima
3273 1793 3509 1864 supplet.

1945 1877 2070 1930 Visa
2102 1883 2293 1948 rogata
2334 1876 2527 1943 refert,
2561 1886 2792 1950 accepta
2825 1881 3092 1936 levamina
3116 1884 3337 1952 promit,

1945 1969 2169 2038 Mystica
2196 1985 2356 2023 sacra
2388 1970 2560 2040 capit,
2596 1972 2755 2027 nexis
2777 1973 2881 2028 fert
2903 1976 3090 2029 oscula
3120 1976 3302 2032 charis

1944 2061 2155 2115 Funere
2183 2061 2366 2115 curari
2394 2063 2534 2130 petit
2561 2078 2628 2118 ac
2659 2063 2908 2118 cmlestia
2935 2067 3172 2133 scandit,

1945 2149 2228 2221 Felicique
2258 2151 2417 2206 obitu
2446 2153 2688 2227 vestigia
2717 2154 2862 2209 clara
2896 2156 3180 2228 relinquit,
3224 2152 3233 2164 ’

1944 2242 2254 2297 Ostendens
2273 2242 2514 2298 similem
2537 2251 2784 2300 sectatos
2817 2247 3021 2303 lumine
3047 2251 3239 2304 callem

1945 2332 2230 2401 Perpetum
2260 2331 2430 2385 simili
2474 2333 2618 2388 lucis
2660 2335 2955 2404 splendore
2987 2338 3158 2395 beari.

1943 2423 2166 2486 Omnes,
2196 2420 2253 2474 hi
2289 2428 2472 2492 patres
2501 2425 2720 2478 caelesti
2747 2442 2881 2495 pace
2913 2427 3163 2484 cluentes

1944 2513 2180 2577 Quorum
2216 2512 2546 2587 magniﬁcos
2576 2515 2710 2570 licet
2742 2515 2849 2571 ima
2882 2518 3042 2573 laude
3076 2521 3382 2592 triumphos

1944 2607 2337 2678 Prosequimur
2363 2608 2452 2662 vel
2480 2610 2580 2680 qui
2605 2611 2813 2680 pariter
2840 2613 3094 2670 laetantur
3135 2617 3184 2671 in
3218 2619 3388 2672 aethra

1943 2699 2236 2754 Obtineant
2260 2699 2433 2754 nostri
2463 2699 2750 2757 laxamina
2766 2715 2915 2760 certa
2943 2715 3144 2774 reatus,

1944 2792 2195 2847 Divinum
2227 2791 2352 2845 vita:
2393 2792 2672 2866 regimen,
2710 2782 3033 2869 morumque
3062 2800 3302 2869 piamen,

1944 2879 2183 2935 Crimina
2212 2879 2381 2934 vitare
2409 2896 2473 2935 ac
2497 2881 2758 2952 lacrymis
2788 2886 3026 2941 admissa
3057 2888 3258 2956 levare,

1864 2954 1914 3022 C
1945 2971 2275 3042 Fructiferos
2306 2971 2486 3028 luctus
2517 2975 2733 3047 gemitu
2761 2978 3046 3048 quatiente
3070 2981 3246 3049 litare,

1945 3065 2213 3121 Sordibus
2250 3072 2310 3120 ut
2340 3067 2534 3120 mundi
2569 3069 2872 3125 reddamur
2901 3072 3110 3129 lumine
3130 3075 3284 3143 clari,

1945 3159 2190 3214 Cmtibus
2217 3159 2442 3230 aptandi
2476 3162 2701 3231 superis
2737 3163 2859 3220 sine
2893 3165 3001 3220 fine
3032 3166 3178 3222 beati

1946 3247 2184 3303 Cernere
2214 3246 2518 3302 salvificum
2547 3249 2702 3324 digni
2737 3268 2836 3323 per
2865 3255 3066 3310 saecula
3098 3256 3272 3312 vultu.

1756 3432 2044 3511 Empiicit.

641 3567 931 3644 Sequitur
960 3568 1027 3627 in
1058 3569 1252 3628 codice
1280 3566 1653 3644 epitaphium
1685 3566 2027 3642 Flodoardi,
2062 3568 2221 3645 quod
2249 3569 2316 3627 in.
2349 3567 2662 3627 Prowmiis
2679 3567 2817 3642 jam
2852 3567 3148 3626 dedimus.

1398 3941 1574 3987 ANNO
1630 3938 1877 3986 DOMINI
1929 3939 2379 3986 DCCCCLXVIII.

342 4086 1138 4248 SANCTA
1268 4079 2537 4245 MAHTHILDIS
2663 4085 3432 4240 REGINA

1030 4492 1303 4590 VlTA
1425 4483 1971 4586 SANCT/E
2085 4485 2767 4585 MATHILDIS

711 4689 885 4760 (Apud
924 4687 1118 4753 Pamz,
1162 4687 1508 4741 Monumenta
1547 4683 1843 4739 Germania:
1881 4683 2158 4749 historica,
2201 4682 2400 4753 Script.
2446 4688 2576 4738 tom.
2623 4682 2708 4748 IV,
2752 4698 2874 4753 pag.
2919 4682 3068 4749 282.)

1697 4363 2061 4373 _-_————

1097 5007 2078 5100 OBSERVATIONES
2153 5008 2678 5096 PRJEVIIE.

277 5223 541 5299 Egregiis
573 5220 813 5283 feminis,
848 5219 1048 5291 quibus
1079 5216 1365 5274 Ludolﬁna
1395 5216 1601 5272 familia
1641 5217 1842 5272 saeculo
1944 5217 2028 5271 dis
2076 5217 2310 5272 ducissze
2358 5225 2550 5279 mater,
2600 5218 2849 5283 accessit,
2909 5217 3070 5286 Cujus
3119 5216 3378 5273 virtutum
3418 5218 3560 5273 fama

195 5333 359 5374 nono
391 5317 690 5383 claruerat,
731 5314 935 5369 saecqu
990 5312 1208 5367 decimo
1263 5310 1560 5377 Mathildis,
1604 5309 1841 5366 Heinrici
1946 5307 2066 5377 ipsa
2122 5307 2418 5376 superstite
2476 5307 2581 5362 late
2648 5305 2982 5379 percrebuit,
3033 5305 3086 5358 in
3136 5305 3293 5360 obitu
3348 5308 3468 5381 ejus
3535 5325 3566 5361 a

195 5410 356 5481 regis
430 5406 654 5475 conjux,
733 5413 897 5477 atque
968 5404 1182 5459 Ottonis
1248 5403 1291 5471 l,
1347 5402 1585 5458 Heinrici
1663 5401 1841 5480 ducis,
1944 5399 2280 5455 Widukindo
2327 5399 2604 5455 celebrata
2633 5406 2715 5454 est
2767 5399 2861 5468 (1),
2913 5406 2968 5452 et
2999 5405 3120 5468 post
3159 5397 3308 5456 inter
3351 5403 3493 5460 filios
3521 5406 3576 5452 et

198 5499 495 5556 Brunonis
539 5496 967 5569 archiepiscopi,
1002 5495 1297 5569 Gerbcrgaa
1338 5495 1562 5568 reginae,
1609 5490 1846 5549 IIathwi-
1948 5499 2202 5563 nepotes,
2244 5492 2297 5546 in
2337 5491 2609 5548 coenobiis
2645 5491 2714 5546 ab
2746 5491 2862 5562 ipsa
2909 5488 3156 5544 fundatis
3197 5491 3582 5559 Quedlinbur-

275 5628 479 5700 (1)111,
515 5627 602 5682 74.
