4002 6124
425 224 524 282 887

1498 216 1768 271 ὃΑΝΩΤᾹῦ
1809 218 1849 270 Μ
1859 216 2158 271 ATHILUIS

2217 213 2477 268 REGIBUS
2519 213 2684 267 VITA.
3664 216 3770 269 888

423 353 578 427 gensi
626 352 727 423 (2),
769 348 1151 413 Northusensi,
1203 347 1490 402 Poledensi
1546 353 1602 401 et
1650 346 2033 420 Angeriuensi,
2065 349 2112 415 Α
2142 343 2211 398 ab
2243 359 2309 399 eo
2355 344 2411 398 in
2445 359 2559 398 rem
2590 358 2744 398 suam
2794 358 3007 410 versus,
3057 343 3259 399 saeculo
3314 360 3387 398 xu
3420 344 3651 399 ineunte
3702 344 3768 399 ab

424 445 481 498 in
510 441 727 514 scriptis
755 447 809 495 et
839 438 1103 493 memoria
1136 436 1418 492 hominum
1459 436 1653 508 viguit,
1696 436 1873 491 donec
1915 444 2038 489 tan-

424 534 547 588 dem
569 529 992 605 quadragesimo
1021 527 1242 582 circiter
1255 533 1378 597 post
1397 526 1610 580 obitum
1635 526 1755 593 ejus
1777 540 1921 579 anno
1939 524 2038 594 (3),

419 623 573 691 jussu
618 618 835 675 llenrici
869 619 913 672 ll
955 617 1119 690 regis,
1181 614 1500 687 pronepotis
1530 615 1676 684 ejus,
1736 614 1851 668 Vita
1875 630 2040 685 quam

427 710 514 764 hic
543 708 903 781 pr0ponimus
931 706 1245 776 conscripta
1285 712 1386 759 est.
1434 705 1635 759 Auctor
1666 703 1899 759 clericus
1947 712 2041 757 aut

426 799 728 855 monachus
749 813 814 851 ex
832 812 1060 851 numero
1083 811 1275 850 eorum
1294 794 1387 865 qui
1410 795 1635 867 ingenio
1659 800 1713 848 et
1744 794 2038 863 sapientia.

426 891 541 963 regi
573 886 961 949 commendati,
1004 886 1122 954 ejus
1152 885 1524 939 familiaritate
1576 883 1917 949 fruebantur,
1952 881 2045 950 qui

431 988 613 1033 tamen
661 992 864 1031 nomen
895 991 1054 1029 suum
1102 976 1270 1028 latere
1311 974 1483 1029 voluit
1524 974 1613 1042 (4),
1655 972 1875 1043 scriptis
1906 972 2048 1026 anti-

426 1067 716 1140 quioribus
758 1067 825 1137 (5)
878 1073 931 1119 et
972 1064 1379 1118 narrationibus
1418 1062 1771 1117 familiarium
1818 1061 2044 1136 regina,

428 1161 657 1215 fortasse
703 1158 1030 1231 Richburgze
1070 1155 1361 1209 abbatissae
1408 1154 1838 1216 Nordhunensis,
1883 1153 2043 1208 inniti

428 1252 681 1317 videtur;
733 1259 882 1306 certe
913 1266 1092 1304 rerum
1121 1265 1256 1320 quas
1298 1256 1481 1303 narrat
1515 1249 1656 1302 bene
1686 1264 1890 1319 gnarus
1922 1246 2044 1313 fuit,

352 1382 357 1385 ς
431 1341 559 1397 licet
598 1339 863 1395 nonnulla
900 1338 1083 1391 minus
1123 1346 1270 1391 recta
1295 1337 1364 1391 de
1404 1336 1587 1391 duello
1622 1336 1692 1406 (6)
1724 1334 2045 1390 Widukindi

430 1451 552 1491 cum
588 1432 775 1488 Carolo
805 1431 898 1495 M.,
933 1431 1000 1485 de
1030 1431 1302 1501 baptismo
1344 1430 1662 1484 Widukindi
1698 1446 1797 1500 per
1830 1429 2046 1483 Bonifa-

429 1524 575 1580 cium
606 1520 1081 1591 archiepiscopum
1114 1522 1213 1590 (7),
1237 1520 1306 1574 de
1326 1508 1537 1572 incerto
1562 1520 1725 1573 modo
1751 1519 2050 1573 successio-

2144 436 2466 491 Ekkehardo
2515 436 2713 491 abbate
2744 435 3068 510 Uraugiensi
3127 436 3181 488 in
3214 438 3613 506 compendium
3674 455 3764 493 re-

2142 528 2334 583 dactus
2392 528 2526 597 (13),
2588 536 2643 582 et
2698 526 2862 598 paulo
2909 534 3037 598 post
3088 527 3157 581 ab
3208 528 3492 583 Annalista
3550 530 3767 585 Saxone

2140 618 2446 688 exscriptus
2496 618 2619 685 (14).
2672 615 2877 671 saeculo
2907 631 3038 671 vero
3070 633 3137 670 xv
3182 616 3408 672 ineunte
3440 618 3688 674 Colonia
3713 620 3766 672 in

2144 706 2477 761 monasteria
2527 706 2579 759 S.
2616 705 2971 759 Pantaleonis
3004 704 3220 778 integer
3254 706 3623 778 transcriptus
3667 717 3768 761 est.

2142 797 2257 862 Quo
2288 797 2476 852 saeculi
2510 813 2577 849 xv
2606 796 2801 851 codice
2832 811 3027 850 omnes
3053 811 3176 867 quae
3204 797 3536 867 prodierunt
3564 798 3770 852 editio-

2147 907 2245 944 nes
2276 889 2756 945 Bollandianorum
2798 890 2925 956 (15),
2970 888 3222 944 Leibuitii
3275 891 3407 960 (l6),
3445 892 3631 945 Erathi
3669 893 3770 961 (17)

2147 988 2201 1035 et
2234 988 2438 1046 nostra,
2462 979 2732 1034 nituntur.
2768 979 3029 1033 Servatur
3055 978 3221 1033 hodie

2219 1070 2273 1141 1)
2319 1069 2587 1125 Bruxellis
2646 1069 2698 1122 in
2749 1068 2884 1122 bibl.
2932 1068 3084 1142 regia
3123 1068 3470 1141 Burgondica
3519 1071 3775 1125 numeris

2147 1157 2420 1213 329-541
2469 1156 2722 1227 insignis,
2754 1156 2901 1210 binis
2937 1156 3212 1211 columnis
3252 1157 3481 1228 pulchre
3536 1160 3778 1231 scriptus

2149 1257 2202 1304 et
2231 1250 2323 1304 hic
2363 1249 2476 1304 illic
2520 1249 2577 1302 in
2609 1248 2855 1322 margine
2902 1248 3130 1319 picturis
3176 1259 3419 1304 ornatus.
3472 1251 3700 1305 Librum
3748 1270 3778 1306 a

2150 1343 2491 1396 Bethmanno
2532 1340 2588 1394 in
2626 1357 2786 1394 usum
2828 1347 3073 1395 nostrum
3106 1356 3321 1396 versum
3366 1342 3649 1415 integrum
3683 1360 3776 1397 ex-

2150 1433 2470 1504 pressimus,
2504 1439 2749 1487 correcta
2780 1438 2991 1487 tantum
3041 1433 3231 1488 sas-culi
3274 1451 3343 1488 xv
3375 1436 3777 1509 orthographia

2153 1532 2203 1577 et
2236 1523 2540 1577 emendatis
2571 1522 2706 1577 locis
2720 1522 2948 1593 aliquot.
2975 1523 3088 1588 Qua
3120 1523 3176 1576 in
3198 1539 3258 1577 re
3278 1524 3534 1579 subsidio
3560 1527 3779 1580 fuerunt

431 1612 518 1666 nis
550 1608 763 1665 Henrici
796 1609 839 1675 Ι,
866 1608 1167 1663 narraverit
1192 1611 1289 1676 (8),
1315 1607 1445 1675 imo,
1480 1610 1535 1662 in
1557 1608 1625 1662 iis
1656 1624 1779 1678 quae
1808 1617 2052 1663 extrema
2085 1645 2133 1712 Β
2229 1611 2282 1678 2)
2317 1611 2621 1666 Ekkehardi
2659 1611 3011 1686 Uraugiensis
3040 1613 3435 1683 compendium
3465 1615 3599 1669 Vitae
3633 1615 3781 1669 Mah-

431 1705 707 1761 Mathildis
756 1710 1003 1773 tempora
1059 1703 1358 1775 attingunt,
1420 1702 1807 1776 Berengarium
1863 1719 2046 1776 regem

436 1794 687 1849 Heinrico
722 1793 847 1847 duci
891 1792 1204 1847 Mahthildae
1236 1791 1351 1847 filio
1393 1793 1668 1863 captivum
1701 1793 2051 1848 commissum

435 1889 530 1956 (9),
563 1894 616 1940 et
646 1885 897 1939 Ottonem
938 1885 1003 1950 ll,
1029 1900 1139 1938 una
1178 1899 1300 1938 cum
1326 1891 1482 1955 patre
1529 1885 1585 1938 in
1626 1884 1834 1940 Italiam
1876 1884 2056 1956 profe-

435 1984 579 2032 ctum
604 1990 728 2029 esse
751 1973 1108 2044 (10),scribat.
1151 1976 1279 2039 Qum
1309 1980 1489 2028 tamen
1523 1990 1635 2029 non
1662 1974 1882 2030 obstant
1920 1975 2053 2046 quin

435 2066 640 2122 auctori
673 2065 727 2119 in
778 2065 1090 2120 universum
1142 2065 1305 2119 iidem
1350 2066 1677 2134 habeamus,
1718 2074 1773 2121 et
1822 2067 2057 2137 plurima

435 2162 570 2217 alias
597 2161 783 2236 ignota
821 2158 888 2213 de
919 2159 1029 2214 vita
1060 2168 1113 2214 et
1145 2159 1358 2214 actibus
1399 2159 1621 2230 optimae
1659 2160 1886 2234 regina),
1918 2160 2058 2217 filio-

437 2272 554 2310 rum
589 2263 643 2310 et
673 2263 936 2325 nepotum
968 2254 1107 2323 ejus,
1149 2269 1252 2309 nos
1294 2254 1480 2311 doceri
1510 2255 1852 2330 gratulemur
1901 2256 2061 2311 Libcn

435 2347 493 2402 in
523 2364 681 2402 usum
722 2346 964 2401 lleinrici
995 2346 1039 2400 ll
1078 2345 1336 2417 scriptus,
1378 2348 1617 2418 proaviae
1648 2347 1769 2417 ejus
1808 2347 2055 2415 virtutes,

437 2439 642 2511 quibus
690 2450 908 2494 sanctos
966 2438 1283 2509 aequaverit,
1344 2438 1608 2501 celebrat,
1659 2440 1757 2494 sed
1813 2455 2057 2494 errorem

437 2535 629 2590 matris
686 2533 858 2588 ﬁlium
919 2521 1231 2588 Heinridum
1293 2533 1475 2589 Ottoni
1536 2534 1881 2605 praeferentis
1945 2551 2057 2591 non

438 2638 652 2687 reticet.
706 2659 758 2669 -
789 2630 1004 2694 Auctor,
1058 2628 1312 2700 quisquis
1355 2627 1447 2695 sit,
1481 2636 1672 2699 poetas
1724 2629 2057 2698 Latinorum,

438 2719 717 2793 praicipue
762 2716 1047 2789 Virgilium
1099 2715 1254 2791 legit,
1286 2724 1340 2771 et
1379 2717 1650 2789 poeticam
1696 2734 1891 2773 venam
1931 2734 2057 2774 ora-

438 2814 611 2878 tione,
643 2810 798 2880 cujus
845 2809 1093 2864 membra
1119 2809 1375 2880 rhythmo
1415 2818 1471 2864 et
1499 2824 1638 2865 sono
1666 2809 1771 2864 sibi
1822 2826 2061 2882 respon-

437 2901 591 2967 dent,
619 2899 860 2955 ostendit
910 2899 1037 2969 (11).
1070 2898 1179 2953 Hoc
1230 2905 1286 2953 ct
1330 2897 1452 2952 aliis
1491 2898 1870 2968 compluribus
1900 2901 2061 2970 hujus

2160 1704 2348 1758 thildis
2379 1703 2606 1778 reginae,
2641 1704 2836 1758 iisdem
2866 1721 3013 1775 saepe
3045 1704 3226 1759 verbis
3253 1716 3530 1763 ex.nostra
3558 1713 3778 1761 contra-

2154 1800 2321 1859 ctum,
2352 1793 2449 1846 sed
2480 1793 2771 1847 sententiis
2798 1809 2948 1864 saepe
2969 1794 3090 1849 loco
3111 1810 3212 1849 suo
3240 1794 3426 1859 motis,
3459 1811 3630 1866 quare
3664 1796 3778 1850 loca

2159 1885 2425 1938 nonnulla
2469 1898 2592 1954 quas
2646 1882 2702 1936 in
2761 1883 3096 1938 Bruxellensi
3132 1884 3410 1939 excidisse
3447 1884 3779 1939 videbantur

2157 1978 2302 2033 haud
2355 1987 2474 2034 tuto
2531 1986 2585 2033 et
2640 1978 2964 2033 Ekkehardo
3023 1980 3239 2034 restitui
3295 1995 3459 2050 posse
3509 1980 3777 2048 judicavi.

2160 2075 2296 2129 Usus
2342 2091 2461 2129 sum
2526 2080 2710 2128 tamen
2762 2074 3048 2129 codicibus
3103 2074 3782 2147 Vatimno-Gnelferbyta-

2158 2180 2229 2219 no
2293 2164 2399 2234 (18)
2449 2179 2574 2218 saec.
2666 2180 2759 2230 xu,
2809 2163 2967 2232 cujus
3038 2164 3324 2231 lectiones,
3395 2172 3668 2236 quantum
3728 2166 3776 2220 in

2160 2260 2425 2328 particula
2515 2259 2701 2330 operis
2781 2258 3208 2330 Guelferbytana
3307 2261 3606 2327 habentur,
3672 2263 3776 2331 jam

2160 2348 2463 2402 Leibnitius
2522 2354 2560 2405 t.
2622 2349 2711 2409 lll.
2754 2348 2858 2405 655
2903 2364 3052 2420 sqq.,
3111 2350 3431 2419 protulerat,
3465 2351 3779 2405 Wircebnr-

2159 2440 2315 2514 gensi
2368 2440 2479 2509 (19)
2511 2456 2639 2495 szec.
2678 2458 2774 2505 xu,
2814 2440 3429 2517 claustreneoburgensi
3466 2460 3499 2498 a
3550 2445 3608 2498 D.
3648 2444 3777 2499 Gol-

2159 2531 2343 2585 dhann
2390 2532 2722 2602 transcripto
2772 2532 2907 2602 (20).
2960 2532 3110 2587 Alios
3149 2533 3398 2602 ejusdem
3460 2539 3777 2607 compendii

2160 2628 2381 2683 codices
2425 2629 2780 2683 Monacenses
2809 2644 2932 2683 saec.
2967 2644 3039 2682 xu
3072 2634 3127 2682 et
3156 2644 3246 2695 xv,
3277 2639 3479 2686 sancta:
3518 2634 3701 2687 crucis
3732 2635 3778 2687 in

2160 2720 2365 2775 austria
2421 2735 2548 2773 SEDC.
2610 2736 2705 2785 xu,
2773 2725 2828 2773 et
2881 2718 3354 2792 Humburgensem
3429 2722 3778 2778 chariaceum

2162 2811 2217 2865 in
2239 2809 2552 2865 Annalibus
2580 2808 2784 2864 nostris
2810 2808 3062 2864 recensui
3095 2809 3221 2877 (21).

2235 2903 2287 2969 3)
2329 2901 2506 2956 Codex
2549 2899 2733 2973 regius
2786 2899 3109 2954 Parisiensis
3148 2897 3290 2953 inter
3321 2898 3494 2954 libros
3522 2901 3583 2955 S.
3642 2902 3778 2956 Ger-

437 2994 539 3050 aai
570 2994 931 3064 scriptoribus
964 2993 1250 3056 usitatum,
1282 2992 1429 3062 apud
1475 2998 1723 3047 nostrum
1772 3002 1950 3048 tamen
1982 2994 2055 3049 ita
2082 3052 2123 3070 η
2156 2992 2305 3055 mani
2361 2990 2485 3058 440,
2539 2989 2706 3055 mbr.,
2751 3004 2876 3043 saec.
2942 3004 3042 3057 xu,
3107 2988 3450 3043 Annalistam
3513 2989 3782 3045 Saxonem

440 3053 720 3153 praevalei,
773 3088 832 3136 ut
876 3096 1019 3151 pene
1071 3053 1247 3134 totum
1290 3053 1411 3148 ejus
1447 3095 1588 3150 opus
1643 3080 1699 3135 in
1750 3083 2053 3138 sententias
2077 3053 2126 3117 (3
2161 3053 2482 3150 exhibens,
2512 3053 2909 3150 cujustextus,
2957 3053 3219 3150 quantum
3252 3095 3316 3133 ex
3360 3079 3481 3133 Vita
3532 3079 3786 3135 Mahthil-

439 3174 691 3230 versibus
729 3173 937 3228 similes
966 3171 1193 3227 dissolvi
1226 3171 1422 3243 possit,
1466 3172 1612 3243 quod
1645 3189 1676 3227 a
1709 3172 1787 3228 Cl.
1820 3174 2062 3231 Fnerste-
2170 3180 2257 3234 dis
2325 3174 2602 3231 derivatus
2664 3178 2770 3238 est,
2841 3185 2962 3226 cum
3022 3177 3211 3226 nostro
3275 3171 3341 3225 ad
3396 3172 3627 3227 verbum
3675 3171 3786 3227 fere

436 3283 603 3321 mann
634 3265 690 3320 in
720 3263 1188 3321 commentatione
1218 3265 1285 3319 de
1315 3264 1430 3319 Vita
1470 3264 1793 3321 Mahthildis
1820 3282 1872 3321 a.
1907 3267 2064 3335 1838,
2169 3269 2450 3329 convenit.

438 3359 586 3413 edita
624 3357 877 3428 exemplo
916 3356 1374 3421 demonstratum,
1432 3373 1462 3411 a
1513 3356 1710 3428 quovis
1748 3358 1954 3414 lectore
2008 3360 2063 3414 in
2237 3362 2285 3429 4)
2317 3359 2518 3415 Ultimo
2547 3358 2668 3412 loco
2699 3354 2912 3412 codicis
2944 3353 3081 3428 regii
3128 3353 3495 3408 Bruxellensis
3534 3354 3596 3408 Ν.
3650 3353 3787 3410 320?.

440 3450 631 3522 quavis
668 3449 793 3504 libri
842 3457 994 3521 parte
1025 3449 1099 3503 ita
1148 3464 1268 3503 esse
1298 3448 1456 3505 facile
1506 3448 1860 3525 intelligetur.
1909 3452 2059 3517 Quod
2162 3449 2363 3522 signati
2404 3446 2745 3501 mentionem
2797 3441 3053 3503 iacimus,
3103 3439 3221 3511 qui,
3282 3440 3628 3495 Bethmanno
3671 3458 3789 3497 mo-

439 3550 497 3597 ut
518 3558 725 3615 amore
749 3540 1397 3608 Romanorumalienum,
1424 3540 1499 3596 ita
1521 3549 1575 3596 et
1603 3541 1901 3617 singularis
1923 3560 2057 3599 usus
2161 3547 2348 3605 ﬂente,
2380 3554 2446 3591 ex
2491 3533 2679 3594 codice
2712 3531 3010 3587 CaI‘IhUSi‘cB
3061 3530 3409 3585 COlonicnSiS
3454 3532 3789 3605 άοδθῖίρῐυε,

439 3635 586 3691 vocis
630 3636 1003 3696 nihilominus,
1055 3649 1177 3704 quae
1229 3632 1371 3704 apud
1429 3640 1674 3688 nostrum
1716 3637 1856 3689 nihil
1884 3638 2063 3692 minus
2164 3649 2277 3689 uno
2305 3633 2490 3689 saeculi
2532 3648 2638 3686 xvu
2685 3630 2814 3685 folio
2848 3628 3062 3683 initium
3098 3634 3306 3682 tantum
3348 3627 3481 3681 Vita:
3536 3628 3792 3683 Mahthil-

438 3741 601 3794 quam
632 3721 927 3799 signiﬁcat.
960 3739 991 3777 a
1029 3721 1176 3777 bona
1209 3721 1501 3776 Latinitate
1531 3722 1810 3778 abhorret.
1991 3712 1997 3719 ’
2166 3726 2251 3780 dis
2299 3725 2569 3789 continet,
2603 3740 2669 3779 ex
2696 3729 2882 3778 nostra
2912 3721 2981 3775 ad
3026 3721 3250 3774 verbum
3283 3727 3630 3790 excerptum,
3690 3722 3791 3776 hoc

512 3816 672 3870 Liber
721 3814 903 3870 statim
945 3822 1003 3869 ut
1045 3813 1251 3885 prodiit
1298 3813 1606 3869 Thietmaro
1650 3816 1753 3886 (12)
1808 3826 1969 3871 notus
2011 3824 2066 3871 et
2168 3813 2433 3870 exordio:
2468 3815 2673 3871 Sancta
2693 3812 2976 3868 Mathildis
3004 3813 3195 3879 regina
3215 3826 3282 3865 ea:
3305 3814 3586 3880 progenie,
3612 3818 3723 3866 etc.

515 3993 578 4072 (2)
613 3990 969 4072 εἰῇβηιιειιθξ
999 3990 1564 4072 Quedlinburgennscs,
1598 4009 1628 4046 a
1680 3992 1804 4072 936ἲ

2072 4001 2123 4067 υ
2150 3999 2343 4067 iterum
2370 3995 2857 4067 Northusunensem
2883 3993 3155 4046 civitatem
3185 3991 3351 4052 adiit,

512 4064 579 4132 (3)
611 4063 845 4137 Scripsit
880 4063 1026 4116 enim
1064 4071 1253 4116 auctor
1284 4063 1537 4137 Heinrico
1563 4065 1905 4137 rege,_igitur
1933 4076 2058 4137 post

2163 4086 2197 4137 q
2208 4066 2328 4120 uani
2358 4068 2601 4137 nimium
2617 4065 2836 4129 dilexit,

2161 4136 2220 4192 {it
2245 4139 2451 4191 videret
2482 4136 2865 4201 Richburgam,

441 4150 646 4188 annum
698 4134 851 4199 1002,
885 4141 939 4188 et
976 4140 1103 4187 ante
1140 4149 1345 4187 annum
1380 4134 1538 4195 1012,
1576 4134 1687 4205 quo
1714 4134 2059 4192 Thietmarus

440 4206 559 4259 Vita
574 4212 763 4259 nostra
785 4206 900 4272 jam
933 4220 1067 4257 usus
1093 4210 1192 4257 est.

621 4275 878 4348 Ruotgcri
914 4274 1089 4329 Vitam
1129 4273 1403 4328 Brunonis
1448 4274 1668 4329 novisse
1727 4276 1975 4343 videtur;
2006 4296 2059 4333 v.

442 4364 491 4402 c.
531 4349 617 4401 30.

516 4419 572 4484 (5
603 4415 1008 4483 Godehardum,
1032 4415 1285 4470 abbatem
1321 4422 1449 4472 tunc
1470 4416 1842 4485 Altahensem,
1867 4417 2057 4485 fuisse,

443 4488 601 4557 cujus
669 4486 981 4559 interventu
1064 4487 1346 4544 Hcinricua
1403 4488 1650 4559 a.,1017
1722 4491 2059 4547 monasterio

444 4560 805 4616 Nordhusano
848 4558 1031 4613 villam
1092 4559 1282 4613 Gamin
1337 4559 1699 4614 confirmavit.
1759 4561 1816 4615 V.
1873 4562 1947 4616 Cl.
1998 4563 2035 4616 E

444 4633 503 4687 G.
542 4631 1242 4705 Foerstcmenngymnasii
1266 4630 1637 4705 _Ngo_rd_l_iusanAi
1683 4640 1971 4705 conrector
2003 4634 2059 4688 in

444 4702 904 4777 commentatione
935 4702 1003 4777 de
1034 4702 1151 4777 Yita
1182 4702 1493 4777 Mahthildis
1523 4718 1573 4755 a.
1606 4703 1666 4777 D_.
1697 4703 1885 4777 lxiial.
1916 4703 2054 4777 Aug.

444 4774 584 4828 1838
606 4772 753 4846 edita
784 4772 1121 4846 indigitavit;
1155 4774 1252 4828 sed
1283 4773 1579 4845 quominus
1609 4774 1732 4846 viro
1758 4773 1857 4837 illi,
1914 4772 2062 4846 litte-

446 4846 521 4919 ris
546 4845 735 4899 habitu
754 4854 812 4919 et
833 4843 1232 4919 consuetudine
1261 4843 1384 4899 cum
1409 4861 1538 4919 rege
1574 4843 1733 4919 e_t__rei
1755 4845 2057 4919 aptissimo,

444 4916 645 4971 librum
699 4915 1032 4983 adjudicem,
1081 4917 1259 4972 obstat
1307 4916 1453 4988 quod
1474 4915 1558 4970 "et
1601 4917 1722 4988 Vita
1751 4915 2061 4972 Godehardi

444 5005 510 5070 ea
548 4988 619 5070 de
646 5004 704 5069 re
738 4994 898 5052 tacet,
931 4994 987 5042 et
1028 4987 1340 5070 complures
1384 4989 1522 5044 alios
1574 4987 1821 5057 ejusdem
1856 4991 2057 5046 condi-

445 5060 787 5197 tiopigsa'iiros
815 5068 944 5115 tunc
981 5060 1253 5116 exstitisse
1280 5067 1512 5116 constat.

515 5203 587 5271 (7)
621 5202 759 5257 Ibid.

512 5271 590 5340 (8)
614 5273 670 5329 C.
703 5274 756 5328 4.

515 5343 585 5412 (9)
622 5344 675 5400 C.
709 5345 796 5399 15.

516 5416 625 5483 (ιο)
658 5415 831 5471 (122.

515 5486 622 5556 (11)
653 5486 708 5540 Ε.
742 5504 795 5558 g.
832 5487 1012 5559 capite
1041 5486 1112 5544 23
1145 5503 1158 5540 :

515 5560 644 5613 Cum
673 5562 852 5613 autem
879 5561 1225 5631 peragrasset
1264 5559 1507 5631 civitates
1537 5558 1792 5615 Samoniw
1822 5564 2058 5628 regionis

443 5632 492 5681 et
543 5645 768 5699 quaeque
821 5630 1128 5686 necessaria
1184 5630 1412 5698 singulis
1461 5631 1808 5699 impcndisset
1861 5648 2056 5687 mona-

1713 5705 1916 5767 steriis,

2162 4225 2325 4280 quam
2348 4224 2521 4277 nuper
2549 4209 2897 4262 constituerat
2933 4205 3283 4261 abbatissam.

2162 4282 2364 4337 Statim
2403 4284 2582 4333 autem
2610 4283 2669 4332 ut
2699 4280 2861 4340 venit,
2920 4336 2923 4339 λ

2162 4353 2300 4408 hanc
2324 4352 2397 4404 ad
2426 4366 2481 4403 se
2504 4352 2689 4404 vocari
2722 4350 2996 4418 praecipit.

2237 4423 2346 4490 (12)
2420 4422 2457 4482 l,
2528 4422 2585 4474 11
2678 4436 2741 4474 ex
2819 4430 2978 4489 capp.
3040 4418 3094 4484 6,
3164 4420 3242 4485 l0,
3311 4420 3402 4483 l7;
3458 4422 3521 4483 ll,
3586 4424 3651 4476 12
3725 4441 3787 4475 ex

2163 4510 2287 4563 cap.
2313 4493 2402 4546 25.

2235 4561 2341 4633 (13)
2399 4562 2541 4617 Fecit
2610 4564 2711 4617 hoc
2759 4561 2948 4633 eadem
3007 4561 3218 4615 ratione
3264 4579 3374 4633 qua
3429 4572 3483 4616 et
3535 4564 3791 4620 historias

2164 4631 2472 4695 Alexandri,
2524 4634 2845 4693 Gothorum,
2881 4631 3231 4699 Francorum,
3278 4631 3787 4699 Langobardorum,

2163 4705 2438 4780 Saxonum
2474 4722 2538 4760 ex
2567 4705 2706 4780 (Vita
2739 4703 3051 4780 .tjexandri,
3083 4703 3340 4780 Jordani,
3383 4703 3563 4780 Qestis
3595 4724 3785 4780 regum

2164 4777 2516 4834 Francorum.
2566 4775 2731 4829 Paulo
2764 4776 3003 4829 Diacono
3040 4781 3093 4827 et
3124 4774 3461 4830 Widukindo
3493 4774 3787 4837 contraxit,

2163 4847 2390 4902 insertis
2429 4847 2640 4903 scilicet
2686 4847 2815 4901 Viue
2847 4846 3009 4917 etiam
3046 4844 3113 4917 iis
3145 4862 3266 4916 quae
3297 4848 3443 4917 apud
3486 4848 3785 4903 Widukin-

2162 4919 2291 4973 dum
2337 4921 2404 4975 de
2462 4918 2759 4974 Mahthilda
2812 4916 3001 4991 regina
3059 4916 3286 4991 legerat.
3338 4916 3408 4971 ν.
3467 4920 3693 4974 Archiv.
3750 4927 3782 4973 ι.

2163 4991 2272 5045 Vll.
2307 4990 2608 5046 486—493.

2236 5062 2347 5131 (~14)
2378 5062 2453 5115 Ad
2496 5080 2525 5116 τι
2554 5059 2844 5131 911,921,
2870 5060 2994 5126 936,
3028 5058 3153 5131 946,
3186 5057 3310 5114 968.

2233 5128 2339 5203 (15)
2370 5138 2497 5188 Acta
2526 5134 2618 5187 SS.
2651 5130 2804 5203 hiart.
2842 5131 2995 5203 [1.7p.
3031 5128 3135 5184 358

2236 5148 2339 5203 (15)
2370 5148 2497 5188 Λϐιᾶ
2526 5148 2618 5187 DD.
2651 5148 2804 5185 mari.
2842 5148 2904 5184 ll.

2236 5205 2342 5278 (19)
2366 5201 2786 5278 ξΒ-,Βιῖιμηβκνὲο-
2831 5203 2888 5278 ἐκ
2915 5202 2948 5278 ί-
2976 5203 3029 5255 9-

2234 5275 2340 5345 (17)
2372 5274 2503 5331 Cod.
2533 5275 2667 5345 dipl.
2698 5272 3094 5345 Quodlinburg.
3130 5290 3162 5343 p
3188 5272 3324 5345 Δ925
3353 5290 3480 5344 sqq.

2235 5342 2335 5415 (18)
2396 5346 2470 5401 De
2525 5342 2634 5418 quo
2691 5343 2851 5398 retuli
2917 5343 2971 5398 in
3030 5342 3333 5398 Annalibus
3369 5342 3573 5399 nostris
3628 5356 3669 5399 ι.
3725 5342 3780 5398 V.

2234 5489 2334 5553 (19)
2371 5489 2509 5542 Ibid.
2546 5488 2656 5551 Vll,
2678 5486 2781 5541 489

2235 5562 2322 5626 (an
2356 5559 2493 5613 Ibid.

2231 5632 2339 5700 (21)
2367 5631 2423 5686 Τ.
2456 5630 2590 5696 Vlll,
2621 5629 2743 5689 487,
2778 5630 2881 5685 488
2911 5637 2965 5683 et
2992 5629 3204 5694 ν1184,
3224 5629 3348 5685 239.
