4002 6124
412 169 508 222 891
1474 186 1745 243 ΒΑΝΟΤᾸΞ
1784 189 2021 245 ΜΛΤΗΙΙ

2123 192 2147 243 S
2191 193 2455 249 REGleE
2493 194 2662 249 VlTA.
3049 245 3058 253 .
3646 197 3764 253 892

412 299 648 362 perisset
672 299 1136 371 incredulitatem,
1187 305 1417 399 nimium
1471 309 1670 380 doluit,
1711 321 2028 399 et'congre-
2051 320 2105 388 Α
2131 318 2368 388 puellam
2394 320 2743 375 nutriendam
2764 321 3069 393 suscipere.
3104 320 3363 378 Parentes
3386 329 3573 377 autem
3605 322 3763 377 illius

411 400 986 487 omnemnsuum
1039 397 1361 463 exercitum,
1423 402 1544 457 iniit
1595 397 1797 460 bellum
1829 416 2020 464 contra
2119 409 2536 470 consentientes
2594 409 2848 478 petitioni
2906 410 3223 477 abbatissae,
3267 410 3493 465 sibimet
3518 410 3587 464 ad
3624 425 3761 479 pro-

410 470 646 526 eundem
676 475 1014 565 Witikinum,
1060 500 1225 540 causa
1272 488 1640 548 defendendae
1697 493 1823 549 fidei
1855 505 2019 553 eter—
2118 501 2419 558 curandum
2452 470 2937 565 commendabant,
2989 507 3048 555 ut
3098 470 3247 556 illam
3306 501 3535 556 doceret
3564 470 3759 555 sacras

647 563 715 667 ad
742 565 932 667 salutis
987 570 1127 626 viam
1178 580 1556 634 convertendi.
1619 582 1866 655 Cumque
1888 601 2017 641 con-
2118 593 2386 649 lectiones
2424 601 2479 646 et
2505 607 2768 645 manuum
2793 563 3165 662 Operationes.

407 659 759 758 ξ’ξδῐξξδδίξηιθι
796 655 1137 758 άίιιίηῐθιίεθ
1167 673 1443 758 certarent
1471 671 1757 726 amborum
1787 674 2012 741 milites,
2188 684 2239 737 3.
2274 687 2349 738 De
2370 683 2781 752 desponsatt‘one
2832 655 3158 738 Mahthildis
3242 683 3429 738 Puella
3465 683 3642 758 igitur
3672 683 3762 737 in-

330 814 345 829 .
404 744 817 853 etgexutraque.
856 758 1010 853 parte
1045 754 1158 822 jam
1194 755 1496 816 deficerent
1529 766 1810 836 pugnandi
1850 767 2013 835 vires,
2115 774 2289 847 signis
2318 775 2518 829 mirum
2551 773 2606 827 in
2639 773 2862 829 modum
2894 772 3219 845 proﬁciebat
3248 776 3302 829 in
3340 744 3759 830 cunctisatate

406 831 612 902 placuit
644 839 1008 937 principibus,
1056 858 1117 903 ut
1168 867 1260 907 rex
1290 869 1413 909 cum
1445 856 1711 914 Witikino
1742 862 2016 918 conferret
2115 831 2328 930 te'nera',
2381 862 2658 934 probitate
2709 831 3026 937 grandaeva,
3076 878 3248 933 capax
3279 863 3335 917 in
3366 862 3557 918 studio
3579 863 3760 918 disci-

401 940 623 1029 manus,
650 938 705 984 et
735 934 821 988 cui
854 935 1098 1029 Christus
1163 943 1449 1003 victoriam
1508 952 1859 1019 concederet,
1894 956 2014 1027 ipse
2117 959 2284 1029 plinze
2330 957 2583 1014 litteralis
2631 934 2970 1029 etioperum
3030 956 3338 1012 industriis.
3394 957 3531 1012 Cum
3563 965 3754 1012 autem

405 1030 527 1116 cum
553 1025 665 1075 toto
692 1027 937 1082 exercitu
983 1046 1084 1086 suo
1112 1044 1387 1106 regnaret.
1435 1039 1536 1104 Qui
1591 1025 2021 1116 congressu—diu

403 1108 749 1197 multumque
793 1115 1067 1176 instabant
1097 1123 1243 1181 bello
1287 1128 1484 1185 robore
1517 1108 1855 1194 colluctanti.
1884 1108 2027 1197 Tan-

403 1194 527 1295 dem
562 1200 843 1295 Dominus,
873 1207 1117 1267 lacrimis
1171 1214 1603 1289 Christianorum
1632 1225 1900 1295 pulsatus,
1926 1245 2024 1284 suo

404 1285 658 1387 bellatori
713 1296 783 1351 de
841 1299 998 1356 hoste
1051 1304 1389 1378 triumphum
1449 1285 1745 1383 concessit,
1792 1285 1932 1373 fides
1972 1336 2031 1387 ut

412 1383 631 1439 meruit.

480 1472 626 1573 εἶρε
637 1487 972 1540 conversione
991 1488 1245 1548 Witikim'
1255 1495 1428 1551 ducis.
1444 1498 1614 1567 Tunc,
1634 1502 1743 1558 Deo
1759 1503 2025 1573 donante,

408 1563 699 1664 Ellilikinus
730 1575 962 1643 projecit
985 1596 1137 1637 arma
1155 1585 1494 1655 perlidiae,ac
1526 1563 1759 1664 arripuit
1809 1563 2022 1652 scutum

404 1654 532 1754 tidei
567 1660 905 1736 Christiana),
966 1688 1107 1729 novo
1158 1654 1382 1734 fervens
1411 1654 1416 1655 γ
1449 1654 1655 1752 studio,
1692 1687 1832 1742 sacri
1855 1687 2023 1744 fontis

407 1762 460 1844 in
486 1754 744 1844 mysterio
781 1764 1016 1814 veterem
1071 1764 1352 1823 hominem
1408 1772 1691 1842 deponere
1725 1784 1778 1832 et
1819 1793 2019 1834 novum

408 1836 462 1888 in
486 1836 699 1895 Christo
725 1843 977 1903 induere.
1007 1851 1174 1915 Quem
1207 1873 1297 1911 rex
1331 1836 1828 1921 Christianissimus
1867 1867 2022 1922 beni-

403 1932 863 2029 gne-suscipiens,
895 1954 926 1992 a
947 1944 1248 2000 venerabili
1276 1951 1540 2024 episcopo
1587 1955 1864 2014 Bonifacio
1895 1975 2020 2014 eum

405 2016 666 2088 baptizari
730 2030 1010 2099 praecepit,
1056 2016 1487 2109 ipseque-illuni
1537 2045 1606 2100 de
1656 2063 1814 2103 sacro
1877 2048 2023 2105 fonte

407 2109 716 2212 levavit;et
744 2135 843 2188 per
897 2131 1438 2202 consanguinitatem
1495 2135 1625 2194 ﬁdei
1670 2152 1860 2212 postea
1902 2143 2024 2200 fue—

408 2210 533 2258 runt
583 2212 886 2309 concordes
937 2219 1116 2274 amici.
1164 2223 1459 2283 Witikinus
1516 2247 1643 2288 vero
1672 2210 2022 2308 baptizatus,

407 2309 529 2349 mox
553 2301 751 2354 mirum'
772 2301 827 2356 in
877 2307 1100 2363 modum
1156 2318 1304 2369 totus
1334 2316 1389 2370 in
1442 2319 1537 2374 Dei
1572 2338 1741 2393 opere
1767 2301 1867 2381 est
1891 2301 2027 2383 con;

405 2402 615 2484 versus.
669 2393 879 2484 Dehinc
916 2401 1096 2456 omnis
1126 2407 1402 2463 exercitus
1446 2411 1550 2466 sibi
1574 2415 1856 2484 subjectus
1878 2419 2019 2477 hanc

405 2476 636 2575 eandem
687 2479 817 2537 fidei
874 2489 1260 2549 credulitatem
1301 2507 1385 2552 est
1440 2476 1746 2571 confessus,
1779 2518 1833 2562 et
1857 2476 2016 2564 suum

404 2567 711 2662 principem
744 2572 939 2630 devote
970 2577 1255 2650 imitando,
1288 2602 1444 2643 sacro
1475 2567 1822 2662 baptismatis
1851 2597 2019 2654 intin-

2126 1048 2333 1119 ubique
2382 1046 2762 1122 divulgaretur
2813 1046 2987 1100 virtus
3048 1045 3198 1100 illius
3236 1044 3560 1110 laudabilis,
3583 1046 3754 1100 etiam

2130 1141 2382 1212 pervenit
2412 1141 2479 1196 ad
2509 1157 2671 1196 aures
2702 1141 2946 1212 praeclari
2979 1140 3137 1199 ducis
3166 1139 3401 1207 Ottonis,
3433 1140 3531 1212 qui
3564 1141 3757 1196 statim

2128 1229 2276 1284 misit
2303 1246 2463 1285 suum
2495 1230 2752 1285 comitem
2807 1228 3176 1285 Thietmarum
3205 1229 3320 1284 haec
3348 1229 3419 1284 ad
3449 1231 3758 1302 exploran-

2129 1320 2257 1374 dum
2284 1331 2389 1383 (an.
2419 1320 2565 1391 909').
2602 1319 2696 1374 llle
2743 1335 2897 1384 vero,
2943 1328 3218 1391 praecepto
3250 1320 3408 1375 ducis
3453 1321 3755 1382 obediens,

2129 1409 2199 1464 ad
2252 1426 2417 1481 supra
2472 1416 2835 1464 memoratum
2888 1407 3207 1464 cmnobium
3260 1409 3365 1463 iter
3420 1410 3759 1464 acceleravit

2130 1503 2352 1570 ardens,
2393 1512 2447 1559 et
2498 1502 2677 1558 statim
2728 1502 2925 1557 adiens
2997 1501 3312 1557 cubiculum
3374 1509 3757 1557 matronarum

2127 1596 2309 1651 eidem
2343 1596 2539 1667 puellae
2561 1596 2718 1663 jussu
2749 1594 3043 1649 abbatissae
3071 1593 3436 1660 serventium,
3477 1610 3544 1648 ac
3571 1594 3756 1648 admi-

2128 1691 2310 1747 niculo
2341 1691 2678 1746 earumclam
2711 1707 2770 1745 se
2789 1690 3037 1745 inferens
3060 1689 3420 1755 monasterio,
3447 1689 3756 1762 diligenter

2122 1781 2403 1852 perspexit
2454 1780 2686 1836 formam
2739 1780 2968 1855 virginis
3022 1779 3258 1834 herilem
3290 1787 3344 1833 et
3371 1779 3511 1833 mire
3552 1779 3753 1833 lauda-

2122 1872 2311 1927 bilem.
2343 1872 2515 1947 lgitur
2540 1871 2702 1927 tacite
2733 1870 3076 1944 investigatis
3097 1879 3154 1925 et
3174 1879 3334 1925 caute
3370 1870 3753 1925 consideratis

2123 1964 2385 2020 omnibus
2426 1979 2549 2035 qua;
2601 1962 2973 2027 desiderabat,
3021 1962 3246 2018 domino
3296 1977 3396 2016 suo
3446 1961 3759 2032 reportavit

2124 2056 2311 2112 hilaris
2339 2066 2534 2112 cuncta
2582 2072 2704 2127 quae
2757 2055 2987 2109 viderat.
3048 2054 3145 2109 Die
3181 2070 3310 2109 vero
3361 2054 3620 2124 sequenti
3650 2054 3756 2108 dux

2124 2146 2247 2201 Otto
2275 2146 2552 2217 disposuit
2580 2145 2662 2199 ire
2718 2160 2877 2222 suum
2928 2143 3102 2198 tilium
3158 2143 3472 2198 Heinricum
3505 2142 3576 2196 ad
3611 2158 3756 2212 prae-

2124 2241 2293 2297 fatum
2320 2240 2634 2297 ccenobium
2681 2257 2792 2294 una
2855 2256 2978 2295 cum
3019 2238 3220 2294 comite
3282 2238 3622 2304 Tbietmaro,
3656 2253 3756 2292 suo

2124 2335 2407 2408 magistro,
2456 2341 2517 2388 ut
2569 2340 2728 2388 cauta
2775 2332 3218 2398 consideratione
3262 2331 3677 2403 perspicerent,
3711 2330 3757 2384 si

2118 2427 2292 2481 forma
2322 2414 2613 2493 moresque
2646 2421 2842 2490 puella;
2872 2420 3096 2474 sibimet
3138 2419 3529 2475 convenirent.
3567 2419 3749 2493 Elegit

2120 2518 2303 2588 itaque
2336 2529 2444 2569 non
2466 2528 2685 2584 paucos.
2698 2513 2950 2583 juvenes,
2981 2527 3187 2586 genere
3226 2519 3282 2566 et
3296 2510 3482 2582 specie
3514 2510 3753 2581 elegan-

2121 2619 2224 2676 tes,
2257 2607 2351 2679 qui
2381 2606 2773 2661 comitarentur
2811 2604 3075 2677 juvenem
3133 2602 3468 2664 Heinricum,
3534 2618 3652 2674 quo
3693 2618 3756 2657 se

403 2659 637 2779 Ξῖξῗίξτ
982 2672 1055 2779 ila
1082 2679 1320 2779 Ρξθτᾶοῐίε
1349 2688 1403 2736 et
1423 2687 1730 2779 composito
1790 2690 1933 2747 inter
1961 2710 2020 2748 se
2116 2659 2638 2772 jactantius'ﬁiferret
2667 2697 2736 2752 ad
2796 2659 3249 2779 praedestinatum
3288 2659 3490 2752 locum.
3525 2659 3748 2767 appro-

405 2746 617 2805 fuedere
649 2756 819 2823 pacis,
855 2776 945 2813 rex
978 2761 1205 2821 Karolus
1234 2784 1355 2824 cum
1389 2746 1616 2830 victoria
1648 2781 2023 2839 revertebatur

404 2841 580 2942 laetus.
632 2847 747 2903 Dux
787 2860 969 2910 autem
1031 2859 1322 2919 Witikinus
1355 2868 1409 2921 in
1440 2872 1716 2942 pr0priam
1763 2880 2025 2935 remeavit

402 2942 658 3029 patriam,
698 2942 871 2995 sancti
903 2944 1137 3014 Spiritus
1164 2955 1339 3025 gratia
1405 2956 1709 3017 illustratus
1736 2981 1751 3029 ;
1784 2972 1838 3019 et
1873 2966 2017 3023 sicut

405 3020 554 3088 prius
634 3032 1073 3121 persequebatur
1154 3018 1426 3099 Christum
1510 3018 2088 3121 invocan'tes,msi'eC

405 3116 753 3215 postmodum
784 3122 851 3174 ad
882 3122 1048 3215 fidem
1106 3128 1303 3189 Christi
1351 3139 1509 3193 traxit
1548 3157 1798 3215 quosque
1824 3116 2014 3203 erran-

404 3205 509 3301 tes,
542 3211 596 3301 et
628 3211 685 3301 ut
717 3219 877 3265 antea
917 3213 1189 3274 bonorum
1243 3225 1419 3281 extitit
1449 3205 1787 3301 persecutor,
1824 3236 1899 3291 ita
1937 3238 2020 3294 vi-

404 3290 800 3403 gilantissimus
975 3313 1229 3381 apparuit
1257 3332 1425 3375 sacra:
1449 3290 1585 3378 'tidei
1623 3290 2014 3403 prapugnator.

2126 2791 2458 2861 pinquantes
2486 2794 2665 2841 autem
2699 2785 3057 2851 monasterio,
3093 2793 3273 2840 castra
3305 2785 3492 2841 metati
3521 2793 3659 2839 sunt
3692 2785 3755 2839 in

2125 2895 2350 2949 campo;
2385 2877 2542 2948 pauci
2598 2893 2729 2932 vero
2776 2876 2994 2931 illorum
3051 2876 3211 2947 quasi
3261 2891 3426 2930 causa
3480 2875 3760 2930 orationis

2126 2971 2361 3047 ingressi
2391 2970 2712 3037 oratorium,
2730 2970 2984 3026 viderunt
3002 2970 3269 3044 virginem
3295 2969 3441 3025 intus
3456 2970 3757 3024 sedentem

2118 3070 2173 3120 et
2194 3063 2513 3136 psalterium
2544 3079 2711 3117 manu
2742 3068 3045 3126 tenentem,
3081 3060 3525 3116 honestissimam
3555 3060 3759 3115 habitu

2118 3163 2174 3211 et
2220 3156 2517 3211 admodum
2578 3153 2886 3208 reverendo
2941 3153 3111 3208 cultu.
3178 3152 3468 3207 Heinricus
3538 3159 3757 3211 autem.

2120 3245 2333 3300 eximia
2363 3243 2594 3318 virginis
2654 3258 2842 3297 amore
2893 3257 3216 3308 succensus,
3264 3242 3549 3296 interdixit
3576 3242 3759 3297 sociis

2120 3350 2190 3388 ne
2211 3334 2469 3404 cuiquam
2522 3331 2830 3386 indicarent
2884 3347 2994 3402 qua
3048 3346 3215 3385 causa
3263 3330 3370 3385 huc
3407 3330 3748 3393 venissent;

401 3386 517 3489 Jam
563 3398 703 3497 tum‘
733 3395 1081 3460 desiderabat
1133 3411 1401 3470 ecclesias
1470 3386 1832 3489 retedificare‘,’
1882 3442 2020 3497 quas
2120 3386 2414 3493 stat—imque
2443 3420 2512 3474 ad
2540 3428 2777 3474 castrum
2836 3386 3229 3487 revertebatur,
3279 3418 3370 3473 ubi
3405 3428 3595 3474 cetera
3617 3386 3755 3491 pars

586 3484 931 3586 destrui-(erat
970 3496 1026 3551 in
1056 3498 1403 3576 inﬁdelitate,
1445 3517 1499 3564 et
1527 3513 1622 3566 ubi
1663 3484 2023 3574 constituerat
2117 3484 2382 3578 juvenuin
2411 3508 2874 3563 commorabatur.
2912 3507 2972 3562 Et
2997 3484 3239 3563 induens
3269 3523 3327 3561 se
3350 3484 3757 3574 heriliornatu,

406 3567 608 3673 MOI-3,-
643 3573 731 3630 hic
776 3577 890 3645 jam
955 3599 1268 3646 sanctorum
1327 3567 1615 3656 collocavit

2123 3567 2388 3671 templum
2417 3600 2603 3655 denuo
2638 3599 2858 3654 intravit
2896 3598 3066 3653 multo
3101 3598 3389 3663 comitatu,
3460 3567 3761 3669 postulans

405 3670 797 3769 pos-teris‘ergo
825 3673 1076 3769 ejusdem
1130 3683 1401 3757 Witikini,
1435 3694 1645 3766 egregii
1685 3696 1861 3765 ducis,
1894 3715 2025 3769 pro-
2124 3670 2479 3759 sibicopiam
2511 3687 2629 3742 dari
2660 3687 2992 3742 abbatissam
3047 3687 3388 3759 alloquendi.
3423 3687 3553 3752 Quae
3581 3690 3759 3743 etiam

854 3763 1188 3861 beatissimae
1251 3758 1602 3837 Mahthilvdis:
1647 3783 1811 3855 Cujus
1843 3758 2019 3858 pater,

2125 3782 2453 3854 procedens,
2486 3781 2664 3852 ipsum
2685 3787 3025 3852 cunctosque
3048 3796 3179 3836 suos
3208 3780 3473 3835 satellites
3502 3797 3762 3852 suscepa

404 3854 627 3955 22mins
653 3848 1005 3955 ‘Thietricus,
1074 3861 1131 3917 in
1187 3868 1516 3927 occidentali
1565 3875 1791 3950 regione
1834 3848 2021 3935 comes
2124 3873 2393 3950 gaudens.
2428 3871 2720 3943 Postquam
2780 3877 2963 3925 autem
3000 3869 3239 3926 invicem
3272 3869 3559 3925 dedissent
3590 3848 3757 3925 verbi

402 3932 577 4043 fuerat
614 3942 889 4043 gloriosus
936 3954 1065 4024 (22),
1107 3964 1162 4012 et
1218 3967 1588 4024 venerabilem
1625 3932 2018 4043 "Reinhildam,
2068 3980 2077 3987 ‘
2121 3932 2488 4033 salutationis,
2540 3980 2728 4019 secum
2771 3962 2927 4018 duxit
2958 3962 3222 4030 juvenem
3284 3961 3601 4016 Heinricum
3649 3979 3765 4018 una

403 4028 673 4134 Dano‘rum
721 4038 1135 4134 Fresonumque
1197 4058 1447 4128 germine
1499 4062 1604 4130 (23)
1646 4074 2010 4134 procreatum.
2120 4080 2250 4121 cum
2282 4064 2485 4120 comite
2513 4060 2825 4116 Thietmaro
2850 4059 2905 4114 in
2943 4074 3102 4114 suum
3130 4057 3467 4124 cubiculum,
3508 4066 3568 4113 et
3588 4057 3764 4115 fami-

674 4132 1044 4233 p-robabilern,
1095 4126 1318 4202 sibimet
1346 4126 1674 4221 adjunxera-t
1696 4158 2011 4233 conjugem.
2121 4155 2257 4210 liare
2287 4170 2412 4209 cum
2444 4153 2528 4209 eis
2560 4153 2616 4207 in
2646 4152 2870 4224 longum
2897 4150 3155 4221 produxit
3183 4150 3542 4222 colloquium.
3571 4150 3762 4226 Egre-

408 4209 724 4325 tltttmfruit
952 4228 1047 4283 Dei
1087 4232 1317 4307 gignere
1372 4238 1638 4298 infantem
1699 4209 2019 4321 hominibus
2121 4246 2244 4318 gius
2282 4259 2413 4300 vero
2444 4243 2659 4312 juvenis
2718 4241 2936 4296 interim
2992 4255 3219 4295 sumens
3256 4239 3514 4296 fiduciam
3542 4209 3756 4303 animi.

406 4304 720 4413 amabilem.
740 4312 794 4413 ΔΟ
820 4313 948 4413 felix
974 4331 1163 4389 partus
1194 4325 1356 4396 hujus
1413 4330 1664 4403 infantis,
1695 4314 1788 4392 cui.
1846 4340 2021 4413 gratia
2045 4304 2386 4413 1“paulatim
2418 4304 2626 4406 incepit
2653 4349 2967 4389 sermonem
3016 4331 3088 4387 de
3124 4330 3361 4404 virgine,
3394 4331 3760 4407 interrogans

633 4409 980 4505 postmodum
1035 4387 1283 4494 contigit'
1313 4422 1551 4499 dignitas
1612 4387 1815 4505 regalis
1845 4387 2023 4488 la
2044 4387 2101 4455 D
2418 4387 2679 4497 provecta
2694 4387 2850 4478 esset
2874 4387 3033 4478 aetate
3088 4429 3184 4477 aut
3210 4387 3420 4494 "qualis
3466 4387 3762 4485 statuere;

406 4491 788 4594 gloria
825 4511 1133 4594 parentum,
1178 4491 1860 4592 lietitia‘pmpinquorum,
1890 4539 2020 4594 spes

2123 4491 2402 4590 postremo
2418 4491 2588 4571 etiam
2615 4514 2954 4569 desideravit
2973 4512 3081 4568 sibi
3104 4491 3385 4567 licentiam
3415 4510 3448 4564 d
3472 4510 3531 4564 ιΓὶ
3568 4511 3762 4581 ipsam

408 4574 748 4689 hereditatis,
782 4596 836 4644 et
866 4592 1034 4650 decus
1076 4600 1240 4656 totius
1280 4574 1475 4662 futurae
1502 4574 1734 4677 sobolis,
1768 4574 2020 4668 amabilis
2118 4574 2519 4680 conspiciendi-
2586 4610 2699 4673 Qua
2754 4608 2774 4641 ⁶
2810 4613 3036 4662 evocala
3090 4610 3366 4674 ρτεθοενῑο
3422 4574 3762 4661 “huius

408 4669 535 4778 dum
554 4678 815 4748 nascitur,
834 4694 889 4778 et
917 4692 1208 4751 amabilior
1230 4698 1362 4754 dum
1376 4702 1630 4759 nutritur.
1656 4669 1797 4772 Quid
1829 4707 2020 4778 plura?

409 4760 561 4868 'l'unc
605 4777 885 4868 temporis
925 4799 1046 4840 raro
1103 4787 1390 4847 videbatur
1445 4793 1627 4852 infans
1661 4760 2017 4855 "an;

408 4858 830 4958 ergodillustris
883 4874 1109 4939 parvula
1163 4886 1309 4934 esset
1357 4880 1646 4952 ablactata,
1688 4886 2022 4943 desideravit

409 4945 690 5047 abbatissa
710 4953 997 5027 Mabthild,
1030 4971 1204 5021 mater
1230 4968 1486 5026 Thietrici
1530 4945 1769 5043 comitis,
1798 4992 1923 5047 quae
1964 4977 2020 5031 in

410 5036 870 5105 Herivordinense
912 5054 1102 5111 sedem
1161 5061 1407 5128 possedit
1454 5063 1713 5134 abbatiae,
1741 5036 2020 5139 praelatam

2120 4700 2374 4772 apparuit
2400 4700 2455 4754 in
2482 4714 2548 4752 ea
2585 4696 2866 4771 virginalis
2922 4696 3170 4750 incessus
3199 4701 3253 4748 et
3287 4708 3427 4747 vene
3460 4693 3762 4763 pudicitiae

2122 4789 2362 4855 habitus,
2390 4787 2543 4844 frons
2566 4800 2797 4842 serenus
2826 4784 2845 4817 ⁷
2878 4791 2934 4839 et
2984 4783 3271 4854 speciosus
3311 4782 3381 4837 ad
3413 4781 3763 4838 intuendum

2122 4879 2305 4934 vultus
2334 4878 2391 4932 in
2412 4877 2653 4932 candore
2685 4875 2814 4930 liliis
2851 4873 3033 4929 extitit
3085 4872 3403 4945 persimilis,
3445 4872 3501 4926 in
3556 4873 3761 4930 vivido

2120 4979 2304 5045 autem
2352 4971 2539 5026 colore
2603 4968 3028 5024 assimulabatur
3075 4982 3319 5024 rosarum
3378 4964 3550 5020 foliis.
3600 4964 3765 5021 lianc

2125 5064 2263 5121 tanti
2292 5062 2510 5120 decoris
2541 5068 2600 5115 ut
2628 5059 2768 5115 vidit
2819 5058 3080 5134 egregius
3120 5054 3363 5126 juvenis,
3390 5053 3624 5108 minime
3654 5072 3763 5111 va-

1760 5216 1982 5271 VARl/E
2011 5214 2367 5272 LECTIONES

482 5298 503 5331 ⁸
523 5302 637 5365 Que
656 5302 705 5355 1.
739 5303 757 5336 7
785 5306 865 5359 ita
895 5307 947 5359 1.
978 5308 1305 5377 νθερωιάεηε
1334 5315 1585 5382 sequenti
1611 5316 1812 5371 vultus.
1966 5386 2155 5443 NOT/E

416 5547 431 5572 Ἴ
628 5482 926 5572 ἷιιεῴἰιδιξειι
952 5486 1008 5572 in
1029 5488 1159 5543 villa
1177 5490 1629 5572 Engvrpromme
1664 5495 1889 5552 Herford
1915 5515 1930 5563 ;
1961 5497 2086 5553 vide
2116 5495 2260 5551 infra
2286 5510 2408 5567 cap.
2438 5494 2525 5549 11.

414 5549 597 5620 (23)
626 5552 662 5607 i.
697 5569 741 5608 e.
782 5564 933 5624 patre
963 5558 1134 5626 Dano,
1166 5549 1336 5617 maire
1370 5549 1626 5620 Fresone.
