3994 6132
1381 242 1653 298 SANCT/E
1690 242 2046 299 MATHILDIS
2086 245 2350 301 BEGINiE
2392 246 2557 301 VlTA.

309 244 420 300 893
1381 244 1653 298 SANCT/E
1690 244 2046 299 MATHILDIS
2086 245 2350 301 ΒΕϐΙΝᾹΞ
2392 246 2557 301 νιΤΑ.
3545 251 3652 305 894

308 373 430 427 lens
458 370 667 426 diutius
695 370 875 426 celare
895 384 1140 426 amorem
1171 371 1374 438 cordis,
1420 371 1718 443 postulavit
1745 386 1931 442 prece-
1952 376 2002 443 Α
2030 372 2179 440 bilis,
2224 374 2470 431 Christus
2510 376 2589 431 illi
2647 378 2771 449 plus
2818 379 2971 434 auxit
3020 380 3285 435 honorem
3338 380 3647 453 dignitatis,

308 460 561 529 instanti,
592 461 763 531 ipsam
803 460 1069 529 virginem
1131 460 1239 515 sibi
1321 461 1673 532 deSponderi.
1732 459 1930 516 Contra
2034 468 2400 539 perplurimas
2455 469 2707 525 nationes
2776 487 2876 527 suo
2947 473 3249 547 subjugans
3315 473 3646 538 dominam,

310 549 432 605 hac
456 548 737 604 abbatissa
761 547 953 603 oculos
1009 548 1231 618 deiecit,
1302 556 1356 604 et
1407 550 1623 605 nutanti
1663 550 1848 605 animo
1878 549 1932 603 in
2035 555 2233 623 Danos,
2274 557 2515 621 Sclavos,
2574 559 2898 625 Boemones,
2960 561 3309 629 Bajowarios.
3353 570 3649 633 ceteraque

311 637 678 708 responsione
738 636 834 691 diu
898 636 1189 692 basitavit.
1250 638 1380 693 Cum
1428 648 1609 693 autem
1668 638 1842 714 magis
1870 654 1934 693 ac

310 728 490 802 magis
510 733 890 799 perseveraret
914 726 1240 782 adolescens
1268 728 1326 782 in
1358 729 1580 800 incepto
1626 727 1931 799 petitionis,

310 822 536 876 tandem
566 821 792 876 domina
836 821 1039 876 talibus
1087 823 1455 893 respondebat
1493 822 1718 877 verbis:
1760 848 1783 871 ιι
1815 822 1935 877 Non

311 921 398 969 est
428 924 700 981 nostrum,
733 928 853 968 eam
893 923 1115 985 nuptam
1176 915 1306 969 dare
1361 914 1526 969 alicui
1563 914 1775 985 absque
1799 928 1936 968 con-

309 1005 438 1061 silio
470 1015 526 1061 et
553 1022 827 1061 consensu
885 1014 1171 1078 parentum
1206 1023 1219 1071 ;
1253 1007 1483 1077 dignum
1514 1014 1597 1061 est
1636 1006 1784 1060 enim
1816 1010 1873 1059 ut
1902 1021 1933 1057 a

309 1093 479 1150 nobis
506 1094 721 1169 integra
751 1094 861 1150 fide
892 1094 1000 1149 illis
1029 1096 1368 1162 restituatur,
1402 1111 1468 1150 ex
1500 1095 1706 1167 quibus
1733 1101 1932 1149 nostra:

309 1188 687 1258 procurationi
726 1189 1111 1244 commendata
1183 1197 1283 1245 est.
1345 1189 1486 1253 Quin
1542 1188 1706 1243 etiam
1776 1187 1935 1242 nobis

305 1285 557 1332 versatur
584 1277 641 1331 in
688 1277 882 1344 dubio,
933 1277 981 1332 si
1027 1278 1255 1333 alterius
1281 1278 1383 1332 viri
1415 1294 1536 1332 eam
1570 1279 1934 1332 decreverunt

306 1369 551 1425 thalamo
583 1387 748 1436 ;nam
786 1370 934 1426 illam
982 1371 1375 1426 desiderabant
1405 1370 1695 1442 perplures
1726 1383 1932 1445 genere

303 1472 360 1520 et
390 1464 565 1520 forma
587 1464 847 1521 illustres.
882 1466 1221 1538 Quamquam
1266 1474 1452 1521 autem
1485 1465 1648 1520 nobis
1678 1465 1750 1519 sit
1775 1464 1931 1518 inco-

300 1558 543 1631 gnitum,
597 1574 762 1630 quem
809 1559 880 1613 de
933 1560 1022 1613 his
1072 1560 1092 1592 ⁸
1149 1557 1320 1613 velint
1376 1558 1581 1630 eligere
1639 1572 1930 1630 generum,

302 1647 733 1718 adimplebimus
785 1654 968 1701 tamen
1026 1655 1264 1703 vestrum
1322 1653 1559 1709 votum;
1617 1652 1672 1701 et
1732 1645 1778 1698 si
1829 1642 1927 1697 Dei

1951 1695 2003 1762 B

2035 646 2452 716 quamplurima
2494 664 2682 719 regna,
2716 664 2837 719 qua:
2891 649 3006 703 suis
3058 649 3504 707 antecessoribus
3536 666 3647 705 non

2032 732 2253 789 fuerant
2272 736 2511 792 subdita.

2114 823 2165 876 5.
2200 826 2275 878 De
2302 827 2560 893 religione
2581 827 2920 881 Mahlhildis.
2959 827 3052 881 Hic
3069 828 3304 898 plurima
3333 827 3654 899 praetermit-

2038 924 2228 975 tuntur
2258 918 2327 971 de
2361 916 2617 971 laudibus
2641 917 2786 990 regis
2806 916 3066 983 Heinrici,
3090 919 3219 990 quia
3242 919 3651 990 properandum

2036 1017 2121 1066 est
2140 1008 2389 1065 advitam
2436 1022 2732 1079 moresque
2778 1008 3008 1064 illustris
3062 1011 3267 1085 reginae
3316 1010 3651 1077 Mahthildis,

2034 1098 2103 1153 de
2130 1096 2221 1152 dei
2250 1095 2305 1150 in
2328 1095 2472 1151 diem
2533 1095 2727 1151 Christi
2770 1096 2947 1171 gratia
3005 1099 3059 1153 in
3115 1099 3267 1153 omni
3313 1098 3461 1153 bono
3483 1114 3653 1169 opere

2036 1185 2400 1259 proﬁcientis,
2435 1191 2494 1240 ut
2530 1194 2763 1256 nepotes
2818 1185 2939 1255 ejus
2996 1193 3051 1241 et
3095 1186 3299 1257 posteri
3329 1187 3533 1242 totiens
3553 1187 3655 1241 ha-

2035 1281 2203 1335 beant
2227 1278 2491 1351 gaudium
2522 1278 2716 1344 animi,
2765 1279 3026 1350 quotiens
3083 1289 3192 1334 tam
3232 1288 3436 1335 sanctae
3463 1279 3653 1335 matris

2035 1374 2296 1427 meritum
2329 1370 2644 1427 invenerint
2672 1370 2968 1445 legendum
3001 1373 3192 1442 :cujus
3215 1374 3471 1443 probitati
3501 1390 3655 1430 com-

2033 1472 2260 1536 putatur
2289 1471 2343 1518 et
2365 1462 2599 1529 meritis,
2644 1462 2917 1534 quidquid
2962 1463 3157 1519 futurae
3189 1465 3368 1520 soboli
3409 1468 3655 1522 evenerit

2035 1557 2264 1612 honoris
2295 1571 2359 1610 ac
2388 1555 2686 1628 dignitatis.
2713 1553 2843 1609 Cum
2876 1555 3043 1629 igitur
3073 1557 3271 1629 regalis
3308 1557 3429 1613 solii
3458 1574 3652 1613 ascen-

2027 1649 2200 1702 disset
2236 1647 2467 1721 gradum
2517 1647 2850 1701 venerabilis
2894 1648 3103 1722 regina,
3157 1648 3383 1704 iltustris
3412 1650 3649 1705 maritali

301 1740 485 1794 aderit
532 1739 802 1803 voluntas,
883 1748 1073 1794 nostra
1127 1738 1197 1793 de
1263 1745 1415 1809 parte
1473 1752 1583 1793 non
1640 1736 2272 1812 tardamusupotentia
2316 1747 2371 1794 et
2427 1740 2717 1814 illustrior;
2749 1740 3017 1812 religione
3058 1741 3263 1807 divina,
3316 1742 3370 1795 in
3398 1742 3641 1814 conjugii

304 1831 549 1901 nuptias,
571 1831 701 1903 quia
729 1830 1055 1886 excellentia
1076 1831 1241 1886 vestri
1274 1829 1498 1903 generis
1543 1827 1740 1883 crebro
1766 1827 1921 1883 inso-

305 1923 427 1977 nuit
456 1923 684 1978 auribus
713 1922 940 1989 nostris,
1000 1931 1054 1977 et
1099 1924 1205 1978 hoc
1244 1937 1354 1976 non
1413 1928 1498 1975 est
1547 1919 1773 1974 minima
1799 1935 1925 1989 pars

302 2013 550 2082 fmderis,
603 2015 750 2086 quod
791 2015 948 2085 ipse9
978 2014 1046 2068 ad
1094 2029 1198 2069 nos
1264 2015 1369 2068 iter
1394 2011 1693 2067 direxistis.
1732 2032 1752 2061 ι
1790 2010 1928 2066 llaut

302 2131 479 2181 mora,
534 2115 873 2171 ornamentis
929 2116 1161 2171 honeste
1220 2115 1446 2186 paratis,
1503 2128 1625 2184 quae
1684 2126 1927 2185 congrua

301 2214 463 2263 erant
488 2208 905 2280 desponsationi
935 2208 1188 2283 virginis,
1237 2205 1492 2279 sequenti
1521 2204 1610 2259 die
1639 2202 1926 2258 Heinricus

2023 1803 2233 1885 itedere
2261 1828 2521 1883 manebat
2552 1803 2769 1899 pudica,
2804 1803 3064 1884 etntamen
3085 1803 3449 1885 nihilominus
3480 1803 3648 1909 lg(éti)

2027 1924 2252 1980 carebat
2282 1923 2464 1994 palma
2502 1923 2756 1996 virginati
2808 1923 3055 1994 proxima
3096 1925 3159 1988 ιδ,
3217 1925 3521 1979 humilitate
3570 1925 3651 1981 sic

2030 2017 2266 2072 tendens
2304 2016 2372 2069 ad
2410 2015 2664 2088 gloriam,
2690 2023 2749 2070 ut
2776 2016 2922 2071 dono
2954 2015 3047 2070 Dei
3093 2018 3441 2087 postmodum
3472 2033 3650 2072 mere-

2029 2117 2180 2164 retur
2234 2106 2353 2161 ﬁeri
2411 2107 2608 2161 allecta
2666 2105 2721 2160 in
2778 2107 2988 2161 coalesti
3046 2107 3240 2178 patria.
3286 2109 3416 2162 Nam
3441 2115 3648 2180 quanto

2029 2198 2136 2254 sibi
2166 2196 2469 2251 “accessit
2525 2203 2769 2265 potestas
2816 2195 3128 2261 sublimior,
3174 2202 3322 2250 tanto
3372 2208 3430 2251 sc
3463 2197 3649 2251 humi-

300 2312 494 2351 secum
522 2297 677 2353 duxit
700 2297 1074 2353 venerabilem
1128 2295 1399 2368 virginem
1447 2295 1502 2349 in
1536 2300 1721 2365 partes
1750 2292 1924 2346 Saxo—
2029 2290 2179 2346 Iiavit
2209 2288 2499 2352 devotinr;
2534 2295 2609 2353 et,
2640 2287 2789 2358 quod
2811 2303 3034 2358 perraro
3080 2287 3285 2353 evenit,
3318 2288 3645 2362 dignitatem

301 2391 428 2445 nias.
457 2392 608 2447 'l‘unc
632 2391 1150 2447 circumducebatur
1204 2406 1304 2461 per
1342 2388 1590 2444 civitates
1642 2386 1685 2420 ¹⁰
1714 2384 1925 2460 egregii
2024 2382 2196 2438 seculi
2225 2381 2344 2436 sine
2375 2378 2640 2450 superbia
2686 2378 2953 2449 possedit.
2991 2380 3047 2434 ln
3100 2379 3324 2451 publico
3375 2380 3647 2450 processit

297 2488 687 2545 ducisOttonis
730 2505 763 2543 a
810 2488 1011 2544 comite
1055 2488 1367 2542 Thietmaro
1421 2493 1473 2540 et
1513 2485 1778 2541 militibus
1819 2500 1917 2541 ce-
2026 2479 2216 2530 0""ata
2247 2470 2481 2545 gemmis
2527 2478 2582 2524 ει
2624 2470 2823 2536 δεξί’ίοον
2873 2470 2973 2524 δθά
3002 2470 3233 2524 "uerius
3277 2470 3649 2545 gerebalpre-

298 2582 457 2648 leris,
521 2581 698 2636 donec
775 2582 833 2635 in
899 2581 1236 2635 walohusun
1324 2578 1429 2648 (24)
1505 2577 1921 2649 ριἀερδιιθὶῃιιῃιι
2019 2566 2764 2630 tiosiusornamentum,cor
2784 2564 3124 2635 acceptabile
3144 2566 3647 2637 Deo;tantamque

297 2673 616 2729 convivium
646 2673 890 2744 nuptiale
920 2688 1120 2746 magno
1162 2673 1390 2735 honore,
1442 2671 1520 2726 ιιιί
1551 2670 1737 2725 decuit
1771 2671 1915 2736 ίιιοε,
2018 2655 2126 2711 sibi
2155 2653 2389 2709 subditis
2413 2653 2710 2708 exhibebat
2764 2654 3128 2746 humilitatem
3148 2654 3278 2746 etin
3310 2654 3431 2746 vice
3454 2654 3647 2709 matris

296 2766 393 2837 qui
421 2765 979 2836 posteaimperabant
1016 2744 1294 2839 gentibus
1349 2762 1637 2833 plurimis;
1683 2762 1759 2816 ibi
1788 2779 1916 2833 per-
2019 2749 2328 2814 caritatem,
2353 2746 2686 2802 utomnibus
2728 2752 2874 2800 esset
2908 2744 3079 2800 amori
3110 2744 3390 2839 pariteret
3426 2745 3648 2800 honori.

584 2842 626 2914 ξπ.
654 2868 951 2914 connubiis
981 2838 1208 2914 mihi“,
1258 2865 1467 2914 (φάρη
1496 2867 1717 2914 Μῃονὶς,
1755 2866 1922 2914 "ein-
2024 2844 2208 2899 Noctis
2237 2857 2458 2914 quoque
2486 2849 2736 2911 tempore
2757 2840 3109 2894 sesealatere
3134 2840 3279 2911 regis
3305 2838 3502 2894 furtive
3519 2840 3654 2894 sub-

2029 2934 2209 2998 traxit,
2251 2932 2406 3004 quasi
2429 2931 2553 3001 ipso
2577 2931 2861 3002 ignorante
2878 2930 3197 3001 relinquens
3217 2929 3459 3001 regalem
3483 2930 3654 2984 thala-

2027 3042 2178 3080 mum
2205 3026 2268 3091 ‘5,
2290 3024 2528 3080 orationi
2558 3024 2881 3080 intendebat
2901 3022 3167 3088 animum,
3198 3030 3257 3076 ut
3278 3021 3384 3075 sibi
3407 3021 3652 3077 reconci-

2028 3114 2186 3169 liaret
2208 3114 2401 3178 Deum,
2423 3129 2587 3184 quem
2606 3112 2874 3185 diligebat
2885 3118 3034 3167 casto
3051 3126 3238 3166 amore
3260 3117 3315 3165 et
3337 3111 3423 3165 cui
3440 3111 3645 3166 servie-

2027 3205 2122 3260 bat
2152 3204 2366 3277 integra
2380 3204 2505 3259 fide.
2527 3205 2659 3269 Quis
2673 3205 2835 3259 etiam
2865 3202 3103 3269 dubitet,
3130 3211 3188 3256 ut
3210 3218 3338 3277 rege
3362 3202 3650 3259 nesciente

296 2870 626 2925 fruebantur
654 2868 951 2923 connubiis
981 2878 1035 2923 et
1058 2866 1208 2922 licito
1258 2865 1467 2922 fwdere
1496 2867 1717 2921 amoris.
1755 2866 1922 2920 Hein-

297 2962 451 3016 ricus
480 2968 661 3016 autem
688 2960 913 3015 tradidit
940 2961 1051 3029 ('25;
1098 2958 1400 3015 venerabili
1431 2965 1613 3029 nuptae
1642 2957 1699 3011 in
1742 2957 1923 3012 :lotem

297 3069 469 3108 omne
498 3051 646 3123 quod
668 3052 862 3107 attinet
914 3052 981 3106 ad
1041 3051 1275 3106 eandem
1306 3050 1603 3112 civitatem,
1638 3055 1789 3119 patre
1824 3062 1926 3103 suo
1952 3087 1998 3154 Ο

297 3142 708 3205 consentiente,
736 3149 792 3195 et
842 3140 962 3212 ipse
991 3139 1330 3196 venerabilis
1382 3139 1491 3193 dux
1523 3138 1643 3193 Otto
1665 3136 1929 3192 enutrivit
1952 3130 2001 3155 υ

299 3249 428 3289 eam
450 3233 505 3287 in
536 3232 655 3288 vice
680 3230 808 3287 filim
838 3247 1018 3303 usque
1076 3231 1145 3286 ad
1176 3230 1388 3286 obitum
1420 3245 1532 3285 sua:
1552 3229 1698 3285 vitae.
1731 3227 1929 3283 Tribus

300 3333 490 3380 autem
544 3325 707 3380 annis
758 3331 882 3396 post
922 3324 1040 3379 haec
1101 3323 1411 3386 transactis,
1443 3323 1529 3376 vir
1576 3321 1928 3377 venerandus

292 3435 538 3484 mortem
569 3427 747 3483 subiit
774 3427 1134 3498 temporalem
1167 3428 1269 3498 (an
1312 3426 1458 3493 912),
1496 3432 1551 3480 et
1579 3424 1676 3480 Dei
1708 3424 1927 3481 ordina-

295 3519 453 3573 tione
484 3517 770 3573 Heinricus
798 3517 1030 3572 ducatus
1072 3516 1319 3587 percepit
1373 3515 1661 3570 honorem.
1714 3515 1924 3569 Ascen-

296 3609 442 3663 dens
468 3616 651 3663 autem
685 3608 915 3683 gradum
946 3607 1251 3681 dignitatis,
1312 3614 1518 3663 tantam
1562 3605 1923 3660 humilitatem
1975 3626 1984 3633 ο

290 3700 598 3756 exhibebat
653 3700 911 3766 subditis,
963 3710 1023 3755 ut
1084 3699 1273 3766 etiam,
1327 3698 1375 3753 si
1438 3703 1624 3768 posset
1668 3695 1922 3764 evenire,

291 3801 623 3867 exOptarent
660 3794 839 3866 ipsum
862 3795 1048 3870 regale
1062 3795 1260 3851 solium
1288 3795 1400 3864 jam
1436 3792 1745 3864 possidere.
1852 3799 1867 3807 ‘

370 3898 424 3953 Δ.
458 3901 532 3953 De
558 3898 707 3953 obitu
736 3898 971 3955 Conradt'
1027 3898 1190 3964 regis.
1223 3896 1444 3951 Interim
1491 3895 1620 3949 dum
1653 3894 1770 3948 haec
1790 3909 1925 3968 age-

295 3998 509 4055 rentur,
536 3989 736 4045 invasit
765 4005 951 4064 regem
1007 3988 1316 4043 Conradum
1370 3987 1614 4044 crudelis
1667 3986 1921 4060 languor,

297 4091 358 4138 et
412 4098 563 4137 mors
634 4082 974 4153 sequebatur
1050 4080 1329 4136 crudelior
1407 4093 1518 4150 (an.
1577 4079 1724 4149 918).
1774 4078 1925 4136 Tunc

296 4172 634 4241 disponente
670 4172 786 4226 Deo
817 4171 1085 4225 successit
1119 4169 1407 4224 Heinricus
1435 4168 1605 4242 regali
1627 4168 1769 4224 solio
1800 4168 1921 4240 (an.

293 4265 426 4329 9'19,
456 4265 578 4333 Apr
606 4264 622 4333 )
651 4280 666 4326 ;
696 4261 844 4317 bello
871 4278 968 4317 seu
1004 4277 1139 4333 pace
1168 4261 1342 4328 ﬁeret,
1385 4268 1468 4316 est
1494 4261 1786 4326 incertum,
1819 4261 1920 4316 sed

295 4362 516 4433 absque
574 4361 946 4433 dispositione
1002 4360 1099 4416 Dei
1153 4376 1262 4416 non
1312 4361 1351 4396 ¹¹
1380 4360 1649 4416 accidisse
1689 4377 1799 4417 non
1840 4367 1926 4416 est

297 4451 696 4505 dubitandum.
733 4450 824 4505 llis
867 4450 941 4505 ita
998 4450 1301 4522 dispositis,
1351 4450 1562 4507 Christo
1608 4451 1924 4521 adjuvante,

296 4550 473 4602 multa
503 4547 746 4603 exercuit
777 4547 924 4603 bona
952 4564 1122 4619 opera
1169 4548 1419 4617 vigilanti
1460 4548 1767 4625 diligentia,
1796 4565 1920 4623 gra-

293 4641 406 4695 tias
434 4656 604 4712 agens
624 4636 736 4696 Deo
769 4641 1013 4715 largitori
1062 4641 1131 4697 de
1162 4642 1431 4717 dignitate
1462 4643 1655 4699 seculi.
1688 4644 1920 4714 Inopum

295 4740 355 4788 et
385 4732 677 4786 viduarum
696 4733 951 4805 apparuit
974 4734 1419 4804 promptissimus
1445 4734 1916 4792 consolator.Cum

292 4829 481 4877 autem
505 4822 704 4879 mirum
736 4823 794 4877 in
823 4823 1047 4879 modum
1088 4823 1384 4895 proficeret
1447 4825 1705 4898 princeps
1726 4826 1918 4882 lauda-

2027 3293 2205 3348 electa
2231 3292 2429 3346 Christi
2459 3291 2661 3346 famula
2692 3292 2823 3347 talia
2863 3297 3047 3361 posset
3065 3291 3412 3365 agere‘Hpse
3443 3292 3650 3346 etenim

2025 3386 2174 3439 bene
2206 3383 2571 3455 intelligebat,
2603 3383 2702 3438 sed
2757 3383 2914 3454 quasi
2955 3399 3017 3438 se
3061 3384 3277 3439 nescire
3335 3383 3653 3448 simulabat,

2026 3478 2156 3548 quia
2173 3476 2443 3532 veraciter
2477 3483 2703 3530 noverat
2748 3483 2946 3530 cuncta
3003 3476 3124 3541 ejus
3154 3492 3324 3546 opera
3359 3477 3506 3533 bona
3536 3478 3651 3532 exi-

2026 3575 2172 3622 stere
2202 3577 2257 3622 et
2279 3567 2528 3638 utrisque
2557 3565 2839 3636 prodesse.
2879 3565 3047 3640 Igitur
3073 3565 3260 3620 faciles
3303 3565 3378 3618 illi
3407 3582 3649 3621 consen-

2025 3675 2119 3713 sus
2145 3658 2379 3729 praebuit
2400 3659 2464 3712 ad
2493 3657 2678 3712 omnia
2708 3673 2831 3728 quae
2863 3657 3198 3711 desideravit
3226 3675 3240 3723 ;
3276 3672 3397 3711 nam
3428 3674 3529 3713 sua
3550 3674 3648 3714 vo-

2027 3755 2206 3808 luntas
2234 3768 2266 3805 a
2316 3752 2427 3806 Deo
2472 3751 2798 3822 incipiebat,
2843 3759 2898 3806 et
2930 3752 2984 3805 in
3042 3752 3152 3805 Deo
3183 3760 3365 3821 empta
3393 3750 3639 3805 finiebat.

2026 3842 2299 3913 Quicquid
2333 3840 2573 3896 mundus
2597 3840 2924 3895 delectabile
2946 3840 3159 3902 habuit,
3176 3856 3319 3911 pene
3341 3848 3517 3895 totum
3547 3856 3645 3911 pro

2026 3948 2215 3987 amore
2240 3930 2439 3985 Christi
2462 3930 2813 4001 contempsit.
2871 3928 3090 3983 Divitias
3138 3943 3249 3984 non
3306 3928 3642 4000 concupivit,

2026 4027 2405 4095 paupertatem
2428 4037 2539 4076 non
2562 4020 2746 4075 timuit
2777 4037 2791 4084 ;
2824 4019 2947 4088 ejus
3001 4034 3200 4073 manus
3243 4034 3463 4091 semper
3492 4018 3647 4093 larga

2024 4113 2498 4185 fuitpauperibus,
2533 4119 2589 4168 et
2618 4113 2686 4167 ab
2739 4112 3048 4167 elemosina
3077 4110 3361 4184 eroganda
3417 4123 3540 4163 raro
3558 4109 3651 4163 in-

2018 4208 2350 4263 -veniebatur
2368 4221 2557 4262 vacua.
2616 4204 2923 4277 Numquam
2976 4203 3101 4275 quis
3120 4202 3189 4256 ad
3229 4201 3378 4257 illam
3414 4199 3649 4256 accessit

2024 4296 2242 4363 dolens,
2273 4297 2369 4369 qui
2398 4312 2508 4352 non
2527 4296 2706 4352 abiret
2766 4294 3036 4371 gaudens,
3060 4300 3114 4348 et
3145 4293 3271 4365 quis
3306 4292 3453 4346 illam
3471 4307 3644 4364 egens

1952 4389 2179 4480 Dadiit,
2221 4388 2534 4458 impetravit
2557 4386 2705 4457 quod
2759 4385 2951 4480 voluit.
2985 4384 3079 4437 Sin
3110 4380 3639 4480 autem-quempiam
3669 4385 3673 4391 '

2028 4477 2302 4533 intellexit
2320 4477 2505 4547 aliqua
2550 4477 2601 4530 vi
2636 4474 2897 4546 opprimi,
2943 4482 3037 4528 aut
3084 4487 3182 4542 pro
3210 4472 3420 4526 scelere
3455 4468 3643 4524 crimi-

2024 4568 2112 4622 nis
2145 4582 2367 4622 carcere
2396 4565 2627 4631 includi,
2681 4580 2779 4618 scu
2813 4562 3065 4633 populari
3106 4560 3361 4615 examine
3388 4558 3641 4629 deputari

2025 4655 2205 4722 morti,
2247 4654 2387 4715 nihil
2418 4654 2608 4708 habuit
2644 4651 2954 4715 hilaritatis,
2999 4657 3294 4720 antequam
3323 4647 3643 4703 reconcilia-

2019 4750 2591 4806 vitexacerbationem
2622 4748 2768 4822 regis
2849 4747 2906 4801 Si
2955 4746 3176 4818 quando
3212 4744 3486 4800 abscessit
3528 4756 3637 4796 non

2018 4844 2295 4911 exaudita,
2326 4844 2378 4899 id
2407 4850 2738 4915 provocante
2766 4838 2973 4914 vulgari
3002 4840 3044 4874 ιθ
3082 4837 3380 4906 sententia,
3432 4851 3526 4889 rex
3550 4849 3638 4888 se-

1653 4980 1871 5036 VARUE
1904 4981 2279 5038 LECTIONES.

375 5074 396 5150 ξ’
428 5073 536 5128 hiis
570 5076 619 5129 1.
648 5079 975 5150 constanter.
1007 5078 1028 5111 θ
1067 5078 1146 5131 ita
1173 5078 1224 5131 1.
1258 5082 1309 5131 et
1336 5078 1388 5131 3.
1431 5079 1492 5150 in
1530 5092 1635 5150 quo
1660 5082 1838 5150 tamen
1889 5096 1995 5135 vom
2034 5082 2224 5149 postea
2266 5093 2424 5133 erasa
2477 5081 2527 5132 et
2556 5075 2665 5150 ipsi
2719 5076 2982 5150 scriptum
3026 5070 3201 5150 est-{0
3235 5071 3319 5149 ita
3355 5065 3407 5122 3.
3440 5063 3634 5150 (ξὶξξξῐξξε

299 5146 528 5218 (absque
552 5147 670 5216 per)
699 5147 745 5199 ι.
781 5147 819 5181 ¹¹
851 5155 1025 5202 votem
1067 5151 1293 5203 inserui.
1366 5134 1828 5204 "nichilonimus
1878 5153 1927 5206 1.
1982 5134 2055 5185 ιδ’
2078 5153 2152 5205 ito
2215 5151 2513 5217 distinguo,
2570 5134 2653 5202 ed.
2707 5134 2846 5217 post.
2888 5144 3087 5218 palma.
3137 5141 3180 5175 1⁸
3227 5139 3340 5218 jam
3392 5135 3553 5215 addit

306 5217 352 5250 ³⁵
375 5224 431 5270 et
458 5215 710 5291 ingressa
747 5218 1039 5291 ecclesiam
1070 5219 1297 5291 palatio
1352 5220 1656 5291 proximam
1713 5221 2070 5277 Ekkehardus
2127 5222 2214 5276 hic
2268 5215 2680 5289 legissevidetur
2707 5215 2788 5274 ita
2813 5215 3081 5273 scribens:
3107 5215 3264 5282 quasi
3308 5215 3428 5279 ipso
3456 5218 3629 5260 msmo

299 5288 565 5352 surrexit,
597 5294 652 5343 et
670 5289 963 5344 ecclesiam
994 5288 1199 5360 palatio
1233 5288 1536 5361 proximam
1569 5292 1836 5365 ingressa.
1874 5294 1918 5327 ¹⁶
1947 5293 2003 5347 id
2032 5292 2273 5349 dictante
2305 5291 2555 5362 pepulari
2583 5291 2636 5346 2.

1862 5391 2072 5447 NOTAE.

376 5476 482 5558 (2})
508 5477 842 5558 Walbausen
870 5482 923 5537 in
954 5483 1258 5558 Thuringia
1287 5485 1355 5540 ad
1385 5485 1627 5541 Helmam
1678 5501 1850 5557 prope

303 5547 472 5626 Rosia
492 5557 547 5604 et
565 5550 1040 5626 Sangershausen.

374 5619 488 5689 (25)
526 5620 597 5677 cf.
628 5619 869 5713 cb'artam
897 5626 1139 5683 Heinrici
1169 5628 1188 5682 Ι
1221 5627 1369 5701 regis
1399 5629 1453 5684 d.
1495 5629 1565 5684 16
1594 5629 1746 5701 Sept.

1961 5504 2010 5543 a.
2043 5487 2168 5543 919.

2026 5559 2134 5631 (26)
2166 5562 2208 5615 ἱ.
2234 5575 2277 5613 e.
2311 5559 2560 5615 minime.
