  <div class='ocr_page' id='page_1' title='image "/cluster/home/n/w/nwhite01/storage/ocr_20150623/135/hvd.32044054759956/453.png"; bbox 0 0 4002 6124; ppageno 0'>
   <div class='ocr_carea' id='block_1_1' title="bbox 428 287 533 342">
    <p class='ocr_par' dir='ltr' id='par_1_1' title="bbox 428 287 533 342">
     <span class='ocr_line' id='line_1_1' title="bbox 428 287 533 342; baseline 0 0"><span class='ocrx_word' id='word_1_1' title='bbox 428 287 533 342; x_wconf 74' lang='grc'>895</span> 
     </span>
    </p>
   </div>
   <div class='ocr_carea' id='block_1_2' title="bbox 1497 294 2652 353">
    <p class='ocr_par' dir='ltr' id='par_1_2' title="bbox 1497 294 2652 353">
     <span class='ocr_line' id='line_1_2' title="bbox 1497 294 2652 353; baseline 0.006 -7"><span class='ocrx_word' id='word_1_2' title='bbox 1497 294 1767 348; x_wconf 72' lang='grc' dir='ltr'><strong>ΞΑΝΟΤᾹΞ</strong></span> <span class='ocrx_word' id='word_1_3' title='bbox 1807 295 2161 352; x_wconf 80' lang='lat' dir='ltr'><strong>MATHILDIS</strong></span> <span class='ocrx_word' id='word_1_4' title='bbox 2204 298 2466 352; x_wconf 76' lang='lat' dir='ltr'><strong>REGIN/E</strong></span> <span class='ocrx_word' id='word_1_5' title='bbox 2503 299 2652 353; x_wconf 78' lang='lat' dir='ltr'><strong>VlTA</strong></span> 
     </span>
    </p>
   </div>
   <div class='ocr_carea' id='block_1_3' title="bbox 3662 304 3772 358">
    <p class='ocr_par' dir='ltr' id='par_1_3' title="bbox 3662 304 3772 358">
     <span class='ocr_line' id='line_1_3' title="bbox 3662 304 3772 358; baseline 0 -2"><span class='ocrx_word' id='word_1_6' title='bbox 3662 304 3772 358; x_wconf 86' lang='lat'><strong>896</strong></span> 
     </span>
    </p>
   </div>
   <div class='ocr_carea' id='block_1_4' title="bbox 425 430 3773 514">
    <p class='ocr_par' dir='ltr' id='par_1_4' title="bbox 425 430 3773 514">
     <span class='ocr_line' id='line_1_4' title="bbox 425 430 3773 514; baseline 0.005 -33"><span class='ocrx_word' id='word_1_7' title='bbox 425 443 548 482; x_wconf 91' lang='lat' dir='ltr'><strong>cum</strong></span> <span class='ocrx_word' id='word_1_8' title='bbox 570 430 766 485; x_wconf 89' lang='lat' dir='ltr'><strong>tacitus</strong></span> <span class='ocrx_word' id='word_1_9' title='bbox 786 431 1077 504; x_wconf 79' lang='lat' dir='ltr'><strong>ingemuit,</strong></span> <span class='ocrx_word' id='word_1_10' title='bbox 1121 433 1270 505; x_wconf 88' lang='lat' dir='ltr'><strong>quod</strong></span> <span class='ocrx_word' id='word_1_11' title='bbox 1321 435 1562 505; x_wconf 88' lang='lat' dir='ltr'><strong>petentis</strong></span> <span class='ocrx_word' id='word_1_12' title='bbox 1592 446 1773 490; x_wconf 90' lang='lat' dir='ltr'><strong>votum</strong></span> <span class='ocrx_word' id='word_1_13' title='bbox 1798 453 1907 491; x_wconf 92' lang='lat' dir='ltr'><strong>non</strong></span> <span class='ocrx_word' id='word_1_14' title='bbox 1933 438 2038 492; x_wconf 84' lang='lat' dir='ltr'><strong>im-</strong></span> <span class='ocrx_word' id='word_1_15' title='bbox 2064 450 2112 513; x_wconf 74' lang='grc' dir='ltr'>Α</span> <span class='ocrx_word' id='word_1_16' title='bbox 2140 456 2310 505; x_wconf 92' lang='lat' dir='ltr'><strong>mum,</strong></span> <span class='ocrx_word' id='word_1_17' title='bbox 2343 439 2473 511; x_wconf 86' lang='lat' dir='ltr'><strong>quia</strong></span> <span class='ocrx_word' id='word_1_18' title='bbox 2502 440 2556 494; x_wconf 92' lang='lat' dir='ltr'><strong>in</strong></span> <span class='ocrx_word' id='word_1_19' title='bbox 2590 440 2726 511; x_wconf 88' lang='lat' dir='ltr'><strong>ipsis</strong></span> <span class='ocrx_word' id='word_1_20' title='bbox 2757 439 3008 513; x_wconf 91' lang='lat' dir='ltr'><strong>regnavit</strong></span> <span class='ocrx_word' id='word_1_21' title='bbox 3040 441 3264 495; x_wconf 77' lang='lat' dir='ltr'><strong>castitas</strong></span> <span class='ocrx_word' id='word_1_22' title='bbox 3301 441 3634 514; x_wconf 88' lang='lat' dir='ltr'><strong>conjugalis,</strong></span> <span class='ocrx_word' id='word_1_23' title='bbox 3668 459 3773 498; x_wconf 87' lang='lat' dir='ltr'><strong>nec</strong></span> 
     </span>
    </p>
   </div>
   <div class='ocr_carea' id='block_1_5' title="bbox 424 519 2034 600">
    <p class='ocr_par' dir='ltr' id='par_1_5' title="bbox 424 519 2034 600">
     <span class='ocr_line' id='line_1_5' title="bbox 424 519 2034 600; baseline 0.009 -29"><span class='ocrx_word' id='word_1_24' title='bbox 424 519 628 587; x_wconf 94' lang='lat' dir='ltr'><strong>plendo</strong></span> <span class='ocrx_word' id='word_1_25' title='bbox 659 523 1017 591; x_wconf 87' lang='lat' dir='ltr'><strong>perturbavit,</strong></span> <span class='ocrx_word' id='word_1_26' title='bbox 1059 532 1112 578; x_wconf 90' lang='lat' dir='ltr'><strong>et</strong></span> <span class='ocrx_word' id='word_1_27' title='bbox 1142 541 1288 595; x_wconf 83' lang='lat' dir='ltr'><strong>sape</strong></span> <span class='ocrx_word' id='word_1_28' title='bbox 1336 542 1594 600; x_wconf 88' lang='lat' dir='ltr'><strong>egressus</strong></span> <span class='ocrx_word' id='word_1_29' title='bbox 1651 528 1693 560; x_wconf 79' lang='grc'><strong>²⁷</strong></span> <span class='ocrx_word' id='word_1_30' title='bbox 1747 529 2034 599; x_wconf 90' lang='lat' dir='ltr'><strong>ajudicio,</strong></span> 
     </span>
    </p>
   </div>
   <div class='ocr_carea' id='block_1_6' title="bbox 424 612 2036 690">
    <p class='ocr_par' dir='ltr' id='par_1_6' title="bbox 424 612 2036 690">
     <span class='ocr_line' id='line_1_6' title="bbox 424 612 2036 690; baseline 0.008 -26"><span class='ocrx_word' id='word_1_31' title='bbox 424 612 578 682; x_wconf 89' lang='lat' dir='ltr'><strong>quasi</strong></span> <span class='ocrx_word' id='word_1_32' title='bbox 630 613 801 684; x_wconf 85' lang='lat' dir='ltr'><strong>ipsam</strong></span> <span class='ocrx_word' id='word_1_33' title='bbox 854 617 1168 684; x_wconf 90' lang='lat' dir='ltr'><strong>mulcendo,</strong></span> <span class='ocrx_word' id='word_1_34' title='bbox 1195 618 1415 672; x_wconf 77' lang='lat' dir='ltr'><strong>arbitris</strong></span> <span class='ocrx_word' id='word_1_35' title='bbox 1438 619 1661 690; x_wconf 84' lang='lat' dir='ltr'><strong>reliquit</strong></span> <span class='ocrx_word' id='word_1_36' title='bbox 1692 621 2036 678; x_wconf 85' lang='lat' dir='ltr'><strong>discutienda</strong></span> 
     </span>
    </p>
   </div>
   <div class='ocr_carea' id='block_1_7' title="bbox 421 704 2036 779">
    <p class='ocr_par' dir='ltr' id='par_1_7' title="bbox 421 704 2036 779">
     <span class='ocr_line' id='line_1_7' title="bbox 421 704 2036 779; baseline 0.007 -24"><span class='ocrx_word' id='word_1_37' title='bbox 421 718 657 774; x_wconf 86' lang='lat' dir='ltr'><strong>quaque</strong></span> <span class='ocrx_word' id='word_1_38' title='bbox 688 704 903 760; x_wconf 86' lang='lat' dir='ltr'><strong>fuerant</strong></span> <span class='ocrx_word' id='word_1_39' title='bbox 933 705 1184 779; x_wconf 90' lang='lat' dir='ltr'><strong>legaliter</strong></span> <span class='ocrx_word' id='word_1_40' title='bbox 1204 708 1524 777; x_wconf 87' lang='lat' dir='ltr'><strong>punienda;</strong></span> <span class='ocrx_word' id='word_1_41' title='bbox 1558 719 1612 763; x_wconf 91' lang='lat' dir='ltr'><strong>et</strong></span> <span class='ocrx_word' id='word_1_42' title='bbox 1642 711 1927 766; x_wconf 84' lang='lat' dir='ltr'><strong>ecclesiam</strong></span> <span class='ocrx_word' id='word_1_43' title='bbox 1957 713 2036 766; x_wconf 93' lang='lat' dir='ltr'><strong>in-</strong></span> 
     </span>
    </p>
   </div>
   <div class='ocr_carea' id='block_1_8' title="bbox 417 801 2037 873">
    <p class='ocr_par' dir='ltr' id='par_1_8' title="bbox 417 801 2037 873">
     <span class='ocr_line' id='line_1_8' title="bbox 417 801 2037 873; baseline 0.007 -23"><span class='ocrx_word' id='word_1_44' title='bbox 417 813 638 868; x_wconf 85' lang='lat' dir='ltr'><strong>gressus</strong></span> <span class='ocrx_word' id='word_1_45' title='bbox 664 816 761 854; x_wconf 90' lang='lat' dir='ltr'><strong>seu</strong></span> <span class='ocrx_word' id='word_1_46' title='bbox 793 801 979 871; x_wconf 92' lang='lat' dir='ltr'><strong>aliquo</strong></span> <span class='ocrx_word' id='word_1_47' title='bbox 1020 803 1163 858; x_wconf 90' lang='lat' dir='ltr'><strong>bono</strong></span> <span class='ocrx_word' id='word_1_48' title='bbox 1204 818 1373 873; x_wconf 88' lang='lat' dir='ltr'><strong>opere</strong></span> <span class='ocrx_word' id='word_1_49' title='bbox 1399 804 1672 869; x_wconf 83' lang='lat' dir='ltr'><strong>detentus,</strong></span> <span class='ocrx_word' id='word_1_50' title='bbox 1703 807 1836 860; x_wconf 82' lang='lat' dir='ltr'><strong>illud</strong></span> <span class='ocrx_word' id='word_1_51' title='bbox 1868 823 2037 861; x_wconf 85' lang='lat' dir='ltr'><strong>evan-</strong></span> 
     </span>
    </p>
   </div>
   <div class='ocr_carea' id='block_1_9' title="bbox 416 889 2032 969">
    <p class='ocr_par' dir='ltr' id='par_1_9' title="bbox 416 889 2032 969">
     <span class='ocr_line' id='line_1_9' title="bbox 416 889 2032 969; baseline 0.01 -29"><span class='ocrx_word' id='word_1_52' title='bbox 416 889 649 963; x_wconf 85' lang='lat' dir='ltr'><strong>gelicum</strong></span> <span class='ocrx_word' id='word_1_53' title='bbox 684 892 897 947; x_wconf 90' lang='lat' dir='ltr'><strong>solicita</strong></span> <span class='ocrx_word' id='word_1_54' title='bbox 934 902 1117 949; x_wconf 90' lang='lat' dir='ltr'><strong>mente</strong></span> <span class='ocrx_word' id='word_1_55' title='bbox 1176 895 1517 966; x_wconf 83' lang='lat' dir='ltr'><strong>adimplevit,</strong></span> <span class='ocrx_word' id='word_1_56' title='bbox 1548 899 1698 969; x_wconf 89' lang='lat' dir='ltr'><strong>quod</strong></span> <span class='ocrx_word' id='word_1_57' title='bbox 1722 898 1915 954; x_wconf 85' lang='lat' dir='ltr'><strong>Christi</strong></span> <span class='ocrx_word' id='word_1_58' title='bbox 1952 899 2032 956; x_wconf 87' lang='lat' dir='ltr'><strong>fa-</strong></span> 
     </span>
    </p>
   </div>
   <div class='ocr_carea' id='block_1_10' title="bbox 415 981 2024 1060">
    <p class='ocr_par' dir='ltr' id='par_1_10' title="bbox 415 981 2024 1060">
     <span class='ocr_line' id='line_1_10' title="bbox 415 981 2024 1060; baseline 0.008 -27"><span class='ocrx_word' id='word_1_59' title='bbox 415 981 562 1035; x_wconf 87' lang='lat' dir='ltr'><strong>mula</strong></span> <span class='ocrx_word' id='word_1_60' title='bbox 591 983 706 1037; x_wconf 86' lang='lat' dir='ltr'><strong>suis</strong></span> <span class='ocrx_word' id='word_1_61' title='bbox 725 984 954 1039; x_wconf 85' lang='lat' dir='ltr'><strong>auribus</strong></span> <span class='ocrx_word' id='word_1_62' title='bbox 982 986 1174 1041; x_wconf 88' lang='lat' dir='ltr'><strong>sedulo</strong></span> <span class='ocrx_word' id='word_1_63' title='bbox 1203 986 1437 1042; x_wconf 82' lang='lat' dir='ltr'><strong>infudit:</strong></span> <span class='ocrx_word' id='word_1_64' title='bbox 1473 1010 1501 1038; x_wconf 73' lang='grc' dir='ltr'><strong>(ι</strong></span> <span class='ocrx_word' id='word_1_65' title='bbox 1533 989 1710 1045; x_wconf 85' lang='lat' dir='ltr'><strong>Nolite</strong></span> <span class='ocrx_word' id='word_1_66' title='bbox 1753 990 2024 1060; x_wconf 87' lang='lat' dir='ltr'><strong>judicare,</strong></span> 
     </span>
    </p>
   </div>
   <div class='ocr_carea' id='block_1_11' title="bbox 416 1072 2024 1147">
    <p class='ocr_par' dir='ltr' id='par_1_11' title="bbox 416 1072 2024 1147">
     <span class='ocr_line' id='line_1_11' title="bbox 416 1072 2024 1147; baseline 0.007 -25"><span class='ocrx_word' id='word_1_67' title='bbox 416 1076 474 1122; x_wconf 87' lang='lat' dir='ltr'><strong>ut</strong></span> <span class='ocrx_word' id='word_1_68' title='bbox 504 1086 611 1125; x_wconf 92' lang='lat' dir='ltr'><strong>non</strong></span> <span class='ocrx_word' id='word_1_69' title='bbox 639 1072 967 1139; x_wconf 87' lang='lat' dir='ltr'><strong>judicemini</strong></span> <span class='ocrx_word' id='word_1_70' title='bbox 995 1075 1206 1147; x_wconf 90' lang='lat' dir='ltr'><strong>;inquo</strong></span> <span class='ocrx_word' id='word_1_71' title='bbox 1240 1077 1385 1131; x_wconf 89' lang='lat' dir='ltr'><strong>enim</strong></span> <span class='ocrx_word' id='word_1_72' title='bbox 1409 1076 2024 1146; x_wconf 82' lang='lat' dir='ltr'><strong>judiciojudicaveritis,</strong></span> 
     </span>
    </p>
   </div>
   <div class='ocr_carea' id='block_1_12' title="bbox 408 1162 2025 1240">
    <p class='ocr_par' dir='ltr' id='par_1_12' title="bbox 408 1162 2025 1240">
     <span class='ocr_line' id='line_1_12' title="bbox 408 1162 2025 1240; baseline 0.009 -25"><span class='ocrx_word' id='word_1_73' title='bbox 408 1162 816 1232; x_wconf 87' lang='lat' dir='ltr'><strong>judicabimini.</strong></span> <span class='ocrx_word' id='word_1_74' title='bbox 849 1177 906 1221; x_wconf 92' lang='lat' dir='ltr'><strong>et</strong></span> <span class='ocrx_word' id='word_1_75' title='bbox 933 1169 985 1223; x_wconf 92' lang='lat' dir='ltr'><strong>in</strong></span> <span class='ocrx_word' id='word_1_76' title='bbox 1019 1186 1126 1240; x_wconf 92' lang='lat' dir='ltr'><strong>qua</strong></span> <span class='ocrx_word' id='word_1_77' title='bbox 1166 1188 1425 1226; x_wconf 81' lang='lat' dir='ltr'><strong>mensura</strong></span> <span class='ocrx_word' id='word_1_78' title='bbox 1454 1173 1630 1226; x_wconf 86' lang='lat' dir='ltr'><strong>mensi</strong></span> <span class='ocrx_word' id='word_1_79' title='bbox 1669 1173 1900 1239; x_wconf 90' lang='lat' dir='ltr'><strong>fueritis,</strong></span> <span class='ocrx_word' id='word_1_80' title='bbox 1934 1189 2025 1229; x_wconf 90' lang='lat' dir='ltr'><strong>re-</strong></span> 
     </span>
    </p>
   </div>
   <div class='ocr_carea' id='block_1_13' title="bbox 413 1257 1500 1331">
    <p class='ocr_par' dir='ltr' id='par_1_13' title="bbox 413 1257 1500 1331">
     <span class='ocr_line' id='line_1_13' title="bbox 413 1257 1500 1331; baseline 0.009 -23"><span class='ocrx_word' id='word_1_81' title='bbox 413 1257 671 1311; x_wconf 90' lang='lat' dir='ltr'><strong>metietur</strong></span> <span class='ocrx_word' id='word_1_82' title='bbox 696 1259 853 1314; x_wconf 84' lang='lat' dir='ltr'><strong>vobis</strong></span> <span class='ocrx_word' id='word_1_83' title='bbox 893 1262 1132 1331; x_wconf 41' lang='lat' dir='ltr'><strong>(,Mattlt.</strong></span> <span class='ocrx_word' id='word_1_84' title='bbox 1168 1280 1258 1329; x_wconf 81' lang='lat' dir='ltr'><strong>vn,</strong></span> <span class='ocrx_word' id='word_1_85' title='bbox 1293 1264 1345 1329; x_wconf 88' lang='grc'><strong>1,</strong></span> <span class='ocrx_word' id='word_1_86' title='bbox 1376 1265 1427 1331; x_wconf 79' lang='lat'><strong>2)</strong></span> <span class='ocrx_word' id='word_1_87' title='bbox 1476 1288 1500 1310; x_wconf 73' lang='grc' dir='ltr'><strong>η</strong></span> 
     </span>
    </p>
   </div>
   <div class='ocr_carea' id='block_1_14' title="bbox 478 1358 2022 1431">
    <p class='ocr_par' dir='ltr' id='par_1_14' title="bbox 478 1358 2022 1431">
     <span class='ocr_line' id='line_1_14' title="bbox 478 1358 2022 1431; baseline 0.008 -19"><span class='ocrx_word' id='word_1_88' title='bbox 478 1358 531 1413; x_wconf 88' lang='grc'><strong>6.</strong></span> <span class='ocrx_word' id='word_1_89' title='bbox 559 1364 629 1414; x_wconf 82' lang='lat' dir='ltr'><strong>De</strong></span> <span class='ocrx_word' id='word_1_90' title='bbox 660 1367 1026 1431; x_wconf 79' lang='lat' dir='ltr'><strong>procreatione</strong></span> <span class='ocrx_word' id='word_1_91' title='bbox 1066 1367 1351 1421; x_wconf 79' lang='lat' dir='ltr'><strong>liberorum</strong></span> <span class='ocrx_word' id='word_1_92' title='bbox 1370 1383 1606 1423; x_wconf 84' lang='lat' dir='ltr'><strong>suorum.</strong></span> <span class='ocrx_word' id='word_1_93' title='bbox 1655 1368 1798 1423; x_wconf 89' lang='lat' dir='ltr'><strong>Deus</strong></span> <span class='ocrx_word' id='word_1_94' title='bbox 1842 1378 2022 1424; x_wconf 89' lang='lat' dir='ltr'><strong>autem</strong></span> 
     </span>
    </p>
   </div>
   <div class='ocr_carea' id='block_1_15' title="bbox 408 1449 2018 1533">
    <p class='ocr_par' dir='ltr' id='par_1_15' title="bbox 408 1449 2018 1533">
     <span class='ocr_line' id='line_1_15' title="bbox 408 1449 2018 1533; baseline 0.009 -33"><span class='ocrx_word' id='word_1_95' title='bbox 408 1449 781 1519; x_wconf 89' lang='lat' dir='ltr'><strong>omnipotens,</strong></span> <span class='ocrx_word' id='word_1_96' title='bbox 810 1454 914 1507; x_wconf 87' lang='lat' dir='ltr'><strong>sibi</strong></span> <span class='ocrx_word' id='word_1_97' title='bbox 942 1456 1246 1510; x_wconf 85' lang='lat' dir='ltr'><strong>servientes</strong></span> <span class='ocrx_word' id='word_1_98' title='bbox 1272 1474 1570 1529; x_wconf 89' lang='lat' dir='ltr'><strong>numquam</strong></span> <span class='ocrx_word' id='word_1_99' title='bbox 1603 1459 2018 1533; x_wconf 88' lang='lat' dir='ltr'><strong>derelinquens,</strong></span> 
     </span>
    </p>
   </div>
   <div class='ocr_carea' id='block_1_16' title="bbox 407 1538 2016 1620">
    <p class='ocr_par' dir='ltr' id='par_1_16' title="bbox 407 1538 2016 1620">
     <span class='ocr_line' id='line_1_16' title="bbox 407 1538 2016 1620; baseline 0.011 -32"><span class='ocrx_word' id='word_1_100' title='bbox 407 1538 1124 1612; x_wconf 83' lang='lat' dir='ltr'><strong>clementerinspexitbona</strong></span> <span class='ocrx_word' id='word_1_101' title='bbox 1141 1562 1308 1617; x_wconf 90' lang='lat' dir='ltr'><strong>opera</strong></span> <span class='ocrx_word' id='word_1_102' title='bbox 1340 1549 1485 1620; x_wconf 85' lang='lat' dir='ltr'><strong>regis</strong></span> <span class='ocrx_word' id='word_1_103' title='bbox 1524 1549 1759 1605; x_wconf 91' lang='lat' dir='ltr'><strong>Heinrici</strong></span> <span class='ocrx_word' id='word_1_104' title='bbox 1792 1558 1846 1605; x_wconf 93' lang='lat' dir='ltr'><strong>et</strong></span> <span class='ocrx_word' id='word_1_105' title='bbox 1887 1553 2016 1606; x_wconf 89' lang='lat' dir='ltr'><strong>bea-</strong></span> 
     </span>
    </p>
   </div>
   <div class='ocr_carea' id='block_1_17' title="bbox 406 1628 2071 1712">
    <p class='ocr_par' dir='ltr' id='par_1_17' title="bbox 406 1628 2071 1712">
     <span class='ocr_line' id='line_1_17' title="bbox 406 1628 2071 1712; baseline 0.011 -31"><span class='ocrx_word' id='word_1_106' title='bbox 406 1628 627 1684; x_wconf 88' lang='lat' dir='ltr'><strong>tissima</strong></span> <span class='ocrx_word' id='word_1_107' title='bbox 660 1630 991 1703; x_wconf 87' lang='lat' dir='ltr'><strong>Mahthildis,</strong></span> <span class='ocrx_word' id='word_1_108' title='bbox 1014 1639 1710 1712; x_wconf 87' lang='lat' dir='ltr'><strong>atqueillismultiplicavit</strong></span> <span class='ocrx_word' id='word_1_109' title='bbox 1738 1644 2020 1699; x_wconf 84' lang='lat' dir='ltr'><strong>excellen-</strong></span> <span class='ocrx_word' id='word_1_110' title='bbox 2065 1635 2071 1642; x_wconf 71' lang='grc'><strong>’</strong></span> 
     </span>
    </p>
   </div>
   <div class='ocr_carea' id='block_1_18' title="bbox 411 1718 2019 1806">
    <p class='ocr_par' dir='ltr' id='par_1_18' title="bbox 411 1718 2019 1806">
     <span class='ocr_line' id='line_1_18' title="bbox 411 1718 2019 1806; baseline 0.012 -36"><span class='ocrx_word' id='word_1_111' title='bbox 411 1718 537 1772; x_wconf 90' lang='lat' dir='ltr'><strong>tiam</strong></span> <span class='ocrx_word' id='word_1_112' title='bbox 568 1721 926 1777; x_wconf 66' lang='lat' dir='ltr'><strong>nobilissimae</strong></span> <span class='ocrx_word' id='word_1_113' title='bbox 981 1727 1167 1795; x_wconf 89' lang='lat' dir='ltr'><strong>prolis.</strong></span> <span class='ocrx_word' id='word_1_114' title='bbox 1230 1730 1426 1783; x_wconf 86' lang='lat' dir='ltr'><strong>Beatus</strong></span> <span class='ocrx_word' id='word_1_115' title='bbox 1465 1730 1627 1785; x_wconf 89' lang='lat' dir='ltr'><strong>etiam</strong></span> <span class='ocrx_word' id='word_1_116' title='bbox 1682 1743 1892 1803; x_wconf 90' lang='lat' dir='ltr'><strong>partus,</strong></span> <span class='ocrx_word' id='word_1_117' title='bbox 1925 1736 2019 1806; x_wconf 91' lang='lat' dir='ltr'><strong>qui</strong></span> 
     </span>
    </p>
   </div>
   <div class='ocr_carea' id='block_1_19' title="bbox 412 1807 2021 1893">
    <p class='ocr_par' dir='ltr' id='par_1_19' title="bbox 412 1807 2021 1893">
     <span class='ocr_line' id='line_1_19' title="bbox 412 1807 2021 1893; baseline 0.012 -34"><span class='ocrx_word' id='word_1_118' title='bbox 412 1807 465 1860; x_wconf 92' lang='lat' dir='ltr'><strong>in</strong></span> <span class='ocrx_word' id='word_1_119' title='bbox 508 1816 740 1880; x_wconf 87' lang='lat' dir='ltr'><strong>utroque</strong></span> <span class='ocrx_word' id='word_1_120' title='bbox 772 1828 905 1865; x_wconf 86' lang='lat' dir='ltr'><strong>sexu</strong></span> <span class='ocrx_word' id='word_1_121' title='bbox 929 1815 1129 1869; x_wconf 91' lang='lat' dir='ltr'><strong>enituit</strong></span> <span class='ocrx_word' id='word_1_122' title='bbox 1176 1817 1600 1888; x_wconf 88' lang='lat' dir='ltr'><strong>pulcherrimus,</strong></span> <span class='ocrx_word' id='word_1_123' title='bbox 1646 1839 1748 1876; x_wconf 88' lang='lat' dir='ltr'><strong>nec</strong></span> <span class='ocrx_word' id='word_1_124' title='bbox 1776 1824 2021 1893; x_wconf 88' lang='lat' dir='ltr'><strong>particu-</strong></span> 
     </span>
    </p>
   </div>
   <div class='ocr_carea' id='block_1_20' title="bbox 410 1907 2024 1987">
    <p class='ocr_par' dir='ltr' id='par_1_20' title="bbox 410 1907 2024 1987">
     <span class='ocr_line' id='line_1_20' title="bbox 410 1907 2024 1987; baseline 0.012 -27"><span class='ocrx_word' id='word_1_125' title='bbox 410 1907 557 1960; x_wconf 85' lang='lat' dir='ltr'><strong>latim</strong></span> <span class='ocrx_word' id='word_1_126' title='bbox 586 1913 1097 1981; x_wconf 80' lang='lat' dir='ltr'><strong>comprehenditur,</strong></span> <span class='ocrx_word' id='word_1_127' title='bbox 1153 1932 1255 1970; x_wconf 92' lang='lat' dir='ltr'><strong>nec</strong></span> <span class='ocrx_word' id='word_1_128' title='bbox 1315 1918 1532 1987; x_wconf 89' lang='lat' dir='ltr'><strong>penitus</strong></span> <span class='ocrx_word' id='word_1_129' title='bbox 1571 1921 1849 1977; x_wconf 89' lang='lat' dir='ltr'><strong>reticetur.</strong></span> <span class='ocrx_word' id='word_1_130' title='bbox 1902 1924 2024 1979; x_wconf 91' lang='lat' dir='ltr'><strong>Otto</strong></span> 
     </span>
    </p>
   </div>
   <div class='ocr_carea' id='block_1_21' title="bbox 412 2001 2025 2083">
    <p class='ocr_par' dir='ltr' id='par_1_21' title="bbox 412 2001 2025 2083">
     <span class='ocr_line' id='line_1_21' title="bbox 412 2001 2025 2083; baseline 0.012 -31"><span class='ocrx_word' id='word_1_131' title='bbox 412 2001 727 2069; x_wconf 83' lang='lat' dir='ltr'><strong>praclarus,</strong></span> <span class='ocrx_word' id='word_1_132' title='bbox 757 2012 884 2058; x_wconf 91' lang='lat' dir='ltr'><strong>ante</strong></span> <span class='ocrx_word' id='word_1_133' title='bbox 906 2007 1145 2078; x_wconf 88' lang='lat' dir='ltr'><strong>regalem</strong></span> <span class='ocrx_word' id='word_1_134' title='bbox 1169 2009 1494 2081; x_wconf 88' lang='lat' dir='ltr'><strong>dignitatem</strong></span> <span class='ocrx_word' id='word_1_135' title='bbox 1519 2022 1860 2083; x_wconf 89' lang='lat' dir='ltr'><strong>procreatus,</strong></span> <span class='ocrx_word' id='word_1_136' title='bbox 1895 2025 2025 2072; x_wconf 90' lang='lat' dir='ltr'><strong>natu</strong></span> 
     </span>
    </p>
   </div>
   <div class='ocr_carea' id='block_1_22' title="bbox 411 2093 2019 2176">
    <p class='ocr_par' dir='ltr' id='par_1_22' title="bbox 411 2093 2019 2176">
     <span class='ocr_line' id='line_1_22' title="bbox 411 2093 2019 2176; baseline 0.013 -30"><span class='ocrx_word' id='word_1_137' title='bbox 411 2093 583 2148; x_wconf 79' lang='lat' dir='ltr'><strong>fuerat</strong></span> <span class='ocrx_word' id='word_1_138' title='bbox 606 2099 893 2164; x_wconf 84' lang='lat' dir='ltr'><strong>maximus,</strong></span> <span class='ocrx_word' id='word_1_139' title='bbox 926 2100 1100 2156; x_wconf 88' lang='lat' dir='ltr'><strong>forma</strong></span> <span class='ocrx_word' id='word_1_140' title='bbox 1150 2103 1383 2176; x_wconf 77' lang='lat' dir='ltr'><strong>insignis</strong></span> <span class='ocrx_word' id='word_1_141' title='bbox 1416 2113 1470 2159; x_wconf 91' lang='lat' dir='ltr'><strong>et</strong></span> <span class='ocrx_word' id='word_1_142' title='bbox 1496 2106 1747 2162; x_wconf 90' lang='lat' dir='ltr'><strong>moribus</strong></span> <span class='ocrx_word' id='word_1_143' title='bbox 1776 2108 2019 2167; x_wconf 88' lang='lat' dir='ltr'><strong>illustris.</strong></span> 
     </span>
    </p>
   </div>
   <div class='ocr_carea' id='block_1_23' title="bbox 411 2192 2024 2275">
    <p class='ocr_par' dir='ltr' id='par_1_23' title="bbox 411 2192 2024 2275">
     <span class='ocr_line' id='line_1_23' title="bbox 411 2192 2024 2275; baseline 0.012 -31"><span class='ocrx_word' id='word_1_144' title='bbox 411 2192 696 2248; x_wconf 87' lang='lat' dir='ltr'><strong>lleinricus</strong></span> <span class='ocrx_word' id='word_1_145' title='bbox 717 2204 921 2264; x_wconf 89' lang='lat' dir='ltr'><strong>autem,</strong></span> <span class='ocrx_word' id='word_1_146' title='bbox 970 2199 1025 2252; x_wconf 93' lang='lat' dir='ltr'><strong>in</strong></span> <span class='ocrx_word' id='word_1_147' title='bbox 1061 2201 1229 2274; x_wconf 80' lang='lat' dir='ltr'><strong>regali</strong></span> <span class='ocrx_word' id='word_1_148' title='bbox 1283 2203 1423 2258; x_wconf 91' lang='lat' dir='ltr'><strong>solio</strong></span> <span class='ocrx_word' id='word_1_149' title='bbox 1470 2212 1650 2270; x_wconf 91' lang='lat' dir='ltr'><strong>natus,</strong></span> <span class='ocrx_word' id='word_1_150' title='bbox 1683 2207 1873 2275; x_wconf 85' lang='lat' dir='ltr'><strong>junior</strong></span> <span class='ocrx_word' id='word_1_151' title='bbox 1921 2208 2024 2265; x_wconf 89' lang='lat' dir='ltr'><strong>fuit</strong></span> 
     </span>
    </p>
   </div>
   <div class='ocr_carea' id='block_1_24' title="bbox 404 2288 2024 2371">
    <p class='ocr_par' dir='ltr' id='par_1_24' title="bbox 404 2288 2024 2371">
     <span class='ocr_line' id='line_1_24' title="bbox 404 2288 2024 2371; baseline 0.012 -31"><span class='ocrx_word' id='word_1_152' title='bbox 404 2288 586 2355; x_wconf 90' lang='lat' dir='ltr'><strong>annis,</strong></span> <span class='ocrx_word' id='word_1_153' title='bbox 608 2290 705 2344; x_wconf 92' lang='lat' dir='ltr'><strong>sed</strong></span> <span class='ocrx_word' id='word_1_154' title='bbox 726 2292 869 2346; x_wconf 89' lang='lat' dir='ltr'><strong>haud</strong></span> <span class='ocrx_word' id='word_1_155' title='bbox 919 2292 1147 2350; x_wconf 88' lang='lat' dir='ltr'><strong>inferior</strong></span> <span class='ocrx_word' id='word_1_156' title='bbox 1192 2298 1517 2354; x_wconf 83' lang='lat' dir='ltr'><strong>excellentia</strong></span> <span class='ocrx_word' id='word_1_157' title='bbox 1545 2301 1853 2371; x_wconf 88' lang='lat' dir='ltr'><strong>probitatis.</strong></span> <span class='ocrx_word' id='word_1_158' title='bbox 1890 2304 2024 2361; x_wconf 90' lang='lat' dir='ltr'><strong>Huic</strong></span> 
     </span>
    </p>
   </div>
   <div class='ocr_carea' id='block_1_25' title="bbox 406 2377 2024 2463">
    <p class='ocr_par' dir='ltr' id='par_1_25' title="bbox 406 2377 2024 2463">
     <span class='ocr_line' id='line_1_25' title="bbox 406 2377 2024 2463; baseline 0.012 -34"><span class='ocrx_word' id='word_1_159' title='bbox 406 2377 662 2432; x_wconf 88' lang='lat' dir='ltr'><strong>nimirum</strong></span> <span class='ocrx_word' id='word_1_160' title='bbox 698 2386 846 2434; x_wconf 90' lang='lat' dir='ltr'><strong>tanta</strong></span> <span class='ocrx_word' id='word_1_161' title='bbox 875 2381 1050 2436; x_wconf 88' lang='lat' dir='ltr'><strong>inerat</strong></span> <span class='ocrx_word' id='word_1_162' title='bbox 1092 2383 1464 2454; x_wconf 89' lang='lat' dir='ltr'><strong>pulchritudo,</strong></span> <span class='ocrx_word' id='word_1_163' title='bbox 1501 2396 1559 2443; x_wconf 92' lang='lat' dir='ltr'><strong>ut</strong></span> <span class='ocrx_word' id='word_1_164' title='bbox 1605 2397 1734 2445; x_wconf 91' lang='lat' dir='ltr'><strong>tunc</strong></span> <span class='ocrx_word' id='word_1_165' title='bbox 1759 2394 2024 2463; x_wconf 86' lang='lat' dir='ltr'><strong>temporis</strong></span> 
     </span>
    </p>
   </div>
   <div class='ocr_carea' id='block_1_26' title="bbox 407 2479 2018 2562">
    <p class='ocr_par' dir='ltr' id='par_1_26' title="bbox 407 2479 2018 2562">
     <span class='ocr_line' id='line_1_26' title="bbox 407 2479 2018 2562; baseline 0.012 -31"><span class='ocrx_word' id='word_1_166' title='bbox 407 2479 490 2532; x_wconf 89' lang='lat' dir='ltr'><strong>vix</strong></span> <span class='ocrx_word' id='word_1_167' title='bbox 511 2489 698 2548; x_wconf 90' lang='lat' dir='ltr'><strong>posset</strong></span> <span class='ocrx_word' id='word_1_168' title='bbox 726 2482 889 2537; x_wconf 92' lang='lat' dir='ltr'><strong>alicui</strong></span> <span class='ocrx_word' id='word_1_169' title='bbox 915 2487 1219 2556; x_wconf 89' lang='lat' dir='ltr'><strong>comparari</strong></span> <span class='ocrx_word' id='word_1_170' title='bbox 1274 2489 1408 2544; x_wconf 90' lang='lat' dir='ltr'><strong>viro.</strong></span> <span class='ocrx_word' id='word_1_171' title='bbox 1442 2491 1718 2547; x_wconf 81' lang='lat' dir='ltr'><strong>[ndustria</strong></span> <span class='ocrx_word' id='word_1_172' title='bbox 1751 2495 2018 2562; x_wconf 69' lang='lat' dir='ltr'><strong>13,armis,</strong></span> 
     </span>
    </p>
   </div>
   <div class='ocr_carea' id='block_1_27' title="bbox 328 2574 2020 2647">
    <p class='ocr_par' dir='ltr' id='par_1_27' title="bbox 328 2574 2020 2647">
     <span class='ocr_line' id='line_1_27' title="bbox 328 2574 2020 2647; baseline 0.013 -25"><span class='ocrx_word' id='word_1_173' title='bbox 328 2594 342 2609; x_wconf 80' lang='grc' dir='ltr'><strong><em>ο</em></strong></span> <span class='ocrx_word' id='word_1_174' title='bbox 409 2574 559 2626; x_wconf 88' lang='lat' dir='ltr'><strong>vultu</strong></span> <span class='ocrx_word' id='word_1_175' title='bbox 593 2574 633 2607; x_wconf 73' lang='grc' dir='ltr'><strong>ιθ</strong></span> <span class='ocrx_word' id='word_1_176' title='bbox 657 2575 799 2645; x_wconf 91' lang='lat' dir='ltr'><strong>patri</strong></span> <span class='ocrx_word' id='word_1_177' title='bbox 850 2575 1027 2632; x_wconf 90' lang='lat' dir='ltr'><strong>fuerat</strong></span> <span class='ocrx_word' id='word_1_178' title='bbox 1072 2580 1415 2647; x_wconf 86' lang='lat' dir='ltr'><strong>consimilis;</strong></span> <span class='ocrx_word' id='word_1_179' title='bbox 1450 2584 1681 2640; x_wconf 91' lang='lat' dir='ltr'><strong>inomni</strong></span> <span class='ocrx_word' id='word_1_180' title='bbox 1710 2595 1897 2642; x_wconf 93' lang='lat' dir='ltr'><strong>autem</strong></span> <span class='ocrx_word' id='word_1_181' title='bbox 1928 2595 2020 2644; x_wconf 64' lang='lat' dir='ltr'><strong>to«</strong></span> 
     </span>
    </p>
   </div>
   <div class='ocr_carea' id='block_1_28' title="bbox 412 2665 2021 2753">
    <p class='ocr_par' dir='ltr' id='par_1_28' title="bbox 412 2665 2021 2753">
     <span class='ocr_line' id='line_1_28' title="bbox 412 2665 2021 2753; baseline 0.014 -38"><span class='ocrx_word' id='word_1_182' title='bbox 412 2665 641 2720; x_wconf 88' lang='lat' dir='ltr'><strong>lerantia</strong></span> <span class='ocrx_word' id='word_1_183' title='bbox 667 2667 1009 2724; x_wconf 85' lang='lat' dir='ltr'><strong>adversitatis</strong></span> <span class='ocrx_word' id='word_1_184' title='bbox 1034 2680 1191 2727; x_wconf 84' lang='lat' dir='ltr'><strong>caute</strong></span> <span class='ocrx_word' id='word_1_185' title='bbox 1232 2675 1559 2733; x_wconf 84' lang='lat' dir='ltr'><strong>observabat</strong></span> <span class='ocrx_word' id='word_1_186' title='bbox 1593 2681 1821 2753; x_wconf 86' lang='lat' dir='ltr'><strong>vestigia</strong></span> <span class='ocrx_word' id='word_1_187' title='bbox 1855 2683 2021 2737; x_wconf 89' lang='lat' dir='ltr'><strong>incli-</strong></span> 
     </span>
    </p>
   </div>
   <div class='ocr_carea' id='block_1_29' title="bbox 414 2759 2024 2840">
    <p class='ocr_par' dir='ltr' id='par_1_29' title="bbox 414 2759 2024 2840">
     <span class='ocr_line' id='line_1_29' title="bbox 414 2759 2024 2840; baseline 0.014 -31"><span class='ocrx_word' id='word_1_188' title='bbox 414 2763 478 2809; x_wconf 80' lang='lat' dir='ltr'><strong>ta</strong></span> <span class='ocrx_word' id='word_1_189' title='bbox 510 2759 889 2831; x_wconf 86' lang='lat' dir='ltr'><strong>genitricis,et</strong></span> <span class='ocrx_word' id='word_1_190' title='bbox 922 2772 1146 2838; x_wconf 78' lang='lat' dir='ltr'><strong>propter</strong></span> <span class='ocrx_word' id='word_1_191' title='bbox 1180 2768 1294 2823; x_wconf 87' lang='lat' dir='ltr'><strong>hac</strong></span> <span class='ocrx_word' id='word_1_192' title='bbox 1311 2771 1631 2840; x_wconf 90' lang='lat' dir='ltr'><strong>specialiter</strong></span> <span class='ocrx_word' id='word_1_193' title='bbox 1646 2774 1882 2830; x_wconf 89' lang='lat' dir='ltr'><strong>dilectus</strong></span> <span class='ocrx_word' id='word_1_194' title='bbox 1897 2791 2024 2830; x_wconf 85' lang='lat' dir='ltr'><strong>san-</strong></span> 
     </span>
    </p>
   </div>
   <div class='ocr_carea' id='block_1_30' title="bbox 410 2851 2025 2932">
    <p class='ocr_par' dir='ltr' id='par_1_30' title="bbox 410 2851 2025 2932">
     <span class='ocr_line' id='line_1_30' title="bbox 410 2851 2025 2932; baseline 0.014 -29"><span class='ocrx_word' id='word_1_195' title='bbox 410 2857 509 2904; x_wconf 84' lang='lat' dir='ltr'><strong>cta</strong></span> <span class='ocrx_word' id='word_1_196' title='bbox 533 2851 667 2918; x_wconf 89' lang='lat' dir='ltr'><strong>Dei;</strong></span> <span class='ocrx_word' id='word_1_197' title='bbox 702 2855 860 2924; x_wconf 88' lang='lat' dir='ltr'><strong>quasi</strong></span> <span class='ocrx_word' id='word_1_198' title='bbox 905 2865 1054 2913; x_wconf 86' lang='lat' dir='ltr'><strong>esset</strong></span> <span class='ocrx_word' id='word_1_199' title='bbox 1102 2860 1297 2916; x_wconf 91' lang='lat' dir='ltr'><strong>unicus</strong></span> <span class='ocrx_word' id='word_1_200' title='bbox 1344 2862 1512 2932; x_wconf 91' lang='lat' dir='ltr'><strong>illius,</strong></span> <span class='ocrx_word' id='word_1_201' title='bbox 1552 2866 1859 2923; x_wconf 89' lang='lat' dir='ltr'><strong>confovens</strong></span> <span class='ocrx_word' id='word_1_202' title='bbox 1897 2885 2025 2924; x_wconf 91' lang='lat' dir='ltr'><strong>eum</strong></span> 
     </span>
    </p>
   </div>
   <div class='ocr_carea' id='block_1_31' title="bbox 406 2940 2025 3026">
    <p class='ocr_par' dir='ltr' id='par_1_31' title="bbox 406 2940 2025 3026">
     <span class='ocr_line' id='line_1_31' title="bbox 406 2940 2025 3026; baseline 0.014 -35"><span class='ocrx_word' id='word_1_203' title='bbox 406 2940 665 2995; x_wconf 90' lang='lat' dir='ltr'><strong>omnibus</strong></span> <span class='ocrx_word' id='word_1_204' title='bbox 696 2943 931 3012; x_wconf 91' lang='lat' dir='ltr'><strong>deliciis,</strong></span> <span class='ocrx_word' id='word_1_205' title='bbox 979 2948 1177 3002; x_wconf 90' lang='lat' dir='ltr'><strong>ceteris</strong></span> <span class='ocrx_word' id='word_1_206' title='bbox 1207 2949 1263 3003; x_wconf 94' lang='lat' dir='ltr'><strong>in</strong></span> <span class='ocrx_word' id='word_1_207' title='bbox 1321 2968 1509 3008; x_wconf 90' lang='lat' dir='ltr'><strong>amore</strong></span> <span class='ocrx_word' id='word_1_208' title='bbox 1564 2957 2025 3026; x_wconf 83' lang='lat' dir='ltr'><strong>praposuitfiliis,</strong></span> 
     </span>
    </p>
   </div>
   <div class='ocr_carea' id='block_1_32' title="bbox 408 3032 2100 3131">
    <p class='ocr_par' dir='ltr' id='par_1_32' title="bbox 408 3032 2100 3131">
     <span class='ocr_line' id='line_1_32' title="bbox 408 3032 2100 3131; baseline 0.014 -50"><span class='ocrx_word' id='word_1_209' title='bbox 408 3036 572 3100; x_wconf 85' lang='lat' dir='ltr'><strong>atque</strong></span> <span class='ocrx_word' id='word_1_210' title='bbox 599 3032 933 3090; x_wconf 90' lang='lat' dir='ltr'><strong>desideravit</strong></span> <span class='ocrx_word' id='word_1_211' title='bbox 961 3038 1134 3107; x_wconf 89' lang='lat' dir='ltr'><strong>ipsum</strong></span> <span class='ocrx_word' id='word_1_212' title='bbox 1170 3057 1341 3114; x_wconf 90' lang='lat' dir='ltr'><strong>regno</strong></span> <span class='ocrx_word' id='word_1_213' title='bbox 1362 3044 1526 3112; x_wconf 92' lang='lat' dir='ltr'><strong>potiri</strong></span> <span class='ocrx_word' id='word_1_214' title='bbox 1549 3054 1671 3116; x_wconf 91' lang='lat' dir='ltr'><strong>post</strong></span> <span class='ocrx_word' id='word_1_215' title='bbox 1696 3048 1905 3103; x_wconf 89' lang='lat' dir='ltr'><strong>obitum</strong></span> <span class='ocrx_word' id='word_1_216' title='bbox 1942 3049 2028 3103; x_wconf 89' lang='lat' dir='ltr'><strong>in-</strong></span> <span class='ocrx_word' id='word_1_217' title='bbox 2051 3064 2100 3131; x_wconf 66' lang='grc' dir='ltr'><strong>ρ</strong></span> 
     </span>
    </p>
   </div>
   <div class='ocr_carea' id='block_1_33' title="bbox 408 3122 2024 3202">
    <p class='ocr_par' dir='ltr' id='par_1_33' title="bbox 408 3122 2024 3202">
     <span class='ocr_line' id='line_1_33' title="bbox 408 3122 2024 3202; baseline 0.013 -26"><span class='ocrx_word' id='word_1_218' title='bbox 408 3122 520 3177; x_wconf 92' lang='lat' dir='ltr'><strong>cliti</strong></span> <span class='ocrx_word' id='word_1_219' title='bbox 550 3125 696 3198; x_wconf 87' lang='lat' dir='ltr'><strong>regis</strong></span> <span class='ocrx_word' id='word_1_220' title='bbox 726 3126 990 3191; x_wconf 86' lang='lat' dir='ltr'><strong>Heinrici,</strong></span> <span class='ocrx_word' id='word_1_221' title='bbox 1031 3130 1076 3184; x_wconf 88' lang='lat' dir='ltr'><strong>si</strong></span> <span class='ocrx_word' id='word_1_222' title='bbox 1136 3133 1406 3202; x_wconf 87' lang='lat' dir='ltr'><strong>permissu</strong></span> <span class='ocrx_word' id='word_1_223' title='bbox 1463 3137 1556 3192; x_wconf 90' lang='lat' dir='ltr'><strong>Dei</strong></span> <span class='ocrx_word' id='word_1_224' title='bbox 1591 3138 1846 3194; x_wconf 74' lang='lat' dir='ltr'><strong>voluntas</strong></span> <span class='ocrx_word' id='word_1_225' title='bbox 1876 3141 2024 3197; x_wconf 88' lang='lat' dir='ltr'><strong>illius</strong></span> 
     </span>
    </p>
   </div>
   <div class='ocr_carea' id='block_1_34' title="bbox 409 3214 2024 3300">
    <p class='ocr_par' dir='ltr' id='par_1_34' title="bbox 409 3214 2024 3300">
     <span class='ocr_line' id='line_1_34' title="bbox 409 3214 2024 3300; baseline 0.014 -36"><span class='ocrx_word' id='word_1_226' title='bbox 409 3219 595 3280; x_wconf 87' lang='lat' dir='ltr'><strong>posset</strong></span> <span class='ocrx_word' id='word_1_227' title='bbox 633 3214 945 3286; x_wconf 89' lang='lat' dir='ltr'><strong>adimpleri.</strong></span> <span class='ocrx_word' id='word_1_228' title='bbox 964 3218 1101 3274; x_wconf 87' lang='lat' dir='ltr'><strong>Hinc</strong></span> <span class='ocrx_word' id='word_1_229' title='bbox 1120 3221 1284 3276; x_wconf 91' lang='lat' dir='ltr'><strong>etiam</strong></span> <span class='ocrx_word' id='word_1_230' title='bbox 1316 3225 1468 3279; x_wconf 89' lang='lat' dir='ltr'><strong>venit</strong></span> <span class='ocrx_word' id='word_1_231' title='bbox 1479 3243 1649 3296; x_wconf 90' lang='lat' dir='ltr'><strong>puero</strong></span> <span class='ocrx_word' id='word_1_232' title='bbox 1671 3229 1842 3300; x_wconf 89' lang='lat' dir='ltr'><strong>prima</strong></span> <span class='ocrx_word' id='word_1_233' title='bbox 1871 3230 2024 3287; x_wconf 89' lang='lat' dir='ltr'><strong>labes</strong></span> 
     </span>
    </p>
   </div>
   <div class='ocr_carea' id='block_1_35' title="bbox 406 3304 2024 3392">
    <p class='ocr_par' dir='ltr' id='par_1_35' title="bbox 406 3304 2024 3392">
     <span class='ocr_line' id='line_1_35' title="bbox 406 3304 2024 3392; baseline 0.014 -36"><span class='ocrx_word' id='word_1_234' title='bbox 406 3304 556 3371; x_wconf 91' lang='lat' dir='ltr'><strong>mali,</strong></span> <span class='ocrx_word' id='word_1_235' title='bbox 586 3310 640 3360; x_wconf 90' lang='lat' dir='ltr'><strong>et</strong></span> <span class='ocrx_word' id='word_1_236' title='bbox 665 3305 736 3361; x_wconf 92' lang='lat' dir='ltr'><strong>ob</strong></span> <span class='ocrx_word' id='word_1_237' title='bbox 770 3307 875 3364; x_wconf 89' lang='lat' dir='ltr'><strong>hoc</strong></span> <span class='ocrx_word' id='word_1_238' title='bbox 904 3308 1025 3365; x_wconf 93' lang='lat' dir='ltr'><strong>Otto</strong></span> <span class='ocrx_word' id='word_1_239' title='bbox 1053 3316 1311 3388; x_wconf 85' lang='lat' dir='ltr'><strong>egregius</strong></span> <span class='ocrx_word' id='word_1_240' title='bbox 1337 3326 1526 3373; x_wconf 90' lang='lat' dir='ltr'><strong>contra</strong></span> <span class='ocrx_word' id='word_1_241' title='bbox 1554 3319 1777 3376; x_wconf 88' lang='lat' dir='ltr'><strong>fratrem</strong></span> <span class='ocrx_word' id='word_1_242' title='bbox 1804 3339 2024 3392; x_wconf 85' lang='lat' dir='ltr'><strong>parum-</strong></span> 
     </span>
    </p>
   </div>
   <div class='ocr_carea' id='block_1_36' title="bbox 409 3400 2021 3483">
    <p class='ocr_par' dir='ltr' id='par_1_36' title="bbox 409 3400 2021 3483">
     <span class='ocr_line' id='line_1_36' title="bbox 409 3400 2021 3483; baseline 0.016 -37"><span class='ocrx_word' id='word_1_243' title='bbox 409 3410 507 3462; x_wconf 87' lang='lat' dir='ltr'><strong>per</strong></span> <span class='ocrx_word' id='word_1_244' title='bbox 530 3400 612 3449; x_wconf 89' lang='lat' dir='ltr'><strong>est</strong></span> <span class='ocrx_word' id='word_1_245' title='bbox 642 3405 967 3464; x_wconf 90' lang='lat' dir='ltr'><strong>commotus,</strong></span> <span class='ocrx_word' id='word_1_246' title='bbox 1032 3402 1235 3474; x_wconf 85' lang='lat' dir='ltr'><strong>talique</strong></span> <span class='ocrx_word' id='word_1_247' title='bbox 1266 3408 1430 3463; x_wconf 92' lang='lat' dir='ltr'><strong>modo</strong></span> <span class='ocrx_word' id='word_1_248' title='bbox 1471 3408 1616 3465; x_wconf 90' lang='lat' dir='ltr'><strong>inter</strong></span> <span class='ocrx_word' id='word_1_249' title='bbox 1639 3410 1789 3483; x_wconf 87' lang='lat' dir='ltr'><strong>ipsos</strong></span> <span class='ocrx_word' id='word_1_250' title='bbox 1807 3430 2021 3470; x_wconf 87' lang='lat' dir='ltr'><strong>cresce-</strong></span> 
     </span>
    </p>
   </div>
   <div class='ocr_carea' id='block_1_37' title="bbox 407 3485 2023 3570">
    <p class='ocr_par' dir='ltr' id='par_1_37' title="bbox 407 3485 2023 3570">
     <span class='ocr_line' id='line_1_37' title="bbox 407 3485 2023 3570; baseline 0.015 -32"><span class='ocrx_word' id='word_1_251' title='bbox 407 3485 744 3553; x_wconf 53' lang='lat' dir='ltr'><strong>batginvidia</strong></span> <span class='ocrx_word' id='word_1_252' title='bbox 778 3499 832 3546; x_wconf 90' lang='lat' dir='ltr'><strong>ct</strong></span> <span class='ocrx_word' id='word_1_253' title='bbox 864 3492 930 3547; x_wconf 91' lang='lat' dir='ltr'><strong>lis</strong></span> <span class='ocrx_word' id='word_1_254' title='bbox 956 3494 1196 3550; x_wconf 87' lang='lat' dir='ltr'><strong>assidua.</strong></span> <span class='ocrx_word' id='word_1_255' title='bbox 1253 3499 1434 3555; x_wconf 82' lang='lat' dir='ltr'><strong>Bruno</strong></span> <span class='ocrx_word' id='word_1_256' title='bbox 1482 3517 1635 3570; x_wconf 83' lang='lat' dir='ltr'><strong>vero,</strong></span> <span class='ocrx_word' id='word_1_257' title='bbox 1669 3512 1827 3560; x_wconf 86' lang='lat' dir='ltr'><strong>atate</strong></span> <span class='ocrx_word' id='word_1_258' title='bbox 1860 3506 2023 3562; x_wconf 93' lang='lat' dir='ltr'><strong>mini-</strong></span> 
     </span>
    </p>
   </div>
   <div class='ocr_carea' id='block_1_38' title="bbox 408 3578 2027 3660">
    <p class='ocr_par' dir='ltr' id='par_1_38' title="bbox 408 3578 2027 3660">
     <span class='ocr_line' id='line_1_38' title="bbox 408 3578 2027 3660; baseline 0.015 -32"><span class='ocrx_word' id='word_1_259' title='bbox 408 3590 547 3643; x_wconf 91' lang='lat' dir='ltr'><strong>mus,</strong></span> <span class='ocrx_word' id='word_1_260' title='bbox 583 3578 681 3631; x_wconf 92' lang='lat' dir='ltr'><strong>sed</strong></span> <span class='ocrx_word' id='word_1_261' title='bbox 711 3579 1000 3637; x_wconf 86' lang='lat' dir='ltr'><strong>honestate</strong></span> <span class='ocrx_word' id='word_1_262' title='bbox 1039 3598 1254 3640; x_wconf 90' lang='lat' dir='ltr'><strong>morum</strong></span> <span class='ocrx_word' id='word_1_263' title='bbox 1310 3588 1455 3643; x_wconf 83' lang='lat' dir='ltr'><strong>haud</strong></span> <span class='ocrx_word' id='word_1_264' title='bbox 1502 3589 1745 3660; x_wconf 79' lang='lat' dir='ltr'><strong>infimus,</strong></span> <span class='ocrx_word' id='word_1_265' title='bbox 1776 3595 1830 3648; x_wconf 92' lang='lat' dir='ltr'><strong>in</strong></span> <span class='ocrx_word' id='word_1_266' title='bbox 1866 3598 2027 3653; x_wconf 92' lang='lat' dir='ltr'><strong>annis</strong></span> 
     </span>
    </p>
   </div>
   <div class='ocr_carea' id='block_1_39' title="bbox 407 3668 2025 3749">
    <p class='ocr_par' dir='ltr' id='par_1_39' title="bbox 407 3668 2025 3749">
     <span class='ocr_line' id='line_1_39' title="bbox 407 3668 2025 3749; baseline 0.015 -29"><span class='ocrx_word' id='word_1_267' title='bbox 407 3668 712 3737; x_wconf 90' lang='lat' dir='ltr'><strong>puerilibus</strong></span> <span class='ocrx_word' id='word_1_268' title='bbox 739 3672 1043 3730; x_wconf 84' lang='lat' dir='ltr'><strong>scolastica</strong></span> <span class='ocrx_word' id='word_1_269' title='bbox 1074 3676 1298 3733; x_wconf 91' lang='lat' dir='ltr'><strong>deditus</strong></span> <span class='ocrx_word' id='word_1_270' title='bbox 1328 3697 1598 3749; x_wconf 89' lang='lat' dir='ltr'><strong>censura,</strong></span> <span class='ocrx_word' id='word_1_271' title='bbox 1630 3685 1817 3741; x_wconf 91' lang='lat' dir='ltr'><strong>divino</strong></span> <span class='ocrx_word' id='word_1_272' title='bbox 1853 3687 2025 3744; x_wconf 84' lang='lat' dir='ltr'><strong>famu-</strong></span> 
     </span>
    </p>
   </div>
   <div class='ocr_carea' id='block_1_40' title="bbox 405 3759 2024 3851">
    <p class='ocr_par' dir='ltr' id='par_1_40' title="bbox 405 3759 2024 3851">
     <span class='ocr_line' id='line_1_40' title="bbox 405 3759 2024 3851; baseline 0.014 -39"><span class='ocrx_word' id='word_1_273' title='bbox 405 3759 532 3814; x_wconf 91' lang='lat' dir='ltr'><strong>latui</strong></span> <span class='ocrx_word' id='word_1_274' title='bbox 561 3760 851 3818; x_wconf 89' lang='lat' dir='ltr'><strong>insudabat</strong></span> <span class='ocrx_word' id='word_1_275' title='bbox 905 3765 996 3820; x_wconf 90' lang='lat' dir='ltr'><strong>die</strong></span> <span class='ocrx_word' id='word_1_276' title='bbox 1024 3774 1205 3824; x_wconf 90' lang='lat' dir='ltr'><strong>tenus.</strong></span> <span class='ocrx_word' id='word_1_277' title='bbox 1264 3770 1373 3826; x_wconf 81' lang='lat' dir='ltr'><strong>Sed</strong></span> <span class='ocrx_word' id='word_1_278' title='bbox 1406 3774 1554 3828; x_wconf 92' lang='lat' dir='ltr'><strong>enim</strong></span> <span class='ocrx_word' id='word_1_279' title='bbox 1589 3774 1822 3851; x_wconf 82' lang='lat' dir='ltr'><strong>insignis</strong></span> <span class='ocrx_word' id='word_1_280' title='bbox 1851 3778 2024 3851; x_wconf 81' lang='lat' dir='ltr'><strong>gloria</strong></span> 
     </span>
    </p>
   </div>
   <div class='ocr_carea' id='block_1_41' title="bbox 405 3855 2027 3937">
    <p class='ocr_par' dir='ltr' id='par_1_41' title="bbox 405 3855 2027 3937">
     <span class='ocr_line' id='line_1_41' title="bbox 405 3855 2027 3937; baseline 0.015 -33"><span class='ocrx_word' id='word_1_281' title='bbox 405 3860 691 3922; x_wconf 89' lang='lat' dir='ltr'><strong>parentum</strong></span> <span class='ocrx_word' id='word_1_282' title='bbox 716 3856 786 3911; x_wconf 91' lang='lat' dir='ltr'><strong>de</strong></span> <span class='ocrx_word' id='word_1_283' title='bbox 810 3855 941 3912; x_wconf 84' lang='lat' dir='ltr'><strong>filiis</strong></span> <span class='ocrx_word' id='word_1_284' title='bbox 964 3859 1077 3926; x_wconf 90' lang='lat' dir='ltr'><strong>jam</strong></span> <span class='ocrx_word' id='word_1_285' title='bbox 1120 3863 1381 3932; x_wconf 87' lang='lat' dir='ltr'><strong>prohibet</strong></span> <span class='ocrx_word' id='word_1_286' title='bbox 1421 3867 1783 3937; x_wconf 84' lang='lat' dir='ltr'><strong>prolixitatem</strong></span> <span class='ocrx_word' id='word_1_287' title='bbox 1816 3887 2027 3928; x_wconf 86' lang='lat' dir='ltr'><strong>sermo-</strong></span> 
     </span>
    </p>
   </div>
   <div class='ocr_carea' id='block_1_42' title="bbox 405 3948 2026 4042">
    <p class='ocr_par' dir='ltr' id='par_1_42' title="bbox 405 3948 2026 4042">
     <span class='ocr_line' id='line_1_42' title="bbox 405 3948 2026 4042; baseline 0.015 -44"><span class='ocrx_word' id='word_1_288' title='bbox 405 3948 707 4020; x_wconf 89' lang='lat' dir='ltr'><strong>num,quia</strong></span> <span class='ocrx_word' id='word_1_289' title='bbox 747 3953 1103 4008; x_wconf 91' lang='lat' dir='ltr'><strong>remeandum</strong></span> <span class='ocrx_word' id='word_1_290' title='bbox 1162 3963 1244 4012; x_wconf 90' lang='lat' dir='ltr'><strong>est</strong></span> <span class='ocrx_word' id='word_1_291' title='bbox 1272 3959 1339 4012; x_wconf 91' lang='lat' dir='ltr'><strong>ad</strong></span> <span class='ocrx_word' id='word_1_292' title='bbox 1388 3959 1555 4015; x_wconf 87' lang='lat' dir='ltr'><strong>vitam</strong></span> <span class='ocrx_word' id='word_1_293' title='bbox 1608 3962 1846 4042; x_wconf 82' lang='lat' dir='ltr'><strong>Heinrici</strong></span> <span class='ocrx_word' id='word_1_294' title='bbox 1880 3967 2026 4037; x_wconf 86' lang='lat' dir='ltr'><strong>regis</strong></span> 
     </span>
    </p>
   </div>
   <div class='ocr_carea' id='block_1_43' title="bbox 402 4033 2024 4125">
    <p class='ocr_par' dir='ltr' id='par_1_43' title="bbox 402 4033 2024 4125">
     <span class='ocr_line' id='line_1_43' title="bbox 402 4033 2024 4125; baseline 0.015 -39"><span class='ocrx_word' id='word_1_295' title='bbox 402 4041 456 4087; x_wconf 93' lang='lat' dir='ltr'><strong>et</strong></span> <span class='ocrx_word' id='word_1_296' title='bbox 482 4033 814 4093; x_wconf 89' lang='lat' dir='ltr'><strong>beatissima</strong></span> <span class='ocrx_word' id='word_1_297' title='bbox 846 4041 1050 4114; x_wconf 87' lang='lat' dir='ltr'><strong>regina</strong></span> <span class='ocrx_word' id='word_1_298' title='bbox 1107 4044 1434 4103; x_wconf 79' lang='lat' dir='ltr'><strong>Malithildis.</strong></span> <span class='ocrx_word' id='word_1_299' title='bbox 1485 4035 1736 4115; x_wconf 77' lang='lat' dir='ltr'><strong>Quorum</strong></span> <span class='ocrx_word' id='word_1_300' title='bbox 1778 4033 2024 4125; x_wconf 81' lang='lat' dir='ltr'><strong>probitas</strong></span> 
     </span>
    </p>
   </div>
   <div class='ocr_carea' id='block_1_44' title="bbox 400 4139 2020 4223">
    <p class='ocr_par' dir='ltr' id='par_1_44' title="bbox 400 4139 2020 4223">
     <span class='ocr_line' id='line_1_44' title="bbox 400 4139 2020 4223; baseline 0.017 -36"><span class='ocrx_word' id='word_1_301' title='bbox 400 4139 711 4192; x_wconf 81' lang='lat' dir='ltr'><strong>enumerari</strong></span> <span class='ocrx_word' id='word_1_302' title='bbox 745 4156 854 4196; x_wconf 93' lang='lat' dir='ltr'><strong>non</strong></span> <span class='ocrx_word' id='word_1_303' title='bbox 883 4151 1082 4212; x_wconf 89' lang='lat' dir='ltr'><strong>potest,</strong></span> <span class='ocrx_word' id='word_1_304' title='bbox 1114 4146 1259 4202; x_wconf 88' lang='lat' dir='ltr'><strong>sicut</strong></span> <span class='ocrx_word' id='word_1_305' title='bbox 1312 4148 1539 4223; x_wconf 89' lang='lat' dir='ltr'><strong>dignum</strong></span> <span class='ocrx_word' id='word_1_306' title='bbox 1568 4159 1669 4207; x_wconf 88' lang='lat' dir='ltr'><strong>est.</strong></span> <span class='ocrx_word' id='word_1_307' title='bbox 1704 4156 1875 4213; x_wconf 82' lang='lat' dir='ltr'><strong>Ambo</strong></span> <span class='ocrx_word' id='word_1_308' title='bbox 1898 4157 2020 4214; x_wconf 90' lang='lat' dir='ltr'><strong>fue-</strong></span> 
     </span>
    </p>
   </div>
   <div class='ocr_carea' id='block_1_45' title="bbox 402 4230 2024 4319">
    <p class='ocr_par' dir='ltr' id='par_1_45' title="bbox 402 4230 2024 4319">
     <span class='ocr_line' id='line_1_45' title="bbox 402 4230 2024 4319; baseline 0.015 -37"><span class='ocrx_word' id='word_1_309' title='bbox 402 4237 523 4284; x_wconf 87' lang='lat' dir='ltr'><strong>rant</strong></span> <span class='ocrx_word' id='word_1_310' title='bbox 550 4230 835 4297; x_wconf 87' lang='lat' dir='ltr'><strong>fortunati,</strong></span> <span class='ocrx_word' id='word_1_311' title='bbox 869 4242 922 4289; x_wconf 93' lang='lat' dir='ltr'><strong>et</strong></span> <span class='ocrx_word' id='word_1_312' title='bbox 953 4238 1147 4293; x_wconf 92' lang='lat' dir='ltr'><strong>merito</strong></span> <span class='ocrx_word' id='word_1_313' title='bbox 1175 4239 1340 4293; x_wconf 89' lang='lat' dir='ltr'><strong>laude</strong></span> <span class='ocrx_word' id='word_1_314' title='bbox 1366 4249 1496 4296; x_wconf 87' lang='lat' dir='ltr'><strong>sunt</strong></span> <span class='ocrx_word' id='word_1_315' title='bbox 1521 4245 1672 4319; x_wconf 86' lang='lat' dir='ltr'><strong>digni</strong></span> <span class='ocrx_word' id='word_1_316' title='bbox 1708 4266 1722 4313; x_wconf 91' lang='lat'><strong>;</strong></span> <span class='ocrx_word' id='word_1_317' title='bbox 1747 4266 1871 4304; x_wconf 88' lang='lat' dir='ltr'><strong>nam</strong></span> <span class='ocrx_word' id='word_1_318' title='bbox 1904 4253 2024 4307; x_wconf 85' lang='lat' dir='ltr'><strong>illo-</strong></span> 
     </span>
    </p>
   </div>
   <div class='ocr_carea' id='block_1_46' title="bbox 409 4325 2028 4412">
    <p class='ocr_par' dir='ltr' id='par_1_46' title="bbox 409 4325 2028 4412">
     <span class='ocr_line' id='line_1_46' title="bbox 409 4325 2028 4412; baseline 0.014 -38"><span class='ocrx_word' id='word_1_319' title='bbox 409 4337 530 4375; x_wconf 89' lang='lat' dir='ltr'><strong>rum</strong></span> <span class='ocrx_word' id='word_1_320' title='bbox 562 4332 940 4393; x_wconf 89' lang='lat' dir='ltr'><strong>promeruerat</strong></span> <span class='ocrx_word' id='word_1_321' title='bbox 963 4325 1136 4380; x_wconf 87' lang='lat' dir='ltr'><strong>virtus</strong></span> <span class='ocrx_word' id='word_1_322' title='bbox 1157 4327 1426 4401; x_wconf 88' lang='lat' dir='ltr'><strong>quidquid</strong></span> <span class='ocrx_word' id='word_1_323' title='bbox 1450 4332 1581 4389; x_wconf 92' lang='lat' dir='ltr'><strong>boni</strong></span> <span class='ocrx_word' id='word_1_324' title='bbox 1599 4351 1748 4392; x_wconf 90' lang='lat' dir='ltr'><strong>nunc</strong></span> <span class='ocrx_word' id='word_1_325' title='bbox 1782 4342 2028 4412; x_wconf 89' lang='lat' dir='ltr'><strong>resplen-</strong></span> 
     </span>
    </p>
   </div>
   <div class='ocr_carea' id='block_1_47' title="bbox 2139 526 3768 587">
    <p class='ocr_par' dir='ltr' id='par_1_47' title="bbox 2139 526 3768 587">
     <span class='ocr_line' id='line_1_47' title="bbox 2139 526 3768 587; baseline 0.002 -5"><span class='ocrx_word' id='word_1_326' title='bbox 2139 528 2320 582; x_wconf 84' lang='lat' dir='ltr'><strong>tamen</strong></span> <span class='ocrx_word' id='word_1_327' title='bbox 2352 526 2530 583; x_wconf 70' lang='lat' dir='ltr'><strong>defuit</strong></span> <span class='ocrx_word' id='word_1_328' title='bbox 2558 528 2901 583; x_wconf 89' lang='lat' dir='ltr'><strong>continentia</strong></span> <span class='ocrx_word' id='word_1_329' title='bbox 2940 528 3253 583; x_wconf 86' lang='lat' dir='ltr'><strong>laudabilis.</strong></span> <span class='ocrx_word' id='word_1_330' title='bbox 3307 530 3363 584; x_wconf 92' lang='lat' dir='ltr'><strong>ln</strong></span> <span class='ocrx_word' id='word_1_331' title='bbox 3415 531 3633 585; x_wconf 87' lang='lat' dir='ltr'><strong>cunctis</strong></span> <span class='ocrx_word' id='word_1_332' title='bbox 3662 547 3768 587; x_wconf 91' lang='lat' dir='ltr'><strong>eo-</strong></span> 
     </span>
    </p>
   </div>
   <div class='ocr_carea' id='block_1_48' title="bbox 2139 616 3766 687">
    <p class='ocr_par' dir='ltr' id='par_1_48' title="bbox 2139 616 3766 687">
     <span class='ocr_line' id='line_1_48' title="bbox 2139 616 3766 687; baseline 0.003 -18"><span class='ocrx_word' id='word_1_333' title='bbox 2139 633 2257 669; x_wconf 90' lang='lat' dir='ltr'><strong>rum</strong></span> <span class='ocrx_word' id='word_1_334' title='bbox 2286 616 2501 672; x_wconf 88' lang='lat' dir='ltr'><strong>actibus</strong></span> <span class='ocrx_word' id='word_1_335' title='bbox 2564 616 2905 687; x_wconf 90' lang='lat' dir='ltr'><strong>resplenduit</strong></span> <span class='ocrx_word' id='word_1_336' title='bbox 2973 618 3260 673; x_wconf 89' lang='lat' dir='ltr'><strong>modestia</strong></span> <span class='ocrx_word' id='word_1_337' title='bbox 3313 619 3486 673; x_wconf 89' lang='lat' dir='ltr'><strong>virtus</strong></span> <span class='ocrx_word' id='word_1_338' title='bbox 3518 638 3534 684; x_wconf 86' lang='lat'><strong>;</strong></span> <span class='ocrx_word' id='word_1_339' title='bbox 3566 622 3766 675; x_wconf 85' lang='lat' dir='ltr'><strong>merito</strong></span> 
     </span>
    </p>
   </div>
   <div class='ocr_carea' id='block_1_49' title="bbox 2136 704 3767 776">
    <p class='ocr_par' dir='ltr' id='par_1_49' title="bbox 2136 704 3767 776">
     <span class='ocr_line' id='line_1_49' title="bbox 2136 704 3767 776; baseline 0.004 -19"><span class='ocrx_word' id='word_1_340' title='bbox 2136 704 2358 759; x_wconf 90' lang='lat' dir='ltr'><strong>fuerunt</strong></span> <span class='ocrx_word' id='word_1_341' title='bbox 2387 713 2630 761; x_wconf 90' lang='lat' dir='ltr'><strong>rectores</strong></span> <span class='ocrx_word' id='word_1_342' title='bbox 2660 707 2814 776; x_wconf 79' lang='lat' dir='ltr'><strong>regni</strong></span> <span class='ocrx_word' id='word_1_343' title='bbox 2850 706 3046 761; x_wconf 90' lang='lat' dir='ltr'><strong>talibus</strong></span> <span class='ocrx_word' id='word_1_344' title='bbox 3097 724 3129 761; x_wconf 90' lang='lat' dir='ltr'><strong>a</strong></span> <span class='ocrx_word' id='word_1_345' title='bbox 3166 709 3278 762; x_wconf 90' lang='lat' dir='ltr'><strong>Deo</strong></span> <span class='ocrx_word' id='word_1_346' title='bbox 3309 708 3609 764; x_wconf 80' lang='lat' dir='ltr'><strong>virtutibus</strong></span> <span class='ocrx_word' id='word_1_347' title='bbox 3643 727 3767 763; x_wconf 86' lang='lat' dir='ltr'><strong>mu-</strong></span> 
     </span>
    </p>
   </div>
   <div class='ocr_carea' id='block_1_50' title="bbox 2137 796 3765 863">
    <p class='ocr_par' dir='ltr' id='par_1_50' title="bbox 2137 796 3765 863">
     <span class='ocr_line' id='line_1_50' title="bbox 2137 796 3765 863; baseline 0.004 -15"><span class='ocrx_word' id='word_1_348' title='bbox 2137 796 2332 852; x_wconf 88' lang='lat' dir='ltr'><strong>nerati.</strong></span> <span class='ocrx_word' id='word_1_349' title='bbox 2380 798 2525 851; x_wconf 90' lang='lat' dir='ltr'><strong>Beati</strong></span> <span class='ocrx_word' id='word_1_350' title='bbox 2581 796 2849 863; x_wconf 86' lang='lat' dir='ltr'><strong>exictunt,</strong></span> <span class='ocrx_word' id='word_1_351' title='bbox 2892 803 2947 852; x_wconf 91' lang='lat' dir='ltr'><strong>et</strong></span> <span class='ocrx_word' id='word_1_352' title='bbox 2996 806 3215 853; x_wconf 82' lang='lat' dir='ltr'><strong>aterna</strong></span> <span class='ocrx_word' id='word_1_353' title='bbox 3290 800 3608 854; x_wconf 90' lang='lat' dir='ltr'><strong>beatudinis</strong></span> <span class='ocrx_word' id='word_1_354' title='bbox 3673 817 3765 854; x_wconf 86' lang='lat' dir='ltr'><strong>re-</strong></span> 
     </span>
    </p>
   </div>
   <div class='ocr_carea' id='block_1_51' title="bbox 2135 887 3767 961">
    <p class='ocr_par' dir='ltr' id='par_1_51' title="bbox 2135 887 3767 961">
     <span class='ocr_line' id='line_1_51' title="bbox 2135 887 3767 961; baseline 0.003 -20"><span class='ocrx_word' id='word_1_355' title='bbox 2135 887 2324 958; x_wconf 90' lang='lat' dir='ltr'><strong>quiem</strong></span> <span class='ocrx_word' id='word_1_356' title='bbox 2359 888 2726 959; x_wconf 91' lang='lat' dir='ltr'><strong>possidebunt</strong></span> <span class='ocrx_word' id='word_1_357' title='bbox 2752 907 2766 954; x_wconf 91' lang='lat'><strong>;</strong></span> <span class='ocrx_word' id='word_1_358' title='bbox 2801 905 2900 961; x_wconf 91' lang='lat' dir='ltr'><strong>pro</strong></span> <span class='ocrx_word' id='word_1_359' title='bbox 2923 889 3128 961; x_wconf 90' lang='lat' dir='ltr'><strong>quibus</strong></span> <span class='ocrx_word' id='word_1_360' title='bbox 3149 889 3285 961; x_wconf 89' lang='lat' dir='ltr'><strong>ipsa</strong></span> <span class='ocrx_word' id='word_1_361' title='bbox 3317 891 3641 947; x_wconf 86' lang='lat' dir='ltr'><strong>clemosina</strong></span> <span class='ocrx_word' id='word_1_362' title='bbox 3672 908 3767 946; x_wconf 80' lang='lat' dir='ltr'><strong>ex-</strong></span> 
     </span>
    </p>
   </div>
   <div class='ocr_carea' id='block_1_52' title="bbox 2129 981 3761 1057">
    <p class='ocr_par' dir='ltr' id='par_1_52' title="bbox 2129 981 3761 1057">
     <span class='ocr_line' id='line_1_52' title="bbox 2129 981 3761 1057; baseline 0.003 -24"><span class='ocrx_word' id='word_1_363' title='bbox 2129 986 2307 1047; x_wconf 91' lang='lat' dir='ltr'><strong>orant,</strong></span> <span class='ocrx_word' id='word_1_364' title='bbox 2349 997 2487 1053; x_wconf 91' lang='lat' dir='ltr'><strong>quas</strong></span> <span class='ocrx_word' id='word_1_365' title='bbox 2544 981 2694 1055; x_wconf 86' lang='lat' dir='ltr'><strong>larga</strong></span> <span class='ocrx_word' id='word_1_366' title='bbox 2750 998 2918 1036; x_wconf 90' lang='lat' dir='ltr'><strong>manu</strong></span> <span class='ocrx_word' id='word_1_367' title='bbox 2974 982 3354 1057; x_wconf 87' lang='lat' dir='ltr'><strong>indigentibus</strong></span> <span class='ocrx_word' id='word_1_368' title='bbox 3408 983 3761 1050; x_wconf 85' lang='lat' dir='ltr'><strong>tribuebant,</strong></span> 
     </span>
    </p>
   </div>
   <div class='ocr_carea' id='block_1_53' title="bbox 2130 1072 3767 1147">
    <p class='ocr_par' dir='ltr' id='par_1_53' title="bbox 2130 1072 3767 1147">
     <span class='ocr_line' id='line_1_53' title="bbox 2130 1072 3767 1147; baseline 0.004 -23"><span class='ocrx_word' id='word_1_369' title='bbox 2130 1072 2395 1142; x_wconf 90' lang='lat' dir='ltr'><strong>quamdiu</strong></span> <span class='ocrx_word' id='word_1_370' title='bbox 2456 1073 2511 1127; x_wconf 91' lang='lat' dir='ltr'><strong>in</strong></span> <span class='ocrx_word' id='word_1_371' title='bbox 2571 1073 2785 1128; x_wconf 90' lang='lat' dir='ltr'><strong>mortali</strong></span> <span class='ocrx_word' id='word_1_372' title='bbox 2851 1074 2960 1128; x_wconf 89' lang='lat' dir='ltr'><strong>vita</strong></span> <span class='ocrx_word' id='word_1_373' title='bbox 3013 1074 3329 1130; x_wconf 86' lang='lat' dir='ltr'><strong>manebant.</strong></span> <span class='ocrx_word' id='word_1_374' title='bbox 3368 1075 3507 1140; x_wconf 84' lang='lat' dir='ltr'><strong>Quid</strong></span> <span class='ocrx_word' id='word_1_375' title='bbox 3543 1078 3708 1147; x_wconf 86' lang='lat' dir='ltr'><strong>plura</strong></span> <span class='ocrx_word' id='word_1_376' title='bbox 3739 1078 3767 1130; x_wconf 85' lang='lat'><strong>?</strong></span> 
     </span>
    </p>
   </div>
   <div class='ocr_carea' id='block_1_54' title="bbox 2132 1163 3845 1241">
    <p class='ocr_par' dir='ltr' id='par_1_54' title="bbox 2132 1163 3845 1241">
     <span class='ocr_line' id='line_1_54' title="bbox 2132 1163 3845 1241; baseline 0.005 -26"><span class='ocrx_word' id='word_1_377' title='bbox 2132 1164 2345 1226; x_wconf 81' lang='lat' dir='ltr'><strong>Quanto</strong></span> <span class='ocrx_word' id='word_1_378' title='bbox 2399 1163 2782 1219; x_wconf 85' lang='lat' dir='ltr'><strong>sublimiorem</strong></span> <span class='ocrx_word' id='word_1_379' title='bbox 2844 1165 3214 1221; x_wconf 90' lang='lat' dir='ltr'><strong>ascenderant</strong></span> <span class='ocrx_word' id='word_1_380' title='bbox 3279 1166 3570 1239; x_wconf 83' lang='lat' dir='ltr'><strong>dignitatis</strong></span> <span class='ocrx_word' id='word_1_381' title='bbox 3632 1185 3764 1241; x_wconf 86' lang='lat' dir='ltr'><strong>gra-</strong></span> <span class='ocrx_word' id='word_1_382' title='bbox 3836 1166 3845 1171; x_wconf 82' lang='grc'><strong>’</strong></span> 
     </span>
    </p>
   </div>
   <div class='ocr_carea' id='block_1_55' title="bbox 2129 1253 3760 1328">
    <p class='ocr_par' dir='ltr' id='par_1_55' title="bbox 2129 1253 3760 1328">
     <span class='ocr_line' id='line_1_55' title="bbox 2129 1253 3760 1328; baseline 0.003 -21"><span class='ocrx_word' id='word_1_383' title='bbox 2129 1253 2281 1319; x_wconf 90' lang='lat' dir='ltr'><strong>dum,</strong></span> <span class='ocrx_word' id='word_1_384' title='bbox 2319 1262 2470 1311; x_wconf 90' lang='lat' dir='ltr'><strong>tanto</strong></span> <span class='ocrx_word' id='word_1_385' title='bbox 2498 1256 2841 1312; x_wconf 87' lang='lat' dir='ltr'><strong>devotiorem</strong></span> <span class='ocrx_word' id='word_1_386' title='bbox 2900 1257 3111 1313; x_wconf 85' lang='lat' dir='ltr'><strong>Christo</strong></span> <span class='ocrx_word' id='word_1_387' title='bbox 3145 1258 3550 1328; x_wconf 86' lang='lat' dir='ltr'><strong>impendebant</strong></span> <span class='ocrx_word' id='word_1_388' title='bbox 3579 1258 3760 1312; x_wconf 86' lang='lat' dir='ltr'><strong>famu-</strong></span> 
     </span>
    </p>
   </div>
   <div class='ocr_carea' id='block_1_56' title="bbox 2129 1343 3490 1405">
    <p class='ocr_par' dir='ltr' id='par_1_56' title="bbox 2129 1343 3490 1405">
     <span class='ocr_line' id='line_1_56' title="bbox 2129 1343 3490 1405; baseline 0.005 -7"><span class='ocrx_word' id='word_1_389' title='bbox 2129 1343 2316 1398; x_wconf 89' lang='lat' dir='ltr'><strong>latum.</strong></span> <span class='ocrx_word' id='word_1_390' title='bbox 3482 1398 3490 1405; x_wconf 91' lang='lat'><strong>.</strong></span> 
     </span>
    </p>
   </div>
   <div class='ocr_carea' id='block_1_57' title="bbox 2195 1436 3750 1498">
    <p class='ocr_par' dir='ltr' id='par_1_57' title="bbox 2195 1436 3750 1498">
     <span class='ocr_line' id='line_1_57' title="bbox 2195 1436 3750 1498; baseline 0.007 -11"><span class='ocrx_word' id='word_1_391' title='bbox 2195 1436 2246 1487; x_wconf 91' lang='lat'><strong>7.</strong></span> <span class='ocrx_word' id='word_1_392' title='bbox 2272 1439 2341 1490; x_wconf 82' lang='lat' dir='ltr'><strong>De</strong></span> <span class='ocrx_word' id='word_1_393' title='bbox 2371 1438 2660 1492; x_wconf 80' lang='lat' dir='ltr'><strong>intentione</strong></span> <span class='ocrx_word' id='word_1_394' title='bbox 2696 1444 3026 1494; x_wconf 70' lang='lat' dir='ltr'><strong>monasteria</strong></span> <span class='ocrx_word' id='word_1_395' title='bbox 3075 1444 3444 1498; x_wconf 74' lang='lat' dir='ltr'><strong>construerult&#39;.</strong></span> <span class='ocrx_word' id='word_1_396' title='bbox 3479 1444 3613 1497; x_wconf 77' lang='lat' dir='ltr'><strong>Cum</strong></span> <span class='ocrx_word' id='word_1_397' title='bbox 3643 1460 3750 1498; x_wconf 85' lang='lat' dir='ltr'><strong>au-</strong></span> 
     </span>
    </p>
   </div>
   <div class='ocr_carea' id='block_1_58' title="bbox 2127 1524 3753 1603">
    <p class='ocr_par' dir='ltr' id='par_1_58' title="bbox 2127 1524 3753 1603">
     <span class='ocr_line' id='line_1_58' title="bbox 2127 1524 3753 1603; baseline 0.007 -26"><span class='ocrx_word' id='word_1_398' title='bbox 2127 1530 2233 1577; x_wconf 90' lang='lat' dir='ltr'><strong>tem</strong></span> <span class='ocrx_word' id='word_1_399' title='bbox 2264 1524 2626 1595; x_wconf 85' lang='lat' dir='ltr'><strong>persisterent</strong></span> <span class='ocrx_word' id='word_1_400' title='bbox 2684 1543 2882 1602; x_wconf 88' lang='lat' dir='ltr'><strong>magna</strong></span> <span class='ocrx_word' id='word_1_401' title='bbox 2937 1532 3304 1601; x_wconf 52' lang='lat' dir='ltr'><strong>prosperitate</strong></span> <span class='ocrx_word' id='word_1_402' title='bbox 3360 1532 3532 1603; x_wconf 81' lang='lat' dir='ltr'><strong>pacis,</strong></span> <span class='ocrx_word' id='word_1_403' title='bbox 3567 1534 3753 1587; x_wconf 86' lang='lat' dir='ltr'><strong>omni-</strong></span> 
     </span>
    </p>
   </div>
   <div class='ocr_carea' id='block_1_59' title="bbox 2122 1612 3756 1684">
    <p class='ocr_par' dir='ltr' id='par_1_59' title="bbox 2122 1612 3756 1684">
     <span class='ocr_line' id='line_1_59' title="bbox 2122 1612 3756 1684; baseline 0.006 -19"><span class='ocrx_word' id='word_1_404' title='bbox 2122 1612 2362 1681; x_wconf 89' lang='lat' dir='ltr'><strong>potentis</strong></span> <span class='ocrx_word' id='word_1_405' title='bbox 2403 1612 2497 1667; x_wconf 91' lang='lat' dir='ltr'><strong>Dei</strong></span> <span class='ocrx_word' id='word_1_406' title='bbox 2560 1613 2920 1684; x_wconf 89' lang='lat' dir='ltr'><strong>inspiratione</strong></span> <span class='ocrx_word' id='word_1_407' title='bbox 2972 1618 3368 1674; x_wconf 89' lang='lat' dir='ltr'><strong>desiderabant</strong></span> <span class='ocrx_word' id='word_1_408' title='bbox 3412 1620 3756 1675; x_wconf 84' lang='lat' dir='ltr'><strong>monasteria</strong></span> 
     </span>
    </p>
   </div>
   <div class='ocr_carea' id='block_1_60' title="bbox 2124 1705 3744 1780">
    <p class='ocr_par' dir='ltr' id='par_1_60' title="bbox 2124 1705 3744 1780">
     <span class='ocr_line' id='line_1_60' title="bbox 2124 1705 3744 1780; baseline 0.007 -24"><span class='ocrx_word' id='word_1_409' title='bbox 2124 1712 2463 1769; x_wconf 86' lang='lat' dir='ltr'><strong>construere,</strong></span> <span class='ocrx_word' id='word_1_410' title='bbox 2497 1714 2549 1758; x_wconf 90' lang='lat' dir='ltr'><strong>et</strong></span> <span class='ocrx_word' id='word_1_411' title='bbox 2581 1705 2982 1761; x_wconf 90' lang='lat' dir='ltr'><strong>adminiculum</strong></span> <span class='ocrx_word' id='word_1_412' title='bbox 3037 1710 3283 1780; x_wconf 88' lang='lat' dir='ltr'><strong>praberc</strong></span> <span class='ocrx_word' id='word_1_413' title='bbox 3328 1711 3443 1765; x_wconf 91' lang='lat' dir='ltr'><strong>illic</strong></span> <span class='ocrx_word' id='word_1_414' title='bbox 3494 1728 3744 1767; x_wconf 87' lang='lat' dir='ltr'><strong>commo-</strong></span> 
     </span>
    </p>
   </div>
   <div class='ocr_carea' id='block_1_61' title="bbox 2127 1796 3756 1874">
    <p class='ocr_par' dir='ltr' id='par_1_61' title="bbox 2127 1796 3756 1874">
     <span class='ocr_line' id='line_1_61' title="bbox 2127 1796 3756 1874; baseline 0.007 -26"><span class='ocrx_word' id='word_1_415' title='bbox 2127 1796 2374 1850; x_wconf 90' lang='lat' dir='ltr'><strong>rantibus</strong></span> <span class='ocrx_word' id='word_1_416' title='bbox 2427 1798 2495 1851; x_wconf 92' lang='lat' dir='ltr'><strong>de</strong></span> <span class='ocrx_word' id='word_1_417' title='bbox 2538 1799 2706 1873; x_wconf 90' lang='lat' dir='ltr'><strong>regiis</strong></span> <span class='ocrx_word' id='word_1_418' title='bbox 2754 1799 3127 1869; x_wconf 89' lang='lat' dir='ltr'><strong>facultatibus,</strong></span> <span class='ocrx_word' id='word_1_419' title='bbox 3190 1810 3469 1874; x_wconf 87' lang='lat' dir='ltr'><strong>quatenus</strong></span> <span class='ocrx_word' id='word_1_420' title='bbox 3495 1804 3583 1859; x_wconf 90' lang='lat' dir='ltr'><strong>sui</strong></span> <span class='ocrx_word' id='word_1_421' title='bbox 3626 1821 3756 1859; x_wconf 80' lang='lat' dir='ltr'><strong>suo-</strong></span> 
     </span>
    </p>
   </div>
   <div class='ocr_carea' id='block_1_62' title="bbox 2127 1892 3754 1969">
    <p class='ocr_par' dir='ltr' id='par_1_62' title="bbox 2127 1892 3754 1969">
     <span class='ocr_line' id='line_1_62' title="bbox 2127 1892 3754 1969; baseline 0.006 -28"><span class='ocrx_word' id='word_1_422' title='bbox 2127 1896 2589 1960; x_wconf 90' lang='lat' dir='ltr'><strong>rumquepatrum</strong></span> <span class='ocrx_word' id='word_1_423' title='bbox 2623 1892 2706 1946; x_wconf 90' lang='lat' dir='ltr'><strong>vel</strong></span> <span class='ocrx_word' id='word_1_424' title='bbox 2730 1902 2994 1963; x_wconf 90' lang='lat' dir='ltr'><strong>nepotum</strong></span> <span class='ocrx_word' id='word_1_425' title='bbox 3026 1895 3522 1951; x_wconf 88' lang='lat' dir='ltr'><strong>memoriaibidem</strong></span> <span class='ocrx_word' id='word_1_426' title='bbox 3559 1914 3754 1969; x_wconf 80' lang='lat' dir='ltr'><strong>perpe-</strong></span> 
     </span>
    </p>
   </div>
   <div class='ocr_carea' id='block_1_63' title="bbox 2125 1980 3752 2060">
    <p class='ocr_par' dir='ltr' id='par_1_63' title="bbox 2125 1980 3752 2060">
     <span class='ocr_line' id='line_1_63' title="bbox 2125 1980 3752 2060; baseline 0.006 -27"><span class='ocrx_word' id='word_1_427' title='bbox 2125 1980 2221 2034; x_wconf 91' lang='lat' dir='ltr'><strong>tim</strong></span> <span class='ocrx_word' id='word_1_428' title='bbox 2255 1981 2553 2037; x_wconf 88' lang='lat' dir='ltr'><strong>haberetur</strong></span> <span class='ocrx_word' id='word_1_429' title='bbox 2601 1982 2933 2039; x_wconf 83' lang='lat' dir='ltr'><strong>firmissima.</strong></span> <span class='ocrx_word' id='word_1_430' title='bbox 2970 1986 3146 2060; x_wconf 86' lang='lat' dir='ltr'><strong>Igitur</strong></span> <span class='ocrx_word' id='word_1_431' title='bbox 3198 1988 3570 2043; x_wconf 89' lang='lat' dir='ltr'><strong>tractantibus</strong></span> <span class='ocrx_word' id='word_1_432' title='bbox 3621 1990 3752 2044; x_wconf 88' lang='lat' dir='ltr'><strong>tanti</strong></span> 
     </span>
    </p>
   </div>
   <div class='ocr_carea' id='block_1_64' title="bbox 2131 2070 3752 2148">
    <p class='ocr_par' dir='ltr' id='par_1_64' title="bbox 2131 2070 3752 2148">
     <span class='ocr_line' id='line_1_64' title="bbox 2131 2070 3752 2148; baseline 0.005 -24"><span class='ocrx_word' id='word_1_433' title='bbox 2131 2071 2314 2138; x_wconf 90' lang='lat' dir='ltr'><strong>operis</strong></span> <span class='ocrx_word' id='word_1_434' title='bbox 2342 2070 2758 2127; x_wconf 86' lang='lat' dir='ltr'><strong>fundamentum</strong></span> <span class='ocrx_word' id='word_1_435' title='bbox 2793 2090 3034 2145; x_wconf 89' lang='lat' dir='ltr'><strong>quonam</strong></span> <span class='ocrx_word' id='word_1_436' title='bbox 3059 2084 3333 2145; x_wconf 84' lang='lat' dir='ltr'><strong>ponerent</strong></span> <span class='ocrx_word' id='word_1_437' title='bbox 3364 2078 3507 2139; x_wconf 90' lang='lat' dir='ltr'><strong>loco,</strong></span> <span class='ocrx_word' id='word_1_438' title='bbox 3551 2078 3752 2148; x_wconf 84' lang='lat' dir='ltr'><strong>princi-</strong></span> 
     </span>
    </p>
   </div>
   <div class='ocr_carea' id='block_1_65' title="bbox 2128 2160 3752 2239">
    <p class='ocr_par' dir='ltr' id='par_1_65' title="bbox 2128 2160 3752 2239">
     <span class='ocr_line' id='line_1_65' title="bbox 2128 2160 3752 2239; baseline 0.006 -26"><span class='ocrx_word' id='word_1_439' title='bbox 2128 2160 2288 2231; x_wconf 90' lang='lat' dir='ltr'><strong>pibus</strong></span> <span class='ocrx_word' id='word_1_440' title='bbox 2322 2162 2512 2232; x_wconf 86' lang='lat' dir='ltr'><strong>pepuli</strong></span> <span class='ocrx_word' id='word_1_441' title='bbox 2544 2163 2599 2216; x_wconf 92' lang='lat' dir='ltr'><strong>in</strong></span> <span class='ocrx_word' id='word_1_442' title='bbox 2632 2180 2802 2218; x_wconf 91' lang='lat' dir='ltr'><strong>unum</strong></span> <span class='ocrx_word' id='word_1_443' title='bbox 2835 2166 3152 2221; x_wconf 85' lang='lat' dir='ltr'><strong>convocatis</strong></span> <span class='ocrx_word' id='word_1_444' title='bbox 3173 2176 3283 2227; x_wconf 66' lang='lat' dir='ltr'><strong>(an.</strong></span> <span class='ocrx_word' id='word_1_445' title='bbox 3316 2168 3470 2237; x_wconf 74' lang='grc'><strong>935),</strong></span> <span class='ocrx_word' id='word_1_446' title='bbox 3505 2170 3752 2239; x_wconf 82' lang='lat' dir='ltr'><strong>postula-</strong></span> 
     </span>
    </p>
   </div>
   <div class='ocr_carea' id='block_1_66' title="bbox 2126 2253 3751 2335">
    <p class='ocr_par' dir='ltr' id='par_1_66' title="bbox 2126 2253 3751 2335">
     <span class='ocr_line' id='line_1_66' title="bbox 2126 2253 3751 2335; baseline 0.006 -29"><span class='ocrx_word' id='word_1_447' title='bbox 2126 2253 2255 2308; x_wconf 91' lang='lat' dir='ltr'><strong>bant</strong></span> <span class='ocrx_word' id='word_1_448' title='bbox 2284 2254 2389 2307; x_wconf 81' lang='lat' dir='ltr'><strong>sibi</strong></span> <span class='ocrx_word' id='word_1_449' title='bbox 2420 2255 2712 2310; x_wconf 90' lang='lat' dir='ltr'><strong>consilium</strong></span> <span class='ocrx_word' id='word_1_450' title='bbox 2743 2257 2881 2324; x_wconf 90' lang='lat' dir='ltr'><strong>dari,</strong></span> <span class='ocrx_word' id='word_1_451' title='bbox 2926 2258 2979 2312; x_wconf 94' lang='lat' dir='ltr'><strong>in</strong></span> <span class='ocrx_word' id='word_1_452' title='bbox 3028 2275 3137 2329; x_wconf 93' lang='lat' dir='ltr'><strong>qua</strong></span> <span class='ocrx_word' id='word_1_453' title='bbox 3177 2266 3328 2329; x_wconf 91' lang='lat' dir='ltr'><strong>parte</strong></span> <span class='ocrx_word' id='word_1_454' title='bbox 3361 2261 3614 2335; x_wconf 86' lang='lat' dir='ltr'><strong>regionis</strong></span> <span class='ocrx_word' id='word_1_455' title='bbox 3640 2262 3751 2316; x_wconf 72' lang='lat' dir='ltr'><strong>hac</strong></span> 
     </span>
    </p>
   </div>
   <div class='ocr_carea' id='block_1_67' title="bbox 2124 2333 3751 2421">
    <p class='ocr_par' dir='ltr' id='par_1_67' title="bbox 2124 2333 3751 2421">
     <span class='ocr_line' id='line_1_67' title="bbox 2124 2333 3751 2421; baseline 0.006 -24"><span class='ocrx_word' id='word_1_456' title='bbox 2124 2333 2383 2399; x_wconf 87' lang='lat' dir='ltr'><strong>decenter</strong></span> <span class='ocrx_word' id='word_1_457' title='bbox 2428 2355 2653 2416; x_wconf 88' lang='lat' dir='ltr'><strong>possent</strong></span> <span class='ocrx_word' id='word_1_458' title='bbox 2710 2349 3019 2420; x_wconf 89' lang='lat' dir='ltr'><strong>adimpleri.</strong></span> <span class='ocrx_word' id='word_1_459' title='bbox 3077 2351 3153 2403; x_wconf 88' lang='lat' dir='ltr'><strong>Ad</strong></span> <span class='ocrx_word' id='word_1_460' title='bbox 3206 2351 3324 2405; x_wconf 85' lang='lat' dir='ltr'><strong>hac</strong></span> <span class='ocrx_word' id='word_1_461' title='bbox 3353 2333 3640 2421; x_wconf 78' lang='lat' dir='ltr'><strong>principes</strong></span> <span class='ocrx_word' id='word_1_462' title='bbox 3670 2368 3751 2406; x_wconf 89' lang='lat' dir='ltr'><strong>re-</strong></span> 
     </span>
    </p>
   </div>
   <div class='ocr_carea' id='block_1_68' title="bbox 2121 2439 3752 2508">
    <p class='ocr_par' dir='ltr' id='par_1_68' title="bbox 2121 2439 3752 2508">
     <span class='ocr_line' id='line_1_68' title="bbox 2121 2439 3752 2508; baseline 0.005 -17"><span class='ocrx_word' id='word_1_463' title='bbox 2121 2439 2486 2508; x_wconf 90' lang='lat' dir='ltr'><strong>sponderunt,</strong></span> <span class='ocrx_word' id='word_1_464' title='bbox 2550 2440 2804 2495; x_wconf 90' lang='lat' dir='ltr'><strong>dicentes</strong></span> <span class='ocrx_word' id='word_1_465' title='bbox 2840 2460 2851 2495; x_wconf 95' lang='lat'><strong>:</strong></span> <span class='ocrx_word' id='word_1_466' title='bbox 2896 2443 3040 2497; x_wconf 89' lang='lat' dir='ltr'><strong>intra</strong></span> <span class='ocrx_word' id='word_1_467' title='bbox 3088 2444 3536 2499; x_wconf 83' lang='lat' dir='ltr'><strong>Winithehusum</strong></span> <span class='ocrx_word' id='word_1_468' title='bbox 3564 2446 3609 2478; x_wconf 78' lang='grc'><strong>²⁰</strong></span> <span class='ocrx_word' id='word_1_469' title='bbox 3635 2447 3752 2499; x_wconf 75' lang='lat' dir='ltr'><strong>exi-</strong></span> 
     </span>
    </p>
   </div>
   <div class='ocr_carea' id='block_1_69' title="bbox 2121 2533 3750 2608">
    <p class='ocr_par' dir='ltr' id='par_1_69' title="bbox 2121 2533 3750 2608">
     <span class='ocr_line' id='line_1_69' title="bbox 2121 2533 3750 2608; baseline 0.006 -25"><span class='ocrx_word' id='word_1_470' title='bbox 2121 2539 2266 2584; x_wconf 82' lang='lat' dir='ltr'><strong>stere</strong></span> <span class='ocrx_word' id='word_1_471' title='bbox 2324 2533 2775 2588; x_wconf 89' lang='lat' dir='ltr'><strong>sanctimoniales</strong></span> <span class='ocrx_word' id='word_1_472' title='bbox 2830 2536 3067 2607; x_wconf 79' lang='lat' dir='ltr'><strong>regulari</strong></span> <span class='ocrx_word' id='word_1_473' title='bbox 3122 2536 3419 2608; x_wconf 88' lang='lat' dir='ltr'><strong>disciplina</strong></span> <span class='ocrx_word' id='word_1_474' title='bbox 3474 2545 3750 2603; x_wconf 85' lang='lat' dir='ltr'><strong>carentes,</strong></span> 
     </span>
    </p>
   </div>
   <div class='ocr_carea' id='block_1_70' title="bbox 2125 2623 3755 2693">
    <p class='ocr_par' dir='ltr' id='par_1_70' title="bbox 2125 2623 3755 2693">
     <span class='ocr_line' id='line_1_70' title="bbox 2125 2623 3755 2693; baseline 0.006 -20"><span class='ocrx_word' id='word_1_475' title='bbox 2125 2636 2247 2691; x_wconf 87' lang='lat' dir='ltr'><strong>qna</strong></span> <span class='ocrx_word' id='word_1_476' title='bbox 2279 2636 2388 2676; x_wconf 93' lang='lat' dir='ltr'><strong>non</strong></span> <span class='ocrx_word' id='word_1_477' title='bbox 2422 2630 2651 2692; x_wconf 89' lang='lat' dir='ltr'><strong>possent</strong></span> <span class='ocrx_word' id='word_1_478' title='bbox 2678 2623 2788 2678; x_wconf 92' lang='lat' dir='ltr'><strong>illic</strong></span> <span class='ocrx_word' id='word_1_479' title='bbox 2818 2624 3028 2679; x_wconf 90' lang='lat' dir='ltr'><strong>diutius</strong></span> <span class='ocrx_word' id='word_1_480' title='bbox 3054 2625 3351 2693; x_wconf 89' lang='lat' dir='ltr'><strong>demorari,</strong></span> <span class='ocrx_word' id='word_1_481' title='bbox 3387 2626 3443 2680; x_wconf 91' lang='lat' dir='ltr'><strong>ni</strong></span> <span class='ocrx_word' id='word_1_482' title='bbox 3473 2637 3755 2682; x_wconf 86' lang='lat' dir='ltr'><strong>sustenta—</strong></span> 
     </span>
    </p>
   </div>
   <div class='ocr_carea' id='block_1_71' title="bbox 2127 2712 3751 2789">
    <p class='ocr_par' dir='ltr' id='par_1_71' title="bbox 2127 2712 3751 2789">
     <span class='ocr_line' id='line_1_71' title="bbox 2127 2712 3751 2789; baseline 0.006 -27"><span class='ocrx_word' id='word_1_483' title='bbox 2127 2715 2317 2764; x_wconf 89' lang='lat' dir='ltr'><strong>rentur</strong></span> <span class='ocrx_word' id='word_1_484' title='bbox 2364 2712 2716 2781; x_wconf 85' lang='lat' dir='ltr'><strong>adjuvamine</strong></span> <span class='ocrx_word' id='word_1_485' title='bbox 2774 2715 2945 2789; x_wconf 84' lang='lat' dir='ltr'><strong>regali</strong></span> <span class='ocrx_word' id='word_1_486' title='bbox 2978 2735 2995 2779; x_wconf 88' lang='lat'><strong><em>;</em></strong></span> <span class='ocrx_word' id='word_1_487' title='bbox 3052 2723 3105 2770; x_wconf 90' lang='lat' dir='ltr'><strong>et</strong></span> <span class='ocrx_word' id='word_1_488' title='bbox 3134 2717 3429 2772; x_wconf 90' lang='lat' dir='ltr'><strong>consilium</strong></span> <span class='ocrx_word' id='word_1_489' title='bbox 3461 2718 3670 2774; x_wconf 89' lang='lat' dir='ltr'><strong>dabant</strong></span> <span class='ocrx_word' id='word_1_490' title='bbox 3697 2719 3751 2772; x_wconf 89' lang='lat' dir='ltr'><strong>in</strong></span> 
     </span>
    </p>
   </div>
   <div class='ocr_carea' id='block_1_72' title="bbox 2133 2798 3754 2878">
    <p class='ocr_par' dir='ltr' id='par_1_72' title="bbox 2133 2798 3754 2878">
     <span class='ocr_line' id='line_1_72' title="bbox 2133 2798 3754 2878; baseline 0.007 -28"><span class='ocrx_word' id='word_1_491' title='bbox 2133 2798 2617 2875; x_wconf 87' lang='lat' dir='ltr'><strong>Quintilingoburc</strong></span> <span class='ocrx_word' id='word_1_492' title='bbox 2645 2802 2950 2858; x_wconf 86' lang='lat' dir='ltr'><strong>transferri.</strong></span> <span class='ocrx_word' id='word_1_493' title='bbox 2975 2804 3115 2878; x_wconf 85' lang='lat' dir='ltr'><strong>Ergo</strong></span> <span class='ocrx_word' id='word_1_494' title='bbox 3132 2805 3403 2860; x_wconf 89' lang='lat' dir='ltr'><strong>ambobus</strong></span> <span class='ocrx_word' id='word_1_495' title='bbox 3416 2807 3524 2861; x_wconf 87' lang='lat' dir='ltr'><strong>hoc</strong></span> <span class='ocrx_word' id='word_1_496' title='bbox 3547 2807 3754 2877; x_wconf 85' lang='lat' dir='ltr'><strong>placuit</strong></span> 
     </span>
    </p>
   </div>
   <div class='ocr_carea' id='block_1_73' title="bbox 2132 2892 3753 2968">
    <p class='ocr_par' dir='ltr' id='par_1_73' title="bbox 2132 2892 3753 2968">
     <span class='ocr_line' id='line_1_73' title="bbox 2132 2892 3753 2968; baseline 0.004 -21"><span class='ocrx_word' id='word_1_497' title='bbox 2132 2892 2448 2959; x_wconf 87' lang='lat' dir='ltr'><strong>consilium,</strong></span> <span class='ocrx_word' id='word_1_498' title='bbox 2481 2903 2536 2947; x_wconf 92' lang='lat' dir='ltr'><strong>et</strong></span> <span class='ocrx_word' id='word_1_499' title='bbox 2585 2910 2642 2948; x_wconf 89' lang='lat' dir='ltr'><strong>se</strong></span> <span class='ocrx_word' id='word_1_500' title='bbox 2673 2895 3071 2966; x_wconf 89' lang='lat' dir='ltr'><strong>conspirabant</strong></span> <span class='ocrx_word' id='word_1_501' title='bbox 3102 2897 3472 2968; x_wconf 86' lang='lat' dir='ltr'><strong>implendum.</strong></span> <span class='ocrx_word' id='word_1_502' title='bbox 3507 2899 3753 2954; x_wconf 84' lang='lat' dir='ltr'><strong>Posthac</strong></span> 
     </span>
    </p>
   </div>
   <div class='ocr_carea' id='block_1_74' title="bbox 2134 2986 3755 3064">
    <p class='ocr_par' dir='ltr' id='par_1_74' title="bbox 2134 2986 3755 3064">
     <span class='ocr_line' id='line_1_74' title="bbox 2134 2986 3755 3064; baseline 0.006 -25"><span class='ocrx_word' id='word_1_503' title='bbox 2134 3002 2225 3040; x_wconf 88' lang='lat' dir='ltr'><strong>rex</strong></span> <span class='ocrx_word' id='word_1_504' title='bbox 2260 2986 2546 3042; x_wconf 83' lang='lat' dir='ltr'><strong>Heinricus</strong></span> <span class='ocrx_word' id='word_1_505' title='bbox 2576 2988 2710 3043; x_wconf 91' lang='lat' dir='ltr'><strong>adiit</strong></span> <span class='ocrx_word' id='word_1_506' title='bbox 2753 2991 3087 3057; x_wconf 72' lang='lat' dir='ltr'><strong>l3attelthun,</strong></span> <span class='ocrx_word' id='word_1_507' title='bbox 3120 3008 3231 3063; x_wconf 94' lang='lat' dir='ltr'><strong>quo</strong></span> <span class='ocrx_word' id='word_1_508' title='bbox 3262 2994 3570 3064; x_wconf 88' lang='lat' dir='ltr'><strong>sapissime</strong></span> <span class='ocrx_word' id='word_1_509' title='bbox 3598 3011 3755 3049; x_wconf 79' lang='lat' dir='ltr'><strong>excr-</strong></span> 
     </span>
    </p>
   </div>
   <div class='ocr_carea' id='block_1_75' title="bbox 2128 3079 3757 3161">
    <p class='ocr_par' dir='ltr' id='par_1_75' title="bbox 2128 3079 3757 3161">
     <span class='ocr_line' id='line_1_75' title="bbox 2128 3079 3757 3161; baseline 0.006 -29"><span class='ocrx_word' id='word_1_510' title='bbox 2128 3079 2241 3133; x_wconf 89' lang='lat' dir='ltr'><strong>cuit</strong></span> <span class='ocrx_word' id='word_1_511' title='bbox 2271 3085 2550 3134; x_wconf 87' lang='lat' dir='ltr'><strong>venatum.</strong></span> <span class='ocrx_word' id='word_1_512' title='bbox 2577 3081 2657 3135; x_wconf 90' lang='lat' dir='ltr'><strong>lbi</strong></span> <span class='ocrx_word' id='word_1_513' title='bbox 2687 3083 2877 3152; x_wconf 90' lang='lat' dir='ltr'><strong>paucis</strong></span> <span class='ocrx_word' id='word_1_514' title='bbox 2900 3084 3097 3139; x_wconf 89' lang='lat' dir='ltr'><strong>diebus</strong></span> <span class='ocrx_word' id='word_1_515' title='bbox 3120 3085 3458 3157; x_wconf 78' lang='lat' dir='ltr'><strong>interpositis</strong></span> <span class='ocrx_word' id='word_1_516' title='bbox 3488 3088 3757 3161; x_wconf 86' lang='lat' dir='ltr'><strong>languore</strong></span> 
     </span>
    </p>
   </div>
   <div class='ocr_carea' id='block_1_76' title="bbox 2123 3173 3757 3252">
    <p class='ocr_par' dir='ltr' id='par_1_76' title="bbox 2123 3173 3757 3252">
     <span class='ocr_line' id='line_1_76' title="bbox 2123 3173 3757 3252; baseline 0.006 -28"><span class='ocrx_word' id='word_1_517' title='bbox 2123 3178 2432 3242; x_wconf 89' lang='lat' dir='ltr'><strong>correptus,</strong></span> <span class='ocrx_word' id='word_1_518' title='bbox 2490 3173 2541 3226; x_wconf 89' lang='lat' dir='ltr'><strong>vi</strong></span> <span class='ocrx_word' id='word_1_519' title='bbox 2606 3173 2840 3229; x_wconf 86' lang='lat' dir='ltr'><strong>febrium</strong></span> <span class='ocrx_word' id='word_1_520' title='bbox 2892 3176 3151 3232; x_wconf 88' lang='lat' dir='ltr'><strong>nimirum</strong></span> <span class='ocrx_word' id='word_1_521' title='bbox 3201 3178 3488 3243; x_wconf 88' lang='lat' dir='ltr'><strong>laboravit,</strong></span> <span class='ocrx_word' id='word_1_522' title='bbox 3523 3181 3621 3234; x_wconf 88' lang='lat' dir='ltr'><strong>sed</strong></span> <span class='ocrx_word' id='word_1_523' title='bbox 3660 3196 3757 3252; x_wconf 89' lang='lat' dir='ltr'><strong>pa-</strong></span> 
     </span>
    </p>
   </div>
   <div class='ocr_carea' id='block_1_77' title="bbox 2124 3263 3756 3343">
    <p class='ocr_par' dir='ltr' id='par_1_77' title="bbox 2124 3263 3756 3343">
     <span class='ocr_line' id='line_1_77' title="bbox 2124 3263 3756 3343; baseline 0.008 -29"><span class='ocrx_word' id='word_1_524' title='bbox 2124 3277 2349 3331; x_wconf 90' lang='lat' dir='ltr'><strong>rumper</strong></span> <span class='ocrx_word' id='word_1_525' title='bbox 2378 3263 2570 3319; x_wconf 88' lang='lat' dir='ltr'><strong>sedato</strong></span> <span class='ocrx_word' id='word_1_526' title='bbox 2626 3264 2959 3322; x_wconf 76' lang='lat' dir='ltr'><strong>infirmitatis</strong></span> <span class='ocrx_word' id='word_1_527' title='bbox 2987 3268 3199 3332; x_wconf 86' lang='lat' dir='ltr'><strong>dolore.</strong></span> <span class='ocrx_word' id='word_1_528' title='bbox 3251 3271 3380 3325; x_wconf 89' lang='lat' dir='ltr'><strong>inde</strong></span> <span class='ocrx_word' id='word_1_529' title='bbox 3440 3271 3510 3325; x_wconf 83' lang='lat' dir='ltr'><strong>ad</strong></span> <span class='ocrx_word' id='word_1_530' title='bbox 3555 3272 3756 3343; x_wconf 85' lang='lat' dir='ltr'><strong>Erpes-</strong></span> 
     </span>
    </p>
   </div>
   <div class='ocr_carea' id='block_1_78' title="bbox 2124 3353 3755 3435">
    <p class='ocr_par' dir='ltr' id='par_1_78' title="bbox 2124 3353 3755 3435">
     <span class='ocr_line' id='line_1_78' title="bbox 2124 3353 3755 3435; baseline 0.007 -30"><span class='ocrx_word' id='word_1_531' title='bbox 2124 3359 2245 3406; x_wconf 91' lang='lat' dir='ltr'><strong>vort</strong></span> <span class='ocrx_word' id='word_1_532' title='bbox 2276 3353 2317 3387; x_wconf 84' lang='grc'>²¹</span> <span class='ocrx_word' id='word_1_533' title='bbox 2353 3353 2457 3408; x_wconf 91' lang='lat' dir='ltr'><strong>iter</strong></span> <span class='ocrx_word' id='word_1_534' title='bbox 2485 3354 2703 3422; x_wconf 85' lang='lat' dir='ltr'><strong>direxit,</strong></span> <span class='ocrx_word' id='word_1_535' title='bbox 2762 3355 2953 3428; x_wconf 85' lang='lat' dir='ltr'><strong>ibique</strong></span> <span class='ocrx_word' id='word_1_536' title='bbox 3009 3367 3236 3415; x_wconf 91' lang='lat' dir='ltr'><strong>cunctos</strong></span> <span class='ocrx_word' id='word_1_537' title='bbox 3284 3360 3571 3432; x_wconf 86' lang='lat' dir='ltr'><strong>principes</strong></span> <span class='ocrx_word' id='word_1_538' title='bbox 3598 3362 3755 3435; x_wconf 84' lang='lat' dir='ltr'><strong>regni</strong></span> 
     </span>
    </p>
   </div>
   <div class='ocr_carea' id='block_1_79' title="bbox 2124 3447 3753 3521">
    <p class='ocr_par' dir='ltr' id='par_1_79' title="bbox 2124 3447 3753 3521">
     <span class='ocr_line' id='line_1_79' title="bbox 2124 3447 3753 3521; baseline 0.007 -21"><span class='ocrx_word' id='word_1_539' title='bbox 2124 3447 2424 3502; x_wconf 88' lang='lat' dir='ltr'><strong>convenire</strong></span> <span class='ocrx_word' id='word_1_540' title='bbox 2481 3451 2767 3521; x_wconf 87' lang='lat' dir='ltr'><strong>praeepit,</strong></span> <span class='ocrx_word' id='word_1_541' title='bbox 2818 3460 2877 3505; x_wconf 91' lang='lat' dir='ltr'><strong>ut</strong></span> <span class='ocrx_word' id='word_1_542' title='bbox 2925 3468 2987 3506; x_wconf 88' lang='lat' dir='ltr'><strong>se</strong></span> <span class='ocrx_word' id='word_1_543' title='bbox 3040 3452 3273 3509; x_wconf 87' lang='lat' dir='ltr'><strong>invicem</strong></span> <span class='ocrx_word' id='word_1_544' title='bbox 3315 3455 3753 3517; x_wconf 88' lang='lat' dir='ltr'><strong>coadunarent;</strong></span> 
     </span>
    </p>
   </div>
   <div class='ocr_carea' id='block_1_80' title="bbox 2126 3539 3758 3616">
    <p class='ocr_par' dir='ltr' id='par_1_80' title="bbox 2126 3539 3758 3616">
     <span class='ocr_line' id='line_1_80' title="bbox 2126 3539 3758 3616; baseline 0.008 -26"><span class='ocrx_word' id='word_1_545' title='bbox 2126 3554 2290 3608; x_wconf 88' lang='lat' dir='ltr'><strong>quem</strong></span> <span class='ocrx_word' id='word_1_546' title='bbox 2313 3554 2541 3594; x_wconf 85' lang='lat' dir='ltr'><strong>suorum</strong></span> <span class='ocrx_word' id='word_1_547' title='bbox 2569 3539 2806 3597; x_wconf 76' lang='lat' dir='ltr'><strong>filiorum</strong></span> <span class='ocrx_word' id='word_1_548' title='bbox 2850 3544 3035 3614; x_wconf 82' lang='lat' dir='ltr'><strong>regale</strong></span> <span class='ocrx_word' id='word_1_549' title='bbox 3080 3545 3279 3599; x_wconf 89' lang='lat' dir='ltr'><strong>solium</strong></span> <span class='ocrx_word' id='word_1_550' title='bbox 3334 3547 3623 3616; x_wconf 83' lang='lat' dir='ltr'><strong>possidere</strong></span> <span class='ocrx_word' id='word_1_551' title='bbox 3656 3548 3758 3603; x_wconf 85' lang='lat' dir='ltr'><strong>eli-</strong></span> 
     </span>
    </p>
   </div>
   <div class='ocr_carea' id='block_1_81' title="bbox 2125 3627 3755 3700">
    <p class='ocr_par' dir='ltr' id='par_1_81' title="bbox 2125 3627 3755 3700">
     <span class='ocr_line' id='line_1_81' title="bbox 2125 3627 3755 3700; baseline 0.008 -23"><span class='ocrx_word' id='word_1_552' title='bbox 2125 3632 2320 3695; x_wconf 87' lang='lat' dir='ltr'><strong>gerent</strong></span> <span class='ocrx_word' id='word_1_553' title='bbox 2363 3627 2477 3696; x_wconf 87' lang='lat' dir='ltr'><strong>(an.</strong></span> <span class='ocrx_word' id='word_1_554' title='bbox 2536 3627 2685 3700; x_wconf 88' lang='lat'><strong>936).</strong></span> <span class='ocrx_word' id='word_1_555' title='bbox 2746 3629 2906 3684; x_wconf 79' lang='lat' dir='ltr'><strong>Venit</strong></span> <span class='ocrx_word' id='word_1_556' title='bbox 2961 3639 3017 3685; x_wconf 88' lang='lat' dir='ltr'><strong>et</strong></span> <span class='ocrx_word' id='word_1_557' title='bbox 3064 3632 3316 3688; x_wconf 86' lang='lat' dir='ltr'><strong>Diemoth</strong></span> <span class='ocrx_word' id='word_1_558' title='bbox 3367 3634 3413 3667; x_wconf 79' lang='grc'>²²</span> <span class='ocrx_word' id='word_1_559' title='bbox 3468 3634 3755 3690; x_wconf 85' lang='lat' dir='ltr'><strong>abbatissa</strong></span> 
     </span>
    </p>
   </div>
   <div class='ocr_carea' id='block_1_82' title="bbox 2126 3717 3755 3797">
    <p class='ocr_par' dir='ltr' id='par_1_82' title="bbox 2126 3717 3755 3797">
     <span class='ocr_line' id='line_1_82' title="bbox 2126 3717 3755 3797; baseline 0.007 -28"><span class='ocrx_word' id='word_1_560' title='bbox 2126 3717 2711 3774; x_wconf 86' lang='lat' dir='ltr'><strong>Winethehusinensis</strong></span> <span class='ocrx_word' id='word_1_561' title='bbox 2751 3721 2816 3786; x_wconf 67' lang='grc'><strong>³³,</strong></span> <span class='ocrx_word' id='word_1_562' title='bbox 2848 3731 3076 3777; x_wconf 85' lang='lat' dir='ltr'><strong>evocata</strong></span> <span class='ocrx_word' id='word_1_563' title='bbox 3130 3735 3409 3795; x_wconf 85' lang='lat' dir='ltr'><strong>pracepto</strong></span> <span class='ocrx_word' id='word_1_564' title='bbox 3466 3726 3637 3797; x_wconf 86' lang='lat' dir='ltr'><strong>regis.</strong></span> <span class='ocrx_word' id='word_1_565' title='bbox 3698 3727 3755 3781; x_wconf 82' lang='lat' dir='ltr'><strong>Et</strong></span> 
     </span>
    </p>
   </div>
   <div class='ocr_carea' id='block_1_83' title="bbox 2127 3809 3751 3885">
    <p class='ocr_par' dir='ltr' id='par_1_83' title="bbox 2127 3809 3751 3885">
     <span class='ocr_line' id='line_1_83' title="bbox 2127 3809 3751 3885; baseline 0.007 -23"><span class='ocrx_word' id='word_1_566' title='bbox 2127 3809 2328 3879; x_wconf 91' lang='lat' dir='ltr'><strong>prioris</strong></span> <span class='ocrx_word' id='word_1_567' title='bbox 2359 3810 2503 3865; x_wconf 90' lang='lat' dir='ltr'><strong>haud</strong></span> <span class='ocrx_word' id='word_1_568' title='bbox 2537 3811 2827 3868; x_wconf 88' lang='lat' dir='ltr'><strong>immemor</strong></span> <span class='ocrx_word' id='word_1_569' title='bbox 2875 3814 3137 3869; x_wconf 87' lang='lat' dir='ltr'><strong>desiderii</strong></span> <span class='ocrx_word' id='word_1_570' title='bbox 3198 3815 3533 3885; x_wconf 83' lang='lat' dir='ltr'><strong>postulabat,</strong></span> <span class='ocrx_word' id='word_1_571' title='bbox 3559 3828 3616 3871; x_wconf 90' lang='lat' dir='ltr'><strong>ut</strong></span> <span class='ocrx_word' id='word_1_572' title='bbox 3646 3819 3751 3873; x_wconf 90' lang='lat' dir='ltr'><strong>sibi</strong></span> 
     </span>
    </p>
   </div>
   <div class='ocr_carea' id='block_1_84' title="bbox 2124 3903 3759 3984">
    <p class='ocr_par' dir='ltr' id='par_1_84' title="bbox 2124 3903 3759 3984">
     <span class='ocr_line' id='line_1_84' title="bbox 2124 3903 3759 3984; baseline 0.008 -28"><span class='ocrx_word' id='word_1_573' title='bbox 2124 3903 2376 3971; x_wconf 85' lang='lat' dir='ltr'><strong>subditas</strong></span> <span class='ocrx_word' id='word_1_574' title='bbox 2388 3905 2837 3962; x_wconf 88' lang='lat' dir='ltr'><strong>sanctimoniales</strong></span> <span class='ocrx_word' id='word_1_575' title='bbox 2861 3908 2915 3961; x_wconf 93' lang='lat' dir='ltr'><strong>in</strong></span> <span class='ocrx_word' id='word_1_576' title='bbox 2951 3909 3392 3984; x_wconf 79' lang='lat' dir='ltr'><strong>Quitilingoburc</strong></span> <span class='ocrx_word' id='word_1_577' title='bbox 3414 3913 3759 3969; x_wconf 87' lang='lat' dir='ltr'><strong>consentiret</strong></span> 
     </span>
    </p>
   </div>
   <div class='ocr_carea' id='block_1_85' title="bbox 2126 3993 3752 4073">
    <p class='ocr_par' dir='ltr' id='par_1_85' title="bbox 2126 3993 3752 4073">
     <span class='ocr_line' id='line_1_85' title="bbox 2126 3993 3752 4073; baseline 0.007 -28"><span class='ocrx_word' id='word_1_578' title='bbox 2126 3993 2447 4071; x_wconf 84' lang='lat' dir='ltr'><strong>transponi;</strong></span> <span class='ocrx_word' id='word_1_579' title='bbox 2474 4010 2596 4065; x_wconf 86' lang='lat' dir='ltr'><strong>qua</strong></span> <span class='ocrx_word' id='word_1_580' title='bbox 2629 3995 2950 4065; x_wconf 88' lang='lat' dir='ltr'><strong>petitionem</strong></span> <span class='ocrx_word' id='word_1_581' title='bbox 2980 3997 3124 4071; x_wconf 88' lang='lat' dir='ltr'><strong>regis</strong></span> <span class='ocrx_word' id='word_1_582' title='bbox 3144 4006 3424 4071; x_wconf 85' lang='lat' dir='ltr'><strong>gratanter</strong></span> <span class='ocrx_word' id='word_1_583' title='bbox 3445 4002 3752 4073; x_wconf 87' lang='lat' dir='ltr'><strong>accipiens,</strong></span> 
     </span>
    </p>
   </div>
   <div class='ocr_carea' id='block_1_86' title="bbox 2126 4066 2690 4137">
    <p class='ocr_par' dir='ltr' id='par_1_86' title="bbox 2126 4066 2690 4137">
     <span class='ocr_line' id='line_1_86' title="bbox 2126 4066 2690 4137; baseline 0.002 -2"><span class='ocrx_word' id='word_1_584' title='bbox 2126 4066 2363 4136; x_wconf 87' lang='lat' dir='ltr'><strong>libenter</strong></span> <span class='ocrx_word' id='word_1_585' title='bbox 2391 4082 2447 4136; x_wconf 92' lang='lat' dir='ltr'><strong>id</strong></span> <span class='ocrx_word' id='word_1_586' title='bbox 2476 4082 2690 4137; x_wconf 90' lang='lat' dir='ltr'><strong>annuit.</strong></span> 
     </span>
    </p>
   </div>
   <div class='ocr_carea' id='block_1_87' title="bbox 2193 4170 3754 4250">
    <p class='ocr_par' dir='ltr' id='par_1_87' title="bbox 2193 4170 3754 4250">
     <span class='ocr_line' id='line_1_87' title="bbox 2193 4170 3754 4250; baseline 0.007 -26"><span class='ocrx_word' id='word_1_587' title='bbox 2193 4170 2243 4224; x_wconf 92' lang='lat'><strong>8.</strong></span> <span class='ocrx_word' id='word_1_588' title='bbox 2274 4174 2348 4226; x_wconf 84' lang='lat' dir='ltr'><strong>De</strong></span> <span class='ocrx_word' id='word_1_589' title='bbox 2386 4172 2535 4226; x_wconf 80' lang='lat' dir='ltr'><strong>obitu</strong></span> <span class='ocrx_word' id='word_1_590' title='bbox 2587 4175 2829 4227; x_wconf 72' lang='lat' dir='ltr'><strong>Heinrici</strong></span> <span class='ocrx_word' id='word_1_591' title='bbox 2852 4175 3012 4242; x_wconf 77' lang='lat' dir='ltr'><strong>regis.</strong></span> <span class='ocrx_word' id='word_1_592' title='bbox 3068 4175 3159 4229; x_wconf 85' lang='lat' dir='ltr'><strong>llis</strong></span> <span class='ocrx_word' id='word_1_593' title='bbox 3184 4176 3255 4230; x_wconf 91' lang='lat' dir='ltr'><strong>ita</strong></span> <span class='ocrx_word' id='word_1_594' title='bbox 3293 4177 3604 4250; x_wconf 84' lang='lat' dir='ltr'><strong>dispositis,</strong></span> <span class='ocrx_word' id='word_1_595' title='bbox 3660 4198 3754 4235; x_wconf 85' lang='lat' dir='ltr'><strong>rex</strong></span> 
     </span>
    </p>
   </div>
   <div class='ocr_carea' id='block_1_88' title="bbox 2127 4258 3751 4330">
    <p class='ocr_par' dir='ltr' id='par_1_88' title="bbox 2127 4258 3751 4330">
     <span class='ocr_line' id='line_1_88' title="bbox 2127 4258 3751 4330; baseline 0.007 -18"><span class='ocrx_word' id='word_1_596' title='bbox 2127 4258 2417 4314; x_wconf 84' lang='lat' dir='ltr'><strong>Heinricus</strong></span> <span class='ocrx_word' id='word_1_597' title='bbox 2451 4260 2690 4330; x_wconf 88' lang='lat' dir='ltr'><strong>perrexit</strong></span> <span class='ocrx_word' id='word_1_598' title='bbox 2726 4261 2792 4314; x_wconf 89' lang='lat' dir='ltr'><strong>ad</strong></span> <span class='ocrx_word' id='word_1_599' title='bbox 2818 4261 3088 4319; x_wconf 90' lang='lat' dir='ltr'><strong>lmilebun</strong></span> <span class='ocrx_word' id='word_1_600' title='bbox 3112 4265 3176 4330; x_wconf 59' lang='grc' dir='ltr'><strong>υ,</strong></span> <span class='ocrx_word' id='word_1_601' title='bbox 3209 4280 3396 4320; x_wconf 91' lang='lat' dir='ltr'><strong>secum</strong></span> <span class='ocrx_word' id='word_1_602' title='bbox 3424 4269 3751 4323; x_wconf 87' lang='lat' dir='ltr'><strong>comitanti-</strong></span> 
     </span>
    </p>
   </div>
   <div class='ocr_carea' id='block_1_89' title="bbox 2130 4347 3752 4421">
    <p class='ocr_par' dir='ltr' id='par_1_89' title="bbox 2130 4347 3752 4421">
     <span class='ocr_line' id='line_1_89' title="bbox 2130 4347 3752 4421; baseline 0.007 -20"><span class='ocrx_word' id='word_1_603' title='bbox 2130 4347 2233 4402; x_wconf 90' lang='lat' dir='ltr'><strong>bus</strong></span> <span class='ocrx_word' id='word_1_604' title='bbox 2273 4349 2482 4420; x_wconf 90' lang='lat' dir='ltr'><strong>paueis.</strong></span> <span class='ocrx_word' id='word_1_605' title='bbox 2519 4349 2635 4404; x_wconf 91' lang='lat' dir='ltr'><strong>lllic</strong></span> <span class='ocrx_word' id='word_1_606' title='bbox 2680 4350 2875 4405; x_wconf 78' lang='lat' dir='ltr'><strong>iterata</strong></span> <span class='ocrx_word' id='word_1_607' title='bbox 2905 4360 2988 4407; x_wconf 91' lang='lat' dir='ltr'><strong>est</strong></span> <span class='ocrx_word' id='word_1_608' title='bbox 3047 4353 3165 4421; x_wconf 89' lang='lat' dir='ltr'><strong>ejus</strong></span> <span class='ocrx_word' id='word_1_609' title='bbox 3214 4354 3529 4421; x_wconf 76' lang='lat' dir='ltr'><strong>infirmitas,</strong></span> <span class='ocrx_word' id='word_1_610' title='bbox 3557 4368 3752 4412; x_wconf 88' lang='lat' dir='ltr'><strong>etnon</strong></span> 
     </span>
    </p>
   </div>
   <div class='ocr_carea' id='block_1_90' title="bbox 413 4413 3750 4520">
    <p class='ocr_par' dir='ltr' id='par_1_90' title="bbox 413 4413 3750 4520">
     <span class='ocr_line' id='line_1_90' title="bbox 413 4413 3750 4520; baseline 0.011 -52"><span class='ocrx_word' id='word_1_611' title='bbox 413 4413 508 4469; x_wconf 88' lang='lat' dir='ltr'><strong>det</strong></span> <span class='ocrx_word' id='word_1_612' title='bbox 544 4416 602 4501; x_wconf 75' lang='lat' dir='ltr'><strong>in</strong></span> <span class='ocrx_word' id='word_1_613' title='bbox 634 4418 945 4520; x_wconf 79' lang='lat' dir='ltr'><strong>nepotibus.</strong></span> <span class='ocrx_word' id='word_1_614' title='bbox 991 4420 1030 4475; x_wconf 90' lang='grc' dir='ltr'><strong>Ο</strong></span> <span class='ocrx_word' id='word_1_615' title='bbox 1060 4421 1227 4489; x_wconf 89' lang='lat' dir='ltr'><strong>beati,</strong></span> <span class='ocrx_word' id='word_1_616' title='bbox 1261 4425 1353 4496; x_wconf 91' lang='lat' dir='ltr'><strong>qui</strong></span> <span class='ocrx_word' id='word_1_617' title='bbox 1395 4430 1698 4520; x_wconf 83' lang='lat' dir='ltr'><strong>nonsolum</strong></span> <span class='ocrx_word' id='word_1_618' title='bbox 1718 4432 1935 4492; x_wconf 88' lang='lat' dir='ltr'><strong>fuerant</strong></span> <span class='ocrx_word' id='word_1_619' title='bbox 1968 4438 2022 4494; x_wconf 91' lang='lat' dir='ltr'><strong>in</strong></span> <span class='ocrx_word' id='word_1_620' title='bbox 2047 4452 2099 4520; x_wconf 72' lang='grc' dir='ltr'>ῃ</span> <span class='ocrx_word' id='word_1_621' title='bbox 2130 4413 2301 4499; x_wconf 78' lang='lat' dir='ltr'><strong>multo</strong></span> <span class='ocrx_word' id='word_1_622' title='bbox 2335 4453 2457 4515; x_wconf 93' lang='lat' dir='ltr'><strong>post</strong></span> <span class='ocrx_word' id='word_1_623' title='bbox 2486 4445 3030 4516; x_wconf 88' lang='lat' dir='ltr'><strong>sequebaturmortis</strong></span> <span class='ocrx_word' id='word_1_624' title='bbox 3056 4413 3467 4520; x_wconf 67' lang='lat' dir='ltr'><strong>:isperitasUut.</strong></span> <span class='ocrx_word' id='word_1_625' title='bbox 3501 4453 3577 4519; x_wconf 77' lang='lat'><strong>2).</strong></span> <span class='ocrx_word' id='word_1_626' title='bbox 3616 4453 3750 4507; x_wconf 89' lang='lat' dir='ltr'><strong>Cum</strong></span> 
     </span>
    </p>
   </div>
   <div class='ocr_carea' id='block_1_91' title="bbox 405 4509 2021 4596">
    <p class='ocr_par' dir='ltr' id='par_1_91' title="bbox 405 4509 2021 4596">
     <span class='ocr_line' id='line_1_91' title="bbox 405 4509 2021 4596; baseline 0.017 -38"><span class='ocrx_word' id='word_1_627' title='bbox 405 4522 566 4561; x_wconf 84' lang='lat' dir='ltr'><strong>carne</strong></span> <span class='ocrx_word' id='word_1_628' title='bbox 594 4509 907 4574; x_wconf 90' lang='lat' dir='ltr'><strong>coadunati,</strong></span> <span class='ocrx_word' id='word_1_629' title='bbox 955 4514 1052 4568; x_wconf 88' lang='lat' dir='ltr'><strong>sed</strong></span> <span class='ocrx_word' id='word_1_630' title='bbox 1094 4514 1150 4569; x_wconf 93' lang='lat' dir='ltr'><strong>in</strong></span> <span class='ocrx_word' id='word_1_631' title='bbox 1189 4518 1375 4575; x_wconf 91' lang='lat' dir='ltr'><strong>animo</strong></span> <span class='ocrx_word' id='word_1_632' title='bbox 1425 4514 1536 4577; x_wconf 85' lang='lat' dir='ltr'><strong>uno</strong></span> <span class='ocrx_word' id='word_1_633' title='bbox 1599 4531 1653 4578; x_wconf 87' lang='lat' dir='ltr'><strong>et</strong></span> <span class='ocrx_word' id='word_1_634' title='bbox 1693 4526 1889 4596; x_wconf 89' lang='lat' dir='ltr'><strong>spiritu</strong></span> <span class='ocrx_word' id='word_1_635' title='bbox 1954 4533 2021 4585; x_wconf 90' lang='lat' dir='ltr'><strong>ad</strong></span> 
     </span>
    </p>
   </div>
   <div class='ocr_carea' id='block_1_92' title="bbox 403 4599 2023 4677">
    <p class='ocr_par' dir='ltr' id='par_1_92' title="bbox 403 4599 2023 4677">
     <span class='ocr_line' id='line_1_92' title="bbox 403 4599 2023 4677; baseline 0.017 -29"><span class='ocrx_word' id='word_1_636' title='bbox 403 4610 567 4650; x_wconf 90' lang='lat' dir='ltr'><strong>omne</strong></span> <span class='ocrx_word' id='word_1_637' title='bbox 589 4613 730 4668; x_wconf 84' lang='lat' dir='ltr'><strong>Opus</strong></span> <span class='ocrx_word' id='word_1_638' title='bbox 761 4599 969 4656; x_wconf 89' lang='lat' dir='ltr'><strong>bonum</strong></span> <span class='ocrx_word' id='word_1_639' title='bbox 1028 4607 1265 4677; x_wconf 91' lang='lat' dir='ltr'><strong>prompti</strong></span> <span class='ocrx_word' id='word_1_640' title='bbox 1297 4607 1310 4661; x_wconf 86' lang='lat' dir='ltr'><strong>l</strong></span> <span class='ocrx_word' id='word_1_641' title='bbox 1355 4609 1532 4665; x_wconf 83' lang='lat' dir='ltr'><strong>inerat</strong></span> <span class='ocrx_word' id='word_1_642' title='bbox 1559 4613 1668 4668; x_wconf 87' lang='lat' dir='ltr'><strong>illis</strong></span> <span class='ocrx_word' id='word_1_643' title='bbox 1699 4632 1841 4671; x_wconf 90' lang='lat' dir='ltr'><strong>unus</strong></span> <span class='ocrx_word' id='word_1_644' title='bbox 1868 4634 2023 4675; x_wconf 91' lang='lat' dir='ltr'><strong>amor</strong></span> 
     </span>
    </p>
   </div>
   <div class='ocr_carea' id='block_1_93' title="bbox 401 4683 2021 4777">
    <p class='ocr_par' dir='ltr' id='par_1_93' title="bbox 401 4683 2021 4777">
     <span class='ocr_line' id='line_1_93' title="bbox 401 4683 2021 4777; baseline 0.017 -41"><span class='ocrx_word' id='word_1_645' title='bbox 401 4683 454 4737; x_wconf 91' lang='lat' dir='ltr'><strong>in</strong></span> <span class='ocrx_word' id='word_1_646' title='bbox 488 4684 720 4754; x_wconf 81' lang='lat' dir='ltr'><strong>Christo,</strong></span> <span class='ocrx_word' id='word_1_647' title='bbox 753 4704 911 4760; x_wconf 85' lang='lat' dir='ltr'><strong>aqua</strong></span> <span class='ocrx_word' id='word_1_648' title='bbox 967 4693 1297 4752; x_wconf 89' lang='lat' dir='ltr'><strong>coadunatio</strong></span> <span class='ocrx_word' id='word_1_649' title='bbox 1337 4698 1391 4751; x_wconf 93' lang='lat' dir='ltr'><strong>in</strong></span> <span class='ocrx_word' id='word_1_650' title='bbox 1452 4699 1621 4769; x_wconf 91' lang='lat' dir='ltr'><strong>bono,</strong></span> <span class='ocrx_word' id='word_1_651' title='bbox 1645 4703 1765 4760; x_wconf 87' lang='lat' dir='ltr'><strong>Deo</strong></span> <span class='ocrx_word' id='word_1_652' title='bbox 1796 4706 2021 4777; x_wconf 90' lang='lat' dir='ltr'><strong>placens</strong></span> 
     </span>
    </p>
   </div>
   <div class='ocr_carea' id='block_1_94' title="bbox 398 4774 2017 4863">
    <p class='ocr_par' dir='ltr' id='par_1_94' title="bbox 398 4774 2017 4863">
     <span class='ocr_line' id='line_1_94' title="bbox 398 4774 2017 4863; baseline 0.016 -36"><span class='ocrx_word' id='word_1_653' title='bbox 398 4774 671 4844; x_wconf 89' lang='lat' dir='ltr'><strong>voluntas,</strong></span> <span class='ocrx_word' id='word_1_654' title='bbox 703 4786 758 4833; x_wconf 89' lang='lat' dir='ltr'><strong>et</strong></span> <span class='ocrx_word' id='word_1_655' title='bbox 789 4787 937 4836; x_wconf 90' lang='lat' dir='ltr'><strong>recta</strong></span> <span class='ocrx_word' id='word_1_656' title='bbox 983 4786 1285 4858; x_wconf 86' lang='lat' dir='ltr'><strong>peragendi</strong></span> <span class='ocrx_word' id='word_1_657' title='bbox 1342 4788 1587 4856; x_wconf 90' lang='lat' dir='ltr'><strong>facultas,</strong></span> <span class='ocrx_word' id='word_1_658' title='bbox 1649 4810 1747 4863; x_wconf 87' lang='lat' dir='ltr'><strong>par</strong></span> <span class='ocrx_word' id='word_1_659' title='bbox 1794 4774 2017 4853; x_wconf 84' lang='lat' dir='ltr'><strong>dilectio</strong></span> 
     </span>
    </p>
   </div>
   <div class='ocr_carea' id='block_1_95' title="bbox 398 4877 2015 4965">
    <p class='ocr_par' dir='ltr' id='par_1_95' title="bbox 398 4877 2015 4965">
     <span class='ocr_line' id='line_1_95' title="bbox 398 4877 2015 4965; baseline 0.016 -34"><span class='ocrx_word' id='word_1_660' title='bbox 398 4877 452 4931; x_wconf 84' lang='lat' dir='ltr'><strong>in</strong></span> <span class='ocrx_word' id='word_1_661' title='bbox 483 4880 783 4948; x_wconf 90' lang='lat' dir='ltr'><strong>proximos,</strong></span> <span class='ocrx_word' id='word_1_662' title='bbox 812 4886 1041 4956; x_wconf 88' lang='lat' dir='ltr'><strong>aqualis</strong></span> <span class='ocrx_word' id='word_1_663' title='bbox 1068 4892 1378 4959; x_wconf 86' lang='lat' dir='ltr'><strong>compassio</strong></span> <span class='ocrx_word' id='word_1_664' title='bbox 1402 4894 1456 4948; x_wconf 92' lang='lat' dir='ltr'><strong>in</strong></span> <span class='ocrx_word' id='word_1_665' title='bbox 1497 4896 1775 4965; x_wconf 88' lang='lat' dir='ltr'><strong>subjectos</strong></span> <span class='ocrx_word' id='word_1_666' title='bbox 1815 4899 1853 4954; x_wconf 92' lang='grc' dir='ltr'>Ο</span> <span class='ocrx_word' id='word_1_667' title='bbox 1885 4901 2015 4955; x_wconf 84' lang='lat' dir='ltr'><strong>bea-</strong></span> 
     </span>
    </p>
   </div>
   <div class='ocr_carea' id='block_1_96' title="bbox 397 4970 2015 5057">
    <p class='ocr_par' dir='ltr' id='par_1_96' title="bbox 397 4970 2015 5057">
     <span class='ocr_line' id='line_1_96' title="bbox 397 4970 2015 5057; baseline 0.015 -36"><span class='ocrx_word' id='word_1_668' title='bbox 397 4974 509 5022; x_wconf 90' lang='lat' dir='ltr'><strong>tum</strong></span> <span class='ocrx_word' id='word_1_669' title='bbox 542 4970 716 5025; x_wconf 88' lang='lat' dir='ltr'><strong>virum</strong></span> <span class='ocrx_word' id='word_1_670' title='bbox 746 4972 801 5026; x_wconf 92' lang='lat' dir='ltr'><strong>in</strong></span> <span class='ocrx_word' id='word_1_671' title='bbox 843 4974 993 5029; x_wconf 91' lang='lat' dir='ltr'><strong>cultu</strong></span> <span class='ocrx_word' id='word_1_672' title='bbox 1033 4976 1203 5033; x_wconf 91' lang='lat' dir='ltr'><strong>divini</strong></span> <span class='ocrx_word' id='word_1_673' title='bbox 1259 4980 1632 5039; x_wconf 89' lang='lat' dir='ltr'><strong>famulaminis</strong></span> <span class='ocrx_word' id='word_1_674' title='bbox 1688 4988 2015 5057; x_wconf 88' lang='lat' dir='ltr'><strong>studiosum,</strong></span> 
     </span>
    </p>
   </div>
   <div class='ocr_carea' id='block_1_97' title="bbox 396 5063 2019 5155">
    <p class='ocr_par' dir='ltr' id='par_1_97' title="bbox 396 5063 2019 5155">
     <span class='ocr_line' id='line_1_97' title="bbox 396 5063 2019 5155; baseline 0.014 -41"><span class='ocrx_word' id='word_1_675' title='bbox 396 5066 453 5114; x_wconf 91' lang='lat' dir='ltr'><strong>et</strong></span> <span class='ocrx_word' id='word_1_676' title='bbox 480 5063 760 5137; x_wconf 88' lang='lat' dir='ltr'><strong>egregiam</strong></span> <span class='ocrx_word' id='word_1_677' title='bbox 786 5066 1098 5138; x_wconf 90' lang='lat' dir='ltr'><strong>mulierem,</strong></span> <span class='ocrx_word' id='word_1_678' title='bbox 1120 5088 1241 5144; x_wconf 88' lang='lat' dir='ltr'><strong>qua</strong></span> <span class='ocrx_word' id='word_1_679' title='bbox 1264 5075 1391 5130; x_wconf 89' lang='lat' dir='ltr'><strong>totis</strong></span> <span class='ocrx_word' id='word_1_680' title='bbox 1411 5076 1721 5134; x_wconf 88' lang='lat' dir='ltr'><strong>visceribus</strong></span> <span class='ocrx_word' id='word_1_681' title='bbox 1752 5080 2019 5155; x_wconf 85' lang='lat' dir='ltr'><strong>diligebat</strong></span> 
     </span>
    </p>
   </div>
   <div class='ocr_carea' id='block_1_98' title="bbox 399 5156 2015 5245">
    <p class='ocr_par' dir='ltr' id='par_1_98' title="bbox 399 5156 2015 5245">
     <span class='ocr_line' id='line_1_98' title="bbox 399 5156 2015 5245; baseline 0.014 -37"><span class='ocrx_word' id='word_1_682' title='bbox 399 5156 669 5213; x_wconf 69' lang='lat' dir='ltr'><strong>Christum</strong></span> <span class='ocrx_word' id='word_1_683' title='bbox 703 5163 920 5233; x_wconf 78' lang='lat' dir='ltr'><strong>regem!</strong></span> <span class='ocrx_word' id='word_1_684' title='bbox 949 5164 1066 5221; x_wconf 83' lang='lat' dir='ltr'><strong>Non</strong></span> <span class='ocrx_word' id='word_1_685' title='bbox 1104 5183 1234 5241; x_wconf 85' lang='lat' dir='ltr'><strong>ergo</strong></span> <span class='ocrx_word' id='word_1_686' title='bbox 1265 5177 1349 5224; x_wconf 89' lang='lat' dir='ltr'><strong>est</strong></span> <span class='ocrx_word' id='word_1_687' title='bbox 1379 5170 1743 5227; x_wconf 91' lang='lat' dir='ltr'><strong>dubitandum</strong></span> <span class='ocrx_word' id='word_1_688' title='bbox 1771 5176 1904 5245; x_wconf 91' lang='lat' dir='ltr'><strong>quin</strong></span> <span class='ocrx_word' id='word_1_689' title='bbox 1924 5177 2015 5232; x_wconf 89' lang='lat' dir='ltr'><strong>Dei</strong></span> 
     </span>
    </p>
   </div>
   <div class='ocr_carea' id='block_1_99' title="bbox 395 5247 2018 5335">
    <p class='ocr_par' dir='ltr' id='par_1_99' title="bbox 395 5247 2018 5335">
     <span class='ocr_line' id='line_1_99' title="bbox 395 5247 2018 5335; baseline 0.012 -35"><span class='ocrx_word' id='word_1_690' title='bbox 395 5247 575 5320; x_wconf 87' lang='lat' dir='ltr'><strong>gratia</strong></span> <span class='ocrx_word' id='word_1_691' title='bbox 612 5267 760 5308; x_wconf 90' lang='lat' dir='ltr'><strong>nunc</strong></span> <span class='ocrx_word' id='word_1_692' title='bbox 793 5258 1144 5329; x_wconf 88' lang='lat' dir='ltr'><strong>perceperint</strong></span> <span class='ocrx_word' id='word_1_693' title='bbox 1169 5260 1451 5330; x_wconf 89' lang='lat' dir='ltr'><strong>pramium</strong></span> <span class='ocrx_word' id='word_1_694' title='bbox 1485 5262 1782 5335; x_wconf 86' lang='lat' dir='ltr'><strong>virginitati</strong></span> <span class='ocrx_word' id='word_1_695' title='bbox 1834 5266 2018 5335; x_wconf 86' lang='lat' dir='ltr'><strong>proxi-</strong></span> 
     </span>
    </p>
   </div>
   <div class='ocr_carea' id='block_1_100' title="bbox 2123 4536 3751 4610">
    <p class='ocr_par' dir='ltr' id='par_1_100' title="bbox 2123 4536 3751 4610">
     <span class='ocr_line' id='line_1_100' title="bbox 2123 4536 3751 4610; baseline 0.007 -22"><span class='ocrx_word' id='word_1_696' title='bbox 2123 4545 2305 4589; x_wconf 90' lang='lat' dir='ltr'><strong>autem</strong></span> <span class='ocrx_word' id='word_1_697' title='bbox 2329 4536 2560 4593; x_wconf 89' lang='lat' dir='ltr'><strong>sentiret</strong></span> <span class='ocrx_word' id='word_1_698' title='bbox 2584 4538 2667 4592; x_wconf 91' lang='lat' dir='ltr'><strong>sui</strong></span> <span class='ocrx_word' id='word_1_699' title='bbox 2700 4540 2949 4610; x_wconf 89' lang='lat' dir='ltr'><strong>corporis</strong></span> <span class='ocrx_word' id='word_1_700' title='bbox 2971 4540 3394 4597; x_wconf 90' lang='lat' dir='ltr'><strong>dissolutionem</strong></span> <span class='ocrx_word' id='word_1_701' title='bbox 3429 4544 3751 4609; x_wconf 85' lang='lat' dir='ltr'><strong>imminere,</strong></span> 
     </span>
    </p>
   </div>
   <div class='ocr_carea' id='block_1_101' title="bbox 2121 4623 3753 4703">
    <p class='ocr_par' dir='ltr' id='par_1_101' title="bbox 2121 4623 3753 4703">
     <span class='ocr_line' id='line_1_101' title="bbox 2121 4623 3753 4703; baseline 0.006 -27"><span class='ocrx_word' id='word_1_702' title='bbox 2121 4623 2365 4697; x_wconf 88' lang='lat' dir='ltr'><strong>reginam</strong></span> <span class='ocrx_word' id='word_1_703' title='bbox 2420 4625 2488 4679; x_wconf 88' lang='lat' dir='ltr'><strong>ad</strong></span> <span class='ocrx_word' id='word_1_704' title='bbox 2546 4642 2607 4680; x_wconf 92' lang='lat' dir='ltr'><strong>se</strong></span> <span class='ocrx_word' id='word_1_705' title='bbox 2664 4642 2889 4695; x_wconf 88' lang='lat' dir='ltr'><strong>vocans,</strong></span> <span class='ocrx_word' id='word_1_706' title='bbox 2944 4629 3113 4684; x_wconf 88' lang='lat' dir='ltr'><strong>multa</strong></span> <span class='ocrx_word' id='word_1_707' title='bbox 3140 4646 3263 4685; x_wconf 91' lang='lat' dir='ltr'><strong>cum</strong></span> <span class='ocrx_word' id='word_1_708' title='bbox 3299 4631 3417 4701; x_wconf 88' lang='lat' dir='ltr'><strong>ipsa</strong></span> <span class='ocrx_word' id='word_1_709' title='bbox 3439 4632 3753 4703; x_wconf 80' lang='lat' dir='ltr'><strong>disputavit</strong></span> 
     </span>
    </p>
   </div>
   <div class='ocr_carea' id='block_1_102' title="bbox 2119 4723 3754 4790">
    <p class='ocr_par' dir='ltr' id='par_1_102' title="bbox 2119 4723 3754 4790">
     <span class='ocr_line' id='line_1_102' title="bbox 2119 4723 3754 4790; baseline 0.007 -21"><span class='ocrx_word' id='word_1_710' title='bbox 2119 4723 2350 4781; x_wconf 91' lang='lat' dir='ltr'><strong>secreta,</strong></span> <span class='ocrx_word' id='word_1_711' title='bbox 2407 4725 2461 4772; x_wconf 90' lang='lat' dir='ltr'><strong>et</strong></span> <span class='ocrx_word' id='word_1_712' title='bbox 2518 4726 2794 4790; x_wconf 88' lang='lat' dir='ltr'><strong>postremo</strong></span> <span class='ocrx_word' id='word_1_713' title='bbox 2853 4738 3163 4777; x_wconf 85' lang='lat' dir='ltr'><strong>sermonem</strong></span> <span class='ocrx_word' id='word_1_714' title='bbox 3226 4724 3431 4779; x_wconf 84' lang='lat' dir='ltr'><strong>talibus</strong></span> <span class='ocrx_word' id='word_1_715' title='bbox 3470 4729 3754 4781; x_wconf 89' lang='lat' dir='ltr'><strong>conclusit</strong></span> 
     </span>
    </p>
   </div>
   <div class='ocr_carea' id='block_1_103' title="bbox 2117 4809 3756 4885">
    <p class='ocr_par' dir='ltr' id='par_1_103' title="bbox 2117 4809 3756 4885">
     <span class='ocr_line' id='line_1_103' title="bbox 2117 4809 3756 4885; baseline 0.009 -26"><span class='ocrx_word' id='word_1_716' title='bbox 2117 4809 2299 4864; x_wconf 88' lang='lat' dir='ltr'><strong>verbis</strong></span> <span class='ocrx_word' id='word_1_717' title='bbox 2329 4829 2339 4863; x_wconf 79' lang='grc' dir='ltr'>ε</span> <span class='ocrx_word' id='word_1_718' title='bbox 2371 4842 2389 4855; x_wconf 74' lang='grc' dir='ltr'>η</span> <span class='ocrx_word' id='word_1_719' title='bbox 2424 4812 2462 4866; x_wconf 93' lang='grc' dir='ltr'><strong>Ο</strong></span> <span class='ocrx_word' id='word_1_720' title='bbox 2505 4814 2664 4868; x_wconf 92' lang='lat' dir='ltr'><strong>nobis</strong></span> <span class='ocrx_word' id='word_1_721' title='bbox 2693 4830 2912 4885; x_wconf 85' lang='lat' dir='ltr'><strong>semper</strong></span> <span class='ocrx_word' id='word_1_722' title='bbox 2951 4815 3216 4872; x_wconf 85' lang='lat' dir='ltr'><strong>fidissima</strong></span> <span class='ocrx_word' id='word_1_723' title='bbox 3270 4829 3323 4872; x_wconf 89' lang='lat' dir='ltr'><strong>et</strong></span> <span class='ocrx_word' id='word_1_724' title='bbox 3355 4820 3556 4874; x_wconf 89' lang='lat' dir='ltr'><strong>merito</strong></span> <span class='ocrx_word' id='word_1_725' title='bbox 3605 4820 3756 4875; x_wconf 89' lang='lat' dir='ltr'><strong>dile-</strong></span> 
     </span>
    </p>
   </div>
   <div class='ocr_carea' id='block_1_104' title="bbox 2117 4900 3749 4980">
    <p class='ocr_par' dir='ltr' id='par_1_104' title="bbox 2117 4900 3749 4980">
     <span class='ocr_line' id='line_1_104' title="bbox 2117 4900 3749 4980; baseline 0.007 -25"><span class='ocrx_word' id='word_1_726' title='bbox 2117 4900 2384 4970; x_wconf 88' lang='lat' dir='ltr'><strong>ctissima,</strong></span> <span class='ocrx_word' id='word_1_727' title='bbox 2426 4902 2639 4959; x_wconf 90' lang='lat' dir='ltr'><strong>Christo</strong></span> <span class='ocrx_word' id='word_1_728' title='bbox 2669 4905 2872 4978; x_wconf 85' lang='lat' dir='ltr'><strong>gratias</strong></span> <span class='ocrx_word' id='word_1_729' title='bbox 2900 4907 3114 4978; x_wconf 82' lang='lat' dir='ltr'><strong>agimus</strong></span> <span class='ocrx_word' id='word_1_730' title='bbox 3133 4907 3279 4978; x_wconf 92' lang='lat' dir='ltr'><strong>quod</strong></span> <span class='ocrx_word' id='word_1_731' title='bbox 3301 4914 3353 4962; x_wconf 90' lang='lat' dir='ltr'><strong>te</strong></span> <span class='ocrx_word' id='word_1_732' title='bbox 3382 4913 3749 4980; x_wconf 87' lang='lat' dir='ltr'><strong>superstitem</strong></span> 
     </span>
    </p>
   </div>
   <div class='ocr_carea' id='block_1_105' title="bbox 2121 4994 3752 5068">
    <p class='ocr_par' dir='ltr' id='par_1_105' title="bbox 2121 4994 3752 5068">
     <span class='ocr_line' id='line_1_105' title="bbox 2121 4994 3752 5068; baseline 0.006 -21"><span class='ocrx_word' id='word_1_733' title='bbox 2121 4994 2506 5065; x_wconf 91' lang='lat' dir='ltr'><strong>relinquimus.</strong></span> <span class='ocrx_word' id='word_1_734' title='bbox 2530 4996 2662 5050; x_wconf 89' lang='lat' dir='ltr'><strong>Nam</strong></span> <span class='ocrx_word' id='word_1_735' title='bbox 2704 4996 2888 5051; x_wconf 91' lang='lat' dir='ltr'><strong>nullus</strong></span> <span class='ocrx_word' id='word_1_736' title='bbox 2936 4998 3041 5052; x_wconf 90' lang='lat' dir='ltr'><strong>sibi</strong></span> <span class='ocrx_word' id='word_1_737' title='bbox 3082 4998 3334 5068; x_wconf 74' lang='lat' dir='ltr'><strong>adiunxit</strong></span> <span class='ocrx_word' id='word_1_738' title='bbox 3362 5000 3407 5034; x_wconf 76' lang='grc'><strong>³⁵</strong></span> <span class='ocrx_word' id='word_1_739' title='bbox 3453 5001 3752 5057; x_wconf 88' lang='lat' dir='ltr'><strong>mulierem</strong></span> 
     </span>
    </p>
   </div>
   <div class='ocr_carea' id='block_1_106' title="bbox 2121 5087 3753 5169">
    <p class='ocr_par' dir='ltr' id='par_1_106' title="bbox 2121 5087 3753 5169">
     <span class='ocr_line' id='line_1_106' title="bbox 2121 5087 3753 5169; baseline 0.007 -28"><span class='ocrx_word' id='word_1_740' title='bbox 2121 5087 2227 5144; x_wconf 80' lang='lat' dir='ltr'><strong>fide</strong></span> <span class='ocrx_word' id='word_1_741' title='bbox 2261 5088 2582 5157; x_wconf 81' lang='lat' dir='ltr'><strong>firmiorem,</strong></span> <span class='ocrx_word' id='word_1_742' title='bbox 2619 5091 2674 5145; x_wconf 91' lang='lat' dir='ltr'><strong>in</strong></span> <span class='ocrx_word' id='word_1_743' title='bbox 2705 5092 2853 5146; x_wconf 91' lang='lat' dir='ltr'><strong>omni</strong></span> <span class='ocrx_word' id='word_1_744' title='bbox 2887 5092 3035 5148; x_wconf 92' lang='lat' dir='ltr'><strong>bono</strong></span> <span class='ocrx_word' id='word_1_745' title='bbox 3068 5092 3521 5163; x_wconf 87' lang='lat' dir='ltr'><strong>probabiliorem.</strong></span> <span class='ocrx_word' id='word_1_746' title='bbox 3554 5096 3753 5169; x_wconf 85' lang='lat' dir='ltr'><strong>Itaque</strong></span> 
     </span>
    </p>
   </div>
   <div class='ocr_carea' id='block_1_107' title="bbox 2116 5178 3750 5257">
    <p class='ocr_par' dir='ltr' id='par_1_107' title="bbox 2116 5178 3750 5257">
     <span class='ocr_line' id='line_1_107' title="bbox 2116 5178 3750 5257; baseline 0.009 -26"><span class='ocrx_word' id='word_1_747' title='bbox 2116 5178 2346 5251; x_wconf 85' lang='lat' dir='ltr'><strong>gratiam</strong></span> <span class='ocrx_word' id='word_1_748' title='bbox 2382 5178 2587 5235; x_wconf 80' lang='lat' dir='ltr'><strong>habeas</strong></span> <span class='ocrx_word' id='word_1_749' title='bbox 2611 5182 2759 5252; x_wconf 93' lang='lat' dir='ltr'><strong>quod</strong></span> <span class='ocrx_word' id='word_1_750' title='bbox 2817 5198 2918 5237; x_wconf 88' lang='lat' dir='ltr'><strong>nos</strong></span> <span class='ocrx_word' id='word_1_751' title='bbox 2949 5182 3143 5238; x_wconf 86' lang='lat' dir='ltr'><strong>sedulo</strong></span> <span class='ocrx_word' id='word_1_752' title='bbox 3196 5182 3461 5257; x_wconf 88' lang='lat' dir='ltr'><strong>mitigasti</strong></span> <span class='ocrx_word' id='word_1_753' title='bbox 3516 5185 3750 5246; x_wconf 86' lang='lat' dir='ltr'><strong>iratum.</strong></span> 
     </span>
    </p>
   </div>
   <div class='ocr_carea' id='block_1_108' title="bbox 2117 5267 3754 5338">
    <p class='ocr_par' dir='ltr' id='par_1_108' title="bbox 2117 5267 3754 5338">
     <span class='ocr_line' id='line_1_108' title="bbox 2117 5267 3754 5338; baseline 0.002 -16"><span class='ocrx_word' id='word_1_754' title='bbox 2117 5275 2171 5323; x_wconf 89' lang='lat' dir='ltr'><strong>et</strong></span> <span class='ocrx_word' id='word_1_755' title='bbox 2200 5267 2255 5321; x_wconf 90' lang='lat' dir='ltr'><strong>in</strong></span> <span class='ocrx_word' id='word_1_756' title='bbox 2282 5268 2431 5323; x_wconf 88' lang='lat' dir='ltr'><strong>omni</strong></span> <span class='ocrx_word' id='word_1_757' title='bbox 2469 5285 2523 5322; x_wconf 88' lang='lat' dir='ltr'><strong>re</strong></span> <span class='ocrx_word' id='word_1_758' title='bbox 2556 5269 2688 5324; x_wconf 90' lang='lat' dir='ltr'><strong>utile</strong></span> <span class='ocrx_word' id='word_1_759' title='bbox 2720 5268 2886 5326; x_wconf 88' lang='lat' dir='ltr'><strong>nobis</strong></span> <span class='ocrx_word' id='word_1_760' title='bbox 2912 5269 3117 5325; x_wconf 89' lang='lat' dir='ltr'><strong>dedisti</strong></span> <span class='ocrx_word' id='word_1_761' title='bbox 3162 5270 3480 5338; x_wconf 89' lang='lat' dir='ltr'><strong>consilium,</strong></span> <span class='ocrx_word' id='word_1_762' title='bbox 3505 5289 3612 5329; x_wconf 88' lang='lat' dir='ltr'><strong>nos</strong></span> <span class='ocrx_word' id='word_1_763' title='bbox 3644 5291 3754 5330; x_wconf 81' lang='lat' dir='ltr'><strong>sa-</strong></span> 
     </span>
    </p>
   </div>
   <div class='ocr_carea' id='block_1_109' title="bbox 1751 5394 2377 5453">
    <p class='ocr_par' dir='ltr' id='par_1_109' title="bbox 1751 5394 2377 5453">
     <span class='ocr_line' id='line_1_109' title="bbox 1751 5394 2377 5453; baseline 0.01 -7"><span class='ocrx_word' id='word_1_764' title='bbox 1751 5394 1969 5449; x_wconf 70' lang='lat' dir='ltr'><strong>VARI/1&#39;1</strong></span> <span class='ocrx_word' id='word_1_765' title='bbox 2002 5397 2377 5453; x_wconf 86' lang='lat' dir='ltr'><strong>LECTIONES.</strong></span> 
     </span>
    </p>
   </div>
   <div class='ocr_carea' id='block_1_110' title="bbox 472 5512 3747 5601">
    <p class='ocr_par' dir='ltr' id='par_1_110' title="bbox 472 5512 3747 5601">
     <span class='ocr_line' id='line_1_110' title="bbox 472 5512 3747 5601; baseline 0.005 -32"><span class='ocrx_word' id='word_1_766' title='bbox 472 5513 511 5601; x_wconf 54' lang='lat'><strong>‘3</strong></span> <span class='ocrx_word' id='word_1_767' title='bbox 549 5529 806 5601; x_wconf 78' lang='lat' dir='ltr'><strong>egressus</strong></span> <span class='ocrx_word' id='word_1_768' title='bbox 843 5518 896 5601; x_wconf 53' lang='grc' dir='ltr'><strong>2Γ</strong></span> <span class='ocrx_word' id='word_1_769' title='bbox 929 5520 982 5600; x_wconf 67' lang='grc' dir='ltr'><strong>β,</strong></span> <span class='ocrx_word' id='word_1_770' title='bbox 1014 5536 1298 5601; x_wconf 70' lang='lat' dir='ltr'><strong>regressus</strong></span> <span class='ocrx_word' id='word_1_771' title='bbox 1331 5524 1379 5577; x_wconf 83' lang='grc'><strong>1.</strong></span> <span class='ocrx_word' id='word_1_772' title='bbox 1444 5525 1485 5558; x_wconf 82' lang='grc'><strong>¹⁸</strong></span> <span class='ocrx_word' id='word_1_773' title='bbox 1509 5528 1591 5601; x_wconf 59' lang='grc' dir='ltr'><strong>τρια</strong></span> <span class='ocrx_word' id='word_1_774' title='bbox 1627 5512 1854 5594; x_wconf 63' lang='lat' dir='ltr'><strong>corrigo.</strong></span> <span class='ocrx_word' id='word_1_775' title='bbox 1901 5527 1960 5601; x_wconf 87' lang='lat' dir='ltr'><strong>1n</strong></span> <span class='ocrx_word' id='word_1_776' title='bbox 2008 5525 2213 5601; x_wconf 71' lang='lat' dir='ltr'><strong>fiducia</strong></span> <span class='ocrx_word' id='word_1_777' title='bbox 2237 5530 2288 5583; x_wconf 77' lang='grc'><strong>1.</strong></span> <span class='ocrx_word' id='word_1_778' title='bbox 2349 5534 2401 5584; x_wconf 85' lang='lat' dir='ltr'><strong>et</strong></span> <span class='ocrx_word' id='word_1_779' title='bbox 2430 5531 2510 5584; x_wconf 82' lang='lat' dir='ltr'><strong>ed.</strong></span> <span class='ocrx_word' id='word_1_780' title='bbox 2551 5531 2592 5564; x_wconf 80' lang='grc'>¹⁹</span> <span class='ocrx_word' id='word_1_781' title='bbox 2634 5545 2812 5585; x_wconf 84' lang='lat' dir='ltr'><strong>uocem</strong></span> <span class='ocrx_word' id='word_1_782' title='bbox 2834 5532 3012 5601; x_wconf 81' lang='lat' dir='ltr'><strong>recepi</strong></span> <span class='ocrx_word' id='word_1_783' title='bbox 3042 5546 3110 5585; x_wconf 70' lang='lat' dir='ltr'><strong>ea:</strong></span> <span class='ocrx_word' id='word_1_784' title='bbox 3138 5530 3459 5585; x_wconf 78' lang='lat' dir='ltr'><strong>Ekkehardo</strong></span> <span class='ocrx_word' id='word_1_785' title='bbox 3485 5531 3591 5600; x_wconf 73' lang='lat' dir='ltr'><strong>qui</strong></span> <span class='ocrx_word' id='word_1_786' title='bbox 3630 5532 3747 5585; x_wconf 71' lang='lat' dir='ltr'><strong>haec</strong></span> 
     </span>
    </p>
   </div>
   <div class='ocr_carea' id='block_1_111' title="bbox 407 5583 569 5638">
    <p class='ocr_par' dir='ltr' id='par_1_111' title="bbox 407 5583 569 5638">
     <span class='ocr_line' id='line_1_111' title="bbox 407 5583 569 5638; baseline 0.025 -4"><span class='ocrx_word' id='word_1_787' title='bbox 407 5583 569 5638; x_wconf 69' lang='lat' dir='ltr'><strong>habet</strong></span> 
     </span>
    </p>
   </div>
   <div class='ocr_carea' id='block_1_112' title="bbox 392 5722 667 5788">
    <p class='ocr_par' dir='ltr' id='par_1_112' title="bbox 392 5722 667 5788">
     <span class='ocr_line' id='line_1_112' title="bbox 392 5722 667 5788; baseline 0.018 -12"><span class='ocrx_word' id='word_1_788' title='bbox 392 5722 578 5788; x_wconf 78' lang='lat' dir='ltr'><strong>iunxit</strong></span> <span class='ocrx_word' id='word_1_789' title='bbox 613 5728 667 5781; x_wconf 82' lang='lat'><strong>2.</strong></span> 
     </span>
    </p>
   </div>
   <div class='ocr_carea' id='block_1_113' title="bbox 635 5587 3742 5666">
    <p class='ocr_par' dir='ltr' id='par_1_113' title="bbox 635 5587 3742 5666">
     <span class='ocr_line' id='line_1_113' title="bbox 635 5587 3742 5666; baseline 0.006 -27"><span class='ocrx_word' id='word_1_790' title='bbox 635 5603 672 5666; x_wconf 81' lang='lat'><strong>:_</strong></span> <span class='ocrx_word' id='word_1_791' title='bbox 708 5587 1000 5666; x_wconf 74' lang='lat' dir='ltr'><strong>industria,</strong></span> <span class='ocrx_word' id='word_1_792' title='bbox 1054 5587 1398 5666; x_wconf 68' lang='lat' dir='ltr'><strong>fortitudine,</strong></span> <span class='ocrx_word' id='word_1_793' title='bbox 1447 5595 1595 5650; x_wconf 92' lang='lat' dir='ltr'><strong>vultu</strong></span> <span class='ocrx_word' id='word_1_794' title='bbox 1658 5587 1863 5666; x_wconf 71' lang='lat' dir='ltr'><strong>patrem</strong></span> <span class='ocrx_word' id='word_1_795' title='bbox 1913 5598 2208 5654; x_wconf 90' lang='lat' dir='ltr'><strong>similabat.</strong></span> <span class='ocrx_word' id='word_1_796' title='bbox 2264 5601 2308 5634; x_wconf 73' lang='grc'>²⁰</span> <span class='ocrx_word' id='word_1_797' title='bbox 2357 5601 2725 5656; x_wconf 89' lang='lat' dir='ltr'><strong>winethusum</strong></span> <span class='ocrx_word' id='word_1_798' title='bbox 2791 5601 2844 5656; x_wconf 94' lang='lat'><strong>3.</strong></span> <span class='ocrx_word' id='word_1_799' title='bbox 2904 5587 2967 5635; x_wconf 69' lang='grc'><strong>²¹”</strong></span> <span class='ocrx_word' id='word_1_800' title='bbox 3000 5601 3284 5666; x_wconf 90' lang='lat' dir='ltr'><strong>erpesford</strong></span> <span class='ocrx_word' id='word_1_801' title='bbox 3325 5602 3380 5655; x_wconf 82' lang='grc'>3.</span> <span class='ocrx_word' id='word_1_802' title='bbox 3436 5587 3621 5655; x_wconf 70' lang='grc' dir='ltr'><strong>²²”ἰι‹ι</strong></span> <span class='ocrx_word' id='word_1_803' title='bbox 3686 5603 3742 5657; x_wconf 74' lang='grc'><strong>2.</strong></span> 
     </span>
    </p>
   </div>
   <div class='ocr_carea' id='block_1_114' title="bbox 410 5653 2213 5739">
    <p class='ocr_par' dir='ltr' id='par_1_114' title="bbox 410 5653 2213 5739">
     <span class='ocr_line' id='line_1_114' title="bbox 410 5653 2213 5739; baseline 0.01 -32"><span class='ocrx_word' id='word_1_804' title='bbox 410 5653 680 5739; x_wconf 64' lang='lat' dir='ltr'><strong>dietmoet</strong></span> <span class='ocrx_word' id='word_1_805' title='bbox 710 5659 759 5713; x_wconf 86' lang='grc'><strong>1.</strong></span> <span class='ocrx_word' id='word_1_806' title='bbox 796 5661 1011 5717; x_wconf 88' lang='lat' dir='ltr'><strong>diemut</strong></span> <span class='ocrx_word' id='word_1_807' title='bbox 1043 5665 1104 5718; x_wconf 72' lang='grc' dir='ltr'><strong>(Ἰ</strong></span> <span class='ocrx_word' id='word_1_808' title='bbox 1167 5665 1355 5721; x_wconf 88' lang='lat' dir='ltr'><strong>demot</strong></span> <span class='ocrx_word' id='word_1_809' title='bbox 1382 5653 1435 5723; x_wconf 81' lang='lat'><strong>3.</strong></span> <span class='ocrx_word' id='word_1_810' title='bbox 1470 5668 1515 5701; x_wconf 83' lang='grc'><strong>²³</strong></span> <span class='ocrx_word' id='word_1_811' title='bbox 1552 5653 2106 5725; x_wconf 73' lang='lat' dir='ltr'><strong>winethesusinensis</strong></span> 
     </span>
    </p>
   </div>
   <div class='ocr_carea' id='block_1_115' title="bbox 2265 5672 3744 5729">
    <p class='ocr_par' dir='ltr' id='par_1_115' title="bbox 2265 5672 3744 5729">
     <span class='ocr_line' id='line_1_115' title="bbox 2265 5672 3744 5729; baseline 0.004 -5"><span class='ocrx_word' id='word_1_812' title='bbox 2265 5673 2307 5705; x_wconf 59' lang='grc' dir='ltr'><strong>εδ</strong></span> <span class='ocrx_word' id='word_1_813' title='bbox 2356 5673 2626 5727; x_wconf 90' lang='lat' dir='ltr'><strong>unilehun</strong></span> <span class='ocrx_word' id='word_1_814' title='bbox 2683 5680 2732 5728; x_wconf 85' lang='lat'><strong>1.</strong></span> <span class='ocrx_word' id='word_1_815' title='bbox 2777 5672 3003 5729; x_wconf 89' lang='lat' dir='ltr'><strong>imileba</strong></span> <span class='ocrx_word' id='word_1_816' title='bbox 3055 5672 3112 5728; x_wconf 74' lang='grc'><strong>2.</strong></span> <span class='ocrx_word' id='word_1_817' title='bbox 3163 5672 3374 5729; x_wconf 88' lang='lat' dir='ltr'><strong>imilcbi</strong></span> <span class='ocrx_word' id='word_1_818' title='bbox 3420 5672 3472 5729; x_wconf 89' lang='lat'><strong>3.</strong></span> <span class='ocrx_word' id='word_1_819' title='bbox 3534 5674 3586 5707; x_wconf 70' lang='grc'><strong>³⁵</strong></span> <span class='ocrx_word' id='word_1_820' title='bbox 3632 5689 3744 5729; x_wconf 87' lang='lat' dir='ltr'><strong>con</strong></span> 
     </span>
    </p>
   </div>
  </div>
