4002 6124
259 248 367 301 897

1327 245 1596 300 SANCTA‘I
1632 244 1991 300 MATHlLDlS
2026 244 2289 300 REGlN/E
2328 246 2495 300 VITA.

3480 252 3585 307 898

244 375 372 445 pius
419 373 689 428 revocasti
722 372 790 427 ab
841 372 1132 445 iniquitate
1162 373 1232 428 ad
1257 373 1545 442 justitiam,
1578 384 1634 429 et
1672 374 1867 430 sedulo
1897 380 1942 446 Α
1973 373 2228 439 retinete,
2278 373 2425 445 quod
2460 374 2513 427 in
2568 372 2869 448 Evangelio
2926 376 3131 432 dicitur
3179 379 3419 434 veritatis
3445 397 3581 436 ore:

242 468 532 532 monuisti,
557 469 607 521 vi
637 483 905 538 oppresso
938 468 1116 522 facere
1142 468 1597 523 misericordiam.
1632 468 1785 523 Nunc
1816 478 1868 524 te

241 569 298 616 et
323 569 541 615 nostros
583 560 726 614 filios
777 560 1146 630 omnipotenti
1181 561 1288 615 Deo
1335 561 1788 615 commendamus
1816 570 1870 615 et

241 652 551 707 electorum
584 652 678 707 Dei
708 652 989 722 precibus,
1048 652 1213 707 simul
1251 669 1375 707 cum
1404 654 1609 719 anima,
1648 670 1769 724 quae
1800 654 1869 708 de

242 763 479 818 corpore
503 748 617 816 jam
645 754 731 802 est
783 763 1065 803 recessura
1099 746 1111 801 l
1150 768 1174 797 »
1209 749 1331 803 Haec
1361 765 1485 803 cum
1536 748 1782 813 dixisset,
1817 755 1870 803 et

243 837 437 910 regina
469 837 611 891 haud
642 836 828 890 minus
885 836 962 889 illi
1024 836 1070 870 ²⁶
1128 836 1335 910 gratias
1361 836 1586 911 egisset,
1631 852 1869 892 mcerorc

244 926 411 995 plena
439 925 729 981 ecclesiam
763 933 845 981 est
874 925 1142 1000 ingressa,
1174 941 1234 980 se
1264 942 1472 998 suaque
1500 927 1686 981 omnia
1717 940 1869 980 com-

240 1020 515 1073 mendans
546 1021 678 1084 Deo,
712 1019 855 1073 sicut
877 1034 1099 1089 semper
1122 1018 1356 1073 solebat.
1400 1018 1622 1073 Interim
1656 1018 1867 1072 disces-

240 1108 313 1161 sit
340 1108 526 1163 anima
555 1108 702 1181 regis
734 1109 802 1162 de
834 1109 1113 1181 ergastulo
1142 1108 1340 1163 carnis.
1391 1108 1648 1162 Sentiens
1679 1116 1862 1161 autem

239 1205 435 1252 sancta
464 1197 559 1252 Dei
591 1197 771 1268 plebis
794 1197 1208 1266 lamentatione,
1230 1199 1483 1255 inclitum
1501 1199 1679 1253 virum
1703 1199 1868 1254 rebus

244 1290 505 1343 humanis
529 1290 852 1350 excessisse.
912 1291 1203 1361 prostravit
1250 1307 1309 1345 se
1367 1292 1422 1346 in
1454 1291 1781 1356 orationem,
1813 1297 1869 1346 et

244 1380 428 1450 ipsius
455 1381 692 1436 animam
712 1382 1121 1437 commendavit
1146 1382 1201 1436 in
1224 1381 1419 1438 Christi
1452 1383 1638 1437 fidem.
1677 1383 1871 1438 Postea

241 1488 482 1543 surgens
506 1473 887 1547 interrogavit,
945 1474 991 1528 si
1022 1474 1205 1530 adhuc
1230 1475 1743 1547 aliquisjejunaret,
1775 1474 1867 1546 qui

1976 488 1998 518 α
2034 467 2222 522 Omnis
2239 468 2332 539 qui
2365 482 2424 521 se
2451 467 2676 534 exaltat,
2710 469 3113 536 humiliabitur,
3147 474 3585 544 ctquischumi-

1971 560 2086 622 liat,
2118 559 2448 613 exaltabitur
2474 560 2621 629 (Luc.
2654 577 2761 626 xxv,
2794 562 2906 628 11),
2944 582 2967 612 ‹‹
3006 564 3275 637 Post‘hazc
3297 564 3398 620 rite
3423 582 3583 636 para-

1972 647 2041 702 tis
2069 647 2327 702 omnibus
2352 664 2474 719 qua:
2528 650 2838 704 necessaria
2886 658 3041 705 erant
3071 652 3138 704 ad
3196 652 3379 719 funus,
3413 654 3589 707 maxi-

1970 754 2061 794 mo
2082 755 2205 794 cum
2237 740 2448 794 honore
2497 755 2698 810 corpus
2752 741 2807 795 in
2836 741 3273 815 Quitilingobure
3307 753 3589 816 transpor-

1973 830 2181 893 tabant,
2214 831 2440 901 ubiipse
2473 833 2823 904 requiescere
2852 834 3171 890 decreverat
3203 854 3218 900 ;
3252 836 3441 910 ibique
3487 840 3590 894 ho-

1973 920 2202 977 noriﬁce
2233 922 2582 978 tradiderunt
2625 926 2945 995 sepulturre.
2990 928 3027 981 Τ
3034 944 3142 983 unc
3168 929 3359 1001 regina
3414 946 3585 986 vene-

1972 1016 2157 1072 rabilis
2200 1034 2366 1087 supra
2418 1026 2776 1074 memoratam
2836 1020 3172 1077 abbatissam
3214 1024 3514 1079 monasteri
3544 1026 3590 1059 3’

1967 1107 2529 1163 Winithehusinensis
2559 1111 2626 1165 ad
2659 1126 2716 1165 se
2773 1112 2971 1167 iterum
3011 1114 3242 1178 vocavit,
3274 1122 3329 1169 et
3356 1131 3605 1188 congre-o

1965 1199 2242 1273 gationem
2283 1199 2390 1254 sibi
2450 1201 2729 1257 subditam
2774 1203 2904 1258 illuc
2948 1196 3227 1259 transferri
3277 1206 3586 1262 admonuit.

1969 1292 2123 1357 Quod
2145 1292 2425 1348 abbatissa
2474 1293 2649 1364 primo
2681 1296 2922 1361 rennuit,
2968 1296 3067 1350 scd
3102 1299 3452 1368 postmodum
3488 1298 3591 1353 im-

1973 1392 2198 1455 perante
2227 1386 2347 1453 ejus
2367 1385 2481 1442 tilio
2514 1387 2709 1450 Ottonc
2731 1389 3033 1444 consensit.

2042 1474 2094 1527 9.
2130 1478 2202 1529 De
2240 1476 2488 1530 electione
2542 1478 2749 1532 Ottonis
2797 1480 2962 1545 regis.
2999 1479 3124 1534 Post
3181 1494 3467 1535 excessum
3505 1480 3596 1534 in-

242 1564 448 1619 animae
472 1564 558 1618 sui
600 1565 809 1619 domini
841 1565 1060 1621 missam
1092 1566 1417 1622 decantaret
1455 1567 1744 1621 ‘PAudiens
1770 1568 1872 1622 hoc
1973 1565 2086 1619 cliti
2119 1567 2265 1641 regis
2298 1568 2538 1622 Heinrici
2596 1569 2857 1624 ductores
2901 1570 3064 1640 primi
3097 1572 3508 1627 conveniebant
3538 1579 3595 1627 et

247 1652 533 1751 Adeldach
554 1652 596 1686 ³⁷
629 1652 921 1751 presbiter,
947 1653 1478 1724 responditfestinus
1510 1672 1523 1708 :
1562 1676 1586 1705 α
1620 1655 1868 1721 Domina,
1900 1685 1948 1751 Β
1973 1657 2040 1711 de
2069 1664 2211 1713 statu
2242 1659 2703 1733 regniconsilium
2735 1661 3029 1716 habebant.
3096 1663 3385 1733 Perplures
3436 1664 3591 1732 diju-

248 1741 498 1796 nondum
526 1741 827 1812 quidquam
850 1743 1212 1816 gustavimus.
1246 1764 1273 1794 υ
1307 1743 1649 1798 Venerabilis
1680 1745 1870 1818 regina
1900 1741 1946 1751 ”
1969 1745 2251 1811 dicabant,
2282 1748 2596 1803 Heinricum
2631 1764 2801 1822 regno
2830 1751 3020 1820 potiri,
3069 1752 3198 1823 quia
3258 1762 3423 1807 natus
3451 1761 3600 1808 esset

247 1836 380 1891 olim
413 1835 669 1889 induerat
699 1836 839 1890 duas
870 1836 1115 1889 armillas
1159 1835 1298 1890 mira
1328 1844 1445 1890 arte
1485 1837 1711 1902 celatas,
1743 1854 1868 1908 quae

1970 1836 2027 1891 in
2057 1838 2181 1893 aula
2220 1839 2390 1914 regali
2424 1857 2437 1903 ;
2470 1840 2562 1894 alii
2592 1857 2723 1897 vero
2754 1841 3149 1897 desiderabant
3172 1842 3427 1898 Ottonem
3460 1859 3601 1913 pos-

248 1938 401 1985 tanta
429 1928 685 1985 firmitate
712 1930 953 1985 brachiis
993 1930 1206 1984 fuerant
1229 1929 1601 1995 circumdatae,
1662 1937 1722 1984 ut
1748 1930 1870 1984 sine
1969 1926 2152 1981 sidere
2184 1927 2528 1998 principatus
2558 1930 2847 1995 honorem,
2902 1930 3033 2001 quia
3062 1938 3223 1986 relate
3248 1940 3396 1986 esset
3426 1931 3605 1999 major

247 2021 458 2076 auxilio
484 2019 621 2075 fabri
677 2021 991 2076 nullatenus
1048 2029 1275 2092 possent
1328 2021 1538 2076 divelli.
1603 2021 1707 2076 Has
1739 2028 1871 2076 tunc

251 2109 489 2164 minimo
520 2120 751 2185 tangens
802 2109 998 2183 digito,
1026 2110 1192 2164 citius
1222 2109 1371 2164 dicto
1399 2108 1660 2174 excussit,
1703 2110 1778 2164 ita
1807 2109 1877 2163 ad

252 2204 629 2275 presbiterum
685 2204 919 2260 dicens:
958 2225 985 2256 α
1016 2204 1213 2274 Accipe
1259 2204 1359 2258 tibi
1418 2205 1522 2260 hoc
1567 2220 1786 2271 aurum,
1827 2210 1885 2258 et

251 2303 417 2352 cauta
452 2297 674 2352 missam
706 2296 1031 2352 animarum.
1070 2316 1094 2347 η
1125 2296 1395 2361 Quamdiu
1450 2296 1599 2350 enim
1653 2311 1886 2351 venera-

251 2388 387 2443 bilis
415 2389 644 2443 domina
670 2389 1021 2459 postmodum
1042 2387 1196 2452 vixit,
1219 2388 1400 2442 eidem
1430 2387 1743 2459 presbitero
1769 2404 1888 2442 ma-

252 2493 423 2550 gnam
463 2477 994 2551 exhibuitgratiam,
1023 2492 1325 2547 numquam
1358 2476 1586 2531 tradens
1613 2476 1883 2531 oblivioni

253 2567 406 2637 quod
463 2566 696 2637 primam
738 2567 959 2621 missam
1019 2565 1409 2621 decantaverat
1470 2565 1670 2621 animae
1737 2566 1885 2640 regis

256 2655 543 2721 Heinrici;
574 2666 641 2711 et
669 2656 740 2712 ob
792 2671 1093 2711 memorem
1151 2671 1373 2711 causam
1431 2655 1598 2723 hujus
1618 2655 1741 2710 facti
1778 2655 1883 2726 ipsi

256 2749 575 2819 impetravit
604 2748 978 2820 episcopalem
993 2748 1318 2821 dignitatem
1340 2749 1385 2782 ²⁸
1409 2748 1511 2818 (27)
1535 2748 1680 2819 apud
1712 2746 1882 2802 filium

256 2857 426 2896 suum
457 2840 729 2897 Ottonem.
766 2841 896 2896 Cum
928 2848 1112 2896 autem
1166 2841 1320 2895 finita
1363 2848 1511 2896 esset
1551 2840 1716 2895 missa
1754 2841 1884 2895 ani-

1975 2022 2031 2069 et
2059 2015 2295 2070 consilio
2348 2017 2745 2086 prowdentior.
2798 2018 2938 2083 Quid
3005 2019 3209 2089 plura?
3265 2020 3604 2091 Disponente

1981 2110 2329 2180 providentia
2390 2110 2505 2173 Dei,
2546 2119 2824 2180 sceptrum
2885 2111 3172 2185 regiminis
3207 2114 3375 2168 cessit
3422 2114 3603 2169 Ottoni

1987 2201 2154 2266 (Aug.
2182 2200 2255 2266 8).
2290 2198 2423 2253 lnde
2456 2199 2631 2271 magis
2667 2215 2733 2253 ac
2752 2200 2927 2272 magis
2956 2200 3100 2254 inter
3148 2200 3345 2255 fratres
3402 2217 3604 2257 conva-

1988 2290 2229 2346 lescebat
2248 2289 2543 2355 discordia,
2601 2307 2724 2361 quae
2778 2290 2921 2345 inter
2976 2292 3127 2361 ipsos
3175 2292 3497 2348 versabatur
3533 2293 3603 2349 ab

1985 2378 2238 2433 infantia.
2295 2378 2524 2433 Assidue
2583 2377 2882 2451 litigantes,
2924 2378 3001 2432 nil
3067 2377 3358 2449 paciﬁcum
3411 2388 3604 2435 mutuo

1986 2469 2371 2541 loquebantur.
2405 2469 2555 2525 Tunc
2579 2470 2764 2545 regius
2808 2469 3033 2537 juvenis
3088 2470 3381 2526 Heinricus
3434 2472 3607 2527 multa

1985 2560 2246 2616 sustinuit
2296 2561 2546 2625 adversa,
2604 2575 2727 2631 quae
2753 2559 2943 2615 inclita
3000 2568 3174 2616 mater
3204 2569 3430 2617 econtra
3456 2564 3607 2635 salu-

1986 2653 2194 2709 taribus
2230 2652 2541 2723 disciplinis
2564 2652 2773 2719 lenivit,
2802 2661 2856 2706 et
2894 2652 3093 2707 sedulo
3126 2653 3431 2708 ammonuit
3458 2654 3610 2709 Scri-

1987 2751 2161 2814 pturaa
2187 2743 2420 2799 dicentis
2454 2761 2467 2795 :
2516 2764 2535 2791 ι
2560 2742 2729 2807 Quem
2752 2743 2901 2797 enim
2955 2742 3137 2817 diligit
3170 2744 3457 2811 Dominus,
3481 2760 3607 2800 cor-

1987 2834 2135 2905 ripit,
2165 2841 2219 2889 et
2274 2834 2430 2906 quasi
2482 2841 2636 2905 pater
2685 2833 2741 2887 in
2810 2832 2922 2888 tilio
2947 2834 3255 2905 complacet
3292 2835 3395 2889 sibi
3428 2836 3605 2905 (Prov.

256 2946 500 2998 marum,
532 2929 725 3006 regina
750 2930 890 2985 ﬂens
922 2929 1146 2985 intravit
1173 2930 1511 2994 cubiculum,
1546 2929 1643 2983 ubi
1667 2928 1889 2997 jacebat
1990 2940 2069 2984 ut.
2108 2923 2220 2993 12)-
2260 2945 2280 2973 ι
2317 2922 2411 2977 Hic
2450 2923 2619 2977 multa
2663 2924 2734 2977 de
2786 2922 3056 2996 angustiis
3107 2923 3229 2992 ejus
3282 2924 3613 2994 praetermit-

256 3034 466 3090 corpus
496 3025 864 3085 mortuum,et
892 3019 1040 3073 intus
1079 3018 1292 3074 invenit
1334 3017 1547 3091 regales
1574 3017 1719 3072 filios
1749 3018 1892 3073 mul-
1918 3054 1962 3115 Γ
1991 3026 2201 3083 tuntur,
2232 3033 2363 3089 quia
2377 3017 2422 3072 si
2456 3033 2555 3087 per
2583 3016 2802 3091 singula
2849 3018 3227 3085 volverentur,
3258 3010 3639 3074 narrantibus

258 3120 374 3166 tum
404 3111 777 3176 lacrimantes,
830 3110 1109 3181 simulque
1141 3126 1264 3165 cum
1296 3110 1379 3164 eis
1430 3125 1626 3165 omnes
1648 3110 1885 3165 militum
1918 3097 1933 3115 “
1955 3097 1964 3116 ’
1987 3108 2150 3163 simul
2173 3117 2227 3163 et
2258 3108 2569 3183 legentibus
2600 3108 2809 3178 prolixa
2848 3107 3191 3164 viderentur.
3220 3109 3460 3164 Tandem
3495 3126 3614 3164 me—

259 3202 565 3273 principes.
609 3203 732 3257 Haec
748 3203 957 3257 utvidit
987 3202 1175 3257 inclita
1205 3202 1422 3274 regina,
1454 3202 1685 3257 decoras
1714 3218 1887 3273 genas
1988 3199 2167 3255 diator
2188 3200 2433 3255 Christus
2486 3200 2646 3255 Jesus
2697 3199 2894 3255 nolens
2922 3200 3117 3255 fratres
3147 3200 3292 3255 inter
3314 3216 3371 3255 se
3403 3201 3614 3256 diutius

257 3293 506 3347 lacrimis
551 3299 634 3347 est
693 3292 934 3364 perfusa,
981 3298 1035 3347 et
1073 3291 1313 3347 exanimi
1354 3291 1604 3362 corporis
1644 3292 1888 3362 pedibus
1987 3291 2328 3357 discordare,
2364 3308 2464 3362 per
2500 3298 2705 3346 sanctae
2747 3293 2937 3347 matris
2981 3291 3241 3346 meritum
3297 3292 3423 3348 illos
3477 3308 3613 3347 con-

260 3387 553 3457 provoluta
607 3385 951 3439 amarissime
1008 3384 1196 3451 flebat,
1237 3384 1380 3439 sicut
1410 3385 1760 3440 venerandus
1790 3402 1885 3440 rex
1991 3380 2238 3434 cordavil
2268 3380 2325 3434 in
2356 3396 2531 3434 unum
2580 3381 2688 3448 (an.
2756 3380 3031 3447 939-941).
3067 3380 3194 3435 Post
3234 3381 3351 3435 haec
3374 3397 3468 3435 rex
3495 3380 3613 3436 Otto

263 3495 472 3551 ergase
503 3487 902 3549 promeruerat.
937 3478 1045 3533 Sed
1076 3484 1282 3534 tantam
1335 3477 1412 3531 illi
1448 3478 1594 3532 Deus
1622 3478 1882 3534 contule-
1985 3471 2231 3544 praefecit
2271 3471 2495 3525 fratrem
2578 3486 2739 3524 suum
2792 3470 3108 3526 Heinricum
3178 3471 3376 3526 ducem
3446 3487 3618 3542 super

262 3578 346 3626 rat
364 3571 594 3645 gratiam
636 3579 692 3627 et
720 3578 828 3627 tam
862 3571 1193 3627 laudabilem
1227 3573 1665 3644 temperantiam,
1695 3580 1755 3628 ut
1783 3590 1886 3629 nec
1989 3565 2391 3622 Baowal‘iorum
2421 3575 2646 3639 gentem
2689 3573 2800 3627 (an.
2841 3565 2993 3632 946).
3017 3565 3250 3619 Sanetus
3316 3580 3444 3619 vero
3478 3566 3615 3619 Bru-

262 3659 787 3731 perimpatientiam
854 3661 1006 3715 illum
1064 3659 1392 3728 offenderet,
1420 3670 1473 3718 et
1503 3669 1686 3718 tamen
1718 3664 1888 3739 digne
1989 3677 2082 3727 no,
2114 3669 2274 3717 aetate
2328 3661 2613 3728 minimus,
2682 3661 2865 3715 adhuc
2918 3659 3159 3734 degebat
3207 3659 3310 3714 sub
3377 3675 3613 3715 censura

262 3751 415 3826 regis
435 3751 644 3807 obitum
698 3753 1001 3826 plangeret.
1050 3755 1202 3809 Tunc
1254 3754 1384 3810 filiis
1428 3756 1497 3808 ad
1550 3771 1611 3810 se
1654 3756 1886 3823 vocatis,
1990 3750 2241 3805 litteralis
2278 3750 2607 3820 disciplinae,
2666 3756 2720 3804 et
2771 3749 2893 3804 laata
2924 3749 3110 3804 indole
3167 3749 3234 3803 de
3256 3748 3347 3803 die
3380 3747 3437 3801 in
3462 3747 3611 3802 diem

265 3840 473 3894 talibus
500 3855 598 3895 eos
661 3842 846 3897 verbis
897 3843 1205 3909 admonuit,
1261 3843 1500 3899 dicens:
1543 3873 1561 3890 -
1595 3845 1633 3900 Ο
1672 3844 1770 3899 filii
1804 3846 1893 3899 ka-
1994 3842 2317 3913 proficiebat
2361 3842 2417 3897 in
2461 3840 2657 3895 Christi
2711 3841 2996 3896 servitute.
3045 3840 3176 3895 Cum
3223 3847 3405 3895 autem
3428 3839 3611 3910 profe-

266 3929 495 3992 rissimi.
529 3931 648 3985 haec
703 3931 900 3987 sedulo
922 3932 1168 3988 inducite
1196 3942 1392 3989 vestrae
1420 3934 1590 3990 menti
1621 3935 1688 3989 *9.
1720 3935 1891 3990 Deum
1994 3935 2159 3990 cisset
2184 3941 2344 3988 relate
2373 3941 2429 3989 et
2455 3933 2748 4003 sapientia,
2790 3949 2883 3987 rex
2913 3932 3164 4001 adjunxit
3202 3949 3327 3986 eum
3369 3932 3473 3986 sibi
3514 3948 3615 4003 per

268 4025 464 4079 timete
490 4024 556 4091 ³ο,
589 4032 645 4080 et
672 4025 853 4095 ipsum
886 4025 942 4080 in
992 4026 1253 4082 omnibus
1276 4043 1498 4099 semper
1528 4028 1795 4084 honorate
1824 4029 1891 4095 δ’,
1995 4042 2245 4082 amorem
2276 4024 2635 4080 fraternitatis
2661 4024 2716 4078 in
2763 4024 3131 4079 ministerium
3160 4023 3608 4095 archicapellani.

268 4115 365 4186 qui
398 4116 529 4168 talia
561 4123 759 4186 potens
779 4125 863 4171 est
886 4114 1087 4171 facere.
1126 4117 1221 4171 Hic
1247 4117 1447 4172 merito
1478 4126 1706 4173 vocatur
1733 4133 1825 4172 rex
1840 4124 1896 4173 et
1998 4121 2222 4177 interim
2253 4120 2393 4176 obiit
2420 4118 2719 4192 Wigfridus
2748 4119 2832 4172 vir
2883 4119 3256 4186 venerandus,
3301 4118 3397 4190 qui
3438 4118 3626 4173 archi-

270 4206 555 4273 dominus,
583 4208 678 4279 qui
710 4216 914 4262 tantam
947 4214 1272 4279 potestatem
1304 4209 1528 4265 exhibet
1557 4209 1897 4282 pauperibus
1998 4210 2381 4284 episcOpalem‘
2420 4210 2663 4267 Coloniae
2713 4210 2903 4265 sedem
2953 4209 3199 4281 possedit
3233 4228 3248 4277 ;
3299 4217 3354 4265 et
3392 4226 3624 4266 munere

271 4305 328 4353 et
358 4297 643 4353 divitibus.
670 4298 927 4354 Desistite
950 4299 1065 4368 jam
1120 4300 1456 4356 contendere
1506 4317 1604 4372 pro
1638 4301 1888 4358 transito-
1916 4353 1973 4377 η
1998 4304 2225 4377 superni
2256 4303 2606 4376 dispositoris
2627 4303 2872 4359 Brunoni
2904 4303 3071 4358 cessit
3100 4302 3629 4373 episcopalishonor

272 4393 355 4447 ria
386 4392 657 4466 dignitate
691 4410 705 4458 ;
738 4393 901 4448 talem
970 4392 1137 4448 finem
1193 4394 1342 4465 capit
1379 4353 1562 4451 omnis
1619 4353 2414 4472 mundanaDdignitatis(a:i.
2469 4396 2615 4456 953p.
2664 4397 2902 4452 Ascenso
2973 4395 3019 4429 ³³
3070 4353 3182 4466 (Ξὲ)
3240 4353 3422 4450 aurtem
3476 4402 3628 4450 tanto

271 4482 472 4554 gloria.
508 4483 703 4539 Beatus
753 4492 836 4538 est
886 4483 999 4552 ille,
1050 4483 1145 4555 qui
1198 4484 1305 4537 sibi
1365 4492 1636 4555 praeparat
1694 4493 1903 4540 aeterna
2004 4491 2245 4548 culmine
2270 4491 2579 4561 potestatis,
2636 4505 2987 4561 nequaquam
3037 4489 3144 4544 sibi
3188 4488 3320 4545 inde
3346 4475 3632 4545 crescebat

272 4591 504 4646 semper
549 4575 949 4646 permanentia.
983 4575 1093 4630 Nec
1158 4575 1285 4631 inde
1314 4584 1499 4631 vester
1524 4577 1744 4632 animus
1770 4592 1901 4632 con-
2006 4586 2187 4634 tumor
2206 4578 2463 4634 elationis
2494 4598 2510 4644 ;
2540 4578 2639 4634 sed
2660 4585 2849 4634 sancta
2875 4594 3033 4633 mens
3058 4578 3307 4650 episcOpi
3357 4596 3416 4634 se
3447 4580 3632 4651 potius

274 4667 546 4733 tristetur,
580 4667 705 4739 quis
729 4676 973 4724 vestrum
1000 4668 1155 4723 alteri
1188 4662 1561 4740 przeponatur.
1592 4668 1907 4725 Memoriter
2007 4668 2294 4725 inclinavit
2324 4668 2640 4736 humilitati,
2681 4668 2817 4724 illud
2882 4668 2938 4723 in
2979 4670 3250 4725 memoria
3298 4670 3628 4739 recondens,

1634 4847 1855 4903 VARUE
1894 4847 2273 4903 LECTIONES.

348 4971 506 5048 ’f‘illi
540 4988 639 5048 pro
671 4972 928 5048 omnibus
958 4973 1120 5048 bonis
1158 4972 1366 5048 sibiab
1397 4989 1464 5029 eo
1497 4974 1740 5048 benigne
1775 4975 2042 5048 impensis
2095 4974 2304 5048 gratias
2357 4973 2410 5048 2.
2456 4974 2512 5048 ³⁷-
2533 4979 2609 5028 ita
2636 4972 2691 5027 2.
2723 4974 2952 5029 ωιθιιιειο
2983 4975 3031 5029 1.
3066 4973 3111 5008 ’³
3139 4975 3195 5029 in
3226 4972 3435 5048 Br‘emis
3460 4972 3623 5027 addit

275 5046 333 5098 1.
360 5044 414 5116 7”
447 5043 641 5109 menti,
676 5044 1146 5116 quemadmodum
1173 5044 1400 5115 sapiens
1429 5043 1660 5116 quidam
1680 5061 1781 5100 nos
1813 5043 2064 5101 hortatur
2091 5043 2284 5100 dicens
2312 5062 2325 5098 :
2358 5044 2516 5099 Omni
2561 5052 2807 5115 tempore
2840 5061 3143 5100 memorare
3176 5044 3472 5116 novissima
3506 5052 3618 5105 tua,

276 5115 415 5188 etin
446 5115 715 5188 aeternum
751 5130 861 5170 non
896 5115 1174 5188 peccabis.
1210 5116 1406 5188 verum
1430 5115 1523 5188 qui
1558 5134 1652 5171 rex
1683 5124 1766 5171 est
1796 5125 1851 5171 et
1881 5117 2143 5172 dominus
2197 5132 2416 5188 semper
2469 5116 2654 5173 timete
2710 5125 2765 5171 et
2799 5118 3086 5181 honorate,
3119 5116 3212 5188 qui
3243 5130 3353 5188 nos
3373 5115 3624 5188 dc__terra

278 5186 578 5259 plasmavit
606 5195 661 5240 et
699 5184 981 5259 interram
1010 5187 1188 5242 redire
1242 5187 1389 5254 facit,
1426 5184 1520 5259 qui
1550 5188 1868 5243 dominatur
1899 5189 1955 5243 in
1986 5203 2156 5259 regno
2214 5184 2500 5243 hominum
2552 5197 2607 5242 et
2632 5188 2963 5259 cuicumque
3004 5184 3239 5243 voluerit
3269 5185 3423 5239 dabit
3456 5184 3615 5250 illud,

275 5264 335 5329 et
365 5257 736 5312 humillimum
761 5257 1041 5313 hominem
1073 5260 1373 5314 constituet
1410 5257 1580 5329 super
1606 5275 1692 5314 eo.
1728 5259 1907 5315 Nolite
1938 5257 2299 5326 contendere,
2368 5266 2472 5314 etc.
2516 5259 2569 5314 ‘2.
2600 5261 2773 5329 Igitur
2827 5257 2913 5314 hic
2943 5260 3189 5329 quadam
3227 5259 3431 5311 omissa
3455 5262 3604 5311 sunt.

275 5328 329 5361 ³ο
349 5329 548 5384 timere
573 5329 624 5382 1.
656 5329 697 5363 ³⁸
740 5329 1015 5385 honorare
1039 5331 1092 5385 1.
1116 5330 1162 5364 ³³
1191 5330 1334 5385 deest
1360 5331 1410 5385 1.
1435 5328 1732 5387 3"accenso
1775 5332 1826 5386 1.

1824 5456 2018 5513 NOTAE
2052 5498 2064 5512 .

590 5554 1055 5699 iiﬁtégﬁuifiighi
1088 5627 1379 5691 Brunonis,
1419 5642 1468 5681 c.
1492 5627 1562 5681 30
1593 5645 1605 5681 :
1639 5634 1803 5699 caput
1839 5628 1874 5681 5
1902 5625 2036 5681 Vitae
2061 5626 2288 5682 alterius
2317 5643 2383 5681 ex
2415 5634 2604 5683 nostro
2628 5624 3019 5695 transcriptum
3056 5630 3164 5679 est.
