4002 6124
416 264 523 328 899

1475 262 1746 317 SANCTAS
1785 258 2139 315 MATHILDIS
2179 258 2441 314 REGlN/E
2479 260 2649 316 VITA.

3651 264 3762 322 900

420 399 565 470 quod
617 396 898 467 Scriptura
929 399 1209 449 ammonet
1259 392 1452 446 dicens
1489 415 1516 439 ‹‹
1548 391 1763 454 Quanto
1793 401 2027 461 magnus
2055 392 2104 456 Α
2127 389 2538 460 obsequiis,sed
2567 389 2865 445 incedebat
2900 391 3022 445 sine
3066 390 3308 447 humano
3342 391 3552 457 favore,
3577 391 3760 464 gratia

418 508 499 557 es,
520 491 750 545 humilia
781 497 832 543 te
873 489 927 542 in
959 488 1221 542 omnibus
1258 486 1422 555 (Eccl.
1468 501 1547 549 Ill,
1583 481 1696 552 20).
1731 501 1760 531 υ
1793 478 2025 553 Pervigil

417 579 519 634 fuit
557 579 849 650 sapientia,
911 575 1198 648 placabilis
1249 574 1475 628 lenitate
1526 572 1718 638 nimia,
1759 567 2034 638 serpentis

416 669 673 723 astutiam
714 667 979 740 cumlege
1009 663 1327 728 custodivit,
1362 670 1416 717 et
1453 659 1725 717 columbas
1764 654 2034 726 simplicis

413 763 659 818 animum
688 778 797 817 non
852 760 1054 816 amisit.
1093 760 1324 835 Gregem
1358 758 1465 813 sibi
1506 754 1862 812 commissum
1893 750 2034 805 dile-

414 856 508 922 xit,
552 864 606 911 et
636 872 736 927 per
763 855 1019 910 baculum
1050 852 1356 923 disciplina:
1384 850 1588 905 multos
1615 848 1684 903 ab
1716 861 1904 901 errore
1927 842 2038 897 eri-

416 948 553 1018 puit,
579 949 845 1020 quosdam
907 946 1293 1003 collationibus
1349 942 1588 998 assiduae
1646 936 2039 1010 disputationis

410 1040 478 1093 ad
507 1040 736 1095 meliora
768 1040 996 1104 ducens,
1032 1038 1302 1110 quosdam
1333 1035 1565 1107 placida:
1597 1031 1913 1088 maturitate
1945 1028 2041 1083 do-

414 1129 602 1183 ctrina;
641 1128 918 1183 desiderio
947 1138 1150 1182 sanctae
1194 1123 1632 1181 conversationis
1675 1120 1929 1192 implens.
1976 1118 2035 1170 In

412 1225 684 1275 sermone
729 1220 907 1274 fuerat
956 1219 1123 1284 mitis,
1165 1218 1221 1271 in
1267 1208 1521 1271 doctrina
1573 1212 1816 1276 humilis,
1851 1209 2027 1264 malo-

412 1324 531 1363 rum
586 1308 889 1362 acerrimus
940 1307 1268 1372 destructor,
1336 1321 1396 1360 er
1451 1290 1699 1359 veritatis
1744 1299 2026 1355 studiosus

410 1408 686 1467 assertor;
731 1400 1034 1455 humilibus
1120 1398 1376 1464 blandus,
1453 1394 1714 1467 superbis
1777 1405 2023 1457 severus,

408 1493 679 1556 Quosdam
723 1492 863 1546 intra
888 1498 1045 1562 septa
1064 1490 1249 1565 gregis
1279 1488 1609 1559 suscipiens,
1638 1503 1703 1540 ex
1753 1484 1859 1555 ipis
1897 1497 2027 1537 oves

406 1580 554 1647 fecit,
585 1582 723 1637 alios
750 1589 900 1635 extra
953 1588 1111 1649 septa
1166 1577 1445 1633 enutrivit.
1511 1577 1571 1630 Et
1596 1572 1866 1646 quidquid
1888 1570 2028 1625 alios

408 1675 617 1741 docuit,
652 1674 771 1743 ipse
825 1672 1058 1744 primum
1119 1669 1386 1740 implevit.
1443 1668 1667 1723 Necnon
1727 1664 1784 1718 in
1837 1662 2031 1717 eadem

408 1763 631 1819 civitate
657 1760 895 1816 extruxit
934 1775 1097 1831 quam
1154 1757 1392 1829 plurima
1432 1755 1780 1811 monasteria.
1820 1755 1879 1807 In
1910 1767 2031 1807 om-

412 1857 579 1911 nibus
610 1856 773 1910 etiam
807 1854 986 1909 extitit
1016 1854 1171 1907 tortis
1206 1853 1413 1906 athleta
1443 1850 1539 1905 Dei
1570 1856 1625 1904 et
1653 1853 2030 1920 prapugnator

408 1946 727 2002 Christianae
754 1945 902 2000 fidei.
940 1945 1079 2009 Quid
1136 1944 1359 2010 mirum,
1415 1942 1562 1998 filios
1615 1942 1674 1996 in
1733 1942 1876 1995 bono
1908 1955 2030 2009 pro-

408 2034 573 2091 ficere
630 2050 865 2107 quorum
894 2042 1069 2089 mater
1121 2048 1419 2104 numquam
1453 2031 1702 2087 cessabat
1743 2030 1854 2084 Deo
1911 2044 2030 2083 ser-

408 2132 526 2188 vire
561 2130 589 2174 9

477 2224 562 2279 10.
599 2224 844 2291 Qualiter
866 2229 989 2294 post
1015 2225 1221 2279 obitum
1249 2225 1444 2278 mariti
1460 2223 1603 2276 vixit
1658 2217 1791 2284 Quis
1818 2215 2024 2286 scripto

402 2312 545 2367 valet
573 2314 1047 2384 comprehendere
1070 2312 1154 2366 vel
1186 2314 1346 2381 cujus
1374 2313 1563 2385 lingua
1595 2308 1798 2381 poterit
1846 2305 2026 2376 expli-

402 2417 549 2465 care,
584 2418 747 2472 quam
766 2401 1041 2473 gloriosus
1071 2417 1226 2456 amor
1274 2400 1470 2454 Christi
1499 2399 1729 2473 ﬂagrare
1767 2395 1939 2466 coepit
1967 2393 2024 2447 in

404 2502 587 2549 mente
616 2492 846 2547 illustris
866 2491 1069 2562 reginas
1100 2490 1416 2544 Mahthildis
1456 2496 1579 2560 post
1608 2487 1822 2544 obitum
1856 2487 2025 2541 Hein-

404 2586 500 2640 rici
532 2584 678 2660 regis
707 2583 735 2637 ‘P
761 2582 986 2637 Stabilis
1040 2580 1344 2652 permansit
1391 2580 1448 2634 in
1502 2579 1634 2646 fide,
1703 2578 1929 2634 humilis
1969 2577 2023 2631 in

402 2676 498 2731 Dei
530 2676 761 2741 timore;
813 2674 1081 2743 cujusque
1138 2670 1445 2742 disciplinae
1492 2685 1706 2725 memor
1736 2670 1935 2734 extitit,
1969 2674 2025 2725 et

396 2765 667 2835 justitiam
700 2780 822 2818 cum
882 2761 1153 2836 religione
1197 2746 1460 2826 retinuit;
1494 2760 1560 2814 ad
1615 2775 1835 2815 omnem
1881 2759 2021 2814 tole-

403 2854 632 2909 rantiam
675 2853 857 2919 fortis,
914 2858 968 2906 et
1023 2851 1090 2905 ad
1149 2850 1531 2905 sustinendam
1559 2849 1817 2919 injuriam
1848 2849 2017 2915 mitis,

360 3009 381 3025 ο
402 2950 581 3005 facilis
614 2950 659 2982 ³⁸
689 2948 757 3003 ad
786 2947 1093 3002 faciendam
1118 2946 1576 3012 misericordiam,
1598 2961 1797 3018 gerens
1827 2961 2015 3015 pacem

2135 482 2331 539 Christi
2358 499 2544 539 secum
2596 484 2941 550 comitante;
2981 501 3192 555 pernox
3232 485 3288 540 in
3345 486 3595 541 oratione
3645 501 3761 540 non

2134 570 2387 625 cessabat
2436 572 2544 627 Deo
2602 573 2826 628 servire.
2888 572 3393 645 Quotienscumque
3457 573 3759 629 ecclesiam

2136 661 2375 729 intravit,
2407 679 2707 735 numquam
2734 680 2907 720 vacua
2958 680 3122 719 manu
3169 664 3238 719 ad
3296 664 3464 719 altare
3493 664 3762 731 accessit,

2138 769 2240 809 nec
2265 770 2398 830 rege
2427 755 2647 810 vivente
2681 773 2783 812 nec
2832 757 2887 810 in
2938 756 3209 811 viduitate
3262 756 3300 812 Ο
3322 774 3484 829 quam
3520 757 3765 812 feliciter

2143 849 2546 904 consummavit
2594 850 3001 923 longitudinem
3046 854 3223 909 noctis
3263 853 3319 907 in
3364 851 3517 908 omni
3570 850 3765 906 studio

2142 936 2271 993 boni
2291 940 2496 1010 operis,
2539 947 2592 994 et
2620 957 2783 1011 quam
2829 942 3083 998 familiari
3130 959 3265 1000 voce
3311 944 3381 998 ad
3426 944 3599 997 Deum
3646 941 3762 996 cla-

2139 1028 2306 1083 mavit
2335 1036 2390 1084 et
2408 1031 2625 1086 veniam
2680 1041 3029 1103 peccatorum
3081 1034 3398 1107 postulavit,
3440 1041 3494 1088 et
3530 1032 3760 1104 qualem

2137 1134 2258 1173 cum
2312 1121 2516 1176 sanctis
2564 1123 2856 1179 animabus
2917 1124 3118 1179 meruit
3170 1123 3374 1178 habere
3430 1122 3760 1187 amicitiam,

2130 1217 2332 1287 quibus
2361 1233 2393 1270 a
2425 1217 2637 1273 Christo
2676 1216 2987 1289 imploravit
3034 1218 3284 1289 requiem
3314 1214 3759 1289 sempiternam!

2126 1309 2264 1363 Ante
2306 1308 2433 1380 galli
2484 1315 2703 1363 cantum
2761 1315 2936 1364 totum
2997 1306 3252 1362 ﬁniverat
3276 1307 3624 1378 psalterium,
3650 1308 3759 1363 nisi

2127 1397 2393 1453 brevitate
2438 1397 2616 1453 noctis
2669 1396 3048 1468 impediretur.
3083 1396 3342 1452 Sentiens
3382 1404 3567 1451 autem
3618 1406 3762 1451 tem-

2128 1506 2230 1560 pus
2260 1490 2708 1561 apprOpinquare
2759 1505 2869 1561 quo
2898 1489 3263 1545 conveniebat
3303 1490 3350 1525 3°
3400 1491 3763 1545 nocturnales

2130 1582 2324 1636 laudes
2351 1581 2639 1648 celebrari,
2669 1581 2897 1636 recessit
2926 1581 2995 1636 ad
3049 1581 3366 1636 cubiculum
3397 1597 3524 1635 cum
3574 1581 3757 1635 silen-

2131 1679 2228 1744 tio,
2262 1685 2316 1733 et
2344 1678 2623 1753 nesciente
2650 1678 2834 1749 aliquo
2891 1676 3181 1732 collocavit
3212 1692 3271 1731 se
3299 1677 3355 1730 in
3387 1676 3557 1742 lecto,
3591 1676 3756 1747 quasi

2132 1779 2298 1837 totam
2329 1776 2547 1825 noctem
2606 1768 2720 1825 illic
2767 1768 3097 1824 dormienda
3156 1768 3361 1840 egisset
3390 1778 3446 1822 et
3472 1784 3755 1839 nusquam

2128 1856 2257 1911 inde
2279 1858 2475 1929 pedem
2507 1855 2790 1913 movisset.
2815 1858 2947 1913 Dato
2977 1868 3159 1913 autem
3208 1859 3368 1931 signo
3423 1859 3492 1913 ad
3526 1868 3760 1915 noctur-

2131 1965 2221 2013 na,
2271 1950 2417 2005 haud
2470 1950 2659 2025 segnis
2705 1949 2965 2018 surrexit,
3034 1957 3088 2006 et
3139 1951 3492 2022 properando
3553 1952 3759 2007 iterum

2130 2041 2353 2097 intravit
2410 2042 2723 2110 ecclesiam,
2774 2042 2989 2097 divinas
3054 2042 3243 2097 laudes
3297 2042 3646 2109 auscultans,
3705 2052 3763 2097 et

2130 2130 2338 2186 intento
2364 2131 2533 2185 corde
2588 2130 2902 2186 orationum
2955 2129 3218 2186 instantia
3270 2131 3570 2187 desudans.
3628 2132 3759 2185 Post

2129 2226 2453 2275 nocturnam
2503 2234 2634 2274 vero
2705 2219 2968 2274 omnibus
3019 2219 3280 2295 egressis,
3346 2219 3494 2275 intus
3548 2219 3761 2274 mansit

2119 2310 2309 2378 januis
2327 2310 2548 2377 clausis,
2576 2310 2753 2366 oculis
2802 2326 2865 2365 ac
2920 2310 3179 2365 manibus
3211 2310 3508 2366 intendens
3545 2310 3604 2364 in
3638 2326 3761 2365 ca:-

2125 2403 2260 2470 lum,
2291 2403 2554 2459 invictum
2606 2402 2675 2457 ab
2735 2403 2985 2458 oratione
3038 2419 3151 2459 non
3180 2404 3440 2459 relaxavit
3467 2405 3759 2475 spiritum,

2124 2512 2303 2567 usque
2352 2495 2483 2549 dum
2535 2508 2734 2550 aurora
2779 2493 2918 2549 lucis
2973 2492 3224 2549 umbram
3273 2492 3489 2563 depulit
3540 2494 3757 2548 noctis.

2128 2587 2318 2643 Postea
2350 2586 2600 2658 ingressa
2651 2584 2989 2649 cubiculum,
3043 2583 3327 2640 reclinavit
3352 2594 3433 2650 {se
3466 2583 3766 2654 paulisper

2124 2682 2191 2736 ad
2221 2681 2708 2753 requiescendum,
2740 2687 2799 2735 ut
2821 2679 2963 2734 lassa
2988 2679 3236 2735 membra
3274 2678 3547 2744 reticeret,
3576 2694 3655 2733 ne
3691 2678 3751 2732 in

2122 2772 2384 2829 famulatu
2439 2773 2640 2828 Christi
2717 2772 2981 2828 deficeret
3055 2772 3119 2826 ⁸ο.
3189 2771 3415 2827 [nterim
3478 2771 3761 2826 conﬂuxit

2122 2865 2417 2920 multitudo
2470 2881 2797 2937 pauperum,
2879 2864 2948 2919 de
3028 2864 3148 2933 ejus
3192 2881 3357 2920 manu
3436 2870 3758 2933 acceptura

2118 2960 2319 3015 victum
2366 2967 2421 3015 et
2485 2959 2765 3015 vestitum.
2834 2959 3072 3023 Quorum
3146 2958 3442 3015 clamorem
3500 2973 3634 3012 mox
3695 2966 3759 3011 ut

400 3042 715 3097 fraternam.
761 3042 819 3094 In
864 3039 1121 3095 omnibus
1142 3039 1263 3108 ejus
1290 3037 1506 3093 actibus
1536 3046 1591 3093 θῑ
1619 3037 2021 3093 confabulatio-
2047 3036 2096 3103 Ο
2127 3049 2424 3121 persensit,
2456 3048 2692 3122 impigre
2724 3048 2794 3102 de
2823 3062 3019 3104 somno
3049 3048 3091 3083 ⁸1
3123 3047 3399 3113 surrexit;
3434 3047 3763 3102 esurientes

400 3136 564 3190 nibus
623 3134 917 3189 laudabilis
974 3134 1231 3204 apparuit
1297 3133 1533 3204 gravitas
1586 3140 1641 3186 et
1696 3131 2019 3185 admiranda

402 3224 665 3299 dignitas,
692 3230 914 3294 tamque
970 3238 1030 3277 se
1094 3222 1382 3276 honestam
1432 3220 1762 3276 exhibuitin
1783 3221 2016 3291 pudore,

402 3327 461 3372 ut
483 3316 771 3388 perplures
800 3317 844 3350 ³⁵
898 3316 1302 3371 arbitrarentur
1358 3315 1507 3370 illam
1548 3331 1669 3370 esse
1720 3315 2015 3388 virginem,

399 3409 455 3463 ni
494 3408 761 3463 vidissent
815 3408 861 3442 ³⁸
915 3408 1195 3482 egregiam
1255 3406 1426 3478 prolis
1481 3405 1926 3461 foecunditatem.
1977 3407 2016 3461 Ο

397 3505 601 3570 quanta
633 3496 937 3553 reverentia
988 3496 1082 3551 Dei
1131 3493 1379 3552 timoris!
1440 3496 1672 3567 Semper
1695 3495 2019 3550 intendebat

394 3592 577 3648 studio
604 3591 870 3647 orationis
898 3599 951 3645 et
1006 3607 1171 3662 quam
1227 3591 1270 3624 ³⁷
1320 3590 1445 3646 forti
1478 3590 1667 3645 animo
1698 3606 1757 3645 se
1797 3607 2017 3662 praepa-

396 3685 534 3740 ravit
590 3685 656 3738 ad
718 3682 1085 3737 resistendum
1136 3682 1384 3748 diabolo,
1443 3681 1771 3737 liducialiter
1818 3698 2017 3754 gerens

394 3786 611 3833 scutum
643 3776 980 3832 fortitudinis
1032 3775 1102 3829 ad
1146 3776 1571 3848 expugnandum
1626 3775 1891 3831 secularis
1919 3792 2019 3846 pe-

395 3869 552 3943 lagus
610 3866 1006 3938 temptationis.
1064 3865 1416 3922 Transitoriis
1472 3866 1620 3921 enim
1688 3866 1855 3922 rebus
1904 3882 2015 3922 non

396 3956 697 4028 implicata,
725 3956 1001 4011 Christum
1052 3955 1401 4011 solummodo
1431 3964 1620 4011 secuta
1672 3961 1773 4011 est.
1832 3955 2016 4011 Noctis

393 4052 505 4121 (29)
563 4066 784 4123 quoque
839 4057 1107 4122 tempore,
1166 4050 1388 4122 quando
1452 4050 1709 4105 omnibus
1758 4066 1879 4105 mos
1931 4056 2015 4105 est

394 4144 766 4215 requiescere,
812 4143 1100 4197 collocavit
1143 4142 1280 4197 sein
1326 4142 1468 4197 lecto
1500 4142 1655 4213 quasi
1688 4158 1852 4196 causa
1873 4142 2011 4198 dor-

392 4239 705 4305 miendi,ut
755 4240 836 4293 sic
887 4240 1093 4293 celaret
1138 4236 1503 4292 intentionem
1553 4236 1741 4306 operis
1770 4235 1924 4302 boni,
1958 4245 2013 4292 et

2124 3143 2559 3198 misericorditer
2613 3159 2867 3213 pascens,
2914 3150 2968 3197 et
3021 3143 3199 3197 nudos
3255 3142 3604 3197 vestimentis
3660 3144 3759 3197 in-

2120 3236 2322 3302 duens,
2355 3251 2468 3291 non
2498 3235 2773 3291 dubitavit
2803 3252 2861 3291 se
2896 3236 3096 3291 Christi
3137 3235 3385 3290 membra
3422 3242 3617 3306 tegere
3650 3236 3762 3291 sub

2120 3328 2348 3400 inopum
2379 3336 2550 3384 veste.
2583 3328 2793 3393 Quibus
2820 3328 2988 3383 etiam
3022 3327 3262 3394 refectis,
3315 3335 3520 3399 etquae
3545 3343 3764 3383 neces-

2120 3416 2266 3471 saria
2313 3424 2471 3472 erant
2530 3416 2915 3472 habundanter
2966 3416 3253 3488 impensis,
3301 3416 3644 3472 vestimenta
3672 3418 3763 3472 vi-

2120 3505 2314 3561 duitati
2337 3522 2581 3581 congrua
2612 3506 2815 3572 induit,
2843 3515 2899 3560 et
2927 3505 3221 3561 ecclesiam
3254 3521 3377 3561 cum
3430 3508 3760 3561 reverentia

2121 3597 2360 3652 intravit.
2410 3598 2598 3652 Nullus
2656 3598 2915 3668 praevalet
2971 3597 3156 3652 dicere
3206 3606 3410 3669 quanta
3473 3599 3760 3673 religione

2118 3692 2478 3742 consueverat
2533 3686 2754 3741 missam
2812 3686 3050 3741 audire:
3086 3687 3298 3741 nullum
3348 3687 3569 3742 interim
3611 3704 3757 3758 pro-

2117 3778 2240 3835 tulit
2274 3779 2526 3845 verbum,
2547 3778 2648 3833 sed
2696 3786 2821 3833 actu
2871 3779 3081 3850 pariter
3108 3786 3162 3833 et
3191 3779 3380 3833 habitu
3412 3779 3759 3834 intendebat

2116 3870 2171 3924 in
2207 3870 2395 3925 Deum.
2432 3869 2572 3935 Quid
2636 3870 2794 3940 plura
2823 3869 2851 3923 ?
2895 3870 2935 3923 A
2993 3871 3261 3925 matutina
3311 3871 3441 3926 hora
3465 3887 3660 3943 usque
3688 3874 3760 3927 ad

2117 3978 2403 4034 vesperam
2426 3978 2587 4019 nemo
2607 3962 2756 4017 illam
2812 3969 3175 4033 conspexerat
3201 3979 3229 4017 a
3261 3963 3425 4019 bonis
3469 3965 3761 4034 Operibus

2115 4058 2367 4115 otiosam.
2402 4059 2519 4113 Non
2558 4064 2641 4113 est
2693 4058 2859 4113 etiam
2910 4057 3254 4113 reticendum
3291 4058 3643 4116 beatissima;
3669 4077 3763 4117 re-

2112 4152 2257 4226 ginae
2286 4157 2807 4222 temperamentum,
2840 4150 2987 4222 quod
3020 4151 3075 4204 in
3118 4150 3381 4206 omnibus
3404 4152 3520 4206 suis
3550 4152 3758 4210 lauda-

2113 4241 2302 4297 biliter
2320 4241 2591 4304 servavit;
2648 4256 2773 4295 nam
2814 4256 2920 4296 nec
2968 4240 3095 4295 cibo
3149 4247 3244 4295 aut
3274 4256 3471 4296 somno
3501 4244 3760 4313 amplius

392 4350 688 4405 parumper
733 4341 819 4388 est
875 4333 1062 4388 dedita
1113 4348 1370 4404 sompuo,
1434 4339 1495 4387 ut
1522 4331 1702 4402 polius
1731 4332 2084 4440 conforta-
2115 4331 2458 4405 indulgebat,
2506 4331 2609 4385 nisi
2658 4336 2925 4402 quantum
2965 4337 3177 4385 naturae
3221 4330 3525 4386 necessitas
3564 4331 3760 4404 depo-

392 4431 544 4478 retur
608 4422 676 4477 ad
729 4422 1084 4477 serviendum
1119 4423 1246 4477 Deo.
1309 4421 1603 4492 Postquam
1660 4427 1844 4477 autem
1877 4438 2005 4493 per-

392 4514 567 4569 sensit
618 4513 856 4568 dormire
909 4514 1183 4569 omnesin
1240 4511 1495 4568 cubiculo
1551 4500 1739 4568 secum
1791 4528 2000 4583 perno-

392 4611 624 4671 ctantes,
669 4610 853 4675 spreto
889 4602 1120 4677 fulgenti
1174 4611 1349 4659 stratu
1378 4603 1518 4658 clam
1549 4602 1804 4666 surrexit,
1841 4613 2008 4676 atque

392 4690 764 4746 cubicularem
818 4691 1056 4762 puellam
1112 4690 1277 4746 tacita
1304 4692 1560 4747 excitavit
1619 4691 1785 4757 ;exin
1816 4708 2009 4765 gressu

391 4782 437 4816 ³⁸
467 4798 737 4854 suspenso
795 4785 985 4839 exiens
1037 4783 1380 4851 cubiculum,
1435 4783 1726 4839 ecclesiam
1787 4784 2010 4841 intravit

393 4880 583 4930 sancta
611 4874 929 4932 celebritate
985 4890 1300 4947 ymnorum,
1334 4889 1447 4931 non
1488 4875 1690 4946 stipata
1728 4876 2008 4932 turbarum

2114 4422 2290 4495 poscit
2342 4421 2381 4476 Ο
2412 4423 2592 4487 beata,
2655 4435 2777 4491 quae
2814 4420 2943 4475 dolo
2997 4419 3193 4487 caruit,
3249 4427 3304 4474 et
3352 4419 3408 4474 in
3434 4436 3545 4491 qua
3567 4422 3761 4492 pietas

2104 4513 2402 4587 apparuit!
2463 4513 2605 4568 Mitis
2668 4520 2724 4568 et
2777 4511 3008 4584 pacifica
3062 4520 3120 4567 et
3168 4512 3429 4567 omnibus
3485 4511 3757 4567 misereri

2109 4604 2541 4678 promptissima,
2581 4602 2860 4658 neminem
2906 4602 3188 4671 judicans,
3226 4602 3514 4658 neminem
3544 4603 3759 4674 damp-

2109 4711 2269 4757 nans,
2303 4692 2440 4748 nulli
2462 4692 2665 4748 malum
2717 4706 2817 4763 pro
2871 4690 3014 4745 malo
3046 4690 3308 4756 reddens,
3332 4689 3473 4744 nihil
3508 4689 3760 4747 arbitrio

2109 4803 2210 4842 suo
2228 4784 2445 4859 agebat,
2477 4784 2575 4840 sed
2635 4799 2735 4856 per
2782 4782 2970 4838 omnia
2995 4782 3065 4836 ad
3094 4791 3291 4838 nutum
3315 4788 3371 4837 et
3393 4782 3757 4843 voluntatem

2109 4875 2204 4932 Dei
2234 4874 2519 4932 tendebat.
2558 4875 2759 4931 Omnes
2806 4871 2949 4928 male
2986 4878 3217 4947 agentes
3272 4870 3422 4927 illam
3472 4871 3755 4940 oderunt,

1716 5037 1933 5092 VARIIE
2000 5036 2375 5094 LECTIONES.

467 5159 511 5195 ³⁸
544 5160 693 5216 mitis
723 5168 778 5215 et
803 5159 1041 5216 affabilis
1074 5159 1190 5216 fuit.
1231 5162 1369 5218 Raro
1409 5162 1700 5218 videbatur
1765 5163 1899 5218 irata
1957 5163 2043 5218 vel
2096 5168 2391 5229 commota,
2435 5176 2603 5217 nemo
2661 5159 2800 5215 vidit
2828 5176 2948 5215 eam
2981 5159 3124 5215 ultra
3164 5160 3391 5215 modum
3426 5169 3753 5215 merentem

400 5231 824 5315 autnridentem
887 5232 1246 5315 dampn_avitn,n
1285 5233 1420 5315 nulli
1508 5235 1710 5288 malum
1749 5250 1871 5315 .pro
1930 5234 2074 5291 malo
2132 5234 2374 5315 reddidit
2440 5233 2493 5288 2.
2552 5234 2597 5266 ³δ

2672 5232 2927 5287 videntes
2979 5231 3033 5285 2.
3101 5231 3147 5265 ³⁸
3204 5231 3310 5285 nisi
3364 5231 3629 5286 viderent
3694 5234 3751 5287 2.

392 5301 435 5334 ³⁷
493 5306 572 5357 ita
638 5304 686 5357 1.
750 5301 1030 5428 perquam
1069 5306 1135 5371 L,
1202 5305 1246 5338 ³⁸
1298 5308 1381 5359 ita
1432 5320 1552 5359 corr
1617 5320 1681 5359 ex
1748 5301 2001 5388 ingressu
2050 5307 2165 5361 cod.
2229 5312 2283 5361 et
2332 5305 2584 5379 ingressu
2644 5306 2706 5359 L.
2767 5303 2813 5337 3°
2867 5302 3273 5358 conveniebant
3324 5303 3379 5356 1.
3433 5303 3480 5335 ⁸ο
3518 5302 3754 5359 Deinde

401 5388 635 5428 sumens
690 5374 744 5427 in
792 5390 939 5428 rmos
987 5375 1323 5428 ubicumque
1366 5375 1577 5428 audivit
1626 5375 1679 5428 in
1726 5377 1911 5428 vicino
1956 5376 2219 5428 visitavit.
2296 5374 2609 5428 necessaria
2655 5373 2888 5428 praebuit
2937 5375 2971 5428 ‘2
3046 5374 3088 5407 “
3137 5388 3374 5428 somnno
3419 5377 3635 5428 sanius
3700 5379 3749 5428 t.

401 5388 635 5448 surgens
690 5374 744 5427 in

792 5390 939 5430 rmos
987 5375 1323 5447 ubicumque
1366 5375 1577 5430 audivit
1626 5375 1679 5430 in
1726 5375 1911 5432 vicino
1956 5376 2219 5444 visitavit,

2296 5373 2609 5431 necéssaria
2655 5373 2888 5446 praebuit
2937 5375 2971 5429 ‘2
3046 5374 3088 5407 ⁴¹
3137 5388 3374 5445 sompno
3419 5377 3635 5442 sapius
3700 5379 3749 5429 t.

1945 5534 2135 5591 ΝΟΤᾸΞ
2162 5576 2174 5589 .

471 5642 577 5712 (29)
607 5641 926 5699 Widukind.
962 5644 1055 5710 ιιι,
1076 5644 1147 5699 74
