3994 6132
243 251 342 308 901

238 559 343 614 fuit
394 561 606 632 regina,
651 570 874 633 propter
912 566 1083 620 Deum
1127 568 1291 621 multa
1336 570 1596 623 sustinuit
1639 572 1866 626 adversa

239 647 381 703 Raro
430 649 718 704 videbatur
767 651 903 706 irata
965 654 1051 707 vel
1107 655 1269 709 etiam
1322 666 1640 720 commota;
1703 675 1866 714 nemo

237 742 388 796 illam
435 744 572 798 vidit
602 745 743 799 ultra
790 747 1014 802 modum
1065 756 1389 804 maerentem
1447 759 1535 805 aut
1568 752 1860 808 ridentem.

238 832 374 888 Miro
404 836 648 890 caritatis
687 837 986 908 splendore
1017 838 1238 905 effulsit,
1281 842 1565 897 modestiae
1596 845 1866 899 mirabilis

234 923 464 977 amatrix
533 933 588 979 et
645 926 973 981 humilitatis
1051 928 1267 999 placida
1341 932 1629 994 sectatrix;
1692 933 1745 986 in
1799 951 1858 988 se

234 1013 564 1086 plerumque
604 1017 868 1082 severior,
914 1019 968 1072 in
1019 1019 1218 1074 ceteris
1278 1029 1460 1075 autem
1514 1024 1856 1090 clementior,

233 1106 500 1160 omnibus
549 1106 652 1162 fuit
680 1109 847 1163 totius
878 1110 1139 1164 bonitatis
1170 1113 1504 1183 exemplum,
1549 1114 1855 1187 largiendo,

231 1195 572 1263 miserando,
604 1207 852 1254 errantes
883 1203 1278 1258 convertendo.
1321 1204 1587 1268 Quotiens
1626 1207 1731 1260 sibi
1759 1208 1856 1261 tri-

233 1287 365 1342 buta
396 1290 756 1346 solvebantur
787 1309 814 1345 a
853 1294 1236 1368 vectigalibus,
1272 1297 1515 1351 decimas
1547 1298 1676 1352 inde
1706 1300 1860 1356 dedit

233 1381 574 1450 pauperibus
633 1393 686 1437 et
746 1383 956 1439 Christo
1017 1385 1446 1451 famulantibus;
1506 1397 1560 1444 et
1614 1405 1724 1460 quo
1780 1391 1858 1446 ire

231 1474 375 1543 pede
419 1491 527 1529 non
578 1485 810 1546 poterat,
856 1477 1025 1533 misso
1058 1496 1287 1534 munere
1333 1482 1614 1536 circuibat.
1669 1484 1858 1555 Neque

229 1563 384 1616 enim
415 1572 544 1618 sunt
595 1572 702 1619 tam
738 1582 900 1636 parva
931 1584 1054 1637 quas
1111 1569 1302 1643 gessit,
1339 1578 1398 1623 ut
1429 1571 1613 1624 omnia
1665 1573 1860 1627 litteris

230 1655 634 1724 comprehendi
705 1657 920 1727 possint
977 1658 1108 1729 quia
1159 1659 1205 1713 si
1265 1660 1390 1731 quis
1446 1662 1701 1728 universa
1755 1681 1861 1718 nu-

231 1763 449 1802 merare
504 1750 789 1817 voluisset,
842 1752 1168 1807 immensum
1228 1754 1539 1830 legentibus
1597 1757 1855 1812 volumen
1888 1724 1934 1790 Β

231 1835 524 1891 edidisset.

307 1926 366 1980 H
414 1930 486 1980 De
525 1927 876 1984 tribulatione
914 1946 1077 2000 quam
1117 1949 1151 1985 a
1197 1933 1329 2001 ﬁliis
1377 1937 1631 1989 sustinuit
1666 1938 1857 2003 regina

230 2015 578 2069 Mahthildis.
616 2016 766 2071 Tunc
822 2018 1112 2074 diabolicae
1171 2019 1380 2076 fraudis
1439 2023 1658 2089 astutia,
1717 2039 1864 2078 sem-

229 2122 334 2176 per
380 2107 636 2162 invidens
675 2111 927 2180 cperanti
971 2111 1136 2177 bona,
1177 2116 1387 2170 studuit
1445 2117 1553 2172 Deo
1603 2118 1859 2174 dilectam

226 2199 479 2272 reginam
555 2217 585 2254 a
641 2202 868 2258 servitio
926 2202 1118 2258 Christi
1193 2207 1462 2277 impedire
1544 2226 1642 2264 sua
1707 2210 1862 2265 calli-

223 2289 457 2344 dissima
513 2293 875 2362 temptatione
935 2302 988 2348 et
1041 2304 1231 2351 contra
1281 2300 1648 2354 venerandam
1705 2302 1862 2355 Chri-

224 2379 297 2431 sti
375 2379 634 2434 famulam
722 2383 990 2452 quosdam
1049 2385 1306 2441 excitavit
1360 2403 1685 2457 perversos,
1744 2391 1863 2459 ejus

229 2467 358 2521 vita:
381 2476 436 2522 et
459 2468 752 2524 virtutibus
774 2471 1012 2538 invidos,
1038 2474 1169 2544 quid
1192 2475 1260 2529 ad
1283 2491 1444 2530 aures
1466 2476 1701 2534 filiorum
1730 2495 1861 2549 per-

224 2558 531 2632 vulgabant
590 2562 740 2632 quod
805 2564 1241 2621 innumerabiles
1305 2570 1574 2638 pecunias
1629 2585 1864 2645 congre-

223 2661 434 2724 gasset,
476 2662 531 2708 et
562 2656 762 2729 regalis
814 2658 859 2692 ‘3
911 2667 1111 2715 Census
1159 2662 1202 2696 “
1245 2665 1588 2733 opulentiam
1639 2667 1862 2737 penitus

224 2747 687 2816 consumpsisset.
738 2749 871 2804 Cum
906 2761 1087 2806 autem
1151 2753 1270 2809 haec
1297 2763 1352 2811 et
1378 2756 1486 2811 alia
1542 2758 1853 2814 istiusmodi

227 2837 692 2910 pervulgarentur
763 2843 875 2914 regi
953 2844 1154 2911 Ottoni,
1220 2848 1460 2918 graviter
1525 2861 1852 2917 commotus,

227 2934 404 2982 totum
461 2930 820 3002 imperialiter
868 2937 911 2969 ‘5
964 2938 1310 3007 reposcebat,
1353 2942 1500 3012 quod
1541 2950 1728 2998 sancta
1760 2945 1854 2998 Dei

231 3023 575 3092 pauperibus
615 3026 1009 3094 distribuebat;
1053 3033 1256 3104 ubique
1307 3035 1529 3090 mittens
1559 3038 1862 3108 explorato-

227 3129 342 3179 res,
385 3115 478 3185 qui
512 3117 629 3184 ejus
667 3119 911 3187 nuntios,
955 3121 1335 3196 indigentibus
1376 3143 1603 3182 munera
1631 3139 1859 3199 portan-

229 3214 334 3271 tes,
368 3211 714 3279 expoliarent
755 3224 808 3268 et
849 3217 1185 3272 contumelia
1215 3219 1439 3276 affectos
1492 3224 1854 3282 remitterent.

179 3317 183 3321 ·
231 3302 358 3357 Haec
406 3313 462 3358 et
493 3306 578 3360 his
604 3307 805 3362 similia
847 3326 968 3364 cum
1002 3312 1279 3370 immerito
1327 3318 1628 3373 sustineret
1659 3319 1853 3374 Christi

231 3393 462 3461 famula,
513 3399 659 3468 quod
692 3399 769 3454 illi
810 3402 1104 3458 videbatur
1145 3407 1447 3474 molestius,
1506 3410 1635 3464 haut
1675 3412 1856 3466 minus

230 3506 457 3561 gravem
509 3492 765 3560 injuriam
807 3497 911 3551 sibi
961 3499 1147 3554 intulit
1181 3502 1485 3571 lleinricus,
1529 3522 1691 3576 quem
1726 3507 1864 3562 miro

232 3582 432 3638 affectu
463 3589 668 3642 amoris
725 3591 940 3646 cunctis
971 3605 1346 3664 praeposuerat
1393 3597 1538 3652 filiis.
1573 3600 1649 3654 Ad
1681 3611 1864 3655 extre-

233 3688 388 3726 mum
429 3675 702 3748 cogebant
733 3695 876 3746 eam,
925 3681 1142 3737 dotales
1171 3685 1428 3758 regiones
1466 3688 1778 3760 relinquere
1809 3698 1863 3744 et

229 3778 392 3816 sacro
426 3765 696 3822 velamine
748 3786 808 3823 se
847 3772 1196 3846 consignare.
1232 3775 1270 3830 Ο
1304 3778 1518 3832 beatam
1551 3780 1859 3848 Dominam,

231 3870 361 3924 quae
411 3856 466 3909 in
517 3860 700 3914 multis
764 3869 1051 3934 temptata,
1113 3883 1215 3922 nec
1272 3877 1452 3924 tamen
1514 3874 1858 3942 temptationi

231 3947 530 4002 succubuit
555 3951 761 4006 evicta!
805 3954 944 4018 Quid
985 3959 1231 4013 creditur
1261 3961 1338 4015 illi
1381 3961 1560 4017 inesse
1590 3965 1861 4033 mceroris,

229 4033 365 4087 dum
423 4037 670 4109 undique
735 4043 1045 4114 angebatur
1103 4053 1252 4101 tanta
1319 4049 1371 4102 vi
1433 4051 1865 4108 tribulationis?

233 4122 419 4177 Minus
456 4126 683 4182 moleste
733 4128 918 4199 ferret,
967 4133 1031 4200 si,
1079 4135 1382 4203 lleinricus,
1425 4156 1590 4210 quem
1641 4144 1864 4216 egregie

233 4217 459 4281 amavit,
501 4217 649 4274 fratri
683 4237 792 4277 non
823 4227 1231 4283 concordasset.
1277 4230 1446 4300 Impia
1486 4248 1616 4306 ergo
1650 4235 1864 4290 discor-

232 4307 354 4373 dia,
411 4311 708 4379 quaeinter
766 4316 917 4386 ipsos
946 4320 1267 4375 versabatur
1307 4324 1376 4377 ab
1428 4323 1680 4393 infantia,
1737 4327 1862 4383 illos

1321 259 1594 314 SANC'NE
1636 262 1990 319 MATHILDIS
2032 266 2295 323 REGlN/E
2334 272 2501 328 VlTA.

241 386 296 432 et
327 385 477 433 recte
498 379 749 435 viventes
766 381 1100 436 dilexerunt.
1125 382 1372 458 Magnam
1392 386 1438 419 ⁴²
1467 386 1732 442 adversus
1751 404 1869 442 om-
1895 395 1943 459 A
1970 402 2025 450 et
2069 397 2366 466 psalmictaz
2421 401 2675 457 versiculi
2733 421 2842 461 non
2875 408 3202 468 immemor:
3248 437 3272 465 ‹‹

240 488 342 525 nes
391 472 621 540 injurias
677 475 993 544 patientiam
1032 480 1316 549 assumsit,
1359 489 1416 532 et
1447 497 1566 550 qum
1594 483 1869 537 excellens

1884 3081 1932 3148 C

3477 298 3582 354 902

3319 418 3582 478 Dominus

1971 484 2105 538 mihi
2159 487 2376 554 adjutor
2424 497 2526 557 est,
2595 508 2704 547 non
2759 496 2964 553 timebo
3047 503 3177 572 quid
3233 504 3392 562 faciat
3450 511 3580 566 mihi

1972 578 2134 633 homo
2193 581 2357 648 (Psal.
2421 598 2582 649 cxvn,
2635 586 2724 650 6):
2787 612 2810 633 »ι
2885 590 3003 645 leve
3061 595 3383 654 existimans
3449 604 3580 673 quid

1969 664 2154 731 ferret,
2184 673 2394 723 tantum
2429 687 2499 725 ne
2531 672 2742 729 Christo
2765 675 3070 736 vilescerct.
3105 683 3244 739 Nulli
3278 664 3578 752 maledixit,

1967 760 2063 813 sed
2119 761 2358 831 propriis
2415 763 2699 834 deputavit
2756 771 2965 825 meritis
3008 775 3271 847 quicquid
3315 785 3582 853 angustiae

1969 849 2190 918 pertulit
2245 850 2313 904 ab
2373 851 2798 910 adversantibus
2848 856 3009 924 filiis;
3057 879 3280 935 semper
3332 849 3583 924 retinens

1967 941 2020 994 in
2079 944 2346 997 memoria
2399 946 2546 1015 quod
2608 947 2660 1000 in
2715 965 2867 1004 sacra
2934 953 3201 1011 didicerat
3266 959 3578 1031 Scriptura:

1965 1054 1988 1083 α
2031 1035 2165 1098 Quia
2197 1052 2295 1105 per
2333 1039 2532 1093 multas
2560 1040 2941 1098 tribulationes
2971 1053 3024 1100 et
3053 1051 3332 1120 angustias
3363 1063 3580 1124 oportet

1963 1141 2063 1182 nos
2115 1128 2346 1184 introire
2390 1149 2620 1207 regnum
2666 1135 2759 1189 Dei
2807 1137 2929 1205 (Act
3003 1157 3113 1207 xuv,
3145 1142 3255 1212 21).
3303 1170 3326 1190 η
3370 1147 3423 1200 Si
3455 1150 3580 1219 quis

1959 1225 2142 1274 autem
2216 1222 2605 1294 calumpniam,
2689 1245 2852 1299 quam
2935 1233 3266 1302 patiebatur,
3352 1238 3579 1312 igemuit

1963 1313 2082 1384 ipsa
2115 1325 2407 1384 praesente,
2437 1321 2592 1390 quasi
2615 1323 2846 1392 cupiens
2875 1341 3165 1382 mterorem
3187 1329 3359 1399 ipsius
3382 1333 3576 1396 lenire,

1962 1401 2162 1457 talibus
2213 1406 2396 1460 verbis
2453 1419 2679 1464 econtra
2736 1410 2910 1466 fertur
2969 1417 3351 1486 respondisse:
3397 1445 3418 1466 «
3467 1420 3576 1475 Rex

1961 1489 2081 1546 Otto
2129 1493 2535 1565 calumpniatur
2592 1499 2750 1554 nobis
2782 1540 2797 1566 ,
2850 1501 2904 1554 id
2966 1505 3167 1559 nostris
3228 1508 3580 1581 exigentibus

1961 1583 2201 1648 meritis;
2245 1585 2384 1639 Deus
2441 1596 2623 1642 autem
2673 1590 2809 1645 sciat
2868 1591 3043 1659 illum,
3098 1597 3191 1666 qui
3234 1607 3420 1653 contra
3480 1615 3580 1654 nos

1961 1673 2280 1728 excitaverit
2319 1675 2359 1707 ‘7
2403 1683 2647 1730 nostrum
2693 1680 2982 1734 amabilem
3028 1682 3199 1738 filium
3246 1686 3578 1752 Heinricum,

1956 1763 2116 1830 cujus
2153 1764 2421 1818 solamine
2463 1767 2825 1836 sperabamus
2873 1780 3097 1826 enatare
3129 1773 3392 1845 quicquid
3420 1777 3582 1832 nobis

1955 1854 2244 1910 accidisset
2275 1856 2460 1911 triste:
2521 1874 2666 1913 nunc
2721 1860 2820 1914 iste
2867 1862 3190 1918 adversatur
3246 1867 3426 1933 nobis,
3481 1871 3581 1941 qui

1957 1942 2151 1997 debuit
2193 1960 2317 1998 esse
2381 1948 2716 2001 consolator.
2798 1949 3156 2022 Nequaquam
3217 1963 3405 2010 tamen
3467 1942 3581 2028 pati

1959 2046 2273 2100 possumus,
2305 2035 2510 2105 utquid
2533 2036 2602 2088 de
2625 2052 2694 2091 eo
2718 2037 3110 2095 inclementius
3131 2043 3240 2097 dici
3259 2045 3584 2113 audiamus;

1959 2123 2088 2193 quia
2117 2140 2260 2179 nunc
2299 2142 2330 2179 a
2358 2127 2518 2181 nobis
2549 2130 2983 2198 praecordialiter
3018 2133 3287 2207 diligitur,
3330 2141 3585 2208 quamvis

1961 2213 2217 2270 inimicus
2239 2225 2480 2287 putetur.
2503 2219 2638 2274 lllud
2663 2228 2845 2276 autem
2871 2238 2971 2277 nos
2990 2227 3232 2298 graviter
3257 2232 3585 2305 compungit

1964 2307 2291 2374 recolentes,
2328 2310 2480 2365 illum
2522 2312 2682 2367 nobis
2728 2313 3106 2371 dulcissimum
3146 2335 3275 2392 erga
3316 2337 3418 2375 nos
3459 2339 3582 2377 esse

1965 2402 2069 2451 tam
2100 2415 2366 2455 amarum.
2402 2403 2508 2457 Sed
2541 2405 2617 2458 nil
2668 2414 2875 2476 ageret,
2917 2409 2962 2462 si
2995 2411 3140 2484 regis
3183 2412 3442 2480 juvamen
3475 2415 3582 2468 sibi

1962 2485 2214 2545 deesset:
2250 2490 2392 2544 Deus
2419 2500 2602 2547 autem
2633 2494 2711 2547 illi
2746 2504 2953 2565 pareat,
2977 2513 3046 2552 ne
3077 2499 3146 2553 ab
3169 2499 3289 2570 ipso
3318 2502 3583 2558 ultionem

1963 2576 2213 2646 recipiat.
2251 2579 2462 2634 Utinam
2524 2583 2766 2640 donante
2806 2587 2916 2642 Deo
2969 2589 3090 2643 sine
3119 2590 3408 2645 amborum
3465 2590 3586 2646 fieri

1962 2678 2148 2737 posset
2200 2673 2464 2742 periculo,
2516 2685 2575 2731 ut
2633 2687 2858 2750 prOpter
2917 2697 3016 2737 nos
3075 2691 3222 2739 tanta
3279 2685 3422 2741 inter
3489 2703 3586 2743 eos

1956 2756 2266 2815 firmaretur
2304 2764 2456 2832 pacis
2495 2765 2696 2832 unitas,
2731 2785 2800 2823 ne
2841 2770 3074 2826 ulterius
3105 2773 3309 2828 inirent
3340 2774 3585 2830 inimici-

1958 2849 2084 2904 tias!
2132 2876 2154 2897 »
2199 2857 2326 2907 Cum
2387 2864 2572 2911 autem
2620 2868 2808 2915 sancta
2851 2862 2942 2916 Dei
3002 2863 3242 2928 vicisset,
3299 2866 3586 2922 molestias

1957 2940 2196 2996 filiorum
2224 2944 2327 2997 sibi
2381 2961 2491 3000 non
2523 2949 2719 3015 minui,
2777 2953 2873 3005 sed
2904 2952 2972 3006 de
3004 2953 3095 3007 die
3154 2955 3206 3007 in
3242 2955 3391 3008 diem
3454 2958 3583 3026 plus

1960 3034 2166 3106 augeri,
2245 3036 2565 3108 relinquens
2629 3041 2901 3112 quidquid
2967 3058 3057 3097 rex
3130 3043 3414 3099 Reinricus
3479 3046 3582 3099 sibi

1959 3123 2185 3178 dederat
2216 3125 2269 3178 in
2314 3127 2521 3192 dotem,
2565 3129 2620 3181 in
2671 3131 2999 3185 occidentali
3043 3133 3267 3207 regione
3307 3135 3446 3188 adiit
3475 3136 3585 3188 An-

1957 3213 2309 3286 gerinensem
2351 3218 2395 3250 ⁵⁸
2451 3218 2577 3287 (30),
2619 3219 2854 3289 cupiens
2893 3221 3316 3276 adversantibus
3358 3239 3584 3294 parcere

1959 3305 2108 3372 filiis,
2143 3325 2212 3362 ne
2246 3309 2594 3364 incurrerent
2622 3311 2757 3366 iram
2791 3313 2992 3368 divinae
3020 3315 3262 3370 ultionis.
3297 3317 3435 3383 illic,
3480 3319 3588 3373 Deo

1962 3409 2316 3471 cOOperante,
2348 3401 2493 3455 haud
2525 3403 2707 3457 minus
2734 3421 2895 3473 quam
2928 3415 3288 3462 consueverat
3327 3410 3587 3481 quodque

1966 3488 2171 3544 bonum
2203 3491 2514 3545 exercebat.
2549 3491 2678 3546 Post
2717 3493 2832 3546 hac
2859 3493 3045 3548 divina
3076 3496 3444 3566 dispositione
3467 3500 3584 3574 regi

1965 3583 2394 3639 innumerabilia
2431 3601 2803 3656 supervenere
2842 3587 3059 3661 ﬂagella
3091 3589 3215 3658 (3|).
3262 3598 3585 3647 retroversw

1964 3673 2202 3728 victoria:
2248 3674 2541 3744 triumphis
2587 3677 2695 3744 (an.
2737 3676 2885 3743 9-H),
2933 3676 3169 3748 aliisque
3201 3695 3383 3733 rerum
3424 3679 3579 3734 nihi-

1965 3764 2202 3819 lominus
2261 3766 2369 3833 (32)
2429 3767 2708 3819 secundis.
2770 3767 3080 3822 Heinricum
3141 3779 3322 3824 autem
3378 3771 3582 3825 invasit

1965 3853 2143 3907 morbi
2183 3854 2444 3926 gravedo,
2477 3871 2599 3925 quae
2644 3863 2696 3909 et
2728 3856 2880 3910 illum
2923 3857 3174 3929 purgavit
3203 3874 3234 3911 a
3261 3858 3481 3913 delicto.
3520 3859 3581 3913 Et

1966 3955 2149 4002 tamen
2208 3965 2450 4019 superna
2503 3952 2782 4006 miseratio
2849 3952 2929 4005 illi
2999 3954 3247 4022 pepercit
3304 3953 3574 4018 feriendo,

1965 4036 2120 4106 quasi
2155 4037 2397 4092 Christus
2434 4039 2775 4094 satisfaceret
2813 4049 2940 4096 voto
2989 4043 3198 4109 matris,
3239 4059 3361 4114 quae
3387 4044 3581 4099 sedula

1966 4148 2130 4202 prece
2160 4132 2211 4186 ei
2241 4135 2488 4188 exoravit
2509 4135 2724 4189 veniam
2757 4135 3145 4191 remisssionis.

2036 4229 2104 4284 12
2159 4231 2404 4297 Qualiter
2453 4233 2673 4287 reducta
2702 4236 2792 4288 sit.
2845 4234 3047 4288 Videns
3085 4243 3267 4290 autem
3313 4252 3407 4290 rex
3462 4238 3582 4292 Otto

1964 4322 2094 4393 quia
2132 4323 2270 4376 nihil
2302 4324 2594 4394 proficeret
2640 4326 2694 4379 in
2751 4327 3028 4397 prosperis
3071 4337 3130 4382 ut
3175 4328 3348 4398 prius,
3404 4330 3587 4384 timuit

234 4405 373 4452 tunc
423 4405 764 4459 consociavit
803 4409 870 4461 ad
904 4408 1271 4481 iniquitatem,
1306 4431 1444 4485 quos
1489 4417 1638 4485 prius
1674 4404 2140 4487 prohi-Dusque
2193 4417 2260 4469 ad
2331 4425 2560 4471 mortem
2609 4419 2986 4476 contristatus.
3056 4422 3206 4476 Tunc
3272 4422 3589 4477 sacerdotes

235 4490 437 4548 buerat
490 4495 784 4553 fraternam
844 4517 1036 4576 gerere
1094 4505 1140 4539 ‘5
1198 4522 1408 4576 pacem.
1482 4507 1680 4563 Contra
1749 4511 1865 4565 haec

233 4583 424 4637 omnia
462 4589 798 4645 venerabilis
833 4593 1022 4665 regina
1054 4596 1251 4651 miram
1287 4597 1342 4651 in
1374 4599 1588 4654 cunctis
1617 4601 1868 4656 exhibuit

234 4675 560 4741 patientiam
628 4685 682 4733 et
753 4679 947 4736 fortem
1025 4683 1078 4738 in
1161 4686 1407 4741 adversis
1467 4690 1865 4756 constantiam;

229 4769 427 4817 custos
456 4766 567 4820 oris
593 4769 703 4836 sui,
732 4786 800 4824 ne
831 4772 963 4842 quid
987 4774 1257 4843 proferret
1282 4776 1597 4852 incongrui,
1624 4779 1869 4835 studiosa

228 4857 305 4911 ad
351 4859 628 4915 continuae
667 4862 931 4918 orationis
992 4882 1172 4934 usum,
1224 4875 1282 4922 ut
1329 4868 1575 4924 vinceret
1638 4871 1868 4929 insidias

229 4948 672 5020 adversantium,
722 4954 895 5011 immo
923 4956 1072 5012 illata
1120 4958 1226 5014 sibi
1257 4959 1460 5029 injuria
1499 4964 1861 5030 constantior,

1968 4514 2021 4562 et
2067 4508 2236 4562 ceteri
2271 4509 2570 4579 principes,
2611 4526 2842 4581 quorum
2891 4514 3057 4568 corda
3091 4515 3232 4568 Deus
3279 4515 3591 4571 illustrave-

1970 4604 2069 4662 rat,
2100 4596 2334 4668 ingressi
2367 4596 2434 4650 ad
2466 4599 2838 4653 venerabilem
2874 4601 3121 4675 reginam
3165 4603 3350 4669 Edith,
3381 4605 3586 4660 cohor-

1970 4697 2156 4744 tantur
2224 4688 2395 4754 illam,
2438 4689 2766 4745 admoneret
2823 4708 3036 4765 regem,
3120 4696 3380 4766 quatinus
3456 4712 3585 4751 cum

1971 4781 2176 4836 honore
2225 4797 2380 4836 suam
2431 4781 2483 4835 in
2546 4798 2775 4856 regnum
2838 4799 3094 4841 revocare
3151 4795 3400 4844 matrem.
3461 4790 3630 4864 (Quae~

1968 4873 2152 4930 statim
2193 4873 2442 4946 ingressa
2473 4873 2540 4927 ad
2572 4890 2782 4947 regem,
2813 4876 2892 4931 sic
2922 4877 3029 4932 ait:
3076 4902 3097 4929 ιι
3135 4880 3211 4935 Ne
3240 4881 3592 4936 contristetur

1966 4972 2158 5022 noster
2181 4965 2461 5033 dominus,
2490 4965 2694 5022 divinis
2715 4966 2947 5043 ﬂagellis
2972 4979 3274 5043 correptus,
3305 4979 3594 5028 revocetur

1603 5092 1822 5149 νΑΒΙᾸῧ
1862 5091 2238 5149 LECTIONES.

307 5179 354 5211 "
382 5195 610 5263 magnas
646 5184 698 5238 1.

791 5186 835 5218 ‘3
863 5189 1076 5259 regales
1107 5191 1158 5245 1.

234 5265 368 5303 rens
401 5251 451 5306 1.

530 5255 570 5287 ‘7
596 5255 980 5314 excitauerunt
1013 5261 1061 5314 1.
1094 5255 1431 5319 excitauit-3.

1256 5192 1300 5226 ‘5
1331 5192 1486 5263 quasi
1545 5193 1750 5264 publici
1787 5201 2016 5270 questus
2064 5191 2454 5270 pessumdaret
2494 5191 2758 5270 omnia
2826 5192 2878 5270 :5
2903 5189 3322 5259 imperaliter'l.

1514 5262 1558 5298 ὀδ
1585 5267 1667 5319 ita
1699 5266 1748 5319 1.
1784 5262 1838 5321 3.
1873 5264 1928 5318 in
1960 5262 2332 5319 occidentales
2361 5262 2590 5317 secessit
2617 5269 2799 5332 partes
2824 5262 2878 5316 2.

3405 5189 3451 5224 η
3483 5207 3588 5266 εθ-

1807 5389 2015 5445 NOTAE.

308 5473 418 5544 (30)
459 5476 639 5555 Enger
683 5480 852 5555 igitur
881 5491 1108 5554 paterna
1169 5487 1287 5555 ejus
1342 5488 1540 5544 domus
1587 5495 1738 5552 erat;
1786 5488 1854 5543 cf.

229 5559 403 5617 supra
443 5563 543 5617 cap
601 5551 654 5604 3.

306 5616 419 5687 (3'1)
458 5616 657 5698 Auctor
696 5623 1020 5698 Liudgardis
1069 5627 1195 5684 filiae
1228 5630 1437 5685 Ottonis
1467 5631 1716 5686 morbum
1769 5631 1858 5683 in-

234 5701 414 5741 nuere
442 5689 678 5756 videtur,
710 5693 781 5750 ob
811 5689 976 5766 quem
1008 5714 1101 5753 rex
1140 5700 1639 5772 Quedlinburgensi
1668 5715 1858 5757 caeno-

1961 5487 2053 5566 l_)io
2105 5486 2410 5566 Kinlingam
2451 5485 2634 5540 villam
2665 5481 2935 5546 contulit;
2967 5483 3020 5536 d.
3064 5482 3134 5536 30
3187 5482 3339 5553 Sept.
3373 5497 3423 5536 a.
3455 5481 3581 5536 944.

1960 5557 2331 5635 τιιεὶειψμτεί-
2389 5627 2419 5635 .,
2449 5627 2480 5635 ..
2575 5625 2585 5635 .

2030 5629 2135 5697 (32)
2174 5627 2292 5714 Le.
2347 5627 2483 5680 nihil
2515 5627 2700 5680 minus
2731 5638 2925 5695 quam.
