3994 6148
440 241 548 296 903

433 375 615 422 vestra
655 371 828 420 mater
855 362 1225 418 sanctissima.
1272 374 1641 432 regnumque,
1683 363 1743 411 ut
1773 355 2046 412 convenit.

438 457 613 529 prima
666 454 972 525 possideat;
1032 460 1088 504 et
1140 458 1201 504 ut
1262 464 1571 519 Speremus,
1636 453 1812 501 vestra
1865 445 2050 499 omnia

432 544 909 617 prosperabuntur
963 539 1101 594 etin
1142 538 1434 609 pristinum
1475 536 1833 591 restituentur
1862 536 1904 568 ’σθ
1934 549 2059 610 gra-

436 637 588 692 dum.
633 659 658 681 »
704 634 812 688 Rex
842 638 1022 686 autem
1070 628 1395 699 paenitentia
1424 632 1788 697 compunctus
1820 632 1875 679 et
1902 640 2057 679 com—

438 731 595 786 missi
652 731 784 785 haut
834 729 1129 783 immemor
1180 733 1381 791 reatus,
1445 726 1557 779 Deo
1615 723 1943 794 inspirante,
2000 721 2055 774 in

430 832 617 877 sancta
669 826 837 874 matre
890 833 951 871 se
1011 816 1311 885 deliquisse
1351 812 1629 887 cognovit.
1684 812 1819 866 Haut
1877 826 2048 875 mora,

433 914 583 969 missi
632 912 926 983 episcOpis,
970 909 1207 964 ducibus
1249 924 1313 963 ac
1351 906 1649 962 comitibus
1707 915 1762 961 et
1788 905 2048 961 omnibus

433 1000 856 1074 sapientissimis
897 998 1134 1053 militum
1168 1006 1394 1051 matrem
1446 1012 1567 1050 cum
1632 997 1842 1050 honore
1898 1008 2057 1048 revo-

436 1093 689 1153 candam,
726 1088 989 1161 praecepit
1030 1086 1223 1141 Christi
1254 1085 1476 1140 famula:
1507 1084 1822 1153 hujusmodi
1856 1083 2055 1153 scripta

434 1184 673 1240 deferri:
722 1204 742 1231 ι
786 1181 825 1236 0
873 1178 1206 1235 venerabilis
1259 1178 1503 1243 domina,
1570 1177 1665 1231 Dei
1714 1174 2054 1230 iracundiam

428 1274 542 1342 jam
595 1273 725 1327 satis
757 1270 1101 1340 nimiumque
1132 1268 1581 1322 exacerbavimus
1620 1266 1676 1319 in
1708 1281 1809 1319 nos
1866 1280 2055 1335 perse-

433 1361 653 1416 cutione
692 1367 891 1414 vestra.
942 1358 1195 1411 Fatemur
1236 1356 1387 1427 quod
1441 1354 1812 1425 peccavimus,
1854 1360 1907 1406 et
1966 1352 2054 1406 in-

426 1456 573 1527 juste
622 1461 811 1510 contra
857 1468 953 1507 vos
981 1451 1225 1524 egimus;
1278 1459 1504 1521 prepter
1548 1450 1714 1503 Deum
1764 1447 1924 1502 nobis
1969 1447 2055 1501 di-

430 1548 651 1612 mittite,
686 1554 741 1601 ct
787 1562 817 1599 τι
846 1544 1056 1599 Christo
1105 1543 1324 1597 veniam
1361 1540 1707 1595 remissionis
1739 1539 2047 1609 implorate.

434 1638 731 1705 Quodlibet
772 1636 1105 1707 supplicium
1159 1634 1393 1689 libenter
1430 1633 1687 1702 patimur,
1738 1638 1944 1685 tantum
1997 1637 2053 1683 ut

433 1740 613 1786 vestra
657 1728 831 1802 gratia
878 1728 1140 1781 fruamur.
1174 1727 1251 1779 Ad
1305 1726 1423 1779 haec
1451 1731 1508 1778 ut
1537 1724 1604 1777 ad
1653 1738 1753 1777 nos
1784 1722 1887 1776 iter
1917 1720 2051 1775 diri-

432 1822 593 1897 gatis,
638 1820 909 1891 petimus;
952 1834 1052 1874 nos
1081 1826 1137 1873 et
1174 1818 1360 1873 omnia
1414 1825 1598 1872 nostra
1631 1816 1825 1870 ditioni
1856 1821 2050 1869 vestrae

433 1914 744 1978 subdimus,
796 1912 1027 1981 insuper
1076 1919 1132 1964 et
1181 1910 1530 1964 restituemus
1584 1907 1852 1980 quidquid
1894 1905 2051 1960 vobis

433 2006 634 2075 injuste
694 2004 1077 2059 abstraximus.
1159 2002 1241 2056 Nil
1319 2002 1481 2056 nobis
1560 2000 1865 2069 jocundum
1926 1998 2049 2062 erit,

428 2106 722 2169 antequam
757 2112 853 2151 vos
897 2095 1087 2148 videre
1140 2093 1432 2167 contigerit
1490 2114 1510 2142 ι
1561 2091 1880 2146 Beatissima
1923 2104 2052 2145 vero

432 2193 623 2266 regina
652 2191 975 2262 petitionem
1008 2187 1105 2242 ﬁlii
1141 2188 1297 2242 hilari
1323 2194 1506 2242 nieute
1526 2186 1861 2259 percipiens,
1884 2185 2053 2256 quid-

429 2280 560 2354 quid
612 2279 911 2351 pertulerat
963 2278 1177 2332 adversi
1238 2277 1459 2347 penitus
1488 2276 1713 2331 tradidit
1758 2274 2050 2340 oblivioni,

430 2392 532 2432 nec
562 2376 769 2431 diutius
800 2374 1028 2437 distulit,
1062 2373 1159 2428 sed
1195 2372 1300 2428 iter
1327 2373 1641 2428 accelerans
1668 2371 1724 2426 in
1757 2371 1977 2427 Gruona
2006 2370 2051 2404 ⁵ο

429 2466 600 2521 venit.
1696 2461 1700 2464 ’

499 2556 589 2610 13.
640 2560 714 2611 De
767 2557 1201 2610 reconciliatimte
1250 2554 1459 2609 Ottonis
1506 2557 1555 2606 et
1610 2553 1804 2605 matris
1868 2548 2046 2618 (0ct.).

430 2650 560 2705 Cum
593 2657 774 2705 autem
815 2649 1084 2703 adventus
1129 2645 1462 2702 venerabilis
1492 2644 1696 2717 reginae
1736 2641 2051 2697 Mahthildis

429 2738 844 2809 pervulgaretur
888 2737 957 2791 ad
992 2751 1154 2790 aures
1193 2734 1339 2807 regis
1382 2732 1610 2792 Ottonis.
1662 2732 1835 2786 multo
1865 2729 2046 2786 comi-

429 2837 543 2886 tatu
575 2830 794 2886 obviam
837 2828 1035 2894 tendit,
1076 2844 1262 2882 secum
1295 2827 1593 2882 comitante
1636 2824 1822 2898 regina
1866 2822 2045 2876 Editli.

430 2923 495 2979 Ut
522 2939 654 2977 vero
696 2923 931 2993 primum
973 2921 1108 2974 vidit
1139 2920 1249 2974 Deo
1280 2918 1537 2974 dilectam
1576 2917 2044 2989 appropinquare,

430 3013 498 3067 ab
530 3028 675 3083 equo
718 3012 946 3076 desiliit,
977 3019 1031 3066 et
1062 3010 1289 3081 prepius
1317 3010 1609 3076 accedens,
1641 3022 1789 3082 genu
1820 3005 1960 3061 ﬂexo
1993 3005 2048 3059 in

429 3114 651 3172 terram,
676 3106 887 3159 veniam
922 3104 1240 3175 postutavit,
1272 3102 1464 3156 dicens
1493 3119 1505 3154 :
1551 3123 1578 3151 α
1620 3100 1659 3154 Ο
1689 3115 1850 3154 omne
1879 3098 2050 3153 decus

432 3198 600 3254 nostri
640 3196 877 3261 decoris,
909 3203 964 3250 et
999 3195 1259 3249 solatium
1293 3193 1559 3264 cujusque
1605 3191 1830 3258 laboris,
1890 3192 2048 3263 cujus

429 3286 643 3342 meritis
708 3284 1096 3355 deputabimus
1172 3298 1400 3357 regnum
1460 3281 1609 3353 quod
1679 3280 2023 3351 possidemus

429 3376 640 3431 Sumite
671 3376 739 3429 de
789 3374 953 3429 nobis
991 3376 1361 3446 quodcunque
1409 3373 1744 3444 supplicium
1774 3372 1959 3441 vultis,
1986 3379 2047 3428 ut

429 3470 591 3526 nobis
636 3476 844 3525 tantum
879 3469 1038 3524 liceat
1068 3469 1248 3524 redire
1294 3470 1348 3524 in
1380 3470 1607 3542 gratiam
1639 3469 2048 3525 reconciliatio-

426 3563 529 3617 nis.
578 3562 696 3617 Jam
725 3562 860 3617 satis
900 3561 1105 3617 luimus
1142 3561 1411 3634 quidquid
1452 3569 1641 3617 contra
1687 3576 1781 3615 vos
1806 3560 2046 3631 deliqui-

424 3674 585 3724 mus;
645 3675 771 3713 nam
827 3674 893 3712 ex
945 3658 1039 3712 illo
1113 3665 1362 3728 tempore
1443 3673 1553 3729 quo
1615 3657 1959 3712 abscessistis
2015 3673 2047 3712 a

423 3759 603 3805 vestra
634 3749 800 3805 dotali
848 3749 1094 3822 regione,
1131 3757 1437 3805 retroversa
1467 3756 1548 3803 est
1579 3748 1760 3803 omnis
1813 3764 2047 3819 prospe-

424 3839 554 3894 ritas
602 3840 754 3905 belli,
807 3855 1025 3896 necnon
1072 3839 1254 3895 fractae
1306 3846 1435 3894 sunt
1498 3848 1700 3896 nostrae
1773 3841 1938 3904 vires,
1991 3851 2045 3896 et

423 3928 618 3984 crebro
673 3939 863 3984 contra
916 3943 1018 3984 nos
1072 3930 1477 4000 praevaluerunt
1524 3930 1730 3985 hostes.
1776 3950 1800 3982 ι)
1844 3928 2044 3986 Contra

425 4022 541 4077 haec
609 4032 784 4078 mater
838 4022 1194 4089 venerabilis,
1253 4023 1486 4078 decoros
1559 4024 1750 4078 oculos
1820 4022 2043 4093 perfusa

427 4110 687 4177 lacrimis,
739 4110 852 4165 ﬁlio
882 4110 1064 4164 statim
1118 4109 1354 4181 praebuit
1398 4110 1644 4165 osculum
1683 4110 1854 4179 pacis,
1882 4109 2038 4181 quasi

423 4199 493 4252 ab
516 4214 583 4254 eo
615 4199 750 4253 nihil
782 4198 1099 4270 pertulisset
1132 4198 1496 4266 adversitatis,
1531 4207 1585 4252 et
1614 4198 1857 4253 animum
1904 4214 2041 4269 sup-

425 4287 684 4358 plicantis
740 4286 941 4342 talibus
1020 4284 1412 4341 consolabatur
1464 4284 1675 4340 verbis:
1727 4306 1750 4335 α
1788 4285 1887 4340 Fili
1949 4286 2045 4355 mi,

427 4381 594 4437 nolite
644 4379 993 4445 contristari;
1037 4396 1324 4451 speramus
1374 4379 1545 4445 enim,
1604 4395 1703 4435 vos
1760 4380 1976 4436 veniam
2016 4398 2048 4436 a

428 4471 661 4527 Domino
691 4469 991 4542 consequi;
1026 4486 1150 4525 nam
1180 4471 1226 4525 si
1253 4476 1565 4526 nostrorum
1595 4483 1703 4525 non
1744 4470 2049 4545 exigissent

426 4563 807 4634 peccaminum
856 4562 1070 4626 merita,
1132 4571 1313 4619 vestra
1357 4579 1424 4617 ex
1472 4570 1626 4635 parte
1676 4561 1824 4618 nulla
1885 4563 2047 4618 nobis

423 4653 740 4711 obviassent
787 4655 1039 4710 adversa.
1088 4656 1235 4711 Deus
1281 4662 1463 4711 autem
1507 4654 1668 4711 vobis
1711 4655 1913 4710 tribuat
1961 4655 2049 4709 in-

422 4749 764 4826 dulgentiam
812 4768 912 4821 per
969 4751 1306 4808 ineffabilem
1361 4767 1516 4806 suam
1579 4751 2038 4819 misericordiam,

423 4846 518 4917 qui
557 4852 778 4916 paratus
808 4852 892 4899 est
933 4844 1186 4901 misereri
1231 4847 1435 4919 cuique
1464 4845 1779 4917 poenitenti,
1811 4846 1856 4901 si
1888 4861 2039 4902 com-

425 4936 591 4991 missa
630 4933 874 5006 perfecte
917 4933 1203 4991 deﬂeverit
1253 4942 1308 4990 et
1363 4934 1712 5006 postmodum
1764 4950 1877 4991 non
1933 4936 2037 4990 ad-

426 5027 653 5083 miserit.
701 5048 730 5078 ν)

1513 228 1790 285 ΒΑΝΟΤᾸΞ
1829 226 2181 283 MATHILDIS
2224 226 2487 281 REGINA'}
2525 229 2694 283 VITA.

2081 361 2125 424 Α

2083 1676 2128 1741 ll

2061 4708 2119 4776 D

3676 237 3789 292 904

2224 354 2312 410 14.
2361 359 2435 410 De
2476 359 2904 414 reconciliatione
2955 362 3218 417 Heinrici.
3260 361 3629 434 Comperieus
3680 383 3785 420 au-

2159 454 2265 501 tem
2326 448 2633 515 Heinricus,
2675 450 2893 518 juvenis
2938 453 3177 509 decorus
3225 463 3279 510 et
3308 457 3552 531 egregiae
3596 460 3789 513 matris

2157 538 2389 592 nimium
2436 539 2694 606 dilectus,
2761 556 2946 616 regem
3003 542 3257 599 Ottonem
3324 561 3489 600 suum
3558 546 3784 602 fratrem

2156 633 2307 681 tanta
2344 628 2722 684 satisfactione
2777 629 3020 686 inclitam
3077 632 3187 687 sibi
3244 641 3474 689 matrem
3536 637 3791 692 reconci-

2156 717 2343 783 liasse,
2412 719 2543 773 haut
2597 720 2777 774 minus
2839 721 3170 792 poenitentia
3226 734 3619 795 compunctus,
3685 728 3791 781 iter

2155 808 2350 873 tendit,
2397 816 2451 863 et
2497 808 2591 863 ubi
2633 822 2881 866 sanctam
2927 813 3024 867 Dei
3084 814 3299 870 invenit
3352 814 3561 870 talibus
3602 818 3791 871 verbis

2152 912 2270 950 eam
2304 909 2388 951 est
2443 914 2766 971 aggressus:
2817 922 2839 951 α
2880 902 2917 956 Ο
2949 903 3289 959 venerabilis
3327 905 3560 961 domina
3607 916 3681 970 et,
3739 904 3790 959 si

2158 992 2239 1047 fas
2268 1001 2350 1048 est
2384 994 2592 1060 dicere,
2649 1002 2826 1050 mater
2850 996 3159 1064 karissima,
3193 1014 3296 1054 nos
3324 1001 3572 1070 graviter
3599 1013 3789 1057 contra

2156 1094 2460 1142 maternam
2490 1087 2661 1142 vestri
2692 1086 3046 1143 dulcedinem
3077 1089 3385 1163 deliquisse
3415 1093 3784 1159 conﬁtemur;

2156 1184 2253 1237 sed
2285 1200 2431 1239 nunc
2459 1184 2678 1238 veniam
2712 1184 3074 1254 postulamus,
3115 1203 3280 1258 quam
3327 1206 3442 1245 non
3488 1207 3783 1245 meremur.

2157 1278 2406 1332 Attamen
2467 1277 2827 1332 obsecramus
2875 1293 2975 1333 vos
3033 1295 3130 1349 per
3183 1281 3429 1336 animam
3481 1293 3539 1337 et
3584 1299 3788 1338 nomen

2155 1366 2329 1422 nostri
2372 1366 2559 1436 patris,
2583 1374 2644 1421 ut
2669 1367 2727 1420 in
2753 1366 3044 1437 pristinum
3085 1377 3279 1425 vestrae
3312 1372 3507 1441 gratiae
3558 1374 3787 1445 gradum

2156 1476 2257 1515 nos
2336 1461 2516 1515 redire
2592 1460 2927 1515 concedatis.
2987 1462 3102 1517 Non
3162 1462 3488 1519 dubitamus
3553 1466 3684 1536 quin
3756 1484 3789 1520 a

2155 1549 2370 1605 Christo
2400 1565 2807 1622 consequamur
2847 1550 3066 1605 veniam
3115 1550 3489 1617 remissionis,
3521 1553 3569 1606 si
3600 1569 3696 1608 vos
3719 1571 3788 1609 ex

2156 1646 2270 1694 toto
2291 1639 2458 1695 corde
2476 1640 2800 1711 ignoscitis;
2835 1640 2984 1712 quia,
3013 1657 3078 1695 ex
3106 1656 3215 1713 quo
3245 1649 3487 1697 vestram
3524 1644 3785 1714 pietatem

2156 1726 2211 1781 in
2276 1728 2410 1782 iram
2466 1729 2902 1799 provocavimus,
2963 1730 3140 1786 morbi
3206 1732 3513 1803 gravedine
3554 1733 3787 1788 nimium

2156 1817 2447 1886 periclitati
2500 1834 2710 1872 sumus.
2757 1841 2777 1865 -
2824 1819 2995 1884 Quem
3043 1821 3381 1876 venerabilis
3448 1823 3676 1878 domina
3728 1837 3787 1879 ut

2154 1910 2292 1966 vidit
2356 1910 2735 1966 lacrimantem
2799 1920 2853 1968 et
2900 1929 2999 1983 pro
3071 1914 3422 1989 indulgentia
3500 1916 3788 1971 humiliter

2155 2000 2559 2071 supplicantem
2596 2000 2803 2056 diutius
2845 2003 2958 2073 pati
3002 2018 3110 2058 non
3152 2006 3353 2074 potuit,
3386 2005 3484 2059 sed
3536 2006 3593 2059 in
3648 2007 3784 2061 hanc

2156 2106 2346 2145 vocem
2378 2091 2629 2148 celeriter
2675 2094 2951 2164 prorupit:
2998 2124 3019 2141 σε
3065 2094 3163 2148 Fili
3210 2095 3287 2149 mi
3341 2095 3621 2160 Heinrice,
3675 2100 3783 2153 noli

2155 2178 2326 2246 ﬁere;
2387 2181 2616 2247 desiste,
2663 2181 2762 2248 ﬁli,
2807 2181 3043 2237 desiste!
3096 2183 3268 2239 Mater
3309 2185 3459 2239 enim
3490 2193 3585 2240 tua
3630 2204 3695 2241 ex
3735 2197 3784 2243 te

2154 2271 2346 2326 audire
2379 2288 2488 2327 non
2520 2274 2780 2343 praevalet
2827 2275 2943 2330 haec
2987 2276 3272 2346 precantia
3302 2278 3489 2333 verba.
3557 2282 3784 2350 PrOpius

2151 2365 2376 2431 accede,
2421 2376 2476 2421 et
2506 2368 2666 2422 matri
2712 2374 2817 2423 tuae
2857 2368 3108 2424 osculum
3151 2370 3359 2440 praebe.
3424 2373 3573 2426 Deus
3606 2372 3782 2428 ﬁdelis

2149 2458 2223 2511 sit
2279 2455 2379 2511 tibi
2427 2458 2745 2528 placabilis;
2788 2474 2890 2513 nos
2938 2465 2989 2514 te
3042 2459 3352 2536 diligimus,
3402 2462 3549 2518 sicut
3603 2465 3778 2534 prius;

2152 2566 2278 2604 nam
2305 2564 2415 2604 non
2467 2539 2784 2623 ignoramus
2814 2552 2962 2623 quod
3010 2559 3064 2607 te
3094 2553 3390 2608 adversum
3448 2572 3557 2612 nos
3587 2558 3782 2612 excita-

2151 2638 2229 2692 vit
2250 2639 2927 2709 persuasioinimicorum.
2973 2665 2998 2688 »
3043 2642 3374 2705 llautmora.
3400 2645 3775 2702 satisfactione

2153 2728 2243 2784 tali
2289 2736 2549 2800 percepta
2598 2730 2638 2764 ⁵¹
2686 2745 2779 2784 rex
2810 2730 2929 2785 Otto
2962 2738 3017 2786 et
3055 2732 3166 2787 dux
3212 2733 3505 2790 Heinricus
3536 2743 3774 2790 sanctam

2152 2820 2245 2875 Dei
2299 2820 2727 2876 introduxerunt
2772 2821 2827 2876 in
2860 2822 2905 2856 ⁵³
2936 2822 3150 2878 dotales
3200 2827 3485 2900 regiones,
3541 2836 3599 2881 et
3643 2828 3781 2882 sicut

2149 2911 2376 2986 dignum
2457 2918 2574 2965 erat
2639 2911 2870 2982 primam
2935 2913 3371 2969 constituebant.
3459 2916 3594 2972 Post
3669 2918 3780 2971 haec

2150 3004 2287 3061 mira
2333 3004 2476 3059 inter
2505 3011 2737 3059 matrem
2766 3011 2821 3059 ct
2866 3003 3010 3061 ﬁlios
3045 3015 3161 3061 erat
3196 3007 3349 3077 pacis
3389 3008 3779 3080 tranquillitas,

2151 3109 2204 3154 et
2234 3100 2302 3154 ad
2341 3115 2507 3155 omne
2546 3100 2751 3155 bonum
2792 3100 2946 3155 unita
2974 3101 3260 3167 voluntas;
3303 3101 3359 3155 in
3397 3104 3780 3158 consolatione

2149 3211 2455 3267 pauperum
2517 3195 2739 3250 fuerunt
2796 3196 3113 3261 unanimes,
3159 3195 3215 3250 in
3268 3198 3781 3253 constructionibus

2147 3289 2505 3345 ecclesiarum
2539 3296 2593 3343 et
2631 3288 3089 3343 monasteriorum
3142 3289 3471 3344 concordes.
3520 3290 3579 3343 In
3616 3298 3781 3344 matre

2147 3398 2276 3455 erga
2305 3380 2448 3436 ﬁlios
2486 3381 2625 3435 mira
2655 3380 2755 3436 fuit
2783 3380 3000 3447 caritas,
3033 3380 3089 3434 in
3134 3378 3265 3435 ﬁliis
3311 3380 3568 3436 obedivit
3596 3390 3781 3435 sancta

2150 3474 2426 3529 humilitas
2450 3491 2464 3538 ;
2493 3481 2548 3528 et
2573 3481 2634 3528 ut
2657 3472 2897 3528 breviter
2923 3473 3309 3539 conciudatur,
3345 3474 3785 3543 perseverabant

2148 3564 2300 3633 pacis
2354 3562 2648 3618 stabilitate
2706 3579 2884 3634 usque
2928 3562 2997 3617 ad
3029 3562 3240 3618 obitum
3286 3563 3437 3629 vitae,
3501 3563 3781 3619 diabolum

2147 3655 2538 3712 conculcantes
2580 3671 2680 3726 per
2717 3655 3020 3722 caritatem,
3075 3656 3171 3727 qui
3215 3672 3397 3726 nuper
3429 3656 3581 3711 inter
3631 3657 3784 3726 ipsos

2146 3745 2513 3800 seminaverat
2533 3744 2643 3799 litis
2672 3743 2939 3799 fomitem.

2217 3839 2301 3892 15.
2336 3840 2405 3892 De
2444 3838 2593 3892 obitu
2634 3836 2804 3892 Edith
2840 3838 3037 3903 regines
3111 3836 3334 3891 Interim
3367 3836 3606 3909 contigit
3632 3836 3783 3909 piam

2147 3929 2306 3985 Edith
2381 3929 2652 4002 reginam,
2730 3935 3001 3999 perpetuo
3067 3928 3365 3995 victuram,
3449 3938 3781 4001 praesentem

2142 4020 2394 4076 amittere
2434 4020 2601 4074 vitam
2634 4019 2727 4089 (an
2772 4019 2899 4085 946,
2927 4021 3053 4074 Jan.
3096 4019 3204 4088 26).
3268 4020 3380 4074 Rex
3412 4027 3603 4075 autem
3635 4019 3785 4086 Otto,

2135 4126 2250 4196 jam
2289 4119 2563 4181 provectae
2601 4108 2775 4164 aetatis
2804 4107 2917 4180 (33)
2972 4108 3140 4164 simul
3188 4125 3312 4165 cum
3346 4118 3546 4171 matre.
3596 4111 3785 4165 eccle-

2148 4200 2259 4254 sias
2312 4208 2367 4254 et
2404 4198 2739 4255 monasteria
2791 4199 3129 4266 construxit;
3188 4208 3419 4271 portans
3484 4216 3680 4271 pacem
3735 4208 3787 4254 et

2151 4303 2297 4351 recte
2344 4294 2621 4364 judicans,
2681 4300 2965 4364 paternam
3033 4293 3089 4348 in
3116 4295 3334 4349 cunctis
3396 4295 3652 4350 imitatus
3704 4302 3786 4348 est

2150 4388 2429 4457 pietatem.
2476 4386 2602 4441 Post
2646 4384 2860 4441 obitum
2919 4385 3076 4440 Edith
3128 4385 3363 4442 illustris
3404 4387 3611 4461 reginae
3674 4394 3789 4442 tres

2151 4474 2258 4544 (34)
2325 4489 2501 4529 annos
2556 4472 2670 4547 egit
2707 4473 2765 4547 in
2815 4473 3099 4538 viduitate,
3152 4475 3375 4530 cunctis
3414 4475 3579 4531 bonis
3646 4490 3791 4545 ope-

2149 4564 2300 4620 ribus
2324 4545 2621 4638 diligenter
2643 4545 2906 4632 instabat,
2928 4572 2983 4619 et
3001 4581 3184 4621 sacras
3223 4567 3505 4621 lectiones
3532 4565 3792 4621 studiose

2150 4658 2387 4733 legebat.
2424 4659 2679 4714 Jamdum
2731 4659 2919 4714 multis
2961 4660 3355 4731 comprobaret
3406 4661 3669 4716 castitate
3701 4664 3788 4717 vi-

2143 4751 2367 4806 duitatis
2430 4758 2486 4806 et
2542 4750 2860 4807 assiduitate
2917 4751 3270 4816 orationum.
3350 4753 3460 4807 sibi
3530 4753 3788 4807 animum

2140 4856 2285 4909 esse,
2327 4858 2359 4896 a
2387 4842 2667 4915 conjugali
2696 4843 2979 4898 consortio
3008 4858 3071 4898 se
3098 4843 3240 4899 velle
3272 4844 3636 4915 postmodum
3670 4845 3795 4900 abs.

2141 4932 2339 4987 tinerc.
2387 4930 2537 4987 Tunc
2581 4933 2885 4989 construxit
2934 4932 3258 4989 beatissima
3287 4934 3484 5011 aegina
3515 4933 3792 4989 Mahtbild

2143 5026 2543 5084 monasterium
2572 5026 2630 5082 in
2661 5026 2837 5083 Palidi
2866 5028 2999 5098 (35),
3041 5027 3154 5084 illic
3186 5044 3539 5104 congregans
3566 5036 3793 5085 turma-

1775 5154 1996 5210 VARl/E
2025 5154 2401 5211 LECTIONES.

497 5251 543 5288 ‘9
580 5252 955 5309 restituuntur
976 5254 1029 5307 1.
1088 5252 1135 5288 ⁵ο
1154 5268 1327 5326 grona
1350 5254 1402 5307 1.
1433 5254 1499 5308 ad
1531 5270 1798 5328 gruonam
1830 5254 2023 5311 hilaris
2060 5255 2390 5311 accelerauit
2418 5256 2468 5310 3.
2527 5255 2569 5290 ⁵¹
2603 5255 3030 5327 perceptione1.
3097 5256 3144 5290 ⁸³
3171 5256 3323 5313 deest
3350 5257 3402 5311 1.
3424 5257 3519 5312 sed
3542 5258 3711 5314 adest
3738 5258 3791 5312 3.

1999 5355 2208 5411 NOTIE.

497 5451 611 5527 (33)
651 5451 764 5527 Ite_x_
817 5465 1086 5527 annorum
1132 5452 1466 5527 tantum_34
1523 5459 1661 5527 erat,
1716 5453 1901 5527 igitur
1934 5454 2052 5509 haec
2150 5454 2387 5527 videtur.

416 5521 599 5581 verba
618 5522 687 5578 ad
722 5521 1039 5594 Mathildem
1073 5524 1260 5594 potius
1290 5523 1580 5581 referenda
1611 5530 1705 5581 aut
1733 5521 1905 5582 errori
1936 5542 2042 5581 au-

418 5595 592 5650 etoris
618 5593 912 5649 tribuenda
932 5593 1078 5649 sunt.

494 5664 600 5735 (34)
640 5664 841 5721 Auctor
882 5663 1089 5722 Edithte
1120 5665 1338 5727 obitum
1379 5682 1524 5727 anno
1576 5667 1682 5724 947
1724 5667 2051 5740 ascripsisse

2224 5525 2331 5606 (35)
2370 5524 2536 5581 Polde
2578 5540 2749 5597 prope
2782 5523 3075 5599 Herzberg,
3114 5524 3183 5580 ad
3228 5525 3443 5583 radicas
3466 5526 3626 5583 silvae
3667 5528 3793 5585 ﬂer-

2150 5612 2344 5668 cymae.
