3994 6132
160 253 268 310 905

1247 251 1520 307 SANCTIE
1560 252 1910 307 MATHILDIS
1952 250 2216 307 REGlN/E
2253 251 2422 304 VITA.

3390 250 3495 306 906

159 384 264 440 lam
287 383 334 416 ⁵³
363 381 713 443 clericorum,
774 381 976 453 quibus
1024 381 1172 456 larga
1227 398 1392 436 manu
1423 382 1784 454 impendebat
1810 390 1858 455 Α
1887 382 2006 448 nui,
2037 380 2134 436 sed
2165 379 2342 454 magis
2372 378 2656 452 magisque
2711 377 2924 452 augeri,
2966 377 3072 432 iter
3109 376 3388 432 festinavit
3439 378 3495 432 in

157 487 392 542 quisque
441 469 751 524 necessaria
808 470 934 540 (36).
1000 470 1227 525 Interim
1267 486 1397 526 vero
1426 471 1567 526 obiit
1586 471 1784 527 Letha-

160 564 276 616 rius
333 573 437 628 (an.
485 561 634 631 950),
681 562 996 616 Latinorum
1057 563 1316 634 princeps
1369 564 1649 638 egregius,
1699 579 1790 639 cui

158 655 352 725 regina
400 655 658 710 Adelheit
712 656 766 709 in
825 657 1234 711 matrimonium
1277 657 1533 728 cOpulata
1590 657 1786 721 fuerat,

158 745 441 798 excellens
495 759 706 798 morum
760 744 1034 814 probitate
1082 752 1137 800 et
1193 746 1413 818 generis
1478 747 1785 802 nobilitate.

164 836 313 890 lianc
368 836 592 907 quidam
654 852 970 906 perversus,
1027 837 1254 892 nomine
1313 838 1677 913 Berengarius
1725 840 1792 913 ⁵⁸,

161 930 352 983 multis
384 927 679 983 infestabat
709 929 948 998 injuriis,
1005 937 1064 984 ut
1093 945 1159 984 ea
1191 930 1365 1000 potita
1380 933 1639 1004 conjuge,
1690 935 1794 988 do-

161 1018 395 1071 minium
432 1018 634 1088 pariter
681 1017 789 1071 sibi
839 1025 1131 1088 usurparet
1162 1019 1216 1072 in
1249 1033 1420 1091 regno
1453 1018 1789 1076 Latinorum.

161 1105 320 1168 Quod
349 1121 472 1158 cum
500 1105 842 1176 pervenisset
867 1106 934 1159 ad
966 1122 1130 1160 aures
1171 1106 1342 1161 incliti
1373 1107 1518 1178 regis
1558 1106 1792 1181 Ottonis,

161 1196 387 1250 fratrem
411 1213 570 1251 suum
632 1197 945 1252 Heinricum
995 1207 1050 1252 et
1104 1213 1298 1253 omnes
1342 1199 1618 1269 principes
1648 1199 1796 1252 milia

165 1297 283 1344 tum
311 1289 651 1353 convocavit,
690 1296 743 1344 et
793 1290 862 1344 ad
917 1289 1122 1344 bellum
1174 1307 1325 1345 arma
1355 1291 1649 1362 praeparari
1677 1291 1795 1361 jus-

162 1383 258 1446 sit,
319 1381 512 1436 dicens
565 1382 669 1436 sibi
725 1398 846 1437 esse
913 1383 1156 1437 animum
1227 1384 1512 1455 regionem
1572 1383 1794 1438 visitare

166 1476 561 1541 Romanorum,
585 1475 927 1546 superbienti
957 1478 1286 1550 Berengario
1337 1485 1394 1532 ut
1428 1479 1711 1533 resisteret
1741 1485 1794 1532 et

165 1563 348 1618 viduae
369 1579 651 1634 oppressae
691 1565 1031 1618 subveniret.
1062 1565 1200 1630 Quid
1235 1567 1390 1636 plura
1424 1565 1452 1618 ?
1481 1566 1604 1620 Rite
1639 1582 1791 1636 para-

1889 476 2084 541 Palidi,
2112 476 2256 546 piam
2309 481 2538 528 matrem
2591 472 2838 528 videndi.
2899 472 3015 527 illic
3050 479 3104 527 et
3127 479 3371 526 sanctam
3403 471 3499 526 Dei

1891 574 2169 638 postremo
2195 565 2352 630 vidit,
2383 573 2548 636 atque
2597 565 2652 618 in
2704 564 2979 635 propriam
3013 564 3297 637 regionem
3331 561 3502 633 profi-

1890 655 2132 711 ciscendi
2161 654 2438 709 licentiam
2469 653 2784 725 postulavit.
2828 653 3036 726 Regina
3064 666 3197 707 vero
3223 661 3502 723 egrotan—

1893 749 2001 796 tem
2054 740 2227 796 filium
2283 757 2469 796 secum
2523 757 2730 812 paucos
2793 741 2914 795 dies
2971 739 3214 806 retinuit,
3271 740 3503 810 eiusque

1895 830 2199 886 inﬁrmitati
2232 847 2450 887 omnem
2513 848 2698 886 curam
2741 841 2796 886 et
2851 831 3179 886 medicinam
3229 830 3504 884 adhibuit.

1895 925 2386 996 ApprOpinquante
2439 933 2618 982 autem
2675 918 2773 980 die
2811 941 2921 996 quo
2979 924 3133 978 abire
3164 925 3504 989 decreverat,

1893 1022 2082 1069 sancta
2108 1023 2284 1069 mater
2323 1014 2401 1068 illi
2442 1015 2676 1086 plurima
2723 1013 2996 1084 praedixit,
3023 1028 3085 1066 ac
3117 1023 3395 1082 postremo
3419 1014 3506 1067 his

1894 1110 2227 1164 salutaribus
2289 1110 2474 1165 verbis
2527 1109 2814 1164 admonuit
2869 1130 2893 1160 α
2943 1108 3040 1163 Fili
3080 1110 3154 1162 mi
3221 1109 3507 1163 karissime

1898 1202 2087 1256 matris
2113 1208 2217 1255 tua:
2247 1203 2292 1237 ⁸⁵
2322 1201 2488 1256 verba
2505 1202 2802 1276 diligenter
2853 1199 3098 1267 attende,
3128 1211 3183 1255 et
3231 1200 3510 1271 poeniten—

1896 1283 2033 1351 tiani
2060 1303 2276 1351 tuorum
2321 1312 2423 1369 age
2454 1304 2826 1366 peccatorum,
2860 1303 2919 1350 ut
2950 1312 2980 1350 a
3008 1297 3119 1351 Deo
3151 1294 3512 1366 consequaris

1893 1388 2131 1443 veniam.
2193 1388 2322 1442 Nam
2381 1395 2628 1443 versatur
2683 1388 2738 1442 in
2808 1387 3000 1454 dubio,
3061 1403 3320 1458 quorsum
3391 1387 3510 1440 hmc

1894 1487 2103 1550 spectet
2133 1480 2402 1553 agritudo
2427 1498 2441 1546 ;
2476 1488 2533 1535 ut
2561 1480 2708 1534 enim
2743 1479 3022 1547 timemus,
3052 1485 3198 1533 tuam
3228 1477 3512 1532 desidera-

1893 1571 2058 1626 bilem
2102 1571 2294 1626 faciem
2344 1573 2486 1627 ultra
2528 1588 2637 1626 non
2688 1570 3016 1626 videbimus.
3071 1593 3098 1620 η
3151 1571 3353 1624 Praeter
3397 1569 3513 1623 haec

167 1653 240 1705 tis
299 1651 488 1754 rebus,
548 1667 1027 1754 prosperohcursu
1083 1653 1138 1706 in
1167 1653 1376 1752 italiam
1422 1661 2260 1754 peﬂeneruntherspiritum
2322 1663 2624 1733 prephetize
2679 1662 2848 1717 multa
2916 1662 2992 1715 illi
3049 1660 3322 1731 praedixit,
3387 1676 3512 1730 quze

169 1746 278 1808 (an.
310 1741 460 1811 951),
501 1746 555 1794 et
584 1739 758 1814 gratia
814 1741 909 1794 Dei
963 1757 1080 1796 sors
1142 1743 1384 1797 victoriae
1415 1743 1645 1814 contigit
1675 1743 1791 1816 regi

172 1831 354 1886 Ottoni
383 1831 439 1884 in
466 1831 871 1903 expugnatione
916 1833 1230 1907 Berengarii
1293 1835 1440 1905 regis
1493 1844 1548 1888 et
1580 1834 1634 1888 in
1657 1850 1788 1888 ere-

175 1927 365 1998 ptione
416 1927 755 1982 Adelbeidis.
818 1928 909 1982 His
950 1928 1135 1999 itaque
1187 1933 1444 2000 peractis,
1508 1946 1603 1985 rex
1667 1946 1790 1985 cum

166 2015 413 2070 exercitu
469 2031 570 2070 suo
631 2015 844 2071 Christo
899 2015 1162 2072 offerebat
1212 2018 1544 2074 sacrificium
1586 2018 1789 2084 laudis,

166 2105 258 2176 qui
283 2106 340 2159 in
363 2104 624 2159 omnibus
651 2121 810 2159 suum
841 2105 1239 2176 adimpleverat
1276 2116 1485 2175 votum,
1517 2115 1573 2162 et
1602 2116 1792 2163 contra

168 2197 431 2251 inimicos
478 2196 881 2252 confortaverat
942 2214 1184 2254 manum.
1234 2198 1432 2256 Postea
1495 2216 1588 2254 rex
1640 2215 1792 2254 com-

167 2290 453 2344 mendavit
507 2290 896 2363 Berengarium
979 2290 1128 2346 fratri
1181 2308 1283 2348 suo
1341 2293 1466 2348 duci
1535 2293 1790 2348 Heinrico

165 2378 591 2432 custodiendum
647 2380 776 2446 (37;,
833 2380 1184 2451 praecipiens,
1219 2381 1390 2450 ,illum
1421 2382 1476 2435 in
1507 2381 1789 2454 regionem

169 2469 596 2537 Bajowariorum
647 2470 786 2524 mitti
841 2480 895 2526 et
944 2470 1058 2526 illic
1089 2472 1192 2526 sub
1224 2483 1341 2528 arta
1373 2473 1626 2528 custodia
1657 2487 1796 2527 con-

1893 1757 2124 1806 eventus
2173 1751 2249 1805 rei
2303 1752 2660 1821 postmodum
2691 1751 3093 1821 comprobavit.
3157 1751 3349 1805 Postea
3391 1765 3513 1803 sese

1895 1841 2132 1898 invicem
2189 1843 2609 1913 amplectentes,
2676 1841 2867 1897 oscula
2919 1841 3214 1907 dederunt,
3279 1841 3510 1895 multum

1893 1934 2265 1989 lacrimantes.
2311 1933 2449 1997 Quid
2509 1934 2664 2003 plura
2705 1931 3050 1986 ?Heinricus
3119 1930 3175 1984 in
3227 1931 3509 2004 regionem

1895 2026 2316 2095 Bajowariorum
2349 2026 2610 2096 perrexit,
2644 2031 2697 2079 et
2751 2025 2825 2078 ibi
2861 2039 3026 2095 quam
3081 2023 3348 2094 plurimos
3397 2023 3518 2076 dies

1891 2116 2209 2191 aagrotando
2241 2115 2531 2181 laboravit,
2560 2130 2735 2187 usque
2767 2113 2895 2167 dum
2924 2114 3035 2168 Deo
3080 2112 3247 2180 iuben
3279 2128 3307 2164 e
3337 2113 3517 2165 anima

1892 2211 2207 2279 decorpore
2238 2208 2422 2270 exivit,
2470 2214 2523 2260 et
2582 2213 2641 2260 ut
2689 2212 2967 2276 speratur,
3027 2203 3262 2272 paradisi
3291 2203 3515 2271 januam

1895 2301 2141 2355 introivit
2173 2303 2282 2370 (an,
2307 2300 2433 2366 955,
2467 2301 2600 2355 Nov.
2628 2299 2699 2367 1).
2750 2296 2840 2350 llis
2883 2296 2957 2350 ita
3005 2295 3261 2365 peractis,
3298 2294 3351 2347 in
3378 2293 3514 2347 urbe

1896 2393 2195 2463 Ratispona
2242 2392 2585 2462 sepelierunt
2641 2404 2840 2460 corpus
2913 2386 3085 2442 incliti
3152 2386 3324 2440 ducis.
3371 2385 3519 2439 Tunc

1893 2481 2226 2537 venerabilis
2257 2481 2480 2535 domina
2522 2478 2694 2543 Judit,
2721 2477 2916 2532 illustri
2947 2476 3066 2532 viro
3108 2476 3269 2550 legali
3301 2474 3518 2529 vinculo

167 2561 367 2634 stringi
394 2577 408 2619 :
439 2560 531 2614 ubi
561 2560 727 2616 etiam
756 2570 1086 2632 praesentem
1110 2564 1276 2618 vitam
1304 2562 1612 2634 finivit(an.
1643 2564 1792 2634 964).
1896 2570 2210 2639 conjuncta,
2245 2568 2391 2622 misit
2447 2567 2694 2633 nuntios,
2726 2582 2889 2641 grave
2950 2566 3199 2620 nuntium
3229 2565 3333 2635 piae
3362 2563 3519 2618 matri

174 2649 459 2703 Praefatam
481 2665 610 2703 vero
640 2650 922 2704 dominam
943 2651 1301 2706 Adelheidam
1333 2653 1584 2726 gaudens
1606 2667 1792 2707 secum
1899 2664 2253 2720 indicaturos,
2300 2663 2397 2728 Qui
2434 2677 2556 2717 cum
2615 2669 2764 2717 recto
2805 2677 2966 2715 cursu
2997 2660 3052 2715 in
3087 2661 3524 2734 Quitilingobure

172 2742 331 2795 ἀυκίί
364 2758 464 2811 Per
483 2742 732 2797 θίνίιδίθδ
767 2742 1100 2798 Latinorum
1140 2744 1342 2799 Videas
1389 2752 1596 2810 autem,
1649 2743 1796 2815 (ἰυοά
1899 2759 2202 2823 venissent,
2241 2765 2295 2812 et
2327 2757 2532 2810 tristem
2580 2755 2738 2810 ducis
2779 2755 2992 2810 obitum
3051 2755 3400 2826 principibus
3433 2754 3522 2809 in-

176 2832 330 2888 mim
361 2840 509 2887 esset
555 2833 864 2902 prudentiae
893 2842 946 2888 et
988 2835 1292 2905 probabilis
1311 2836 1459 2902 vitae,
1491 2852 1652 2890 suum
1684 2835 1801 2890 ani-

1908 2851 2198 2917 dicassent,
2229 2868 2328 2922 per
2379 2857 2550 2907 totum
2583 2849 2729 2904 diem
2780 2865 2974 2906 omnes
3031 2849 3086 2902 in
3127 2848 3296 2903 dubio
3337 2864 3525 2903 versa-

176 2940 328 2978 mum
381 2923 530 2978 illius
567 2924 737 2980 amori
798 2925 1050 2993 indulsit,
1111 2935 1167 2982 et
1220 2927 1275 2981 in
1333 2928 1654 3000 conjugium
1693 2926 1800 2980 sibi

1908 2941 2124 3010 bantur,
2155 2959 2184 2996 a
2207 2959 2314 3014 quo
2347 2951 2548 2997 sancta;
2587 2941 2701 2995 “Dei
2741 2941 2862 2995 haec
2882 2939 3097 3011 placide
3117 2940 3524 2995 nuntiarentur.

174 3015 480 3124 00P013Vi‘:
541 3017 735 3072 Ροείθθ
791 3018 1134 3124 διίίιιιειηιυηξ
1191 3020 1460 3124 temporis
1528 3019 2081 3124 in."a'iaCAltera
2137 3051 2268 3091 vero
2311 3035 2400 3090 die
2453 3041 2745 3106 postquam
2808 3033 3030 3087 missam
3083 3032 3353 3098 audierat,
3405 3047 3529 3086 cum

173 3111 682 3177 commorabantur,
743 3119 795 3166 et
854 3129 962 3167 non
1023 3115 1195 3170 multo
1233 3123 1354 3185 post
1419 3115 1473 3168 in
1515 3115 1799 3185 regionem

1908 3127 2181 3201 dialogum
2214 3127 2518 3197 accepisset
2547 3127 2603 3180 in
2637 3141 2856 3180 manum
2893 3131 2946 3180 et
2973 3123 3218 3180 studiose
3261 3123 3532 3178 intendis-

177 3203 458 3258 Saxonum
519 3204 1012 3274 proficiscebantur
1040 3209 1152 3276 (an,
1193 3207 1480 3276 951-932).
1504 3207 1582 3260 Illi
1617 3214 1800 3260 autem

184 3312 282 3366 per
307 3296 534 3368 longum
559 3304 773 3367 tempus
802 3299 957 3369 regni
990 3299 1189 3353 solium
1236 3299 1605 3369 possidentes,
1630 3298 1803 3371 gratia

188 3387 281 3440 Dei
301 3386 787 3454 fuecundabantur,
817 3388 1007 3443 sobole
1028 3387 1220 3462 regali.
1251 3387 1432 3443 Primo
1446 3387 1811 3457 procreabant

192 3477 461 3547 puellam,
490 3479 704 3548 inclytae
718 3478 1034 3533 Mahtbildis
1056 3480 1259 3554 regina:
1288 3478 1558 3534 vocabulo
1585 3478 1811 3543 dictam,

192 3585 364 3640 quam
395 3585 492 3622 rex
542 3569 662 3624 Otto
713 3571 1000 3638 conjunxit
1042 3573 1098 3625 in
1128 3571 1570 3644 Quitilingoburc
1618 3577 1816 3624 contu-

194 3662 395 3717 bernio
417 3662 919 3717 sanctimonialium
959 3664 1336 3730 juxtamatris
1365 3670 1570 3718 votum.
1609 3660 1817 3716 Exinde

194 3754 504 3828 gignebant
541 3755 854 3824 puerulum,
908 3755 1075 3824 patris
1106 3755 1329 3810 nomine
1367 3760 1658 3817 vocatum;
1692 3751 1820 3806 huic

196 3853 327 3915 post
358 3842 570 3898 obitum
596 3843 762 3912 patris
794 3843 1255 3900 Deiordinatione
1287 3844 1538 3914 provenit
1581 3842 1822 3916 dignitas

197 3932 407 4003 regalis
455 3931 568 4000 (an.
623 3931 770 3997 955).
823 3933 1325 4004 Quotienscumque
1380 3933 1696 3988 beatissima
1723 3932 1824 3986 do-

199 4023 355 4077 mina
403 4022 666 4076 Mahthild
717 4038 829 4077 suae
863 4024 1072 4079 sobolis
1099 4032 1314 4094 partum
1351 4023 1642 4096 comperit,
1670 4023 1826 4078 Chri-

201 4124 291 4170 sto
329 4115 536 4186 gratias
591 4115 796 4176 retulit,
849 4116 1006 4184 cujus
1064 4117 1461 4172 misericordiae
1521 4116 1824 4188 deputavit,

204 4203 480 4275 quicquid
504 4203 609 4258 sibi
632 4204 764 4258 boni
782 4210 835 4258 et
862 4205 1151 4260 hilaritatis
1167 4207 1416 4280 contigit.

1904 3229 1989 3276 set
2014 3221 2331 3294 legendum,
2388 3219 2701 3275 Richburch
2733 3234 2832 3273 sua
2860 3216 3042 3271 fidelis
3087 3216 3421 3289 pedissequa
3454 3217 3533 3271 in-

1910 3309 2092 3374 travit,
2127 3316 2181 3363 et
2221 3307 2446 3362 nuntios
2473 3307 2542 3362 de
2587 3307 2816 3381 regione
2851 3306 3268 3374 Bajowariorum
3315 3307 3532 3361 venisse

1913 3399 2193 3453 indicavit.
2229 3400 2356 3462 Quae
2385 3398 2566 3452 statim
2597 3413 2834 3452 mmrore
2879 3413 3168 3462 concussa,
3231 3397 3384 3467 quasi
3408 3397 3534 3450 mali

1915 3487 2062 3559 quod
2094 3486 2367 3541 acciderat
2398 3486 2656 3556 praescia:
2690 3484 3023 3550 «Jubeillos,
3044 3484 3534 3555 inquit,accersiri,

1917 3584 1977 3632 ut
2005 3575 2410 3646 comperiamus
2448 3574 2728 3646 quomodo
2768 3591 2829 3628 se
2879 3574 3080 3628 habeat
3117 3573 3408 3627 infirmitas
3439 3573 3534 3627 filii

1921 3667 2111 3723 nostri.
2140 3689 2164 3717 »
2196 3666 2294 3730 Qui
2318 3683 2440 3721 cum
2460 3665 2691 3720 fuissent
2717 3665 2948 3736 ingressi
2981 3671 3232 3719 etcoram
3251 3665 3376 3718 data
3390 3675 3534 3718 esset

1921 3756 2082 3826 copia
2109 3755 2259 3810 fandi
2277 3755 2452 3825 (Vino.
2479 3757 2600 3810 En.
2634 3771 2670 3817 ι,
2695 3753 2839 3822 5‘20),
2863 3753 3109 3828 reginam
3141 3753 3537 3818 salutaverunt,

1925 3843 2178 3900 etadhuc
2208 3843 2284 3898 nil
2317 3844 2468 3898 triste
2499 3843 2780 3897 dixerunt.
2817 3842 2912 3896 Illa
2959 3851 3142 3896 autem
3174 3843 3346 3896 multa
3375 3842 3541 3908 inter:-

1926 3934 2136 4008 rogavit
2164 3949 2332 4004 super
2359 3931 2473 3987 filio
2494 3931 2659 3986 corde
2673 3931 2930 3995 sollicito,
2948 3931 2995 3984 si
3021 3946 3079 3985 se
3111 3931 3294 3984 lenius
3318 3930 3544 3983 haben-t

1928 4023 2235 4088 infirmitas,
2273 4021 2358 4076 vel
2381 4020 2660 4092 quomodo
2691 4020 2836 4090 apud
2867 4020 3044 4091 ipsum
3075 4031 3333 4093 ageretur
3363 4036 3543 4074 rerum

1931 4114 2266 4186 prosperitas
2320 4113 2499 4188 Legati
2532 4127 2661 4167 vero
2709 4112 2777 4166 de
2806 4112 2890 4167 his
2915 4127 3089 4182 pauca
3119 4112 3545 4183 respondentes,

1932 4206 2194 4276 epistolas
2230 4205 2640 4276 praesentabant
2688 4204 2992 4274 pertristes,
3025 4219 3148 4275 quae
3170 4219 3388 4258 causam
3415 4217 3549 4257 con-

285 4297 456 4350 16.De
509 4299 833 4364 inﬁrmitate
878 4303 929 4352 et
995 4299 1145 4352 obitu
1214 4301 1463 4354 Πρίνινίσί
1511 4299 1686 4360 ducis,
1727 4298 1831 4367 ﬁlii
1933 4299 2206 4363 tinebant,
2239 4315 2400 4370 quam
2462 4298 2567 4370 ipsi
2623 4298 2918 4352 indicaturi
2971 4305 3254 4352 venerant.
3310 4295 3374 4350 Ut
3418 4310 3549 4370 ergo

208 4384 560 4440 Mahtlu'ldis.
593 4385 762 4464 Igitur
789 4386 1127 4441 venerabilis
1155 4387 1346 4459 regina
1373 4387 1605 4442 multum
1640 4387 1830 4442 hilaris
1851 4419 1909 4487 D
1934 4394 2191 4464 cognovit
2233 4391 2471 4465 gloriosa
2521 4391 2712 4463 regina
2744 4406 2810 4444 ex
2841 4389 3063 4454 litteris,
3086 4388 3346 4443 dilectum
3373 4385 3550 4441 filium

208 4475 429 4542 effecta,
464 4476 595 4547 quia
620 4475 719 4530 filii
786 4477 854 4531 de
895 4477 1096 4533 finibus
1124 4479 1290 4534 Italiae
1319 4490 1586 4535 venerant
1616 4479 1830 4534 incolu-

212 4581 354 4630 mes,
403 4574 461 4619 et
492 4565 548 4619 in
592 4572 828 4637 utroque
868 4583 1001 4622 sexu
1030 4569 1176 4624 clara
1197 4585 1312 4624 suae
1329 4570 1537 4625 sobolis
1563 4567 1828 4638 multipli-

212 4658 445 4713 cabatur
501 4659 794 4731 progenies

1934 4497 2096 4537 suum
2127 4496 2192 4534 ex
2215 4481 2316 4533 hac
2346 4481 2458 4534 vita
2487 4479 2777 4552 migrasse,
2813 4479 2991 4548 pallor
3019 4479 3074 4531 in
3109 4477 3248 4532 facie
3279 4476 3553 4547 apparuit,

1934 4577 1989 4623 et
2025 4569 2242 4642 gelidus
2269 4574 2474 4622 tremor
2497 4582 2594 4636 per
2614 4566 2801 4620 omnia
2835 4566 3085 4620 membra
3112 4565 3374 4628 cucurrit,
3415 4575 3469 4618 et
3495 4564 3560 4617 li-

857 4677 871 4724 ;
923 4661 1022 4715 sed
1078 4661 1353 4732 insperate
1412 4662 1571 4718 dolor
1635 4662 1834 4734 ingens
1935 4661 2054 4726 ber,
2087 4676 2252 4732 quem
2308 4660 2362 4713 in
2421 4658 2680 4713 manibus
2729 4657 2965 4723 tenebat,
3022 4657 3310 4712 cadentem
3351 4657 3558 4710 vultum

213 4745 440 4810 accidit,
477 4745 570 4816 qui
604 4746 707 4800 hoc
757 4748 1019 4819 gaudium
1081 4749 1137 4802 in
1191 4764 1429 4804 mcerore
1457 4748 1682 4820 penitus
1708 4762 1842 4802 con-

214 4834 478 4904 sumpsit,
519 4840 575 4888 et
603 4850 770 4905 quem
818 4835 1082 4891 oblivioni
1129 4852 1240 4891 non
1283 4837 1528 4903 tradidit,
1561 4835 1839 4908 .quamdin

219 4930 476 4983 mortalis
519 4929 645 4984 vitae
690 4930 944 5000 spiritum
988 4930 1168 4986 traxit.
1226 4931 1536 4994 Heinricus,
1589 4929 1697 4983 dux
1743 4929 1842 4983 Ba-

1943 4749 2202 4819 suscepit.
2233 4747 2364 4801 Cum
2395 4755 2576 4801 autem
2631 4745 2914 4817 paululum
2947 4743 3331 4816 refrigesceret
3361 4759 3562 4799 mmro-

1943 4838 2018 4892 ris
2044 4836 2334 4908 asperitas,
2381 4835 2560 4890 statim
2594 4833 2843 4905 prorupit
2898 4833 2953 4886 in
2995 4833 3270 4901 lacrimas,
3304 4840 3356 4887 et
3389 4840 3560 4887 totum

1943 4926 2090 4981 diem
2117 4924 2303 4980 ﬂendo
2353 4921 2586 4994 peregit,
2631 4937 2735 4976 nec
2784 4935 2894 4992 prae
2935 4920 3146 4976 doloris
3199 4920 3565 4976 amaritudine

209 5021 573 5089 jowariorum
607 5022 924 5091 praeclarus,
972 5021 1144 5076 nimia
1197 5021 1514 5076 inﬁmitate
1557 5028 1845 5091 correptus
1947 5016 2240 5088 quicquam
2297 5013 2410 5069 cibi
2451 5029 2518 5068 eo
2575 5013 2665 5068 die
2705 5013 2968 5085 gustavit.
3022 5011 3342 5068 Convocans
3382 5018 3564 5064 autem

222 5116 334 5165 est.
353 5110 454 5174 Qui
486 5126 610 5165 cum
640 5111 887 5177 sentiret,
915 5140 918 5143 -
947 5110 1127 5166 morbi
1183 5110 1546 5184 gravedinem
1605 5125 1717 5164 non
1741 5109 1846 5162 mi-

1949 5106 2397 5162 sanctimoniales
2424 5105 2492 5160 ad
2522 5104 2836 5173 ecclesiam,
2870 5104 2992 5159 illas
3050 5101 3439 5159 exhortabatur
3469 5115 3568 5170 pro

1592 5216 1813 5272 VABIE
1854 5215 2129 5271 LECTION
2137 5215 2212 5269 ES
2229 5261 2236 5269 .

297 5327 344 5361 ⁸³
375 5329 457 5382 ita
473 5327 639 5382 codem
669 5346 683 5393 ;
718 5326 821 5382 tria
843 5327 1017 5381 millia
1039 5329 1154 5382 Act.
1180 5327 1276 5382 SS.
1304 5330 1354 5380 et
1384 5325 1574 5380 Leibn.
1601 5325 1645 5358 δ”
1675 5323 2005 5396 berngarius
2025 5323 2079 5376 1.
2103 5323 2148 5357 ⁵⁵
2176 5320 2376 5377 Ultima
2408 5337 2482 5376 m.
2507 5329 2544 5376 t.
2576 5337 2628 5375 v.
2659 5319 2736 5374 fili
2768 5336 2798 5374 c
2841 5320 2895 5373 2.

1812 5431 2020 5488 NOTAE.

305 5536 412 5605 (36)
447 5535 524 5590 Cf.
552 5535 796 5606 diploma
821 5537 1070 5608 spurium
1101 5537 1246 5607 apud
1272 5535 1548 5590 Maderum
1580 5533 1800 5605 Antiqq.

237 5609 474 5662 Brunsv.
508 5625 563 5678 p.
593 5608 711 5662 107.

310 5679 416 5747 (37)
469 5677 837 5751 Berengarius
890 5678 1067 5749 prima
1096 5677 1450 5748 expeditione
1482 5677 1794 5746 victusqui-

558 5803 860 5865 PATROL.
914 5799 1248 5864 CXXXV.

1951 5532 2102 5598 dem,
2126 5532 2225 5604 sed
2257 5530 2764 5604 inregnorelictus
2793 5534 2898 5604 est,
2920 5533 2976 5581 et
3008 5542 3138 5582 cum
3170 5525 3374 5581 deinde
3405 5533 3575 5595 cape‘

1953 5611 2125 5670 retur,
2144 5603 2257 5674 jam
2289 5599 2504 5658 obie'rat
2527 5601 2836 5656 Heinricus.
2861 5599 3044 5652 Lemn.

3212 5795 3292 5859 29
