4042 6156
473 240 579 292 907

1581 229 1851 283 SANCT/E
1890 229 2242 284 MATHILDIS
2286 230 2522 284 REGN/E
2561 231 2733 284 Vl'l‘A.

3729 233 3834 287 908

472 364 736 420 defuncto
780 358 1218 415 misericordiam
1273 357 1489 412 Domini
1524 355 1838 427 implorare,
1879 363 1934 412 et
1971 356 2092 427 ipsa
2118 367 2161 426 Α
2189 357 2352 423 tibus,
2386 357 2473 411 sin
2504 365 2691 412 autem
2741 355 2918 411 abfuit
2982 357 3400 422 monasterium,
3436 357 3643 412 ceteris
3681 357 3831 412 indi-

473 461 709 531 primum
741 458 971 512 ﬂectens
1000 470 1203 526 genua,
1241 454 1386 507 hanc
1415 453 1716 507 orationem
1743 450 1936 506 effudit
1998 469 2096 522 pro

473 549 583 603 cari
613 547 707 600 filii
740 545 960 600 anima:
993 564 1012 592 α
1050 543 1087 597 Ο
1119 542 1344 597 domine
1396 542 1537 595 Deus
1585 537 1958 606 omnipotens,
1991 534 2098 587 mi-

471 651 656 690 serere
708 634 906 688 animte
953 629 1142 685 famuli
1229 627 1332 694 tui,
1386 643 1548 699 quam
1610 626 1680 679 de
1746 625 1853 678 hoc
1908 621 2095 677 seculo

473 727 707 798 migrare
729 722 942 793 jussisti
975 739 988 775 :
1023 728 1327 786 memento,
1370 732 1708 789 quesumus,
1760 714 1907 786 quod
1963 729 2096 784 per-

473 833 596 872 raro
641 816 886 886 jocunde
932 813 1089 877 vixit,
1121 821 1177 866 et
1223 826 1388 865 omne
1437 818 1655 880 tempus
1689 805 1936 862 mortalis
1969 805 2094 859 vitae

474 925 619 980 pene
692 907 746 961 in
793 906 1049 978 angustia
1097 902 1328 976 peregit.
1367 924 1391 952 »
1425 903 1548 956 Post
1604 901 1722 954 haec
1758 897 2093 952 aboratione

474 1000 731 1066 surrexit,
763 1006 818 1053 et
879 998 946 1051 ad
984 994 1340 1066 sepulchrum
1392 991 1540 1066 regis
1573 989 1812 1044 Heinrici
1842 1003 2089 1059 gressum

473 1089 828 1145 mediocriter
853 1087 1029 1160 tendit
1057 1104 1070 1149 ;
1104 1101 1272 1156 super
1300 1083 1449 1155 quod
1481 1090 1645 1152 caput
1684 1080 1983 1144 inclinans,
2013 1078 2092 1132 sic

473 1180 805 1237 illacrimans
832 1180 950 1234 ait:
990 1201 1008 1228 ι
1037 1177 1075 1232 Ο
1132 1183 1318 1231 noster
1373 1175 1619 1238 domine,
1660 1189 1824 1243 quam
1876 1169 2090 1225 felicior

473 1273 636 1328 nobis
659 1272 908 1337 extitisti,
935 1270 1030 1342 qui
1061 1270 1202 1323 hanc
1255 1266 1678 1322 amaritudinem
1739 1261 1950 1318 doloris
1977 1276 2088 1314 non

473 1362 769 1434 expectasti
793 1362 849 1415 in
878 1360 1054 1415 stadio
1104 1358 1229 1412 vitae
1286 1355 1532 1412 mortalis
1565 1354 1578 1408 !
1614 1354 1786 1417 Nunc,
1813 1360 1873 1406 ut
1903 1365 2091 1420 spera-

474 1469 597 1506 mus
651 1451 860 1526 gaudcs
912 1449 966 1503 in
1026 1447 1239 1519 requie,
1301 1461 1404 1500 nec
1469 1444 1764 1516 quicquam
1818 1456 1976 1496 curas
2025 1438 2093 1491 de

476 1550 656 1599 nostra
686 1541 1124 1613 perturbatione.
1188 1537 1453 1602 Quotiens
1505 1535 1766 1590 acerbum
1813 1532 1957 1586 diem
1989 1536 2095 1583 tua:

473 1632 664 1688 mortis
717 1631 888 1685 menti
939 1628 1274 1693 induximus,
1323 1627 1424 1679 hac
1453 1625 1570 1679 sola
1600 1621 1984 1678 consolatione
2013 1634 2092 1672 re-

471 1723 821 1794 spiravimus,
873 1720 1021 1792 quod
1071 1719 1116 1753 ⁵⁶
1178 1714 1545 1771 dilectissimi
1601 1713 1696 1766 ﬁlii
1760 1709 1931 1765 nostri
1984 1708 2092 1762 vita

471 1820 753 1881 superstes
806 1815 939 1872 erat,
997 1807 1089 1878 qui
1153 1820 1250 1859 ore
1307 1804 1372 1868 ⁵⁷,
1430 1801 1656 1858 nomine
1707 1806 1762 1854 et
1811 1797 2002 1852 habitu
2043 1801 2093 1848 te

475 1905 710 1960 maxime
736 1901 1088 1957 referebat”.
1130 1923 1154 1947 ιο
1187 1899 1244 1952 ln
1279 1898 1378 1952 hac
1401 1896 1566 1951 etiam
1595 1895 1686 1948 die
1701 1891 1898 1947 herilia
1923 1890 2097 1960 depo-

475 1997 582 2051 suit
641 1995 994 2058 vestimenta,
1037 2007 1161 2062 quae
1217 1990 1273 2043 in
1305 1988 1570 2042 viduitate
1621 2001 1719 2056 pro
1771 1988 2095 2038 ornamento

475 2083 687 2138 habuit.
719 2082 844 2136 Post
872 2079 1084 2135 obitum
1107 2077 1254 2131 enim
1299 2073 1645 2130 memorandi
1681 2072 1828 2147 regis
1851 2067 2093 2124 Heinrici

475 2175 694 2230 assidue
723 2172 903 2227 induit
931 2169 1217 2226 coccinum
1235 2168 1351 2236 (38)
1369 2166 1532 2221 unius
1548 2165 1768 2229 coloris,
1794 2179 1905 2218 non
1929 2163 1983 2215 in
2002 2177 2098 2232 pu-

477 2267 645 2334 blico,
677 2266 773 2320 sed
797 2265 898 2320 sub
930 2263 1079 2319 lineo
1106 2261 1458 2322 vestimento,
1487 2265 1543 2313 et
1575 2273 1672 2329 pro
1704 2256 1903 2310 decore
1931 2269 2096 2308 orna-

478 2359 648 2414 menti
680 2366 807 2411 ante
856 2371 914 2410 se
970 2355 1146 2428 gessit
1205 2368 1396 2423 parum
1456 2349 1597 2406 auri.
1633 2349 1745 2403 Hoc
1765 2353 1938 2402 totum
1967 2354 2098 2398 tunc

478 2447 758 2518 deposuit,
791 2453 846 2500 et
900 2443 1248 2515 postmodum
1309 2439 1527 2514 lugubri
1561 2444 1711 2493 veste
1743 2435 1935 2489 induta
1967 2447 2098 2503 pro-

479 2539 664 2596 cessit.
709 2538 942 2594 Posthac
996 2535 1280 2591 neminem
1319 2532 1494 2588 voluit
1525 2529 1719 2585 audire
1758 2524 2003 2582 carmina
2020 2538 2103 2577 se-

481 2632 688 2686 cularia
729 2635 1068 2694 cantantem,
1122 2642 1227 2681 nec
1269 2638 1605 2696 quemquam
1654 2617 1844 2675 videre
1913 2615 2100 2668 ludum

481 2727 852 2784 exercentem,
883 2715 980 2772 sed
1026 2723 1237 2770 tantum
1286 2713 1495 2767 audivit
1541 2707 1731 2765 sancta
1787 2703 2030 2761 carmina
2057 2703 2102 2736 ⁵ο

482 2810 550 2864 de
606 2806 907 2880 evangeliis
962 2803 1047 2858 vel
1105 2803 1229 2856 aliis
1298 2799 1586 2871 scripturis
1637 2796 1812 2852 sacris
1861 2802 2101 2863 sumpta,

484 2914 700 2953 necnon
740 2897 795 2949 in
836 2895 938 2949 hoc
964 2892 1162 2947 sedulo
1190 2890 1591 2955 delectabatur,
1650 2893 1710 2940 ut
1759 2885 1825 2939 de
1856 2885 1966 2939 vita
2018 2881 2102 2935 vel

485 2988 741 3059 passione
773 2994 1089 3039 sanctorum
1147 2981 1252 3035 sibi
1307 2977 1640 3035 cantaretur.
1693 2976 1883 3031 Cetera
1913 2973 2102 3028 mundi

485 3076 888 3130 delcctamenta
918 3071 962 3104 ⁶⁰
1002 3069 1234 3139 respuit,
1266 3075 1321 3122 et
1351 3074 1465 3122 tota
1491 3069 1532 3101 δι
1585 3064 1894 3120 intentione
1921 3063 2108 3116 divino

421 3181 432 3190 '
487 3165 773 3221 famulatui
822 3170 1038 3218 tantum
1099 3160 1334 3214 intendit
1366 3160 1571 3224 ;Deum
1603 3159 1647 3193 ⁶²
1679 3157 1734 3211 in
1767 3156 2025 3211 omnibus
2056 3155 2106 3210 ei

486 3273 656 3328 super
672 3255 858 3310 omnia
889 3253 1151 3326 diligens,
1198 3256 1253 3304 et
1278 3250 1417 3304 nihil
1446 3250 1490 3283 ⁸³
1529 3249 1650 3318 ejus
1677 3247 1850 3303 amori
1886 3262 2105 3319 praepo-

487 3361 628 3401 nens
657 3345 721 3399 ⁸⁵.
751 3340 1114 3413 Resplenduit
1151 3341 1207 3394 in
1260 3356 1326 3394 ea
1383 3354 1575 3393 aurum
1607 3337 1854 3406 justitiae,
1887 3351 2106 3410 gemma

488 3435 901 3498 misericordias,
934 3431 1168 3505 gravitas
1187 3430 1460 3497 amabilis,
1513 3430 1775 3484 honestas
1804 3427 2108 3482 admirabi-

487 3526 573 3594 lis,
606 3522 1102 3600 sermo‘modestus
1132 3527 1188 3576 et
1216 3520 1272 3573 in
1294 3535 1394 3576 suo
1433 3531 1681 3589 tempore
1702 3533 1946 3592 congrue
1978 3533 2105 3588 pro-

489 3621 770 3677 ferendus.
795 3620 1100 3690 Numquam
1128 3616 1347 3672 reticuit
1377 3615 1644 3688 quicquid
1672 3615 1824 3687 loqui
1846 3615 2106 3672 idoneum

2199 450 2462 524 gentibus
2501 450 2622 503 haec
2647 448 2838 502 eadem
2899 449 3143 518 porrexit
3197 449 3337 513 Quid
3378 457 3568 503 autem
3603 449 3828 512 mirum,

2199 543 2346 612 quod
2374 541 2694 597 hominibus
2745 541 2894 614 larga
2951 540 3056 594 fuit
3108 548 3163 595 et
3205 541 3486 606 benivola,
3522 557 3652 612 quze
3679 543 3826 615 gallo

2197 631 2397 685 cotidie
2445 628 2796 695 ministravit,
2868 628 2966 700 qui
3050 629 3225 683 lucem
3295 629 3404 684 diei
3465 629 3694 684 nuntiat
3777 638 3826 683 et

2197 735 2446 792 quosque
2495 719 2692 774 fideles
2729 719 2797 772 ad
2850 717 3050 772 Christi
3103 717 3385 772 servitium
3443 719 3676 773 excitat.
3719 719 3826 773 Nec

2194 815 2359 869 etiam
2387 814 2557 869 oblita
2596 822 2680 868 est
2721 813 3005 868 volucrum
3035 812 3226 867 aestivo
3269 820 3526 882 tempore
3569 812 3626 865 in
3659 813 3821 867 arbo-

2194 904 2343 958 ribus
2370 903 2770 969 resonantium,
2828 902 3158 973 praecipiens
3199 901 3489 967 ministris,
3522 903 3630 956 sub
3663 903 3828 956 arbo-

2193 1009 2281 1049 res
2309 995 2581 1065 projicere
2629 994 2798 1049 micas
2849 992 3028 1064 panis,
3061 1000 3119 1047 ut
3157 992 3202 1046 si
3243 992 3370 1063 quis
3399 992 3471 1046 de
3501 992 3822 1046 volucribus

2192 1107 2360 1161 supra
2411 1090 2666 1154 sedisset,
2735 1090 2789 1143 in
2841 1089 3070 1144 nomine
3132 1087 3404 1142 Creatoris
3457 1086 3580 1141 illic
3638 1087 3830 1141 alimo-

2191 1180 2338 1234 niam
2389 1179 2680 1235 inveniret.
2731 1179 2895 1234 Porro
2953 1178 3287 1249 ubicumque
3348 1177 3455 1231 iter
3515 1177 3655 1248 egit,
3681 1177 3833 1244 juxta

2191 1289 2412 1326 currum
2475 1271 2735 1326 candelas
2825 1271 3031 1342 portari
3109 1271 3294 1338 jussit.
3376 1285 3522 1340 quas
3592 1267 3831 1343 singulis

2193 1365 2468 1420 divideret
2546 1365 2818 1431 oratoriis,
2897 1374 2954 1420 et
3019 1364 3180 1418 simul
3246 1365 3430 1430 cibos,
3501 1363 3706 1434 quibus
3780 1363 3836 1417 in

2195 1453 2396 1508 itinere
2488 1453 2776 1508 obviantes
2880 1451 3132 1508 reficeret
3210 1468 3444 1524 egenos.
3532 1453 3626 1505 Sin
3731 1468 3840 1506 au-

2199 1550 2305 1598 tem
2353 1543 2668 1597 intenderet
2723 1543 2952 1597 lectioni
3008 1542 3092 1596 vel
3148 1542 3489 1612 psalmorum
3557 1541 3833 1595 decanta-

2198 1631 2356 1695 tioni,
2407 1639 2464 1685 ut
2520 1631 2638 1701 ipsa
2695 1637 3094 1701 praetereuntes
3151 1630 3342 1684 videre
3433 1645 3546 1703 non
3623 1640 3840 1698 posset,

2196 1733 2289 1779 aut
2309 1725 2353 1779 si
2387 1731 2552 1795 caput
2580 1739 2772 1779 somno
2820 1724 3197 1788 inclinaverat,
3235 1724 3369 1794 quia
3426 1724 3484 1777 in
3516 1723 3679 1778 bonis
3705 1725 3845 1778 acti-

2195 1813 2300 1868 bus
2315 1820 2531 1868 noctem
2555 1813 2887 1885 pervigilem
2943 1813 3147 1867 ducere
3172 1813 3415 1878 solebat,
3453 1812 3836 1886 Richburgam

2196 1905 2302 1958 sibi
2327 1904 2726 1959 ministrantem
2742 1904 3217 1959 sanctimonialem
3244 1903 3505 1974 praecipit
3537 1903 3845 1975 diligenter

2197 1995 2512 2058 observare,
2545 1999 2605 2047 ut
2634 1993 2819 2047 nullus
2849 1992 3130 2062 praeterire
3158 2007 3470 2062 pauperum
3501 1991 3844 2046 insalutatus

2196 2085 2369 2140 velde
2394 2085 2508 2139 suis
2535 2084 2923 2158 largitionibus
2976 2100 3088 2138 non
3140 2085 3182 2118 ⁸⁷
3245 2090 3549 2138 recreatus.
3605 2083 3661 2136 Si
3705 2099 3841 2139 vero

2198 2175 2291 2229 illa
2321 2175 2638 2248 negligente
2663 2173 2863 2244 aliquis
2886 2173 3207 2244 pertransiit
3239 2172 3531 2245 egentium
3565 2187 3676 2226 non
3705 2188 3835 2242 per-

2199 2263 2413 2332 cipiens
2433 2263 2777 2328 alimentum,
2805 2262 2988 2316 statim
3042 2269 3206 2333 caput
3235 2261 3466 2316 elevans
3515 2262 3587 2316 de
3618 2277 3839 2328 somno,

2199 2355 2355 2425 quasi
2423 2355 2619 2425 spiritu
2683 2355 2986 2426 prophetiae
3040 2355 3224 2424 plena,
3288 2354 3544 2424 praecipit
3612 2370 3839 2408 currum

2202 2450 2344 2498 stare
2377 2450 2432 2498 et
2452 2459 2688 2516 egenum
2738 2443 2832 2514 qui
2873 2442 3168 2497 transierat
3220 2457 3514 2508 revocare,
3586 2443 3843 2512 praebens

2205 2535 2281 2588 illi
2305 2535 2508 2590 victum
2521 2551 2619 2590 seu
2650 2534 2800 2590 aliud
2819 2535 3191 2590 necessarium
3239 2535 3371 2589 Post
3395 2536 3519 2589 haec
3539 2535 3846 2605 paullisper

2204 2632 2500 2688 commota,
2531 2624 3012 2680 sanctimonialem
3043 2624 3381 2678 salutaribus
3424 2623 3616 2678 verbis
3646 2623 3842 2678 admo-

2205 2716 2346 2782 nuit,
2377 2725 2436 2770 ut
2483 2715 2750 2786 deinceps
2789 2714 3108 2788 diligentius
3168 2715 3515 2781 observaret,
3569 2714 3843 2785 quidquid

2204 2817 2315 2856 suae
2335 2801 2463 2857 fidei
2501 2803 2963 2860 commendasset.
2997 2804 3110 2859 Vox
3151 2803 3316 2876 egeni
3356 2819 3662 2874 numquam
3691 2804 3842 2873 apud

2207 2889 2356 2944 illam
2388 2892 2630 2947 inaniter
2670 2892 2879 2958 sonuit,
2940 2908 3046 2947 nec
3087 2892 3206 2962 ipsa
3255 2893 3427 2946 surda
3473 2893 3748 2963 preteriit
3777 2893 3841 2946 ⁵⁸.

2205 2981 2324 3038 Νοιι
2383 2983 2566 3039 minor
2595 2992 2711 3039 erat
2755 2985 3151 3040 misericordia
3183 3000 3340 3051 usus,
3373 3000 3543 3056 quam
3586 2986 3656 3038 de
3681 2984 3845 3054 plebe

2208 3091 2548 3140 concursus;
2583 3091 2686 3130 nec
2709 3075 2938 3130 deerant
2968 3077 3378 3147 qui'peterent,
3411 3092 3520 3132 nec
3550 3075 3848 3130 deficiebat

2208 3168 2360 3238 quod
2390 3168 2639 3222 donaret.
2695 3169 2751 3221 ln
2806 3184 3154 3239 quacumque
3185 3168 3413 3223 civitate
3455 3170 3502 3203 ⁶⁹
3535 3184 3848 3224 commora-

2210 3259 2370 3315 batur
2429 3261 2630 3324 hieme,
2689 3276 2787 3329 per
2841 3267 3009 3314 totam
3070 3267 3292 3314 noctem
3352 3260 3505 3333 ignis
3541 3261 3846 3315 ardebatin

2206 3352 2439 3425 singulis
2466 3353 2622 3408 tectis
2651 3368 2774 3422 quae
2817 3352 2892 3405 ibi
2925 3351 3159 3418 fuerant,
3212 3359 3269 3406 et
3317 3353 3558 3423 insuper
3587 3353 3692 3407 sub
3720 3369 3849 3408 aere

2207 3446 2356 3500 nudo
2373 3445 2438 3510 ⁷ο,
2474 3452 2533 3499 ut
2557 3445 2809 3516 quisquis
2859 3444 3156 3516 indigeret,
3186 3444 3301 3500 illic
3321 3461 3455 3500 sese
3487 3446 3845 3503 calefaceret.

2205 3542 2299 3589 aut
2327 3535 2582 3607 quisquis
2629 3535 2684 3588 in
2740 3535 2978 3609 caligine
3007 3535 3184 3590 noctis
3211 3543 3445 3599 erraret,
3470 3535 3594 3590 viso
3635 3535 3848 3590 lumine

2214 3639 2325 3680 non
2358 3623 2680 3680 offenderet.
2719 3625 2918 3678 Praeter
2944 3624 3275 3678 cotidianam
3302 3623 3619 3696 largitatem
3638 3625 3854 3679 elemo-

488 3712 605 3768 fuit.
658 3710 989 3784 Peregrinis,
1043 3708 1223 3764 viduis
1275 3715 1331 3762 et
1395 3707 1602 3778 pupilis
1654 3714 1908 3777 praeerat,
1973 3709 2115 3763 sicut
2213 3712 2458 3769 sinarum
2505 3713 2771 3786 singulari
2822 3713 3030 3768 honore
3085 3712 3388 3768 celebravit
3441 3713 3754 3775 sabbatum.
3821 3730 3857 3765 a

487 3812 664 3859 mater
688 3803 816 3857 filiis
892 3802 958 3856 In
989 3802 1250 3856 omnibus
1299 3816 1422 3872 qum
1451 3798 1600 3866 fecit,
1636 3799 2002 3870 temperantia
2027 3800 2115 3868 ju-

485 3900 650 3956 stitiae
679 3899 784 3954 sibi
816 3913 927 3953 non
961 3896 1156 3951 defuit.

558 3990 643 4045 17.
677 3990 894 4056 Quanta
947 4003 1079 4041 cura
1135 3986 1475 4040 elemosinam
1524 3984 1868 4054 impendebat
1901 3985 2098 4052 egenis.

487 4077 721 4133 Difﬁcile
759 4085 843 4132 est
874 4076 1185 4132 enumerari
1217 4080 1485 4147 quantum
1517 4073 1842 4129 intendebat
1872 4090 2100 4129 venera-

486 4171 615 4226 bilis
637 4171 826 4246 regina
863 4169 1294 4225 elemosinarum
1322 4167 1575 4241 largitati.
1642 4167 1733 4220 Bis
1763 4167 1820 4220 in
1857 4166 1946 4221 die
1978 4181 2100 4221 om-

486 4263 704 4338 nigenis
733 4261 982 4317 ciborum
1043 4259 1258 4314 deliciis
1307 4259 1502 4329 inopes
1541 4258 1807 4313 recreavit
1837 4276 1850 4322 ;
1875 4258 2104 4329 insuper

485 4369 606 4411 cum
632 4353 919 4410 accederet
950 4352 994 4387 ⁶⁵
1021 4366 1237 4406 mensae.
1257 4349 1451 4424 regali,
1483 4349 1743 4420 pmcepit
1778 4351 2102 4424 peregrinos

486 4450 543 4500 et
593 4443 908 4518 indigentes
958 4440 1271 4506 convocari,
1341 4438 1450 4493 illis
1508 4439 1706 4494 devote
1759 4438 2104 4494 distribuens

487 4537 766 4599 alimenta,
815 4552 938 4607 qua:
994 4533 1102 4588 sibi
1139 4532 1565 4604 apponebantur
1613 4531 1944 4601 lautissima,
1983 4547 2108 4607 cre-

488 4631 628 4684 dens
659 4647 718 4684 se
751 4643 972 4699 pascere
1025 4627 1293 4681 Christum
1324 4624 1427 4679 sub
1459 4625 1644 4694 specie
1697 4641 2022 4695 pauperum.
2057 4625 2112 4680 Si

489 4722 678 4776 aderat
698 4718 1114 4782 monasterium,
1171 4717 1274 4772 tria
1301 4717 1346 4750 ⁶⁶
1401 4715 1752 4786 superposita
1766 4731 1984 4769 mensae
2010 4716 2115 4769 mi-

489 4808 562 4864 sit
589 4808 802 4863 Christo
834 4803 1224 4861 iamulantibus
1255 4810 1310 4859 et
1342 4803 1398 4858 in
1428 4802 1754 4875 mgritudine
1781 4803 2117 4858 decumben-

2215 3804 2392 3874 prima
2439 3803 2646 3874 quippe
2694 3804 2850 3867 hora,
2901 3802 3068 3857 immo
3102 3802 3172 3856 ab
3229 3802 3352 3874 ipsa
3440 3818 3647 3858 aurora
3687 3803 3855 3867 lucis,

2216 3907 2517 3962 numquam
2549 3891 2758 3946 vacavit
2778 3889 2846 3944 ab
2873 3891 3139 3961 operibus
3171 3891 3353 3945 bonis.
3391 3891 3553 3946 Mane
3587 3891 3857 3945 balneum

2215 3981 2507 4052 preparari
2531 3980 2716 4049 jussit,
2751 3988 2804 4034 et
2862 3995 3141 4050 pauperes
3196 3981 3648 4054 peregrinosque
3678 3981 3864 4050 lavari

2198 4072 2380 4141 jussit.
2412 4071 2718 4142 Aliquando
2764 4087 2896 4126 vero
2950 4087 3076 4126 cum
3118 4086 3178 4126 se
3230 4087 3261 4124 a
3292 4072 3488 4142 p0puli
3529 4070 3867 4143 frequentia

2201 4163 2457 4234 abripere
2507 4163 2704 4234 potuit,
2749 4162 2868 4232 ipsa
2917 4162 3130 4218 occulte
3167 4161 3521 4236 ingrediens,
3591 4162 3872 4217 manibus

2203 4255 2441 4327 propriis
2487 4254 2678 4309 sordes
2717 4253 2965 4308 diluebat
3032 4253 3300 4328 singulis,
3347 4263 3402 4308 et
3461 4269 3590 4325 quae
3651 4254 3872 4308 multis

2205 4342 2511 4414 imperabat
2537 4342 2746 4415 regina,
2779 4341 3407 4412 pauperibusserviebat
3434 4342 3596 4413 quasi
3619 4343 3872 4397 ancilla.

2207 4435 2262 4489 Si
2294 4448 2422 4488 vero
2453 4433 2572 4503 ipsa
2602 4433 2866 4504 impedita
2918 4440 3003 4487 est
3025 4431 3262 4501 ingredi,
3286 4431 3623 4487 circumfusa
3651 4433 3880 4487 multi-

2212 4525 2401 4580 tudine
2433 4523 2644 4595 p0puli,
2676 4538 2806 4578 suas
2853 4520 3149 4577 intromisit
3199 4520 3591 4593 pedissequas,
3628 4537 3792 4592 quas
3814 4523 3881 4577 in

2215 4615 2322 4671 fide
2353 4615 2500 4686 apud
2559 4631 2619 4668 se
2652 4622 2882 4683 noverat
2933 4612 3374 4684 probatissimas,
3425 4621 3486 4668 ut
3536 4615 3885 4669 necessaria

2216 4709 2410 4783 egenis
2432 4708 2828 4774 ministrarent,
2885 4716 2940 4762 et
2967 4708 3023 4761 in
3077 4708 3196 4763 vice
3226 4708 3352 4776 ejus
3391 4708 3532 4779 ipsis
3563 4709 3886 4766 humiliter

2218 4800 2580 4857 deservirem.
2619 4800 3043 4875 Egredientibus
3095 4805 3279 4854 autem
3331 4801 3445 4856 illis
3501 4803 3569 4857 de
3615 4800 3882 4871 balneo,

1841 4931 2064 5005 vitam
2092 4930 2464 4987 LECTlONES.

560 5039 606 5075 σα
635 5037 765 5110 quid
794 5037 844 5096 ι.

919 5035 960 5068 ⁵⁷
984 5050 1119 5088 voce
1149 5033 1204 5087 2.
1279 5032 1324 5067 ⁵⁸
1357 5033 1482 5104 ipso
1517 5031 1796 5093 subracto.
1823 5033 1934 5101 jam
1968 5049 2090 5103 quae
2119 5033 2284 5087 nobis
2320 5047 2449 5102 spes
2489 5037 2544 5085 et
2575 5030 2882 5104 consolatio
2924 5031 3034 5086 nisi
3065 5031 3120 5086 in
3149 5032 3260 5104 Deo
3290 5033 3453 5087 addit
3481 5033 3534 5088 2.
3598 5032 3642 5104 ξ’
3676 5050 3881 5090 secu-

493 5111 626 5166 laria
652 5102 962 5165 cantantem
1019 5105 1178 5158 addit
1229 5105 1281 5156 1.
1352 5102 1396 5136 5°
1435 5103 1845 5158 oblectamenta
1891 5105 1945 5157 2.
1988 5102 2045 5137 ⁷⁶¹
2105 5107 2186 5157 ita
2216 5105 2425 5170 corrigo
2458 5120 2471 5166 ;
2506 5109 2623 5156 tuta
2653 5104 2705 5156 1·
2750 5102 2794 5136 δ’
2832 5102 2891 5156 1).
2937 5119 3066 5158 vero
3097 5104 3166 5156 ab
3199 5103 3337 5173 ipsis
3367 5102 3660 5160 cunabulis
3699 5106 3770 5159 in
3818 5108 3881 5160 2.

492 5184 536 5217 ⁵³
566 5182 642 5236 nil
684 5183 731 5244 t,
765 5180 809 5213 ⁸⁵³
843 5196 894 5249 p.
920 5177 1068 5247 quod
1101 5192 1174 5249 ex_
1211 5174 1580 5249 prudentibus
1633 5175 1752 5241 ejus
1782 5175 2046 5249 virtutum
2114 5175 2409 5249 prazconiis
2438 5173 2616 5249 conici
2661 5174 2882 5243 poterit.
2918 5173 3049 5249 Nam
3081 5181 3139 5228 ut
3170 5173 3366 5249 beatus
3397 5173 3706 5248 Gregorius
3745 5179 3836 5231 ait
3874 5197 3887 5230 ;

495 5254 798 5327 Numquam
832 5244 918 5327 est
941 5244 1252 5327 'amorubei
1313 5245 1526 5327 otiosus
1559 5263 1573 5310 ;
1603 5252 1862 5327 operatur
1888 5245 2032 5300 enim
2073 5244 2273 5327 magna
2301 5245 2350 5298 si
2379 5253 2464 5327 est
2501 5261 2515 5309 ;
2635 5259 2780 5327 vero
2806 5245 3023 5327 operari
3057 5245 3300 5327 rennuit,
3335 5244 3652 5300 amor'non
3693 5259 3799 5302 est
3827 5251 3890 5302 '2.

494 5326 538 5357 ⁸⁵
569 5314 842 5377 accideret
872 5320 1062 5375 Erath.
1110 5318 1155 5351 ⁶⁶
1223 5333 1314 5370 rex
1371 5318 1417 5369 1.
1475 5324 1556 5388 ter
1612 5319 1672 5370 L.
1737 5324 1847 5370 tres
1899 5314 2378 5388 superpositiones
2431 5316 2488 5382 2,
2555 5314 2598 5348 ⁸⁷
2638 5317 2783 5370 deest
2835 5315 2858 5367 1
2918 5316 2996 5350 “-
3028 5316 3126 5370 sed
3179 5315 3232 5370 ei
3264 5332 3505 5388 quaeque
3533 5321 3890 5373 necessaria

495 5394 682 5448 tribuit
708 5394 865 5447 addit
891 5393 947 5458 2,
980 5391 1024 5424 ⁶⁹
1059 5390 1118 5444 ln
1145 5403 1500 5459 quocumque
1530 5386 1649 5441 loco
1679 5388 1731 5440 2.
1769 5387 1814 5419 ⁷⁰
1841 5387 1944 5440 sub
1983 5387 2113 5441 divo
2139 5389 2193 5440 2.

2059 5489 2264 5543 NOT/E.

567 5592 674 5661 (38)
715 5593 919 5645 Vestem
948 5593 1247 5645 coccineum
1281 5587 1650 5661 Ekkehardus
1674 5587 1904 5661 scribit;
1937 5593 1992 5642 et
2019 5585 2099 5661 ita

496 5657 783 5716 coccinum
814 5661 1237 5730 intelligendum
1269 5675 1412 5723 esse,
1441 5673 1507 5712 ex
1532 5657 1872 5713 Widukindo
1901 5674 1984 5724 ιιι,
2018 5657 2107 5718 74,

2209 5586 2412 5667 prodit,
2439 5585 2530 5641 ubi
2575 5586 2732 5657 dicit,
2786 5584 3142 5642 Mahthildam
3183 5585 3319 5642 nihil
3349 5586 3420 5642 de
3451 5587 3670 5642 honore
3710 5591 3898 5667 regio

2225 5672 2511 5712 minuisse.
