4042 6156
238 273 338 328 909
1321 264 1592 319 suam
1629 264 1866 319 MATHIL

1973 262 1990 315 Ξ
2037 255 2280 313 ΒΕΟΝᾸΞ
2319 261 2487 318 VITA.
3476 268 3582 324 910

236 426 419 468 omnes
446 404 762 464 cubiculum
791 397 1113 462 introduxit,
1147 398 1555 454 essurientibus
1586 399 1725 453 dans
1744 398 1838 452 ali-
1863 402 1914 467 Α
1944 395 2170 463 integer
2201 394 2452 460 pervenit
2505 393 2561 446 in
2616 393 2902 462 cujusdam
2938 400 3201 467 pauperis
3231 402 3432 471 sinum,
3459 408 3579 461 cui-

238 503 409 549 menta
474 501 528 548 et
582 491 746 546 nudis
793 487 1323 558 vestimenta;quia
1370 504 1478 544 non
1545 488 1862 553 dubitavit,
1945 482 2105 536 illum
2157 480 2478 536 decreverat
2518 483 2787 550 dandum,
2844 501 3027 541 coram
3079 496 3294 547 astante
3339 496 3576 563 plurima

235 588 468 642 membra
489 584 686 639 Christi
719 582 830 656 tegi
859 581 964 634 sub
983 580 1180 654 largita
1206 588 1355 635 veste
1378 581 1841 652 inopi.Laboran-
1943 571 2307 628 multitudine
2336 575 2546 645 pepuli,
2577 575 2672 645 qui
2695 577 2943 644 ejusdem
2973 587 3139 635 testes
3156 582 3372 638 fueram
3412 587 3579 640 mira-

235 681 374 736 tibus
396 685 574 733 autem
607 675 662 728 in
712 673 1049 737 inﬁrmitate,
1107 672 1202 742 qui
1243 673 1312 726 ad
1352 690 1410 727 se
1433 689 1543 729 non
1585 679 1841 744 poterant
1942 667 2078 722 culi.
2112 666 2190 719 Ad
2223 667 2342 721 haec
2401 668 2728 723 beatissima
2787 672 2978 745 regina
3009 675 3218 732 Christo
3243 681 3445 750 gratias
3478 683 3580 735 hu-

236 770 433 828 venire,
465 766 612 820 misit
641 780 806 835 poma
848 771 906 817 et
934 779 1061 833 quae
1090 763 1232 817 inter
1261 765 1474 838 regales
1503 764 1657 819 cibos
1686 763 1842 817 vide-
1944 755 2153 810 militer
2182 756 2314 828 egit,
2358 758 2515 825 cujus
2557 773 2786 812 munere
2809 767 2862 814 et
2891 762 3090 817 virtute
3123 764 3176 818 id
3194 776 3418 822 noverat
3456 785 3580 824 eve-

239 863 428 916 bantur
452 860 655 930 Optima
687 876 701 918 ς
732 864 951 925 etsaepe
1015 855 1218 910 accidit
1257 857 1430 928 gratia
1470 857 1587 921 Dei,
1647 863 1706 910 ut
1748 855 1843 926 qui

239 951 370 1005 infra
397 950 586 1004 decem
617 947 740 1001 dies
767 945 843 999 nil
870 952 1189 1017 gustaverat
1218 946 1348 1008 cibi,
1381 962 1481 1016 per
1502 947 1622 1013 ejus
1649 938 1843 999 merita

240 1045 538 1115 perciperet
567 1040 924 1096 refectionem
954 1041 1164 1110 pariter
1202 1048 1258 1093 et
1308 1041 1563 1094 salutem.
1600 1040 1710 1094 Nec
1739 1040 1846 1093 hoc

234 1135 497 1188 silendum
519 1149 643 1188 esse
669 1146 892 1195 censeo,
924 1148 1100 1202 quare
1133 1131 1225 1184 tali
1287 1131 1598 1186 reverentia
1651 1138 1840 1184 custo-

235 1226 367 1279 diret
393 1222 700 1277 sabbatum.
757 1220 936 1274 Primo
959 1219 1185 1290 quidem
1228 1227 1457 1290 propter
1480 1219 1722 1293 vigiliam
1750 1219 1848 1273 do-

238 1317 444 1371 minicae
477 1311 909 1374 resurrectionis,
966 1327 1092 1380 qum
1144 1310 1198 1362 in
1266 1311 1372 1364 hac
1402 1310 1493 1364 die
1539 1309 1852 1364 celebratur

239 1423 333 1476 per
359 1405 616 1460 circulum
671 1401 850 1465 orbis;
885 1400 1092 1454 dehinc
1144 1399 1274 1470 quia
1328 1399 1630 1454 venerandi
1683 1398 1844 1472 regis.

241 1493 471 1549 Heinrici
496 1493 682 1546 anima
731 1491 784 1543 in
814 1488 1008 1543 eadem
1048 1489 1137 1542 die
1169 1488 1239 1542 de
1269 1503 1504 1559 corpore
1533 1489 1713 1542 soluta
1743 1494 1848 1552 est,

239 1595 314 1649 et,
347 1593 401 1637 ut
423 1588 694 1652 speratur,
723 1577 958 1648 paradisi
983 1578 1210 1646 januam
1243 1585 1326 1632 est
1355 1579 1626 1649 ingressa.
1663 1576 1854 1639 Quam-

1948 851 2117 905 nisse.
2154 850 2262 904 Sed
2293 857 2346 904 et
2375 851 2482 906 alio
2524 851 2892 908 nihilominus
2950 855 3002 908 in
3035 858 3234 913 eadem
3273 861 3492 917 civitate
3533 863 3579 896 ⁷³

1947 947 2033 1020 est
2059 939 2335 994 declarata
2363 941 2652 997 miraculo.

2021 1033 2106 1086 l9.
2165 1034 2239 1086 Dc
2277 1047 2450 1092 cerva,
2510 1049 2633 1102 quae
2690 1035 2985 1102 ampullam
3033 1039 3401 1097 devoraverat.
3471 1044 3582 1099 Mos

1949 1121 2162 1192 quippe
2184 1119 2362 1175 fuerat
2389 1129 2592 1176 sanctae
2633 1122 2895 1191 dominae,
2951 1127 3156 1182 cotidie
3205 1131 3476 1186 sacerdoti
3512 1135 3580 1187 ad

1953 1211 2177 1265 missam
2225 1219 2564 1280 praesentare
2621 1211 2958 1268 oblationem
3029 1217 3187 1286 panis
3237 1229 3292 1273 et
3316 1221 3431 1274 vini
3485 1239 3582 1292 pro

1951 1307 2130 1360 salute
2178 1313 2233 1360 et
2289 1307 2525 1360 utilitate
2589 1308 2754 1362 totius
2780 1316 2984 1363 sanctae
3041 1311 3311 1367 ecclesiae.
3340 1315 3579 1379 Quadam

1953 1413 2086 1471 ergo
2129 1397 2242 1462 die,
2279 1396 2431 1450 ﬁnita
2460 1397 2652 1460 missa,
2695 1414 2804 1452 una
2857 1415 3026 1455 aurea
3075 1405 3322 1473 ampulla
3366 1405 3584 1461 incaute

1953 1500 2037 1545 est
2068 1488 2381 1560 perdita,in
2409 1505 2518 1560 qua
2549 1499 2737 1544 sancta
2797 1491 2891 1546 Dei
2925 1494 2993 1547 ad
3024 1495 3353 1551 sacrificium
3397 1499 3581 1552 vinum

1954 1578 2236 1633 obtulerat
2293 1577 2568 1632 Richburc
2625 1587 2806 1634 autem
2870 1583 3203 1654 pedissequa
3234 1586 3353 1653 ejus
3383 1595 3438 1641 et
3466 1587 3586 1641 alia:

238 1679 330 1732 diu
358 1693 486 1746 ergo
543 1681 732 1729 sancta
787 1673 881 1726 Dei
919 1673 1074 1739 vixit,
1119 1672 1369 1726 studiose
1435 1671 1750 1726 observavit
1780 1671 1858 1722 in-
1885 1705 1931 1769 η
1959 1668 2065 1723 sibi
2092 1668 2491 1734 ministrantes,
2526 1669 2697 1724 nimio
2721 1670 2916 1726 timore
2949 1683 3344 1749 coangustatae,
3378 1679 3587 1751 ubique

239 1769 350 1823 cliti
381 1768 524 1840 regis
554 1773 826 1831 octavum,
861 1764 1199 1819 tricesimum
1255 1769 1306 1815 et
1354 1762 1503 1816 diem
1532 1761 1857 1814 anniversa-

240 1857 408 1912 rium.
457 1855 650 1908 Nullus
687 1854 847 1908 etiam
902 1851 1138 1914 dubitet,
1188 1851 1321 1920 quin
1349 1850 1470 1917 ejus
1514 1850 1660 1902 bona
1691 1861 1860 1916 opera

241 1950 574 2019 placuissent
603 1947 734 2012 Deo,
761 1961 881 2016 quae
905 1951 1055 1998 tanta
1094 1942 1388 1996 devotione
1428 1939 1761 2011 Operabatur
1805 1937 1860 1990 in

239 2039 473 2093 sabbato
509 2053 524 2103 ;
557 2053 681 2091 nam
713 2035 829 2105 ipsa
849 2019 1072 2105 quoque
1100 2032 1294 2086 eadem
1320 2032 1410 2085 die
1444 2031 1514 2084 de
1541 2031 1645 2084 hoc
1673 2026 1862 2082 seculo

237 2133 514 2206 migravit,
547 2139 600 2186 et
625 2131 693 2184 de
733 2130 923 2184 labore
956 2127 1025 2182 ad
1055 2127 1300 2198 requiem
1330 2125 1605 2196 pervenit.

309 2229 393 2282 18.
426 2226 568 2292 Quia
595 2237 874 2292 nunquam
903 2223 1014 2274 octo
1039 2220 1336 2273 indulserit
1366 2235 1379 2282 ;
1413 2222 1463 2271 et
1482 2217 1547 2270 de
1564 2231 1861 2285 panepau-

230 2323 357 2390 peri
387 2319 453 2372 de
477 2320 652 2371 monte
674 2314 931 2384 projecto.
951 2311 1358 2372 Festisdiebus,
1384 2308 1590 2379 quibus
1613 2323 1721 2361 non
1741 2307 1858 2360 lici-

231 2421 347 2465 tum
381 2414 466 2463 est
499 2406 754 2460 insistere
781 2418 1039 2457 manuum
1071 2399 1353 2470 operibus,
1388 2399 1508 2468 ipsa
1540 2396 1674 2468 legit
1700 2397 1741 2430 ⁷³
1767 2395 1852 2448 vel

228 2497 550 2572 legentibus
579 2510 766 2550 aurem
807 2489 1263 2549 accommodavit,
1291 2496 1346 2541 et
1376 2485 1647 2557 quidquid
1697 2499 1852 2538 sacra

231 2593 518 2662 Scriptura
594 2585 858 2657 praecipit,
937 2582 1254 2637 memoriter
1335 2578 1526 2634 tenuit.
1618 2576 1857 2631 Cotidia-

234 2687 318 2741 nis
349 2698 481 2739 vere
510 2680 708 2735 diebus
737 2676 1058 2749 psalmodiae
1080 2683 1134 2729 et
1163 2674 1364 2729 divinae
1415 2669 1644 2725 lectioni
1679 2669 1855 2722 inhae-

236 2777 414 2838 rebat,
446 2787 551 2826 nec
582 2769 764 2823 minus
795 2781 1057 2820 manuum
1125 2761 1436 2834 operationi
1464 2758 1757 2843 .instabat.
1801 2757 1857 2811 Si

237 2865 466 2941 quando
507 2870 684 2918 autem
719 2859 1120 2931 impediebatur
1149 2857 1367 2911 diverso
1398 2853 1727 2924 populorum
1756 2865 1860 2905 ser-

236 2974 428 3020 mone,
471 2954 632 3009 solito
667 2966 820 3005 more
869 2948 1038 3002 divini
1068 2946 1252 3017 cperis
1275 2944 1517 3000 studium
1551 2942 1856 3006 celebrare,

1963 1755 2341 1826 requirebant,
2374 1762 2429 1809 et
2460 1755 2712 1811 invenire
2735 1773 2847 1813 non
2868 1770 3145 1829 poterant.
3167 1763 3428 1834 Sequenti
3459 1783 3588 1821 vero

1963 1852 2054 1906 die
2075 1867 2202 1905 cum
2262 1858 2574 1906 cantaretur
2612 1853 2803 1921 missa,
2863 1857 3056 1913 Christi
3118 1859 3319 1914 famula
3371 1863 3586 1917 solitam

1964 1944 2294 2014 reposcebat
2320 1943 2617 2013 ampullam
2647 1961 2678 2000 a
2700 1949 3108 2004 sanctimoniali
3143 1951 3404 2021 przedicta
3437 1971 3591 2025 ;qua:

1969 2033 2194 2104 perfusa
2228 2032 2428 2086 rubore
2461 2033 2616 2094 dixit.
2651 2034 2794 2091 furto
2824 2053 2945 2092 esse
2976 2041 3268 2095 sublatam.
3302 2042 3427 2098 Post
3460 2044 3595 2097 mis—

1966 2142 2082 2180 sam
2116 2124 2311 2198 regina
2357 2124 2644 2179 ecclesiam
2713 2144 2937 2200 egressa
2968 2138 3069 2196 est,
3100 2133 3404 2202 paullulum
3438 2152 3594 2190 com-

1965 2216 2456 2285 mota;statimque
2476 2217 2693 2271 obviam
2723 2219 2916 2275 habuit
2932 2224 3226 2292 quamdam
3245 2227 3520 2280 ccrvulam
3547 2228 3590 2260 π

1962 2305 2101 2358 infra
2132 2304 2375 2358 claustra
2407 2307 2724 2360 monasterii
2755 2308 3050 2364 edomitam
3079 2330 3092 2376 ;
3134 2330 3295 2384 quam
3322 2323 3377 2369 ut
3437 2316 3592 2400 vidit,

1957 2395 2164 2448 blando
2187 2404 2324 2448 nutu
2356 2395 2422 2448 ad
2455 2412 2512 2450 se
2535 2399 2769 2465 vocavit,
2790 2401 3051 2469 adiurans
3076 2420 3173 2474 per
3199 2421 3402 2460 nomen
3427 2395 3588 2460 ChriJ

1956 2485 2046 2550 sti,
2081 2495 2138 2538 ut
2184 2484 2293 2538 sibi
2343 2501 2438 2538 vas
2493 2486 2774 2551 redderet,
2827 2492 2974 2560 quod
3035 2493 3372 2550 devorasset.
3415 2497 3594 2551 Bestia

1957 2583 2140 2630 autem
2167 2577 2354 2630 virtuti
2387 2577 2711 2648 imperantis
2764 2582 3056 2650 obediens,
3092 2586 3238 2642 dicto
3280 2588 3445 2642 citius
3469 2605 3590 2643 em-

1962 2665 2168 2742 puIlam
2197 2674 2462 2739 evomuit,
2496 2674 2639 2727 haud
2700 2673 2974 2732 immerito
3006 2679 3152 2732 illius
3193 2695 3470 2754 praecepto
3500 2701 3597 2754 pa-

1967 2776 2118 2826 rens,
2151 2776 2276 2831 quae
2297 2762 2409 2815 Deo
2436 2762 2772 2832 semperfuit
2801 2765 3087 2821 obediens.
3114 2769 3314 2825 Omnes
3342 2774 3436 2844 qui
3467 2774 3593 2828 adc-

1969 2857 2088 2907 rant
2145 2853 2256 2905 Deo
2313 2852 2517 2925 gratias
2570 2856 2828 2924 agebant,
2891 2860 3020 2929 quia
3073 2862 3260 2932 regina
3309 2864 3376 2918 de
3438 2867 3598 2920 bruto

1969 2939 2192 2994 animali
2222 2955 2317 2994 vas
2349 2940 2580 2996 illaesum
2608 2945 2838 3015 recepit,
2872 2949 3022 3018 quod
3075 2966 3177 3004 nec
3205 2952 3323 3022 ipsa
3357 2953 3597 3009 devora-

236 3053 373 3106 hora
431 3047 624 3101 saltem
676 3039 993 3096 refectionis
1025 3046 1175 3093 stans
1233 3046 1360 3091 ante
1398 3051 1667 3098 mensam,
1725 3032 1860 3086 nihil
1891 3001 1941 3069 Ο
1972 3041 2086 3087 tum
2105 3031 2338 3098 viderat,
2364 3050 2469 3088 nec
2507 3035 2574 3088 ab
2607 3001 2794 3107 aliquo
2830 3001 3101 3098 audierat.

233 3139 346 3195 cibi
381 3133 642 3210 gustavit,
664 3132 983 3202 priusquam
1014 3127 1221 3197 aliquid
1253 3123 1438 3194 operis
1469 3122 1694 3187 faceret,
1726 3119 1862 3173 illud

238 3247 348 3285 non
383 3226 724 3282 obliviscens
745 3219 1042 3292 quoddicit
1064 3217 1356 3288 Apostolus
1388 3233 1400 3268 :
1427 3216 1530 3281 Qui
1550 3229 1656 3267 non
1673 3227 1864 3281 opera-

238 3329 349 3382 tur,
371 3335 468 3373 nec
516 3316 794 3370 manducet
824 3312 893 3382 (ll
938 3312 1069 3364 Thes
1133 3325 1214 3375 nt,
1246 3307 1354 3373 10).
1400 3303 1702 3358 Clementia
1732 3317 1865 3356 vero

243 3411 337 3465 Dei
371 3403 770 3475 omnipotentis
790 3401 1047 3454 meritum
1075 3395 1410 3453 venerabilis
1438 3393 1640 3462 reginae
1670 3392 1867 3447 nolens

245 3505 465 3560 diutius
524 3501 712 3565 latere,
748 3513 848 3567 per
903 3495 1051 3549 illam
1107 3491 1440 3562 operabatur
1497 3488 1784 3553 miracula,
1816 3491 1878 3540 ut

250 3596 472 3668 liquido
505 3591 715 3648 cunctis
745 3590 1136 3650 innotesceret,
1149 3589 1415 3656 quantum
1427 3581 1531 3634 sibi
1558 3580 1878 3649 obsequen-

246 3667 323 3743 tis
371 3686 490 3739 vita
536 3683 790 3754 placeret.
860 3677 989 3731 Nam
1047 3675 1175 3728 dum
1217 3671 1454 3742 quodam
1517 3676 1768 3738 tempore
1821 3667 1878 3720 in

248 3772 701 3844 Quitilingoburc
756 3765 1187 3822 anniversarium
1243 3763 1388 3817 diem
1442 3760 1586 3832 regis
1641 3759 1883 3813 lleinrici

246 3883 461 3944 magno
493 3869 758 3936 apparatu
785 3859 1112 3920 celebraret,
1143 3863 1203 3911 ut
1222 3870 1443 3924 semper
1491 3859 1880 3914 consueverat,

247 3943 410 4017 tanta
437 3954 708 4012 conﬂuxit
761 3948 1052 4004 multitudo
1108 3961 1434 4018 pauperum,
1465 3950 1524 3998 ut
1563 3943 1716 3997 nullo
1755 3957 1886 4012 pos-

243 4056 384 4105 sent
408 4039 810 4114 comprehendi
869 4051 1120 4092 numero.
1151 4033 1359 4107 Regina
1373 4046 1503 4086 vero
1535 4029 1753 4084 illorum
1786 4028 1884 4082 ad-

246 4152 432 4197 ventu
490 4137 684 4193 hilaris
722 4134 935 4196 effecta,
995 4128 1243 4200 praecipit
1299 4125 1567 4197 quosdam
1625 4122 1882 4178 collocari

253 4235 316 4288 in
350 4229 652 4288 cacumine
707 4224 926 4289 montis,
968 4229 1023 4276 et
1069 4228 1282 4275 ceteros
1322 4217 1377 4270 in
1408 4216 1518 4270 imo
1558 4214 1739 4283 vallis,
1773 4214 1892 4283 ipsa

252 4322 593 4378 ministrans
635 4317 692 4370 in
738 4319 922 4368 monte
984 4307 1363 4372 vescentibus,
1393 4305 1530 4360 alios
1559 4319 1689 4359 vero
1733 4317 1890 4357 com-

253 4419 547 4474 mendans
576 4409 1072 4483 dispensatoribus.
1095 4409 1226 4460 tium
1254 4411 1438 4458 autem
1456 4419 1651 4458 omnes
1683 4402 1893 4473 regales

2043 3124 2115 3178 20
2160 3128 2235 3179 De
2251 3127 2542 3195 prophetia
2563 3136 2762 3184 sancta
2801 3135 2911 3186 Dei.
2961 3135 3078 3189 Non
3099 3136 3261 3190 etiam
3296 3139 3602 3209 prophetiae

1975 3216 2122 3270 dono
2150 3217 2344 3280 caruit,
2379 3234 2501 3288 quze
2528 3219 2810 3292 signorum
2859 3223 3106 3279 efﬁcacia
3160 3229 3378 3282 enituit.
3430 3229 3604 3301 Rega-

1976 3308 2046 3361 lis
2080 3309 2375 3382 progenies
2394 3311 2632 3380 quodam
2675 3322 2924 3384 tempore
2957 3318 3009 3371 in
3045 3319 3204 3374 Fraso
3253 3322 3357 3388 (39)
3393 3338 3601 3377 conve-

1979 3400 2160 3469 niens,
2187 3401 2392 3469 pariter
2423 3411 2694 3457 venerunt
2745 3407 2958 3479 regales
2989 3412 3166 3478 pueri,
3227 3412 3466 3468 ﬁliorum
3499 3416 3608 3469 sci-

1987 3491 2114 3544 licet
2144 3488 2264 3557 ﬁlii,
2313 3491 2434 3545 Otto
2481 3507 2616 3561 puer
2663 3491 2809 3547 ﬁlius
2858 3495 3072 3551 Ottonis
3114 3500 3482 3569 imperatoris,
3552 3512 3606 3558 et

1986 3580 2270 3634 Heinricus
2322 3588 2483 3636 natus
2545 3581 2778 3637 Heinrici
2838 3583 2995 3639 ducis
3043 3587 3473 3655 Bajowariorum
3507 3613 3520 3656 ;
3553 3603 3605 3648 et

1986 3670 2127 3725 sicut
2157 3671 2492 3726 venerabilis
2523 3673 2713 3745 regina
2769 3673 2916 3728 hunc
2943 3690 3053 3744 pra:
3085 3679 3284 3732 ceteris
3313 3682 3429 3736 suis
3462 3683 3606 3737 notis

1983 3759 2272 3825 dilexerat,
2308 3762 2378 3814 ita
2405 3772 2459 3815 et
2487 3760 2659 3815 ﬁlium
2690 3763 2810 3830 ejus
2846 3763 3177 3832 Heinricum,
3202 3785 3365 3824 suum
3403 3788 3605 3842 parvu-

1983 3853 2095 3907 lum
2127 3860 2409 3921 nepotem,
2443 3853 2565 3907 aliis
2595 3855 2890 3925 nepotibus
2924 3858 2980 3911 in
3038 3875 3225 3914 amore
3269 3851 3600 3936 prieposuit.

1990 3944 2228 3998 Sedente
2251 3944 2418 4018 igitur
2446 3944 2745 4000 Mahthilda
2767 3949 3064 4002 venerabili
3096 3951 3162 4004 ad
3185 3955 3379 4022 epulas
3411 3957 3608 4028 regalis

1986 4052 2192 4090 mensae
2222 4042 2276 4090 et
2323 4052 2513 4091 secum
2555 4036 2854 4091 Adelheida
2883 4038 2928 4071 "5
2980 4040 3188 4112 regina,
3243 4059 3426 4101 coram
3460 4056 3609 4103 asta-

1993 4129 2128 4183 bant
2181 4128 2334 4198 pueri
2383 4130 2634 4196 jocantes
2680 4131 2807 4186 ludo
2839 4131 3292 4192 infantili..'l‘unc
3327 4138 3611 4195 lleinricus

1992 4236 2199 4274 mensae
2227 4222 2456 4275 accessit
2487 4222 2727 4293 propior,
2760 4224 2852 4294 qui
2884 4234 3088 4280 sanctae
3151 4227 3240 4282 Dei
3275 4230 3375 4286 fuit
3412 4233 3610 4300 carior,

1995 4310 2274 4384 egregiam
2297 4311 2471 4365 aviam
2503 4311 2797 4384 diligenter
2823 4313 3066 4382 intuens,
3093 4333 3156 4371 ac
3184 4319 3530 4376 familiariter
3555 4339 3614 4377 se

1998 4402 2282 4457 reclinavit
2305 4403 2358 4455 in
2387 4403 2507 4470 ejus
2551 4404 2840 4477 gremium,
2871 4413 3148 4478 tamquam
3181 4411 3248 4463 ab
3292 4415 3614 4482 ea;deside-

252 4511 430 4566 cibos
459 4505 846 4577 impendisset,
871 4509 926 4557 et
949 4501 1103 4572 larga
1131 4515 1297 4553 manu
1329 4512 1562 4568 quaeque
1589 4496 1899 4572 necessaria

257 4601 666 4656 habundanter
717 4594 1104 4659 ministrasset,
1151 4591 1331 4645 adhuc
1396 4595 1597 4643 tortum
1632 4603 1828 4657 panem
1852 4587 1898 4620 ⁷²

253 4709 384 4748 non
432 4693 823 4762 perceperant,
850 4685 944 4756 qui
985 4685 1042 4738 in
1066 4682 1210 4737 valle
1251 4679 1540 4735 sedebant.
1573 4679 1734 4732 Stans
1766 4693 1898 4750 ergo

251 4784 367 4838 illa
397 4797 572 4852 supra
621 4778 827 4833 montis
877 4775 1160 4840 verticem,
1203 4773 1386 4827 subito
1414 4770 1645 4840 arripuit
1674 4785 1894 4840 panem,

247 4887 448 4942 super
477 4885 645 4940 quem
673 4867 890 4940 signum
912 4864 1090 4919 crucis
1119 4863 1438 4932 imponens,
1462 4860 1714 4915 invocato
1747 4858 1902 4913 Chri-
2003 4858 2229 4913 servasti
2260 4858 2616 4926 incolumem,
2673 4862 2829 4930 cujus
2859 4872 3068 4933 patrem
3118 4873 3234 4922 atra
3279 4869 3397 4924 dies
3429 4873 3620 4926 mortis

248 4968 342 5016 sti
377 4958 634 5023 nomine,
667 4955 896 5027 projecit
925 4953 994 5007 ab
1047 4952 1159 5006 alto
1193 4949 1482 5005 cacumine
1517 4966 1531 5013 ;
1565 4946 1658 5017 qui
1687 4947 1907 5001 volutus
2007 4947 2252 5002 abstulit.
2307 4948 2416 5002 Sed
2461 4950 2664 5023 gratias
2695 4951 2814 5019 tibi,
2846 4953 2939 5024 qui
2972 4954 3076 5010 hoc
3105 4973 3307 5012 nomen
3334 4960 3402 5014 de
3436 4971 3620 5014 nostra

256 5055 350 5109 de
383 5053 513 5108 loco
535 5050 594 5104 in
622 5052 825 5117 locum,
856 5046 1583 5103 interdensitatessaxorum
1614 5047 1666 5095 et
1688 5041 1907 5111 sepium
2009 5037 2372 5111 generatione
2399 5039 2586 5094 delere
2616 5042 2861 5097 noluisti.
2899 5043 3051 5099 Hunc
3072 5045 3254 5113 nobis,
3285 5063 3618 5118 quaesumus,

1655 5164 1874 5219 VARI/E
1914 5163 2289 5219 LECTIONES.

357 5274 408 5308 τ²
442 5271 796 5328 Ekkehardus
823 5285 890 5324 ea:
929 5266 1264 5323 Wtdukindo
1293 5266 1374 5338 ΠΙ
1425 5264 1509 5318 74.
1533 5262 1726 5328 tradit,
1751 5264 2128 5338 eam__ancillas
2160 5265 2355 5338 litteris
2385 5265 2709 5338 instituisse,
2733 5270 2782 5320 et
2798 5271 2974 5336 pergit
3003 5285 3015 5320 :
3050 5267 3178 5338 Nam
3192 5274 3246 5322 et
3272 5267 3386 5338 ipsa
3417 5269 3626 5326 litteras

261 5346 474 5409 novit,
498 5358 640 5414 quas
670 5342 849 5395 adhuc
877 5338 1297 5414 adolescentula
1365 5336 1420 5414 in
1480 5335 1820 5414 monasterio
1869 5334 2278 5414 llervordiepsi,
2334 5335 2467 5414 avia
2509 5352 2608 5390 sua
2660 5334 2832 5392 matre
2890 5334 3212 5392 Theoderici
3245 5334 3490 5405 ejusdem
3521 5344 3626 5398 loci

261 5405 581 5472 abbatissa
600 5414 860 5477 docente,
902 5411 1168 5465 didicerat
1199 5426 1212 5474 ;
1238 5408 1384 5478 quod
1416 5422 1585 5479 supra
1643 5421 1743 5475 cap
1789 5405 1842 5459 2.
1885 5409 2098 5472 legerat.
2141 5405 2186 5439 ⁷²
2244 5421 2380 5476 quos
2437 5407 2566 5461 dare
2619 5408 2831 5462 solebat
2883 5416 3050 5464 tortos
3082 5425 3253 5479 panes
3279 5411 3333 5475 2,
3366 5411 3410 5445 τί*
3436 5415 3630 5469 eodem

253 5486 528 5544 castello
558 5486 612 5538 2.
643 5484 686 5518 ⁷⁴
719 5482 1030 5554 capreolam
1053 5482 1109 5543 2,
1139 5479 1184 5515 ⁷⁵
1206 5479 1488 5534 adilheida
1517 5478 1568 5531 1.

2000 4514 2126 4551 rans
2172 4499 2437 4552 osculum.
2489 4499 2658 4561 Quem
2711 4501 3040 4556 venerabilis
3091 4505 3283 4578 regina
3338 4518 3619 4583 gratanter

1998 4588 2266 4658 suscepit,
2308 4596 2362 4642 et
2390 4588 2729 4658 amplectens
2769 4589 2919 4644 illum
2975 4592 3237 4659 brachiis,
3262 4598 3340 4652 sic
3361 4601 3434 4654 ait
3473 4619 3484 4654 :
3518 4624 3544 4650 ‹‹
3578 4603 3615 4655 0

2000 4677 2226 4733 domine
2257 4679 2398 4732 Deus
2419 4679 2792 4748 omnipotens,
2825 4682 3028 4754 gratias
3059 4691 3165 4739 tuae
3199 4687 3386 4756 pietati
3424 4690 3618 4744 referi-

2001 4783 2124 4821 mus
2153 4773 2206 4821 et
2236 4767 2448 4833 laudes,
2481 4767 2575 4837 qui
2609 4769 2755 4824 hunc
2786 4786 3007 4840 parvum
3048 4785 3304 4845 nepotem
3332 4780 3496 4834 nobis
3529 4797 3617 4834 re-

367 5655 480 5725 (39)
507 5655 676 5710 Frose
699 5652 766 5707 ad
796 5651 986 5707 Albim
1865 5573 2076 5627 ΝΟΤᾹῖο
