3994 6132
462 270 558 336 9M

1545 267 1815 322 SANCTIE
1853 264 2208 321 MATHILDIS
2249 262 2489 318 REGN/E
2528 262 2698 317 VlTA.

3681 257 3793 311 912

462 406 668 459 salvum
697 416 935 463 reserva,
967 396 1228 468 quamdiu
1269 394 1406 449 velis
1461 392 1677 446 mortali
1734 408 1834 446 nos
1891 399 2076 446 tenere
2105 391 2154 457 Α
2181 390 2406 444 virtutes
2469 387 2672 460 reginae
2735 382 3071 450 Mahthildis,
3111 382 3250 436 mira
3294 381 3570 452 opinione
3628 382 3810 435 laudis

462 493 662 558 invita,
687 497 747 545 ut
777 495 1021 544 nostrum
1055 485 1346 540 amabilem
1405 482 1578 538 ﬁlium
1633 483 1949 538 Heinricum
1980 498 2077 553 per

463 595 664 637 nomen
707 580 897 634 saltem
932 577 1177 632 imitetur
1206 585 1261 630 et
1291 592 1503 631 vocem.
1536 594 1560 624 n
1595 574 1744 628 Tunc
1776 581 2074 628 etvenera-

462 673 590 726 bilis
621 670 811 744 regina
837 667 1092 722 Adelheit
1111 667 1190 721 sic
1220 666 1295 719 ait
1328 683 1340 719 :
1373 691 1395 712 «ι
1425 666 1593 729 Quam
1622 663 1956 735 exoptabilis
1995 669 2078 717 est

461 761 628 830 hujus
659 759 816 830 pueri
837 764 1114 828 aspectus,
1140 762 1195 809 et
1214 771 1376 826 quam
1396 755 1630 808 decorus
1646 753 1713 807 ad
1746 752 2075 807 intuendum

460 854 648 909 vultus
680 852 692 906 l
730 851 828 906 Ubi
856 865 988 923 ergo
1021 848 1333 903 invenietur
1359 846 1533 919 virgo,
1565 861 1687 917 quae
1713 845 1763 900 ei
1785 845 2077 902 conveniat

463 943 638 999 forma
665 949 719 996 et
757 939 1031 1014 ingenio?
1084 939 1192 992 Nos
1234 945 1417 992 natam
1465 935 1734 990 habemus
1774 934 2072 1004 parvulam,

466 1032 691 1086 nomine
715 1030 992 1083 llemmam
1022 1027 1134 1098 (40)
1168 1044 1182 1091 ;
1226 1023 1459 1080 hancilli
1492 1038 1858 1088 reservemus,
1889 1021 1936 1076 si
1963 1021 2074 1076 Deo

462 1125 643 1195 placet
673 1129 728 1176 et
755 1120 932 1183 vobis,
966 1125 1023 1173 ut
1045 1118 1206 1172 nobis
1234 1117 1526 1188 copuletur
1540 1115 1630 1169 hic
1645 1130 1820 1189 gener
1848 1120 2076 1183 exopta-

463 1216 610 1270 bilis.
657 1235 681 1265 »
728 1215 957 1268 Econtra
997 1210 1190 1265 Christi
1259 1207 1462 1263 famula
1513 1206 1752 1271 reticuit,
1805 1213 1862 1260 et
1899 1205 2072 1260 diuin

467 1305 826 1376 responsione
865 1302 1153 1357 haesitavit.
1204 1301 1330 1355 Post
1379 1300 1498 1354 hmc
1525 1298 1690 1370 longa
1729 1297 1952 1353 trahens
1981 1313 2077 1352 su-

464 1395 654 1465 spiria,
690 1394 807 1447 haec
861 1391 1101 1446 reddidit
1151 1390 1356 1445 verba:
1391 1411 1413 1437 α
1462 1388 1634 1454 Absit,
1693 1393 1752 1441 ut
1788 1387 1861 1442 de
1892 1392 2078 1440 nostra

467 1467 617 1556 parte
650 1483 805 1538 vobis
834 1481 1053 1536 eveniat
1079 1488 1287 1535 tantum
1312 1479 1464 1534 triste
1490 1498 1504 1545 ;
1533 1479 1757 1550 expedit
1782 1478 1930 1532 enim
1954 1477 2078 1532 ﬁliae

465 1582 656 1628 vestrae
690 1570 923 1626 feliciori
953 1587 1015 1624 se
1053 1570 1169 1625 viro
1199 1569 1522 1640 adjungere.
1555 1568 1665 1622 Hoc
1719 1581 1922 1621 nomen
1951 1574 2082 1621 tunc

2182 487 2409 533 vocatus
2435 483 2517 531 est
2549 475 2696 530 ﬁlius
2748 474 2868 543 ejus
2906 489 2998 528 rex
3031 473 3152 528 Otto
3191 473 3248 527 in
3279 488 3509 546 regnum
3556 471 3746 526 Romae
3778 488 3809 524 a

2179 569 2412 638 praesule
2443 567 2594 621 sedis
2632 565 2970 636 apostolicae,
3004 574 3065 617 ut
3105 562 3338 637 gloriam
3369 561 3683 632 imperialis
3714 577 3811 615 co-

2177 676 2325 715 ronae
2381 659 2710 728 perciperet,
2766 664 2820 710 et
2877 654 3154 710 Romanis
3203 651 3608 724 praeesset(an.
3657 650 3806 719 961).

2177 755 2326 808 Tunc
2375 751 2777 808 commendans
2832 763 3066 820 regnum
3122 755 3178 802 et
3244 746 3519 810 Ottonem,
3581 761 3807 816 parvum

2180 845 2352 900 ﬁlium
2373 860 2555 907 suum,
2588 843 2695 913 pia:
2729 841 2889 894 matri
2922 847 2976 894 et
3008 837 3427 909 archiepiscopo
3485 836 3806 898 Wilhelmo,

2177 953 2363 992 secum
2396 935 2518 990 tulit
2542 933 2707 988 fortia
2735 932 2982 987 virorum
3035 936 3282 1000 pectora,
3315 935 3370 982 et
3420 927 3642 981 Christo
3670 927 3806 980 duce

2178 1030 2404 1084 Romam
2427 1025 2780 1098 pr0perabat,
2814 1024 2958 1078 sicut
2989 1039 3132 1093 papa
3189 1020 3570 1087 mandaverat,
3609 1022 3804 1085 secum

2175 1119 2472 1174 comitante
2503 1117 2697 1190 regina
2731 1115 3054 1170 Adelheida.
3088 1115 3219 1170 Cum
3249 1119 3431 1168 autem
3465 1111 3827 1182 pervenisset.

2175 1209 2242 1262 ad
2271 1207 2584 1262 cathedram
2616 1205 2789 1260 sancti
2826 1204 2988 1264 Petri,
3051 1204 3212 1258 simul
3267 1219 3394 1257 cum
3425 1216 3602 1257 uxore
3634 1201 3806 1269 impe.

2178 1298 2366 1352 rialem
2397 1313 2658 1352 coronam
2693 1296 2906 1366 accepit
2929 1310 3159 1350 munere
3190 1293 3409 1360 Christi,
3439 1300 3495 1347 et
3527 1302 3688 1348 totus
3707 1306 3802 1360 po-

2178 1393 2342 1463 pulus
2372 1391 2738 1445 Romanorum
2771 1405 2832 1442 se
2853 1395 3053 1458 sponte
3083 1386 3399 1458 subjugavit
3424 1386 3611 1456 ipsius
3639 1384 3809 1438 domi-

2180 1480 2352 1546 natui,
2377 1487 2431 1533 et
2453 1477 2561 1532 sibi
2589 1476 2884 1532 solvebant
2919 1477 3145 1542 tributa,
3177 1483 3232 1530 et
3261 1483 3388 1547 post
3420 1474 3580 1528 illum
3615 1474 3805 1529 ceteris

2181 1568 2296 1622 suis
2324 1567 2560 1637 posteris
2599 1568 2707 1634 (an.
2739 1564 2866 1630 982,
2903 1565 3052 1618 Febr.
3105 1565 3180 1627 2).
3209 1564 3438 1618 Interim
3474 1562 3805 1617 venerabilis

464 1662 810 1718 solummodo
850 1661 1019 1714 decus
1050 1658 1262 1722 habuit,
1306 1657 1568 1728 quamdiu
1616 1657 1876 1712 dominus
1901 1663 2088 1712 noster
2119 1694 2165 1759 Β
2190 1659 2378 1732 regina
2405 1658 2550 1712 inter
2577 1672 2732 1727 spem
2762 1663 2818 1710 et
2837 1663 3047 1710 metum
3071 1655 3377 1729 angebatur
3401 1654 3599 1721 dubia,
3631 1664 3802 1708 utrum

463 1750 753 1805 Heinricus
781 1748 934 1802 vixit.
969 1748 1261 1819 Postquam
1294 1755 1477 1800 autem
1513 1746 1566 1798 in
1614 1754 1863 1814 posteros
1911 1745 2083 1812 venit,

365 1845 372 1853 ‘
464 1857 765 1912 numquam
800 1838 1104 1894 infortunio
1136 1837 1333 1892 caruit.
1369 1836 1506 1900 Quid
1536 1836 1771 1890 dicimus
1815 1837 1883 1892 de
1911 1853 2086 1912 angu-

463 1933 581 1986 stiis
602 1940 656 1986 et
687 1929 1134 1985 tribulationibus
1185 1945 1322 2000 quas
1376 1927 1636 1982 sustinuit
1682 1938 1834 1999 pater
1864 1930 2036 2000 ipsius
2057 1929 2084 1983 ‘P

466 2023 575 2080 Sed
596 2023 742 2077 enim
777 2022 960 2077 adhuc
988 2021 1044 2075 in
1083 2021 1268 2074 divina
1299 2020 1661 2090 dispositione
1693 2027 1775 2075 est
1798 2021 1926 2091 quid
1959 2022 2084 2077 huic

466 2116 666 2169 debeat
691 2114 962 2168 accidere.
993 2113 1290 2183 Speramus
1320 2121 1521 2174 autem,
1576 2112 1680 2166 hoc
1725 2127 1928 2167 nomen
1969 2128 2080 2168 non

465 2207 718 2263 excidere
741 2207 810 2260 de
841 2221 1045 2277 genere
1070 2212 1278 2271 nostro,
1313 2204 1631 2275 priusquam
1661 2204 1861 2274 aliquis
1890 2221 2082 2274 parvu-

469 2295 553 2351 lus
583 2311 759 2366 nepos
789 2295 1001 2350 oriatur
1049 2294 1118 2347 de
1148 2294 1396 2362 ejusdem
1456 2293 1667 2364 parvuli
1711 2294 1942 2361 semine,
1984 2295 2078 2366 qui

466 2385 794 2439 sublimetur
825 2382 994 2456 regali
1027 2381 1316 2457 dignitate.
1347 2403 1370 2433 ι)
1405 2382 1535 2447 Quis
1557 2383 1602 2416 7“
1622 2390 1804 2437 autem
1841 2383 2076 2450 dubitet,

466 2475 655 2530 electae
673 2474 870 2528 Christi
892 2473 1108 2528 famula:
1143 2473 1487 2544 prOphetiam
1520 2473 1576 2526 in
1623 2473 2079 2528 christianissimo

464 2581 590 2638 rege
624 2562 875 2618 Heinrico
907 2577 1054 2616 nunc
1112 2577 1232 2616 esse
1285 2560 1563 2632 impletam
1599 2578 1613 2626 ;
1645 2561 1736 2631 qui
1770 2559 1892 2614 sine
1947 2561 1998 2615 vi
2026 2571 2081 2616 et

463 2660 632 2716 armis
661 2659 904 2728 suscepit
957 2657 1175 2713 culmen
1232 2657 1540 2732 regiminis.
1601 2664 1654 2710 et
1703 2651 2081 2727 tranquilitate

466 2751 616 2822 pacis
649 2766 796 2804 nunc
827 2755 977 2803 tenet
1009 2749 1274 2802 honorem
1297 2747 1585 2822 dignitatis
1612 2747 1640 2800 ?
1683 2747 1721 2801 Ο
1744 2764 1836 2801 rex
1869 2747 2082 2801 Heinri-

462 2859 546 2909 ce,
587 2841 784 2896 merito
802 2840 1096 2903 laudande,
1132 2839 1301 2894 induc
1327 2839 1491 2894 etiam
1523 2845 1688 2909 atque
1721 2839 1886 2892 etiam
1911 2840 2082 2894 menti

463 2941 570 2988 tua:
603 2932 948 3003 prophetiam
980 2931 1214 3004 insignis
1239 2931 1444 3004 reginae
1466 2939 1522 2984 et
1545 2937 1887 3004 cognoscete
1916 2937 2081 2985 tanta:

2190 1753 2304 1808 ﬁlio
2336 1767 2437 1807 suo
2467 1751 2784 1806 evenissent
2817 1766 3082 1822 prospera
3107 1767 3174 1804 an
3209 1751 3458 1816 adversa,
3490 1760 3550 1805 et
3589 1766 3691 1820 pro
3720 1751 3801 1803 in-

2188 1842 2512 1898 columitate
2540 1840 2660 1908 ejus
2685 1841 2813 1894 vita:
2855 1840 2967 1894 Deo
2998 1855 3220 1910 semper
3246 1839 3449 1894 obtulit
3476 1836 3800 1894 sacriﬁcium

2183 1936 2597 1992 continuatione
2649 1949 2872 2005 precum
2917 1941 2972 1988 et
3037 1934 3291 2008 largitate
3351 1933 3796 1988 elemosinarum.

2181 2028 2219 2081 Τ
2223 2044 2331 2082 unc
2369 2028 2530 2081 etiam
2564 2025 2868 2081 construxit
2891 2025 3285 2080 monasterium
3315 2025 3370 2079 in
3403 2025 3632 2079 civitate
3659 2024 3801 2079 Nort-

2183 2116 2486 2172 husunensi
2511 2116 2554 2149 ⁷⁷
2594 2131 2873 2170 consensu
2931 2115 3016 2170 sui
3076 2114 3287 2186 parvuli
3317 2115 3543 2185 nepotis
3573 2113 3798 2178 Ottonis,

2182 2226 2279 2282 pro
2304 2210 2488 2264 anima
2517 2209 2663 2282 regis
2717 2209 2960 2262 Heinrici
3021 2215 3074 2263 et
3124 2208 3208 2263 sui
3257 2207 3532 2264 carissimi
3569 2206 3692 2274 ﬁlii,
3719 2207 3795 2262 cui

2180 2299 2350 2370 patris
2371 2314 2572 2353 nomen
2604 2297 2960 2368 imposuerat,
3011 2304 3066 2351 et
3107 2313 3276 2368 quem
3309 2298 3366 2351 in
3399 2296 3636 2368 praefata
3674 2298 3799 2351 civi-

2183 2397 2290 2443 tate
2317 2396 2718 2458 procreaverat.
2778 2387 2893 2441 lllic
2948 2393 3380 2461 congregaverat
3435 2385 3799 2442 turmulamn

2181 2495 2430 2535 sororum
2463 2481 2571 2534 Deo
2601 2487 2656 2534 et
2698 2479 2877 2533 beata:
2910 2479 3087 2534 Maria
3139 2478 3339 2552 virgini
3390 2478 3777 2533 famulantium

2182 2572 2405 2628 Interea
2442 2572 2873 2645 pervulgabatur
2914 2571 3096 2627 Ottoni
3145 2572 3464 2643 imperatori
3521 2572 3579 2626 in
3614 2573 3797 2636 Roma,

2183 2684 2334 2722 suam
2376 2667 2642 2738 Optimam
2673 2673 2902 2721 matrem
2935 2667 3167 2722 nimium
3193 2667 3505 2722 contristari
3563 2667 3632 2722 de
3690 2669 3802 2735 ejus

2183 2757 2434 2814 absentia
2462 2777 2476 2825 ;
2507 2758 2601 2830 qui
2630 2757 2770 2812 miro
2797 2773 3066 2812 accensus
3095 2773 3283 2813 amore
3311 2758 3522 2813 Christo
3549 2758 3800 2814 dilectam

2180 2851 2390 2916 videre,
2430 2851 2611 2905 statim
2633 2850 2858 2922 reliquit
2888 2851 3113 2906 Romam
3143 2859 3198 2905 et
3222 2850 3476 2921 pervenit
3509 2852 3585 2905 ‘in
3613 2853 3802 2908 civita-

2181 2947 2291 2995 tem
2323 2941 2627 3007 Coloniam,
2694 2940 2792 2996 ubi
2823 2939 2995 2996 frater
3041 2942 3163 3012 ejus
3219 2943 3400 2998 Bruno
3452 2945 3801 2999 venerandus

463 3023 746 3097 dignitatis
786 3023 1101 3078 ascendisse
1130 3023 1327 3078 solium
1361 3039 1460 3092 per
1509 3022 1684 3093 ipsius
1711 3023 2079 3078 interventum
2114 3031 2664 3127 Carchipmsulatus
2726 3030 2948 3085 tenebat
3001 3031 3226 3086 infulam
3279 3035 3391 3098 (αη,
3457 3034 3586 3098 9θὸ⁹
3644 3037 3803 3089 Μαί-

463 3130 518 3174 et
547 3118 826 3174 meritum.
861 3117 1126 3171 Dominus
1150 3117 1289 3170 Deus
1308 3117 1684 3186 omnipotens,
1713 3115 1808 3186 qui
1839 3121 1890 3169 te
1917 3115 2084 3186 elegit
2120 3115 2162 3127 ν
2184 3121 2356 3179 Jun.l.
2393 3119 2506 3175 lllic
2555 3128 2745 3175 sancta
2801 3120 3135 3175 venerabilis
3194 3121 3388 3196 regina
3442 3122 3558 3176 ﬁlio
3586 3123 3800 3177 obviam

464 3220 518 3265 et
545 3209 670 3264 sine
719 3208 770 3262 vi
802 3209 1019 3263 culmen
1088 3207 1316 3262 honoris
1371 3207 1664 3272 concessit,
1726 3206 1929 3261 tribuat
1985 3207 2083 3261 tibi
2184 3208 2336 3263 venit
2363 3224 2483 3262 cum
2503 3208 2970 3278 nepoteparvulo,
2996 3224 3161 3280 quem
3195 3209 3422 3264 Romam
3474 3219 3677 3280 petens
3703 3212 3801 3264 sibi

466 3305 680 3376 capiam
702 3301 1110 3357 benedictionis
1135 3318 1270 3369 suae,
1301 3310 1640 3372 coronetque
1683 3307 1736 3356 te
1776 3301 2088 3370 coronaju-

467 3392 628 3446 stitize
662 3409 675 3456 ;
707 3389 868 3445 faciat
895 3397 947 3445 te
978 3389 1239 3444 blandum
1261 3390 1426 3460 justis
1457 3396 1510 3443 et
1543 3389 1845 3444 terribilem
1879 3389 2080 3459 impiis,

469 3477 1016 3551 quatinusjustitiam
1047 3484 1323 3533 sectantes
1353 3493 1450 3548 per
1480 3477 1722 3532 lenitatis
1764 3485 2086 3534 mansuetu-

469 3569 656 3622 dinem
688 3567 1041 3634 corrobores,
1066 3574 1120 3622 et
1141 3577 1392 3622 errantes
1424 3583 1520 3637 per
1535 3567 1763 3634 justitiae
1786 3568 2085 3624 districtio-

470 3675 592 3713 nem
617 3656 900 3712 terriﬁces.
947 3656 1186 3731 Angelus
1217 3656 1431 3711 Domini
1453 3663 1506 3710 te
1535 3671 1756 3727 semper
1785 3657 2081 3727 prtecedat,

467 3749 757 3805 comitetur
793 3755 848 3802 et
878 3749 1269 3818 subsequatur,
1313 3747 1407 3818 qui
1447 3763 1643 3802 omnes
1670 3756 1824 3803 actus
1847 3755 1973 3803 tuos
2000 3747 2087 3801 di-

467 3839 628 3911 rigat,
661 3845 715 3892 et
743 3847 973 3892 cunctos
1005 3836 1259 3891 inimicos
1281 3835 1385 3891 sub
1416 3836 1524 3890 tuis
1551 3837 1788 3907 pedibus
1810 3844 2083 3902 conterat,

467 3937 528 3984 ut
554 3929 622 3984 ad
653 3927 959 4000 profectum
981 3935 1184 3982 sanctae
1207 3926 1458 3981 ecclesiae
1489 3926 1752 3982 diuturno
1770 3927 1920 3982 vivas
1947 3934 2085 3982 tem-

468 4035 622 4090 pore,
655 4025 709 4074 et
748 4017 1097 4089 postmodum
1127 4014 1291 4069 vitam
1324 4013 1604 4085 percipias
1660 4015 1780 4069 sine
1813 4014 1941 4070 line.
1973 4016 2085 4070 Au-

469 4125 552 4170 tor
608 4113 771 4182 hujus
823 4112 1060 4167 dictatus
1112 4125 1223 4166 non
1277 4109 1574 4166 omitteret.
1634 4109 1768 4180 quin
1807 4110 1929 4176 tibi,
1990 4125 2081 4165 rex

466 4205 726 4281 gloriose,
759 4211 1040 4275 perpetuae
1067 4201 1347 4256 felicitatis
1388 4207 1441 4255 et
1481 4200 1775 4254 mundanae
1797 4201 2082 4270 prosperi-

468 4297 598 4350 tatis
628 4295 753 4367 plus
783 4299 1087 4363 exoptaret,
1128 4292 1175 4346 si
1197 4307 1305 4346 non
1329 4291 1396 4345 ab
1451 4291 1654 4345 invidis
1678 4291 1858 4364 magis
1907 4292 2086 4363 depu-

467 4396 676 4444 taretur
724 4384 1113 4457 vituperationi
1154 4385 1506 4448 adulationis,
1539 4401 1702 4456 quam
1747 4386 1961 4442 caritati
1990 4403 2087 4442 ve-

469 4481 658 4536 ritatis.
686 4480 990 4549 Supersunt
1021 4476 1254 4547 plurima
1285 4477 1352 4532 de
1376 4483 1426 4531 te
1448 4477 1804 4533 laudabiliter
1828 4478 2084 4544 dicenda;

469 4573 568 4628 sed
596 4572 714 4626 haec
744 4568 1215 4643 praetermittenda
1266 4575 1416 4637 sunt,
1451 4575 1510 4624 ut
1537 4584 1632 4625 ora
1659 4569 1971 4627 invidorum
1993 4570 2090 4626 ob-

470 4670 769 4719 struantur.

541 4755 632 4810 21.
675 4759 749 4810 De
799 4755 1048 4808 unctione
1104 4754 1312 4809 Ottom’s
1347 4755 1510 4821 regis.
1568 4753 1976 4810 Revertendum
2006 4764 2088 4812 est

470 4857 554 4907 est
583 4849 652 4906 ad
692 4848 895 4920 priora,
915 4855 974 4903 ut
1003 4848 1071 4902 ad
1094 4847 1260 4903 ﬁnem
1285 4848 1658 4919 perducantur
1678 4849 1920 4920 incepta.
1959 4849 2088 4906 Cum

470 4943 636 5018 igitur
699 4940 865 5014 longe
917 4940 1136 5011 lateque
1189 4939 1602 5012 divulgarentur
1655 4940 2091 4997 innumerabiles

2185 3300 2687 3366 commendaverat,
2706 3315 2890 3356 secum
2924 3301 3089 3355 etiam
3113 3301 3412 3356 comitante
3444 3303 3607 3355 herili
3637 3318 3803 3373 puero

2187 3389 2463 3456 Heinrico,
2487 3405 2654 3460 quem
2684 3390 2740 3443 in
2793 3390 2914 3444 loco
2946 3389 3045 3444 ﬁlii
3074 3390 3288 3455 dilexit,
3322 3400 3619 3463 postquam
3664 3394 3801 3447 idem

2185 3482 2292 3536 dux
2320 3481 2656 3552 Bajowariae,
2685 3481 2831 3537 ﬁlius
2859 3481 3074 3537 scilicet
3103 3483 3247 3550 ejus,
3287 3498 3353 3538 ex
3407 3485 3511 3539 hac
3550 3486 3662 3540 vita
3705 3487 3805 3539 dis-

2185 3574 2371 3629 cessit.
2405 3573 2566 3628 Venit
2594 3581 2649 3628 et
2677 3574 2869 3649 regina
2899 3573 3147 3640 Gerbirc,
3175 3582 3380 3629 sanctae
3402 3576 3497 3630 Dei
3535 3576 3669 3632 ﬁlia.
3698 3578 3805 3631 [llic

2183 3662 2385 3734 regalis
2414 3669 2718 3717 conventus
2775 3669 3085 3733 postremos
3126 3663 3453 3719 alterutrum
3513 3667 3675 3721 dedit
3695 3683 3810 3721 am-

2186 3756 2472 3826 plexus,et
2524 3754 2635 3809 illic
2690 3754 2868 3810 sortiti
2925 3762 3054 3810 sunt
3125 3749 3371 3810 extrema
3421 3757 3809 3814 collocationis

2185 3844 2376 3910 verba,
2408 3842 2464 3896 id
2522 3843 2596 3897 ita
2645 3843 2978 3913 disponente
3035 3843 3224 3898 divina
3261 3844 3584 3900 clementia.
3620 3847 3808 3901 Postea

2187 3933 2447 3998 enimse
2504 3949 2615 3988 non
2671 3932 2926 3988 viderunt
2976 3933 3033 3987 in
3093 3935 3197 3989 hoc
3264 3936 3487 3990 mortali
3555 3953 3810 4008 corpore,

2185 4025 2283 4080 sed
2311 4032 2370 4080 ut
2389 4041 2674 4094 speramus
2703 4025 2761 4079 in
2796 4032 3002 4080 aeterna
3033 4041 3182 4081 nunc
3211 4028 3571 4100 congaudent
3599 4031 3809 4100 requie.

2256 4119 2343 4174 22.
2379 4120 2647 4187 Quomodo
2703 4122 2936 4188 vestigia
2978 4123 3087 4190 ﬁlii
3147 4123 3357 4178 Ottom‘s
3396 4124 3809 4180 deoscuhwen't.

2188 4209 2325 4283 Ergo
2357 4209 2554 4263 inclita
2597 4209 2788 4282 regina
2840 4210 3079 4280 primum
3126 4227 3157 4265 a
3184 4226 3392 4266 caesare
3451 4222 3508 4268 et
3541 4213 3665 4270 ﬁlio
3713 4230 3815 4270 suo

2191 4299 2610 4370 archiepiSCOpo
2644 4299 2900 4355 Rrunone
2957 4299 3271 4371 ceterisque
3327 4300 3441 4356 illic
3479 4303 3818 4358 conﬂuenti-

2192 4394 2295 4448 bus
2324 4393 2630 4449 honoriﬁce
2673 4401 2948 4464 suscepta,
2990 4409 3120 4449 suos
3147 4395 3337 4470 gavisa
3367 4404 3454 4450 est
3491 4412 3554 4451 se
3609 4399 3817 4452 vidisse

2189 4480 2332 4537 ﬁlios
2348 4487 2404 4536 et
2432 4488 2686 4552 nepotes,
2728 4497 2946 4537 necnon
2985 4479 3199 4538 Christo
3228 4483 3506 4539 referebat
3539 4485 3738 4540 laudes
3766 4494 3818 4539 et

2187 4574 2390 4646 gratias
2419 4589 2518 4644 pro
2545 4574 2924 4629 incolumitate
2963 4575 3232 4630 omnium.
3267 4575 3460 4630 Postea
3481 4592 3618 4631 vero
3649 4594 3819 4649 quam

2188 4683 2249 4723 se
2275 4674 2465 4723 mutuo
2486 4669 2810 4732 salutarunt,
2845 4668 3078 4742 ingressi
3119 4675 3248 4723 sunt
3289 4668 3640 4736 cubiculum,
3675 4672 3823 4726 inter

2191 4773 2250 4812 se
2281 4757 2651 4828 producentes
2675 4757 2948 4813 familiare
2965 4759 3281 4829 coloquium
3343 4760 3573 4814 Interim
3601 4763 3824 4817 introiit

2192 4850 2488 4920 episcopus
2515 4849 2834 4906 Baldericus
2857 4851 2988 4922 (41),
3024 4851 3117 4922 qui
3167 4851 3271 4905 fuit
3299 4853 3570 4925 magister
3603 4854 3823 4908 Bruno-

2192 4941 2279 4996 nis
2308 4941 2711 5013 archiepiscopi
2743 4943 3086 5014 temporibus
3104 4942 3249 5014 regis
3266 4942 3530 5011 Heinrici,
3556 4955 3616 5001 et
3637 4947 3824 5002 omni-

1825 5065 2047 5122 VARUE
2087 5065 2463 5122 LECTIONES.

541 5165 750 5248 7"‘Q‘uis
778 5163 1025 5248 dubitet,
1060 5164 1201 5248 hanc
1233 5166 1582 5248 prophetiam
1615 5166 1689 5248 in
1713 5165 2462 5248 HeinriconRabenbergense
2533 5167 2708 5238 ipsius
2739 5166 2896 5238 pueri
2936 5166 3271 5248 posteaﬁlio
3301 5166 3699 5248 adimpletarn,
3734 5171 3823 5242 qui

487 5245 611 5309 post
631 5239 887 5312 ducatum
922 5237 1169 5312 Bajoarie
1195 5237 1400 5312 optime
1434 5237 1901 5312 administratum,
1949 5237 2146 5312 Ottone
2188 5237 2358 5312 tercio
2414 5237 2751 5312 imperatore
2785 5237 3100 5312 reverendae
3131 5239 3306 5309 ipsius
3321 5237 3668 5312 illahthildis
3694 5237 3824 5312 pro-

473 5307 677 5380 nepote
707 5309 991 5373 defuncto,
1012 5309 1132 5379 ipse
1166 5307 1557 5363 nichilominus
1584 5323 1866 5380 pronepos
1890 5309 2107 5380 imperii
2139 5310 2385 5380 suscepit
2413 5307 2674 5365 coronam
2719 5309 2748 5363 7
2785 5309 3042 5366 Preterea
3072 5307 3266 5366 eadem
3319 5310 3414 5364 Dei
3443 5307 3822 5379 famulafetc.

471 5378 528 5446 2,
554 5378 602 5414 ‘77
637 5378 1062 5435 northusanensi
1094 5379 1149 5434 1.
1183 5384 1511 5434 constanter.
1541 5378 1612 5420 —'
1638 5381 1693 5434 in
1725 5378 1902 5436 castro
1924 5378 2244 5436 Northusun
2277 5378 2321 5434 2‘
2358 5381 2402 5416 ⁷⁸
2431 5385 2513 5436 ita
2549 5386 2598 5438 et
2626 5381 2680 5437 2.

2035 5483 2244 5539 NOTAE.

541 5551 650 5622 (4n)
673 5551 870 5624 [iupsit
900 5569 947 5607 a.
980 5553 1086 5609 966
1118 5551 1372 5608 Lothario
1405 5549 1519 5624 regi
1543 5551 1840 5609 Gallorum.

544 5624 652 5692 (41)
676 5622 1043 5692 Trajectensis
1071 5643 1089 5692 ;
1123 5639 1236 5680 non
1264 5633 1325 5680 ut
1354 5622 1709 5680 Ekkehardus
1738 5625 1872 5693 vult,
1907 5624 2280 5682 Leodicensis.
