3994 6132
203 354 316 408 913

1288 351 1556 444 ΞΛΜ)τῶ
1593 353 1947 412 ΜΑΤιιιιοιε
1990 355 2256 411 ΚΕΜΝᾹ]
2295 354 2458 408 VITA.

3439 358 3549 410 9H

204 481 309 536 bus
335 484 501 550 caput
531 479 830 544 inclinans,
880 478 1120 548 regalem
1163 490 1493 536 conventum
1523 482 1825 538 benedixit.
1857 489 1904 555 Α
1933 484 2063 539 dulo
2094 483 2338 539 inducite
2377 489 2571 538 vestra:
2601 483 2882 539 memoria:
2906 482 3092 538 omnia
3131 497 3256 554 qua:
3285 483 3340 538 in
3372 483 3418 518 ”
3446 485 3554 540 hoc

208 569 333 624 Post
360 569 479 624 haec
515 567 586 622 ad
617 573 865 622 sanctam
908 567 1189 622 dominam
1220 567 1574 625 Mabthildam
1608 571 1828 641 specia-

203 661 329 716 liter
398 658 544 714 inﬁt:
590 683 616 706 κ
661 659 887 726 Laetare,
955 659 1288 716 venerabilis
1344 661 1557 736 regina,
1626 661 1830 717 talibus

201 749 531 804 muneribus
583 765 614 802 a
639 749 750 804 Deo
804 748 1106 813 honorata;
1161 765 1310 804 nunc
1338 749 1494 804 vides
1523 749 1666 806 ﬁlios
1706 758 1832 806 tuos

199 848 256 896 et
295 842 514 896 illorum
555 837 730 895 ﬁlios!
788 839 928 895 Vere
975 841 1308 912 adimpletus
1359 850 1442 898 est
1497 842 1553 897 in
1611 852 1664 898 te
1705 859 1831 897 ver-

197 932 407 988 siculus
435 931 757 1003 psalmis‘tar,
804 931 901 1002 qui
939 932 1048 986 ait:
1101 936 1172 988 Et
1199 934 1385 990 videas
1420 936 1559 1003 ﬁlios
1585 937 1827 1004 ﬁliorum

197 1031 414 1082 tuorum
452 1027 615 1096 (Psal.
651 1042 846 1091 cxxvu,
877 1027 944 1095 6).
996 1051 1022 1073 ιο
1067 1027 1300 1083 Econtra
1347 1028 1538 1102 regina
1566 1031 1678 1085 Deo
1698 1046 1828 1104 gra-

198 1117 306 1172 tias
350 1117 483 1189 egit,
516 1116 660 1172 sicut
688 1132 910 1189 semper
957 1117 1120 1173 solita
1151 1118 1253 1174 fuit
1281 1119 1344 1172 7°.
1389 1120 1540 1175 Tunc
1574 1121 1832 1176 disseruit

198 1210 334 1266 ﬁliis
358 1217 413 1265 et
451 1211 750 1280 nepotibus
778 1210 896 1265 suis
925 1210 994 1265 de
1042 1211 1454 1268 constructione
1507 1215 1830 1270 monasterii

196 1299 692 1365 Northusunensis,
725 1306 780 1353 et
810 1299 958 1370 quali
990 1300 1036 1334 ⁸ο
1073 1307 1368 1373 angeretur
1415 1302 1631 1370 timore,
1660 1311 1720 1358 ut
1751 1304 1831 1358 in'

196 1395 423 1458 ceptum
474 1403 617 1458 opus
645 1403 756 1444 non
787 1397 980 1459 posset
1022 1389 1292 1458 perlicere
1322 1408 1337 1455 ;
1387 1392 1607 1446 tandem
1641 1392 1720 1447 sic
1747 1392 1825 1447 ait

195 1476 442 1531 lacrimis
458 1476 715 1547 perfusa:
761 1501 787 1524 «ι
828 1476 978 1532 Istud
1006 1478 1402 1534 monasterium
1427 1490 1627 1536 nostra:
1652 1482 1820 1538 aediﬁ-

193 1565 434 1620 cationis
486 1575 789 1620 extremum
830 1573 914 1620 est
966 1581 1127 1636 opus,
1182 1573 1241 1621 ut
1279 1567 1629 1623 aestimamus.
1676 1571 1823 1626 Aitas

193 1664 383 1710 nostra
428 1657 496 1711 ad
551 1657 914 1713 laborandum
966 1667 1048 1712 est
1079 1657 1310 1733 fragilis,
1340 1661 1570 1732 insuper
1619 1664 1823 1718 ceteris

1930 579 2052 634 loco
2071 578 2580 634 commendavimus
2610 577 2739 634 ﬁdei
2765 584 2980 634 vestrae.
3011 578 3169 648 Saepe
3195 578 3285 632 hic
3303 578 3552 647 jucunde

1928 671 2184 737 viximus,
2216 677 2271 725 et
2291 671 2360 726 de
2383 671 2784 742 periclitatione
2807 677 2994 741 partus
3024 685 3124 725 nos
3154 669 3356 740 eripuit
3385 671 3547 725 Deus.

1932 763 1995 817 In
2028 763 2130 817 hac
2158 761 2377 817 civitate
2407 762 2628 816 fratrem
2666 767 2908 816 vestrum
2941 760 3252 816 Heinricum
3294 776 3548 832 procrea-

1931 851 2132 917 vimus,
2165 866 2328 922 quem
2361 857 2586 921 prOpter
2634 857 2922 921 paternum
2954 865 3157 905 nomen
3189 850 3420 905 nimium
3453 851 3545 905 di-

1929 942 2182 1005 leximus,
2219 958 2435 997 necnon
2476 950 2531 996 et
2581 941 2672 996 hic
2724 948 2849 996 nata
2898 949 2980 996 est
3010 956 3165 996 soror
3195 948 3374 997 vestra
3404 941 3542 996 Ger-

1929 1033 2067 1107 birg.
2130 1033 2268 1107 Ergo
2311 1031 2442 1103 quia
2486 1047 2586 1102 per
2623 1031 3076 1086 intercessionem
3113 1037 3315 1086 sanctae
3365 1032 3545 1086 Mariae

1931 1128 2158 1202 virginis
2191 1128 2247 1182 in
2279 1129 2383 1182 hoc
2410 1127 2530 1182 loco
2559 1125 2646 1181 bis
2671 1127 3083 1199 enavigavimus
3110 1126 3392 1200 angustias
3419 1143 3548 1197 par-

1932 1226 2039 1284 tus,
2074 1219 2236 1286 hujus
2263 1217 2580 1272 monasterii
2614 1217 2690 1288 [in
2719 1217 2840 1285 ejus
2872 1216 3080 1271 honore
3110 1215 3174 1286 9°]
3227 1215 3550 1271 fundamen-

1931 1319 2044 1366 tum
2077 1311 2382 1381 posuimus,
2415 1310 2722 1364 etmaxime
2749 1324 2848 1380 pro
2877 1307 3060 1364 anima
3086 1308 3253 1363 vestri
3283 1308 3548 1381 genitoris

1931 1408 1986 1456 et
2037 1400 2216 1455 fratris
2268 1408 2322 1455 et
2375 1415 2472 1471 pro
2527 1399 2904 1455 incolumitate
2934 1404 3136 1464 vestra,
3183 1397 3325 1452 sicut
3381 1413 3550 1470 supra

1923 1495 2348 1550 memoravimus
2399 1495 2740 1566 Quapropter
2773 1494 3030 1549 convenit
3063 1499 3142 1559 ut,
3167 1494 3423 1565 quotiens
3453 1494 3549 1548 ho-

1923 1604 2040 1642 rum
2079 1588 2121 1622 ⁹¹
2156 1587 2538 1653 memineritis,
2581 1593 2802 1658 propter
2843 1601 2944 1640 nos
2976 1587 3238 1654 majorem
3288 1601 3546 1656 compas-

1918 1680 2132 1735 sionem
2183 1680 2238 1733 in
2273 1681 2378 1735 hoc
2417 1680 2538 1734 loco
2585 1678 3056 1734 commorantibus
3103 1677 3428 1732 exhibeatis.
3463 1678 3541 1731 Ad

191 1747 584 1803 distribuimus
641 1747 993 1804 monasteriis
1025 1749 1412 1817 possessiones
1442 1757 1495 1804 et
1526 1767 1707 1806 rerum
1740 1751 1803 1806 fa-

1922 1769 2056 1834 hzec,
2090 1775 2147 1823 ut
2175 1770 2486 1839 Opinamur,
2535 1775 2778 1823 extrema
2816 1768 3200 1822 collocutionis
3236 1767 3404 1822 verba
3451 1766 3544 1821 hic

193 1842 464 1904 cultates;
505 1849 841 1911 quapropter
868 1841 1321 1896 commendamus
1351 1843 1507 1897 vobis
1535 1843 1815 1908 omnibus,

192 1940 252 1987 ut
282 1933 566 2002 inceptum
598 1946 738 2003 Opus
767 1930 1096 2003 perﬁciatis,
1141 1933 1272 2004 quia
1311 1933 1688 1990 inchoavimus
1720 1951 1818 2006 pro

190 2021 378 2074 anima
417 2020 586 2076 nostri
621 2020 834 2076 domini
875 2027 929 2076 et
957 2022 1224 2076 carissimi
1259 2021 1356 2076 ﬁlii
1405 2023 1665 2092 Heinrici,
1713 2041 1816 2080 nec

191 2128 306 2167 non
336 2128 436 2182 pro
470 2113 626 2187 regni
659 2112 982 2177 stabilitate,
1015 2122 1070 2167 et
1099 2121 1337 2168 vestrum
1367 2114 1406 2149 ⁸³
1449 2115 1699 2169 omnium
1726 2115 1812 2169 in-

185 2201 506 2256 columitate
568 2222 593 2252 n
641 2202 718 2256 Ad
760 2202 875 2256 haec
923 2202 1222 2272 imperator
1251 2203 1371 2258 Otto
1398 2219 1580 2259 coram
1627 2205 1811 2260 omni-

185 2290 291 2346 bus
323 2293 644 2363 respondit:
693 2313 716 2343 a
759 2294 904 2348 Deus
927 2295 1197 2349 secundet
1220 2303 1403 2350 vestra
1434 2295 1682 2366 incepta;
1716 2313 1812 2352 no-

180 2390 295 2437 stra
347 2399 455 2438 non
504 2385 740 2440 deerunt
783 2385 1008 2451 auxilia,
1068 2386 1200 2458 quin
1259 2387 1424 2442 etiam
1456 2389 1809 2444 cohortamur

178 2469 358 2526 ﬁlium
377 2481 627 2527 nostrum
660 2473 913 2528 Ottonem
946 2481 1001 2529 et
1031 2483 1259 2530 caateros
1299 2485 1521 2532 nostros
1551 2487 1805 2548 nepotes,

177 2566 236 2612 ut
257 2559 373 2614 illis
391 2561 702 2615 subsidium
718 2563 1019 2631 praebeant,
1040 2564 1302 2634 quamdiu
1319 2565 1521 2621 vivant.
1553 2593 1574 2613 υ
1611 2567 1800 2623 Postea

175 2648 388 2718 pariter
420 2657 777 2719 perrexerunt
797 2650 853 2705 in
873 2651 1150 2708 civitatem
1177 2654 1713 2724 Northusunensem,
1731 2658 1798 2712 ad

171 2740 480 2794 videndum
526 2741 699 2812 ipsam
739 2746 1248 2820 congregationem.
1280 2748 1431 2803 Tunc
1457 2750 1568 2805 Deo
1599 2751 1801 2808 dilecta

170 2829 372 2901 regina
397 2831 846 2887 sanctimoniales
871 2836 1194 2890 convocavit
1222 2836 1288 2912 3',
1322 2843 1376 2890 et
1400 2853 1593 2892 omnes
1626 2838 1800 2909 impe-

167 2922 341 2976 ratori
365 2926 791 2981 commendavit.
828 2928 921 2982 llle
953 2938 1342 2985 autemomnes
1361 2932 1578 3001 placido
1611 2935 1796 2989 animo

168 3017 224 3064 et
254 3010 419 3064 hilari
440 3014 593 3068 vultu
623 3015 954 3086 suscipiens,
978 3017 1088 3073 Deo
1119 3021 1543 3089 commendavit,
1565 3023 1794 3080 dicens:

172 3123 196 3151 α
241 3103 443 3158 Sancta
482 3104 575 3159 Dei
620 3107 855 3179 genitrix
902 3109 1053 3184 virgo
1095 3110 1283 3179 Maria,
1332 3113 1573 3169 caelestis
1613 3116 1658 3149 ⁸³
1699 3133 1790 3172 re-

163 3194 320 3265 gina,
355 3195 476 3249 illas
502 3195 546 3229 ⁸⁸
587 3197 890 3254 clementer
926 3201 1188 3273 suscipiat
1218 3210 1272 3258 et
1303 3220 1399 3274 per
1429 3221 1668 3262 amorem
1698 3207 1794 3264 ﬁlii

167 3286 255 3339 sui
291 3286 338 3320 ³⁸
367 3303 589 3358 semper
625 3291 921 3358 custodiat,
972 3301 1032 3347 ut
1060 3294 1227 3348 Deum
1261 3296 1436 3350 solum
1468 3315 1576 3368 pra:
1606 3301 1794 3355 omni-

165 3373 274 3427 bus
305 3374 562 3448 diligant,
594 3384 650 3431 et
695 3378 771 3431 illi
801 3385 913 3434 tota
945 3391 1127 3436 mente
1169 3384 1503 3450 deserviant,
1555 3404 1664 3443 non
1698 3407 1795 3460 pro

163 3466 419 3536 appetitu
454 3468 703 3523 humanae
754 3469 952 3537 laudis,
985 3473 1080 3526 sed
1113 3474 1232 3530 solo
1271 3475 1549 3534 desiderio
1576 3490 1796 3536 aeternae

165 3559 635 3615 remunerationis
678 3561 742 3615 ⁸⁸.
800 3563 876 3616 Ad
911 3564 1025 3620 haec
1056 3583 1364 3636 precamur,
1396 3578 1456 3625 ut
1488 3571 1582 3626 ﬁlii
1626 3582 1796 3643 nostri

160 3665 225 3704 ac
258 3660 492 3720 nepotes
522 3652 615 3706 tali
645 3653 1025 3711 misericordia
1059 3670 1510 3719 commoveantur
1536 3682 1667 3742 erga
1698 3670 1796 3725 has

159 3740 644 3808 sanctimoniales,
693 3751 752 3798 ut
790 3745 1057 3815 quamdiu
1107 3759 1389 3807 remaneat
1435 3770 1544 3808 una
1577 3740 1790 3810 scintil—

161 3833 274 3887 lula
309 3840 511 3887 nostra:
551 3831 780 3903 sobolis,
814 3836 922 3890 illis
979 3855 1259 3911 nunquam
1301 3844 1444 3898 desit
1475 3847 1789 3903 adminicu-

157 3923 275 3976 lum
308 3922 708 3978 consolationis
764 3948 782 3974 ι
821 3925 971 3981 Tunc
990 3927 1033 3961 ⁸⁷
1058 3945 1156 3999 pro
1171 3946 1229 3985 se
1259 3948 1596 4007 suorumque
1616 3939 1791 3997 salute

159 4017 459 4080 parentum
482 4012 565 4066 vel
592 4021 857 4083 nepotum
883 4015 999 4071 haec
1021 4019 1206 4073 omnia
1229 4021 1481 4079 iterando
1511 4025 1786 4098 ﬁrmabat,

157 4117 285 4172 qua:
316 4108 504 4157 sancta
532 4103 629 4158 Dei
668 4121 944 4162 consensu
982 4112 1200 4180 nepotis
1229 4113 1314 4168 sui
1347 4127 1506 4172 antea
1537 4119 1785 4190 dederat,

155 4191 394 4262 insuper
423 4199 476 4247 et
506 4193 598 4248 illa
615 4195 826 4251 addidit
853 4215 978 4269 qua)
1008 4209 1181 4257 mater
1207 4193 1556 4264 desideravit.
1589 4212 1783 4269 Postea

155 4287 376 4350 septem
413 4280 532 4335 dies
561 4282 605 4316 ⁸⁸
635 4284 691 4337 in
714 4286 906 4341 eadem
949 4289 1166 4345 civitate
1198 4299 1700 4369 commorabantur,
1733 4312 1786 4358 et

154 4374 350 4421 sancta
368 4369 560 4443 regina
588 4369 700 4427 ﬁlio
722 4377 1128 4432 commendavit
1169 4386 1595 4455 quamplurima,
1630 4391 1783 4462 quasi

153 4457 215 4510 in
259 4459 363 4512 hoc
405 4461 620 4516 mortali
654 4480 882 4536 corpore
930 4469 1160 4526 ulterius
1191 4490 1314 4528 eum
1358 4493 1467 4532 non
1510 4442 1662 4536 esse;
1707 4442 1860 4538 vi-D

152 4565 306 4604 sura.
353 4551 418 4606 Ut
455 4560 636 4609 autem
668 4556 786 4611 dies
818 4559 993 4616 illuxit
1041 4580 1149 4635 quo
1193 4582 1281 4620 rex
1331 4569 1483 4624 abire
1518 4573 1783 4630 decreve-

152 4646 269 4732 rat,
287 4656 448 4696 mane
475 4652 765 4717 surgentes
787 4648 840 4702 in
862 4649 1086 4725 longum
1116 4657 1427 4724 produxere
1443 4676 1780 4732 sermonem,

149 4727 391 4781 multum
447 4729 812 4791 lacrimantes.
848 4737 974 4794 Post
1011 4741 1132 4797 haec
1171 4743 1400 4818 ingressi
1447 4758 1573 4804 sunt
1604 4727 1784 4810 ecclc;

143 4819 316 4880 siam,
351 4819 556 4887 pariter
584 4824 824 4880 audituri
857 4829 1102 4898 missam,
1130 4840 1185 4888 et
1229 4841 1562 4896 venerabilis
1592 4846 1782 4918 regina

150 4908 489 5005 hilaritatem
529 4913 680 4970 vultu
729 4918 1041 4991 simulabat,
1086 4929 1185 4981 sed
1227 4947 1482 5005 magnum
1533 4908 1779 4995 dolo'rem

151 5000 327 5054 corde
364 5005 651 5072 premebat
702 5008 876 5068 Finita
905 5023 1085 5071 autem
1139 5000 1345 5091 missa:
1380 5027 1550 5084 ﬁlium
1583 5033 1784 5089 talibus

154 5091 348 5146 verbis
379 5092 577 5152 iterum
607 5106 691 5154 est
719 5117 1013 5177 aggressa:
1057 5131 1087 5160 (ι
1129 5111 1225 5167 Fili
1256 5116 1329 5170 mi
1359 5120 1662 5190 carissime,
1695 5142 1782 5181 se-

1921 1858 2065 1910 inter
2095 1871 2195 1911 nos
2225 1857 2504 1912 sortimur.
2541 1855 2681 1920 Quid
2728 1853 2925 1926 plura?
2958 1856 3080 1910 Haec
3122 1855 3312 1909 ultima
3347 1861 3538 1908 vestrae

1918 1951 2108 2006 matris
2135 1951 2271 2006 visio
2294 1951 2456 2019 hujus
2476 1950 2797 2005 monasterii
2823 1950 2895 2004 sit
2923 1950 2969 1984 ⁹²
2993 1948 3323 2004 admonitio.
3343 1970 3362 1998 ι
3388 1949 3540 2003 Tunc

1915 2045 2216 2115 imperator
2242 2050 2607 2115 compunctus
2632 2044 2819 2110 corde,
2847 2044 3099 2114 promisit
3127 2059 3184 2097 se
3216 2043 3401 2097 omnia
3432 2043 3536 2096 im-

1914 2134 2186 2204 pleturum
2231 2148 2353 2204 qua:
2393 2133 2779 2202 postulaverat.
2822 2132 3030 2187 Deinde
3069 2132 3275 2202 pariter
3323 2133 3533 2207 egressi

1912 2222 2226 2287 ecclesiam,
2242 2221 2646 2276 substituerunt
2664 2228 2790 2275 ante
2806 2221 3024 2290 ianuam
3036 2263 3050 2287 ,
3068 2228 3122 2276 et
3135 2221 3535 2292 amplectentes

1910 2327 1969 2366 se
2011 2310 2269 2377 invicem,
2311 2310 2472 2364 fletus
2521 2316 2880 2380 utrorumque
2930 2309 3260 2364 humectavit
3313 2310 3528 2365 facient.

1909 2401 2201 2472 Postquam
2231 2407 2416 2455 autem
2443 2400 2631 2456 oscula
2669 2408 2860 2456 mutuo
2885 2401 3182 2467 dederunt,
3209 2417 3406 2456 omnes
3433 2401 3528 2473 qui

1907 2493 2136 2547 aderant
2192 2492 2444 2546 lacrimas
2491 2491 2819 2546 fundebant.
2865 2492 3073 2564 Regina
3123 2508 3254 2547 vero
3307 2495 3361 2548 in
3396 2495 3530 2565 ipsis

1903 2582 2111 2637 foribus
2139 2582 2344 2636 sistens
2372 2582 2627 2655 gradum,
2660 2589 2880 2636 euntem
2915 2582 3086 2637 ﬁlium
3118 2584 3427 2640 deducebat
3454 2587 3524 2644 ad

1901 2688 2106 2743 equum
2128 2672 2276 2727 claro
2308 2671 2508 2725 intuitu
2539 2672 2846 2726 oculorum.
2879 2672 3088 2726 Exinde
3115 2674 3402 2728 ecclesiam
3436 2676 3525 2730 in-

1900 2781 2111 2838 gressa,
2147 2777 2385 2836 prepere
2415 2763 2482 2817 ad
2518 2765 2695 2818 locum
2727 2765 3034 2831 contendit,
3061 2765 3118 2818 in
3146 2781 3254 2837 quo
3289 2768 3527 2840 impera-

1903 2860 2003 2915 tor,
2039 2854 2169 2907 dum
2202 2853 2368 2907 missa
2413 2851 2757 2919 cantabatur,
2788 2858 3032 2923 steterat,
3086 2862 3141 2908 et
3169 2855 3400 2911 ﬂectens
3428 2873 3526 2930 ge-

1901 2957 2029 3007 nua,
2059 2941 2318 2996 abeuntis
2344 2939 2443 2994 ﬁlii
2469 2941 2807 2996 lacrimando
2835 2941 3258 2998 deosculabatur
3272 2945 3516 3017 vestigia.

1900 3034 2024 3089 Hec
2053 3040 2113 3087 ut
2141 3033 2280 3087 vidit
2312 3031 2511 3105 Witigo
2533 3047 2722 3088 comes
2750 3039 2805 3086 et
2833 3034 3026 3099 ceteri,
3059 3034 3151 3105 qui
3176 3035 3359 3090 adhuc
3387 3037 3523 3091 sub-

1820 3161 1869 3228 C
1897 3128 2166 3192 stiterant,
2197 3125 2428 3192 milites,
2457 3125 2666 3200 gemitu
2703 3125 2941 3196 perculsi
2973 3127 3242 3194 exierunt,
3298 3136 3353 3183 et
3407 3129 3526 3185 haec

1900 3221 2218 3293 imperatori
2259 3221 2536 3275 dixerunt.
2570 3220 2670 3285 Qui
2717 3221 2900 3275 statim
2939 3221 3008 3292 ab
3040 3237 3185 3294 equo
3231 3224 3520 3292 desiliens,

1897 3313 1964 3368 ad
1994 3312 2286 3367 ecclesiam
2319 3311 2696 3366 revertebatur
2726 3312 3118 3386 ingemiscens,
3151 3322 3205 3369 et
3233 3315 3522 3385 ingressus

1896 3404 2107 3459 invenit
2132 3403 2278 3456 illam
2311 3403 2492 3457 adhuc
2537 3403 2590 3455 in
2633 3403 2829 3458 eodem
2868 3405 2986 3460 loco
3013 3414 3260 3461 orantem
3293 3416 3346 3462 ct
3376 3409 3523 3464 mul-

1900 3501 2014 3548 tum
2037 3493 2435 3558 lacrimantem,
2483 3492 2776 3564 statimque
2830 3509 3039 3564 pronus
3088 3495 3144 3548 in
3175 3503 3374 3551 terram
3423 3514 3519 3553 ca-

1899 3586 2058 3649 dens,
2092 3585 2166 3638 ita
2195 3587 2410 3639 locutus
2437 3591 2547 3638 est:
2594 3608 2619 3631 α
2661 3583 2700 3640 0
2730 3585 3062 3640 venerabilis
3092 3587 3336 3656 domina,
3369 3591 3517 3660 quali

1895 3678 2156 3732 servitute
2185 3678 2282 3731 has
2307 3677 2558 3731 lacrimas
2587 3677 2746 3732 vobis
2777 3693 3072 3748 possumus
3097 3681 3405 3750 rependere
3427 3682 3455 3735 ?
3489 3706 3509 3732 ι

1893 3769 2208 3840 lterumque
2255 3767 2520 3840 aggressi,
2567 3783 2843 3838 perpauca
2873 3769 3132 3824 dixerunt
3185 3786 3319 3826 voce
3350 3771 3512 3827 lacri-

1891 3860 2103 3915 mabili.
2138 3860 2419 3915 Postremo
2467 3860 2803 3914 venerabilis
2830 3861 3022 3933 regina
3050 3861 3129 3918 sic
3157 3863 3262 3917 ait:
3307 3890 3328 3909 «ι
3375 3865 3511 3930 Quid

1893 3948 2058 4003 nobis
2105 3947 2330 4018 prodest
2380 3947 2590 4001 diutius
2645 3949 2887 4003 morari?
2949 3949 3205 4014 Quamvis
3237 3951 3510 4018 nolentes,

1889 4040 2141 4110 cogimur
2159 4046 2341 4094 tamen
2373 4039 2442 4094 ab
2466 4039 2699 4095 invicem
2720 4041 2941 4107 divelli;
2965 4049 3019 4096 et
3045 4058 3145 4097 nos
3167 4044 3213 4077 9°
3245 4047 3511 4102 intuendo

1888 4128 2138 4183 dolorem
2167 4143 2276 4182 non
2301 4127 2640 4194 minuemus,
2673 4128 2770 4182 sed
2800 4129 2984 4198 potius
3006 4133 3506 4202 augmentabimus.

1887 4222 1962 4276 lte
1985 4222 2099 4290 jam
2145 4222 2202 4276 in
2243 4237 2376 4292 pace
2417 4222 2653 4286 Christi;
2700 4230 2944 4277 nostram
2977 4223 3172 4278 faciem
3224 4226 3365 4280 ultra
3397 4243 3506 4283 non

1886 4314 2147 4370 videbitis
2178 4315 2233 4368 in
2257 4330 2421 4368 carne
2444 4313 2682 4369 mortali.
2717 4314 2782 4368 Ut
2806 4316 3162 4383 aestimamus,
3192 4318 3265 4370 nil
3292 4326 3511 4388 prater-

1888 4404 2158 4465 misimus,
2209 4404 2308 4458 sed
2346 4410 2540 4458 vestra:
2591 4403 2720 4458 ﬁdei
2757 4405 3267 4461 commendavimus
3321 4409 3508 4464 omnia

1888 4511 2011 4566 quae
2041 4501 2226 4549 mente
2263 4496 2611 4568 gerebamus.
2655 4495 2883 4549 Tantum
2924 4497 3121 4552 animae
3161 4506 3361 4554 nostrae
3392 4501 3510 4556 haec

1887 4602 2120 4640 munera
2151 4586 2427 4650 remittite,
2485 4593 2544 4640 ut
2574 4587 2720 4641 hunc
2777 4587 2957 4642 locum
2987 4589 3181 4644 sedulo
3232 4590 3508 4646 inducatis

1885 4685 2080 4733 vestrae
2110 4677 2405 4732 memoriae.
2450 4696 2476 4728 »
2523 4678 2824 4748 Imperator
2877 4694 3006 4732 vero
3060 4679 3187 4734 inde
3243 4698 3502 4756 pergens,

1885 4769 2194 4844 peragravit
2224 4769 2359 4823 alias
2390 4768 2556 4823 urbes
2586 4767 2904 4844 Thuringiaé
2928 4771 3174 4844 regionis
3213 4778 3327 4839 (an.
3351 4775 3500 4842 966),

1886 4867 2076 4931 postea
2104 4861 2302 4915 iterum
2336 4861 2560 4916 Romam
2612 4862 2870 4932 perrexit,
2904 4861 3018 4917 filio
3049 4879 3149 4919 suo
3197 4881 3382 4920 secum
3411 4882 3506 4922 co-

1886 4951 2116 5005 mitante
2147 4949 2258 5019 (an.
2293 4949 2440 5019 967).

1953 5042 2040 5107 22,
2055 5043 2144 5097 23.
2167 5046 2236 5097 De
2245 5045 2596 5112 zgrotatione
2605 5044 2949 5101 Mahthz'ldis.
2963 5046 3080 5101 .lam
3081 5048 3194 5116 jam
3207 5049 3499 5119 appropino

1883 5133 2072 5204 quavit
2121 5134 2257 5190 hora
2312 5135 2498 5190 multis
2533 5134 2804 5204 luctuosa,
2838 5136 2892 5190 in
2933 5153 3044 5208 qua
3068 5139 3210 5193 Deus
3264 5137 3501 5192 animam

1519 5313 1738 5371 VARUE
1781 5319 2160 5378 LECTIONES.

242 5441 465 5554 ἶ.ῗὲῗὲξέ
497 5445 903 5554 ῗίδίοίὲἓῖἓξέἓε
941 5472 1016 5554 θὶὶ
1033 5459 1510 5554 tumnetum
1554 5473 1832 5554 heredis}!
1861 5480 2019 5554 addit
2049 5481 2100 5554 2-
2139 5553 2144 5554 ,
2187 5481 2232 5516 ³⁸
2261 5482 2416 5554 quasi
2450 5485 2502 5540 1.
2585 5485 2625 5519 ει
2652 5485 2889 5540 virorum
2923 5485 2972 5539 1.

1341 5549 1419 5594 tas
1469 5559 1597 5599 suas
1626 5549 1678 5598 2.
1761 5549 1806 5583 ⁸⁵
1836 5566 1880 5604 s.
1939 5551 2150 5607 domini
2204 5549 2374 5609 nostri
2428 5555 2559 5610 Jesu
2600 5556 2797 5610 Christi
2825 5557 2878 5609 2.

1339 5610 1384 5645 88
1415 5629 1632 5645 mni-Iona
1663 5617 1699 5645 ο
1789 5619 1834 5645 an
1865 5621 1930 5645 ,ιλ
1958 5623 1992 5645 ω
2097 5624 2144 5645 nn
2174 5623 2187 5645 :
2268 5640 2288 5645 Α
2339 5626 2366 5645 ι-
2439 5626 2618 5645 )--ηηι
2662 5627 2678 5645 ι
2789 5627 2828 5645 m
2865 5643 2876 5645 _

1415 5629 1635 5670 menses
1663 5617 1717 5672 2.
1789 5619 1834 5655 '9
1863 5621 1932 5675 de
1958 5623 2010 5676 2.

160 5516 466 5599 Spnnuocari
497 5519 544 5571 1.
618 5520 664 5554 ⁸³
687 5523 812 5578 (ιωιὶ
971 5531 1016 5564 ⁸⁴
1047 5516 1678 5599 h'as'irsﬁmiiaiéws'haﬁi

162 5582 359 5675 illum:
407 5603 582 5675 manu
601 5595 1018 5675 suanconﬁrmat
1047 5582 1249 5675 quae

165 5653 440 5726 frequens
465 5675 514 5712 a.
547 5661 603 5714 2.
683 5665 730 5698 93
759 5681 860 5723 uos
890 5671 941 5725 1.

3070 5484 3115 5518 ⁸⁸
3145 5488 3224 5539 ita
3251 5491 3461 5556 corrigo
3486 5506 3500 5553 ;

2960 5556 3006 5590 ⁸6
3035 5557 3420 5613 retributionis
3443 5559 3497 5612 2.

2960 5642 3187 5684 auorum
3222 5629 3271 5682 1.
3361 5629 3406 5663 ⁰²
3431 5630 3502 5684 sit

2097 5624 2144 5658 9°
2174 5623 2209 5677 i.
2262 5640 2314 5679 e.
2339 5626 2394 5681 h.
2428 5626 2618 5680 desunt
2657 5627 2708 5680 1.
2789 5627 2830 5661 ⁹¹
2865 5635 2925 5682 ut
2953 5642 3187 5697 quorum
3222 5629 3271 5682 1.
