3994 6132
412 343 518 396 915

1499 337 1765 392 SANCT/E
1803 337 2160 392 MATHlLDlS
2207 335 2448 390 REGINA
2489 335 2657 390 VITA.

3649 336 3751 389 916

415 478 612 533 inclitae
643 476 850 552 reginae
881 477 949 530 de
989 475 1169 530 carnis
1198 475 1473 548 ergastulo
1504 475 1674 529 voluit
1703 473 1950 539 dissolvi,
1973 481 2030 526 ut
2055 480 2101 544 Α
2133 480 2315 527 vester
2343 473 2582 537 animus,
2639 477 2694 526 et
2735 470 2999 525 inferetur
3044 470 3199 524 vobis
3227 469 3506 524 calumnia
3534 470 3582 503 ⁹⁹
3635 469 3757 528 des-

415 569 723 640 perciperet
748 567 1032 639 praemium
1078 567 1282 621 laboris
1320 573 1374 620 et
1411 566 1638 640 gloriam
1691 573 1909 619 aeternae
1938 582 2030 619 re-

414 657 832 713 munerationis.
867 657 969 710 Per
1009 656 1054 689 9‘
1093 655 1357 709 circulum
1389 655 1553 710 totius
1584 656 1713 709 anni
1745 656 2031 710 laborabat

412 745 772 816 aegrotatione
801 745 973 818 gravi;
1008 745 1106 799 sed
1157 755 1336 798 tamen
1370 744 1634 799 circuibat
1678 746 1797 800 loca
1829 747 2033 820 regalia

413 839 664 909 quamvis
696 839 996 894 deﬁcerent
1028 839 1276 909 corporis
1305 839 1470 893 vires.
1504 839 1635 892 Cum
1668 845 1848 892 autem
1881 855 2034 908 pera-

415 936 627 1003 grasset
677 929 926 984 civitates
980 929 1229 984 Saxoniae
1271 930 1529 1003 regionis,
1565 936 1619 982 et
1675 945 1908 1000 quaeque
1941 945 2040 983 ne-

418 1021 657 1078 cessaria
713 1019 949 1091 singulis
989 1019 1351 1089 impendisset
1394 1019 1764 1085 monasteriis,
1819 1020 2038 1080 iterum,

421 1112 929 1166 Northusunensem
999 1109 1274 1162 civitatem
1328 1107 1502 1171 adiit,
1580 1124 1741 1178 quam
1811 1109 2038 1163 nimium

423 1202 636 1268 dilexit,
670 1207 729 1256 ut
755 1201 966 1255 videret
998 1200 1362 1271 Richburgam
1393 1200 1458 1265 9⁵,
1488 1215 1646 1270 quam
1683 1215 1862 1270 nuper
1897 1217 2036 1256 con-

422 1291 676 1346 stituerat
715 1289 1065 1344 abbatissam.
1127 1288 1315 1342 Statim
1343 1296 1523 1343 autem
1574 1298 1633 1342 ut
1680 1290 1852 1354 venit,
1900 1290 2041 1344 hanc

421 1384 488 1437 ad
521 1399 580 1437 se
618 1382 799 1436 vocari
856 1381 1148 1451 praecepit,
1191 1381 1360 1434 multa
1418 1382 1762 1452 interrogans
1792 1381 1860 1434 de
1906 1397 2040 1435 con-

422 1479 742 1553 gregatione
781 1477 885 1531 sibi
917 1477 1228 1531 commissa.
1278 1477 1402 1531 Post
1442 1478 1558 1531 haec
1611 1476 1726 1545 ipsa
1769 1482 2045 1530 monaste-

427 1553 564 1624 rium
597 1579 679 1624 est
711 1569 981 1640 ingressa,
1021 1568 1320 1641 diligenter
1365 1567 1713 1638 investigavit
1741 1567 1888 1637 quali
1931 1574 2048 1624 stu-

426 1659 517 1713 dio
554 1657 864 1728 disciplinae
917 1672 1262 1727 unaquaeque
1321 1655 1516 1711 fuisset
1553 1657 1845 1710 exercitata
1914 1659 2044 1712 Nam

427 1765 488 1803 ex
519 1765 630 1819 quo
662 1750 894 1817 primum
928 1747 1321 1802 monasterium
1361 1748 1684 1812 construxit,
1727 1749 1868 1802 hanc
1907 1765 2045 1803 con-

2133 564 2424 632 pectionis,
2481 562 2525 616 si
2568 571 2844 617 mortuum
2897 577 3096 632 corpus
3142 562 3300 616 vobis
3343 561 3632 616 auferetur
3679 566 3753 619 in-

2134 655 2260 709 vitis
2337 656 2426 709 Hae
2458 655 2623 728 igitur
2653 670 2832 709 causae
2886 655 3184 708 admonent
3213 668 3315 707 nos
3368 653 3501 708 hinc
3533 655 3639 709 iter
3667 673 3754 711 ac-

2133 745 2394 798 celerare.
2447 743 2586 807 Quid
2628 741 2837 812 plura?
2885 743 3056 796 Deum
3109 757 3328 812 semper
3375 740 3614 813 diligite,
3658 754 3755 793 nec

2137 838 2308 891 alium
2351 843 2550 906 praeter
2574 852 2699 891 eum
2739 842 3036 890 amatorem
3069 835 3366 899 admittite,
3397 835 3496 888 sed
3540 849 3759 902 semper

2141 926 2262 993 ejus
2311 924 2590 978 famulatui
2624 924 2915 979 intendite.
2965 924 3147 979 Estote
3186 924 3240 977 in
3273 924 3527 978 oratione
3584 921 3763 992 pervi—

2144 1016 2300 1088 giles,
2333 1023 2388 1068 et
2419 1016 2472 1069 in
2505 1023 2694 1070 sancto
2738 1015 3018 1086 prOposito
3051 1025 3459 1084 permanentes.
3493 1013 3763 1066 Memores

2148 1114 2323 1161 estote
2353 1105 2682 1171 animarum,
2719 1120 2816 1176 pro
2845 1104 3049 1176 quibus
3098 1106 3205 1159 hoc
3250 1103 3545 1174 posuimus
3575 1117 3770 1156 mona-

2141 1201 2388 1265 sterium,
2425 1201 2652 1270 insuper
2680 1207 2736 1253 et
2763 1207 3026 1269 nepotum
3061 1208 3373 1254 nostrorum
3405 1198 3599 1251 adhuc
3625 1212 3774 1250 mor-

2144 1292 2234 1346 tali
2287 1292 2340 1344 in
2389 1291 2496 1345 vita
2527 1291 2870 1364 degentium,
2905 1306 3122 1345 necnon
3181 1291 3530 1344 mentionem
3591 1289 3765 1342 nostri

2141 1383 2334 1448 facite;
2377 1399 2500 1436 nam
2535 1383 2601 1416 ¹⁰⁰
2628 1382 2906 1436 neminem
2939 1381 3078 1435 ultra
3106 1380 3365 1436 videbitis
3396 1380 3564 1434 vobis
3591 1379 3776 1449 placa-

2148 1475 2416 1529 biliorem.
2439 1473 2900 1528 Commendamus
2928 1488 3024 1527 vos
3055 1474 3163 1526 Deo
3195 1473 3604 1542 orphanorum,
3638 1470 3774 1540 patri

2147 1576 2198 1620 et
2229 1573 2430 1620 sanctae
2463 1567 2640 1619 Marize
2681 1566 2901 1640 virgini,
2956 1573 3009 1619 et
3051 1571 3364 1619 sanctorum
3416 1563 3778 1617 intercessio-

2148 1657 2332 1719 nibus,
2371 1673 2601 1727 quorum
2631 1657 2894 1728 reliquias
2926 1655 3012 1710 hic
3039 1655 3429 1710 collocavimus
3462 1673 3477 1715 ;
3522 1670 3639 1708 non
3671 1661 3781 1707 tur-

2149 1749 2306 1802 betur
2333 1764 2428 1802 cor
2456 1757 2713 1802 vestrum°
2745 1749 2844 1818 sed
2865 1764 2964 1816 spe
2993 1748 3204 1801 tendite
3235 1747 3291 1799 in
3326 1746 3500 1799 Deum
3534 1763 3548 1806 ;
3582 1761 3781 1815 quam-

428 1837 779 1891 suetudinem
812 1852 1032 1905 semper
1063 1835 1270 1899 habuit,
1319 1843 1376 1888 ut
1408 1835 1524 1904 ipsa
1554 1837 1755 1891 scolam
1799 1837 2046 1904 intraret,
2080 1836 2235 1922 Bvis
2283 1836 2430 1890 enim
2486 1853 2718 1906 corpore
2776 1836 2952 1889 simus
3012 1836 3289 1896 absentes,
3340 1849 3532 1888 amore
3599 1841 3778 1886 tamen

432 1939 486 1984 et
514 1929 853 2004 singularum
905 1930 951 1963 9°
990 1929 1172 1983 studia
1231 1931 1441 1984 intente
1487 1940 1878 2000 pernosceret;
1929 1933 2058 2002 quia

434 2027 540 2081 sibi
575 2026 754 2080 fuerat
800 2026 904 2080 hoc
933 2041 1134 2079 munus
1172 2025 1572 2097 gratissimum.
1625 2026 1812 2080 videre
1852 2027 1935 2080 vel
1966 2037 2066 2082 au“

437 2117 558 2170 dire
605 2116 877 2186 cujusque
932 2114 1172 2170 hominis
1227 2113 1555 2185 profectum.
1595 2115 1728 2168 Tum
1756 2131 2058 2171 commora-

437 2207 596 2261 batur
627 2206 680 2259 in
709 2206 902 2259 eadem
933 2205 1153 2259 civitate
1184 2221 1214 2258 a
1247 2212 1496 2275 tempore
1529 2206 1776 2259 autumni
1807 2206 1850 2239 9⁷
1884 2223 2056 2277 usque

436 2296 502 2349 ad
545 2294 899 2348 festivitatem
949 2294 1249 2348 nativitatis
1280 2294 1500 2348 Christi.
1563 2295 1690 2350 Posr
1734 2295 2059 2365 sollempni-

437 2393 602 2440 tatem
644 2400 771 2439 vero
810 2385 984 2439 sancti
1023 2383 1256 2454 apostoli
1297 2385 1520 2438 Thoma:
1569 2387 1706 2444 (Dec.
1735 2386 1826 2454 21)
1865 2385 2060 2440 iterum

437 2473 773 2528 abbatissam
806 2473 873 2526 ad
913 2489 974 2526 se
1031 2472 1262 2538 vocavit,
1296 2477 1349 2526 et
1389 2472 1535 2525 hunc
1587 2487 1900 2528 sermonem
1941 2491 2062 2529 cum

440 2567 557 2636 ipsa
625 2565 848 2619 habuit:
900 2585 922 2614 σ
962 2564 1000 2618 Ο
1049 2565 1211 2618 nobis
1262 2579 1483 2634 semper
1518 2563 1626 2618 ﬁda
1665 2573 1720 2618 et
1751 2572 2061 2619 nostrorum

441 2658 689 2710 laborum
744 2656 981 2709 maxime
1060 2654 1308 2709 conscia!
1360 2656 1472 2723 jam
1524 2655 1913 2729 cognoscimus
1963 2654 2064 2709 fre-

441 2751 668 2822 quentia
695 2748 1053 2811 inﬁrmitatis,
1087 2755 1287 2803 nostrae
1317 2747 1700 2802 dissolutionis
1725 2747 1869 2801 diem
1905 2747 2064 2816 nobis

441 2841 910 2912 apprOpinquare,
950 2846 1004 2892 et
1051 2838 1256 2892 idcirco
1311 2837 1532 2907 expedit
1587 2837 1746 2892 nobis
1797 2837 1922 2892 hinc
1963 2837 2066 2890 iter

441 2931 769 2995 accelerare,
803 2945 873 2982 ne
902 2929 988 2982 hic
1034 2928 1333 2998 praeveniat
1373 2942 1474 2981 nos
1502 2926 1726 2980 ultimus
1757 2925 1875 2980 dies
1918 2942 2062 2996 prae~

444 3021 618 3075 sentis
643 3022 787 3075 vitae.
839 3044 860 3065 ιι
906 3021 1134 3075 Econtra
1165 3019 1439 3073 abbatissa
1492 3035 1601 3088 prae
1633 3019 1878 3092 singultu
1909 3029 1963 3074 et
1986 3020 2066 3072 la-

445 3108 630 3163 crimis
686 3108 866 3178 primo
919 3107 1159 3171 reticuit,
1203 3116 1258 3160 et
1313 3106 1496 3175 paullo
1555 3114 1676 3175 post
1700 3109 1780 3161 sic
1811 3108 1908 3160 ait:
1961 3130 1980 3158 ι
2029 3110 2066 3164 O

446 3205 703 3258 amabilis
739 3203 984 3268 domina,
1042 3202 1175 3272 quid
1225 3201 1328 3255 sibi
1377 3204 1491 3256 vult
1552 3203 1669 3256 haec
1725 3204 2069 3273 pr0phetia?

447 3298 550 3350 Cur
580 3297 739 3351 nobis
777 3295 991 3349 miseris
1034 3302 1138 3348 tam
1185 3293 1335 3348 triste
1389 3294 1589 3348 malum
1623 3294 1942 3364 praedicitis,
1977 3303 2069 3350 aut

447 3385 534 3440 cui
576 3400 676 3438 nos
713 3384 985 3439 desolatas
1036 3383 1350 3454 relinquitis
1377 3382 1404 3435 τ’
1461 3384 1755 3453 Speramus
1793 3385 1962 3447 enim,
2011 3396 2069 3439 ut

450 3475 557 3528 Deo
610 3473 946 3543 propitiante
987 3472 1234 3526 nondum
1282 3471 1390 3526 tale
1418 3472 1550 3542 quid
1597 3473 1832 3526 eveniat.
1873 3473 2067 3527 Verum

452 3566 887 3637 quiaversatur
935 3564 992 3617 in
1039 3563 1228 3626 dubio,
1281 3579 1544 3634 quorsum
1602 3571 1844 3617 vertatur
1887 3566 1931 3597 98
1964 3566 2080 3620 haec

447 3669 627 3718 vestra
657 3661 953 3734 aegritudo,
1004 3659 1282 3713 humiliter
1313 3674 1410 3713 vos
1451 3659 1709 3728 petimus,
1742 3667 1800 3715 ut
1842 3660 1926 3713 hic
1966 3677 2078 3714 ma-

448 3752 624 3808 neatis
650 3768 762 3821 'per
789 3750 998 3822 aliquot
1027 3756 1266 3818 tempus,
1306 3766 1482 3821 usque
1521 3751 1650 3804 dum
1688 3750 1994 3815 videamus,
2025 3751 2069 3805 si

447 3842 560 3894 Deo
609 3839 850 3894 donante
903 3837 1139 3900 leniatur
1186 3844 1367 3891 vester
1406 3837 1654 3902 morbus,
1701 3847 1778 3902 ut,
1814 3840 1859 3893 si
1905 3856 2069 3913 grave

449 3926 808 3983 infortunium
839 3925 1078 3991 eveniat,
1111 3926 1258 3996 quod
1290 3942 1437 3980 mors
1469 3936 1668 3981 nostra:
1690 3928 1851 3982 saluti
1883 3928 2068 3983 invida

450 4038 550 4077 nos
593 4029 773 4076 vestra
820 4019 927 4072 vita
975 4018 1254 4082 destituat,
1303 4019 1493 4073 saltem
1552 4021 1650 4074 hac
1689 4022 2066 4076 consolatione

448 4111 808 4181 respiremus,
841 4116 900 4164 ut
929 4109 982 4162 in
1016 4109 1117 4163 hoc
1159 4109 1278 4164 loco
1309 4109 1596 4165 nobiscum
1635 4110 1943 4180 requiescat
1969 4127 2067 4165 ve-

448 4210 624 4256 strum
670 4201 908 4256 amabile
961 4215 1199 4270 corpus;
1234 4223 1258 4244 η
1298 4198 1431 4252 Tum
1483 4200 1592 4253 Deo
1623 4200 1821 4254 dilecta
1874 4202 2066 4276 regina

451 4296 570 4348 haec
593 4308 855 4363 responsa
881 4292 1061 4346 dedit:
1113 4312 1137 4340 et
1177 4289 1426 4357 llrecjam
1459 4290 1670 4359 pridem
1703 4307 1734 4344 a
1764 4293 1928 4346 nobis
1954 4295 2066 4348 tue-

452 4395 572 4441 rant
603 4385 993 4457 praecogitata:
1022 4383 1071 4436 ei
1123 4389 1386 4452 quantum
1420 4381 1583 4436 nobis
1620 4382 1934 4451 placuisset,
1965 4400 2064 4440 no-

2125 3158 2138 3176 \

2125 3198 2141 3220 λ

2164 1943 2384 1997 semper
2412 1927 2570 1982 vobis
2601 1937 2899 1998 praesentes
2925 1928 3146 1982 erimus.
3199 1951 3216 1977 ι

2233 2016 2323 2069 24.
2365 2019 2440 2069 De
2469 2019 2713 2070 unctione
2748 2019 2965 2081 reginae.
3012 2017 3180 2090 Igitur
3219 2016 3477 2071 discessit
3528 2017 3642 2069 Deo
3701 2013 3778 2067 di-

2158 2105 2296 2158 lecta
2350 2104 2539 2177 regina
2571 2105 2640 2159 dc
2695 2105 2914 2160 civitate
2972 2107 3425 2160 Northusunense
3471 2105 3527 2157 in
3561 2105 3620 2157 Η
3686 2103 3779 2156 Ka-

2161 2194 2446 2248 lendarum
2477 2196 2720 2248 Januarii
2757 2198 2893 2258 (De).
2927 2195 3037 2266 2‘2),
3069 2203 3126 2250 et
3157 2196 3450 2250 maximum
3488 2208 3776 2248 maerorem

2159 2285 2272 2339 illic
2305 2287 2773 2341 commorantibus
2815 2287 3034 2357 reliquit
3073 2286 3622 2350 sanctimonialibus,
3654 2301 3783 2356 quas

2166 2394 2386 2448 semper
2439 2386 2687 2434 materno
2719 2379 2910 2433 dilexit
2955 2395 3180 2444 amore;
3231 2380 3362 2451 quia
3391 2380 3544 2432 illam
3601 2379 3653 2432 in
3687 2379 3787 2430 hoc

2168 2475 2379 2530 mortali
2413 2491 2665 2545 corpore,
2711 2491 2807 2545 pro
2840 2474 3032 2529 dolor!
3090 2475 3321 2528 ulterius
3357 2490 3466 2528 non
3520 2484 3676 2528 erant
3704 2474 3780 2525 vi-

2167 2583 2329 2633 surae,
2367 2583 2489 2638 quae
2521 2567 2732 2621 illarum
2772 2567 2872 2620 fuit
2904 2567 3099 2633 honor,
3144 2566 3352 2627 laetitia,
3386 2567 3561 2620 decus
3587 2573 3643 2619 et
3678 2565 3790 2637 glo-

2166 2661 2265 2715 ria.
2313 2661 2463 2714 Tunc
2506 2661 2559 2714 in
2605 2661 3045 2735 Quitilingoburc
3096 2661 3448 2731 prOperabat,
3506 2661 3600 2714 ubi
3655 2661 3793 2713 Deus

2165 2759 2408 2806 sanctam
2442 2753 2679 2807 animam
2713 2754 2780 2807 de
2803 2753 2983 2807 carnis
3011 2753 3283 2826 ergastulo
3315 2753 3550 2806 dissolvi
3585 2768 3791 2822 pmor-

2166 2844 2481 2909 dinaverat;
2529 2845 2718 2916 ibique
2748 2845 2918 2899 nimia
2949 2845 3276 2919 aegritudine
3305 2853 3583 2915 correpta,
3617 2861 3788 2915 usque

2165 2935 2232 2988 ad
2286 2935 2468 2989 obitus
2505 2936 2649 2990 diem
2703 2935 3084 2990 inﬁrmabatur
3131 2936 3240 3000 (an.
3282 2935 3428 3002 968).
3483 2937 3789 3006 ApprOpin-

2167 3032 2369 3094 quante
2391 3033 2572 3079 autem
2597 3025 2978 3080 dissolutionis
3001 3025 3112 3090 die,
3135 3026 3203 3079 ad
3228 3041 3287 3078 se
3309 3026 3493 3080 vocari
3528 3026 3788 3095 praecepit

2171 3135 2334 3186 supra
2355 3127 2711 3173 memoratam
2730 3119 3062 3172 abbatissam
3088 3119 3483 3188 Rieliburgam,
3505 3118 3596 3172 cui
3611 3119 3790 3172 omnia

2169 3211 2288 3277 ejus
2305 3217 2516 3265 secreta
2550 3217 2679 3264 tunc
2694 3209 2910 3265 fuerant
2933 3212 3240 3278 notissima,
3257 3221 3316 3265 ut
3331 3211 3484 3264 diem
3505 3211 3693 3265 obitus
3712 3211 3792 3264 sui

2173 3302 2283 3356 illic
2313 3309 2673 3372 exspectaret,
2731 3313 2785 3357 et
2817 3303 2871 3356 in
2904 3303 3183 3369 extremis,
3236 3303 3376 3357 sicut
3405 3311 3598 3366 antea,
3654 3301 3793 3356 ﬁde-

2170 3393 2296 3447 liter
2363 3394 2718 3449 ministraret.
2773 3395 3028 3448 Sentiens
3086 3401 3267 3449 autem
3323 3401 3519 3448 sancta
3578 3394 3798 3448 domina

2181 3481 2324 3534 diem
2348 3482 2602 3536 ultimum
2634 3481 2740 3537 sibi
2771 3483 3052 3546 advenire,
3086 3482 3364 3552 episcopis
3390 3491 3444 3536 et
3478 3482 3796 3552 presbiteris

2179 3593 2397 3632 omnem
2452 3594 2677 3632 censum
2705 3578 2988 3650 erogabat,
3033 3595 3194 3648 quem
3230 3578 3449 3632 utilitati
3497 3593 3799 3648 pauperum

2177 3669 2421 3722 nondum
2470 3671 2998 3730 accommodaverat,
3033 3678 3086 3724 et
3141 3668 3402 3722 muniﬁca
3435 3686 3602 3722 manu
3660 3669 3800 3722 inter

2175 3761 2503 3816 monasteria
2533 3762 2817 3816 dividebat
2848 3764 2954 3831 (42)
2987 3782 3000 3826 ;
3063 3762 3195 3816 illud
3223 3761 3538 3816 recondens
3593 3761 3646 3814 in
3689 3777 3800 3813 me-

2172 3853 2362 3919 moria,
2388 3853 2534 3924 quod
2558 3853 2877 3925 evangelica
2907 3853 3154 3924 praecipit
3177 3853 3484 3923 scriptura:
3537 3874 3556 3901 ι
3609 3852 3794 3906 Vende

2170 3943 2352 3998 omnia
2375 3960 2498 4015 quae
2525 3943 2697 3997 habes
2722 3941 2860 3998 etda
2884 3943 3222 4013 pauperibus
3243 3943 3459 4004 (Matth.
3487 3959 3601 4004 xxx,
3624 3941 3707 3995 ΞΗ
3770 3965 3791 3984 ι-

2171 4034 2298 4090 Cum
2355 4033 2523 4107 igitur
2570 4033 2862 4087 innumera
2907 4032 3213 4088 conﬂueret
3251 4030 3575 4096 multitudo,
3618 4045 3794 4105 aegro-

2169 4133 2370 4181 tantem
2404 4126 2649 4199 reginam
2691 4125 2935 4190 visitare,
2984 4124 3135 4179 venit
3181 4131 3234 4179 et
3284 4123 3676 4177 Willehelmus
3706 4123 3791 4174 ¹⁰¹.

2168 4215 2500 4286 Moguntinae
2542 4214 2689 4268 sedis
2743 4213 3213 4284 archiepiscopus,
3265 4221 3319 4267 et
3371 4211 3628 4283 quamvis
3684 4212 3794 4265 Deo

2159 4307 2388 4376 jubente
2417 4307 2566 4376 prior
2593 4314 2825 4361 mortem
2855 4312 3002 4360 esset
3023 4305 3325 4369 subiturus,
3380 4311 3563 4358 tamen
3593 4319 3797 4377 aggre-

2166 4403 2314 4457 ditur
2356 4409 2602 4456 sanctam
2659 4402 2774 4466 Dei,
2825 4402 2995 4455 verba
3043 4401 3434 4456 consolationis
3514 4399 3801 4453 ministra-

449 4485 619 4531 strum
651 4491 852 4546 corpus
883 4474 936 4527 in
966 4473 1070 4528 hoc
1099 4470 1325 4542 sepeliri
1355 4470 1498 4538 loco,
1538 4471 1584 4526 si
1614 4473 2058 4542 praedestinatum

456 4576 598 4592 ---λι
633 4584 656 4592 ..
713 4568 819 4592 nn"
904 4572 956 4592 ..ο
1009 4563 1105 4592 an:
1139 4565 1309 4592 νυν-ιηε
1342 4564 1548 4592 ΑΗΔ-ιε..
1599 4571 1647 4592 ,ιι
1700 4564 1928 4592 ..κη-η...
1962 4583 2030 4592 ...-

2166 4501 2352 4548 turus:
2408 4493 2659 4547 obiturus
2703 4491 2943 4546 visitavit
2973 4491 3272 4557 obituram,
3333 4496 3387 4542 et
3416 4504 3531 4542 suae
3593 4488 3799 4541 mortis

453 4576 602 4623 esset
631 4584 660 4622 a
712 4568 843 4631 Deo,
904 4572 962 4620 ut
1009 4563 1107 4618 ﬁlii
1139 4565 1311 4620 nostri
1341 4564 1551 4619 Ottonis
1597 4571 1651 4619 et
1698 4564 1929 4621 aliorum
1962 4583 2064 4622 no-

451 4670 684 4718 strorum
719 4669 981 4736 ncpotnm
1030 4676 1159 4732 erga
1203 4675 1301 4714 vos
1343 4659 1518 4728 major
1543 4667 1688 4714 esset
1719 4661 2065 4731 procuratio!

454 4758 563 4811 Sed
597 4758 698 4812 hoc
731 4757 860 4810 haut
889 4754 1191 4811 consentiri
1224 4755 1686 4825 pertimescimus,
1728 4757 1857 4826 quia
1887 4757 2070 4811 domi-

454 4865 558 4903 nus
607 4856 793 4903 noster
822 4848 1110 4902 Heinricus
1154 4847 1208 4900 in
1265 4846 1702 4920 Quitilingoburc
1758 4848 2069 4919 requiescit,

448 4946 601 5014 juxta
663 4960 826 5015 quem
860 4950 1075 5014 oportet
1105 4960 1205 4999 nos
1252 4943 1630 4999 commendari
1663 4945 1981 5013 sepulturae,
2022 4953 2076 5000 et

456 5040 602 5094 diem
656 5039 910 5093 ultimum
961 5045 1297 5108 exspectare.
1360 5039 1514 5093 Nunc
1557 5047 1736 5094 autem
1788 5039 1832 5094 si
1885 5041 1940 5093 in
1972 5041 2076 5096 hoc

456 5131 577 5186 loco
612 5129 863 5185 evenerit
909 5127 1096 5184 obitus
1135 5135 1337 5190 noster,
1379 5129 1599 5201 gravius
1627 5130 2076 5203 coangustabitur

2171 4581 2411 4642 nescius,
2473 4579 2863 4635 consolabatur
2909 4580 3186 4634 modicum
3229 4585 3348 4648 post
3393 4593 3454 4631 se
3497 4576 3797 4630 victuram-

2175 4672 2336 4725 Beata
2388 4685 2518 4724 vero
2560 4669 2750 4742 regina
2779 4669 3094 4739 episc0pum
3147 4675 3207 4722 ut
3257 4667 3410 4731 vidit,
3442 4666 3610 4720 hilari
3644 4667 3800 4720 vultu

2173 4767 2227 4813 et
2257 4776 2420 4831 quam
2448 4757 2701 4813 familiari
2733 4757 2976 4828 suscepit
3007 4756 3197 4811 aﬂ‘atu:
3237 4778 3256 4806 ι
3303 4756 3417 4810 Non
3449 4755 3799 4816 dubitamus,

2175 4853 2374 4924 inquit,
2405 4854 2684 4908 voluntate
2734 4851 2827 4906 Dei
2860 4867 2956 4905 vos
2987 4867 3135 4905 nunc
3161 4850 3228 4903 ad
3285 4865 3386 4904 nos
3413 4848 3617 4922 dirigi;
3678 4864 3800 4901 nam

2175 4960 2339 4999 nemo
2381 4943 2542 4998 nobis
2578 4943 2900 4998 familiarior
2929 4950 2983 4996 et
3021 4943 3088 4996 ad
3125 4943 3227 4996 hoc
3255 4957 3394 5010 opus
3423 4948 3571 4994 esset
3606 4941 3683 4975 ¹⁰³
3712 4957 3801 4993 ac-

2175 5037 2431 5107 ceptior;
2487 5035 2938 5107 quandoquidem
3003 5034 3163 5090 nobis
3220 5035 3333 5088 haec
3404 5033 3668 5086 absumta
3725 5043 3802 5085 est

2174 5146 2324 5200 spes,
2367 5137 2426 5184 ut
2457 5130 2690 5184 dilectus
2716 5127 2861 5182 ﬁlius
2894 5136 3080 5182 noster
3113 5128 3291 5182 Bruno
3325 5134 3574 5180 maneret
3601 5141 3800 5196 super-

1798 5261 2017 5316 VARLE
2061 5260 2450 5316 LECTIONES.

528 5361 573 5394 9‘
605 5362 769 5416 Beata
799 5361 968 5434 igitur
1007 5360 1073 5414 Μ.
1105 5360 1217 5434 jam
1271 5360 1429 5434 senio
1467 5359 1633 5434 fessa,
1669 5377 1778 5416 non
1813 5362 1996 5416 minus
2049 5362 2197 5416 enim
2253 5378 2415 5433 quam
2450 5366 2876 5434 septuagengaria
2901 5365 3038 5434 erat,
3070 5366 3174 5413 etc.
3204 5358 3256 5434 f2.

456 5437 649 5501 nupta,
695 5432 845 5486 anno
878 5433 1004 5490 968.
1058 5433 1133 5486 ad
1188 5433 1477 5486 minimum
1526 5432 1594 5484 75
1649 5449 1817 5488 annos
1866 5434 2115 5488 habebat.

456 5504 500 5537 9⁸
531 5513 780 5558 versatur
820 5505 869 5558 1.
947 5505 990 5538 ⁹⁹
1020 5502 1334 5573 calumpnia
1362 5504 1410 5557 1.

456 5574 762 5629 animarum
798 5586 1104 5630 nostrarum
1137 5574 1277 5628 ultra
1307 5575 1557 5645 poteritis
1589 5575 1858 5630 invenire.

3317 5359 3462 5414 Certe
3493 5374 3646 5412 anno
3678 5359 3802 5423 909,

2203 5428 2592 5514 9f_rigburgam
2819 5429 3250 5514 singulorum}.
3343 5428 3388 5462 ’7
3415 5432 3718 5514 autumpni
3750 5433 3802 5485 1.

1485 5501 1550 5536 ¹⁰⁰
1577 5504 1684 5556 haec
1726 5505 1776 5556 2.
1832 5507 1910 5558 ita
1937 5505 2117 5574 effert:
2152 5499 2359 5558 nullam
2411 5499 2556 5558 enim
2588 5499 3016 5574 sollicitudinem
3069 5501 3354 5574 meliorem
3383 5499 3530 5555 circa
3563 5499 3802 5556 salutem

1947 5575 2010 5609 ιοι
2048 5575 2373 5630 Wilhelmus
2402 5575 2450 5628 1.
2487 5580 2535 5629 et
2574 5575 2744 5640 infra.

2839 5572 2906 5606 ¹⁰³
2933 5588 3057 5628 esse
3087 5573 3140 5626 1.

2021 5676 2210 5732 NOTAE

531 5744 632 5812 (42)
675 5747 753 5800 Ita
781 5754 835 5801 et
861 5746 1232 5803 Widukindus
1265 5747 1368 5804 Ill.
1400 5748 1488 5803 74.
