3994 6132
201 254 306 308 917

1295 261 1568 318 δΑΝΩΤΑΞ
1607 265 1962 323 MATHILDIS
2001 270 2237 325 REGNAE
2274 272 2440 326 VITA.

3439 281 3544 335 918

195 380 322 436 stes,
352 389 528 445 usque
557 375 688 470 dum
738 383 925 470 nostra
976 385 1218 434 extrema
1247 381 1476 449 videret,
1518 393 1573 441 et
1611 404 1816 460 corpus
1844 396 1890 463 Α
1921 407 2056 462 pace
2110 394 2328 461 Christi,
2401 411 2750 468 quocumque
2807 399 3060 454 voluntas
3117 400 3291 470 ipsius
3343 401 3539 458 decre-

198 474 353 518 terra‘.
393 467 826 522 commendaret.
888 469 1041 524 Nunc
1096 478 1279 526 autem
1339 473 1572 542 primum
1629 480 1816 534 audite

196 567 434 614 nostram
465 559 896 630 confessionem,
930 573 984 619 et
1027 566 1151 621 date
1200 568 1363 624 nobis
1411 570 1814 640 remissionem,

196 667 291 720 per
319 660 648 722 potestatem
681 670 802 724 qua?
835 655 1206 712 vobistradita
1227 668 1310 713 est
1331 675 1362 714 a
1387 661 1497 716 Deo
1543 669 1596 716 et
1625 673 1815 720 sancto

193 740 352 796 Petro
385 742 634 812 principe
687 743 1081 812 apostolorum,
1137 755 1192 801 et
1241 754 1372 804 tunc
1401 749 1596 805 intrate
1631 753 1812 807 eccle-

191 832 348 895 siam,
375 843 430 886 et
462 839 678 888 cantate
708 834 930 888 missam
963 852 1060 906 pro
1092 839 1331 907 peccatis
1361 848 1415 894 et
1458 843 1815 916 negligentiis

193 925 416 990 nostris,
477 924 700 994 insuper
751 942 851 996 pro
931 929 1112 983 anima
1168 930 1378 985 domini
1431 935 1604 988 nostri
1665 937 1813 1011 regis

194 1011 454 1075 Heinrici,
484 1021 539 1066 et
561 1029 659 1083 pro
690 1013 950 1069 omnibus
983 1014 1178 1072 Christi
1239 1019 1305 1052 ¹⁰³
1335 1019 1614 1086 ﬁdelibus,
1672 1025 1812 1078 vivis

186 1115 238 1160 et
271 1106 562 1162 defunctis.
592 1127 618 1157 ο
651 1108 931 1178 Completa
976 1120 1156 1166 autem
1195 1113 1567 1181 confessione,
1599 1117 1811 1186 episco-

190 1213 291 1266 pus
323 1197 544 1252 intravit
569 1198 884 1267 ecclesiam,
941 1203 1128 1256 omnia
1179 1204 1416 1274 implens
1465 1223 1587 1278 quae
1619 1208 1810 1280 regina

188 1288 615 1344 desideraverat.
672 1289 848 1345 Finita
889 1291 1075 1359 missa,
1133 1310 1349 1349 rursum
1382 1295 1601 1353 intravit
1651 1299 1809 1354 cubi-

185 1381 391 1449 culum,
421 1391 477 1436 et
501 1383 751 1438 iterando
781 1384 936 1440 dedit
983 1387 1061 1441 illi
1118 1390 1502 1447 remissionem
1550 1403 1808 1465 peccato-

187 1486 326 1523 rum.
391 1470 745 1526 Postmodum
800 1475 1056 1543 perunxit
1112 1492 1232 1532 eam
1285 1489 1497 1536 sacrato
1565 1483 1710 1549 oleo,
1752 1494 1807 1540 et

187 1557 454 1611 recreavit
483 1566 834 1615 sacrosancto
888 1563 1136 1632 corporis
1181 1574 1238 1618 et
1294 1569 1582 1638 sanguinis
1610 1569 1802 1626 Christi

187 1649 467 1718 mysterio.
513 1650 662 1705 Tunc
718 1651 854 1706 inibi
883 1656 1330 1712 commorabatur
1388 1676 1485 1729 per
1537 1661 1802 1730 triduum,

183 1739 312 1810 quia
341 1739 602 1795 credebat
622 1742 849 1810 jamjam
874 1745 1160 1802 imminere
1193 1748 1314 1817 ejus
1344 1751 1575 1807 obitum.
1602 1752 1804 1817 Quarto

184 1839 367 1884 autem
399 1831 487 1885 die
526 1847 648 1886 cum
683 1833 1039 1907 intelligeret,
1081 1838 1229 1893 diem
1253 1841 1632 1898 dissolutionis
1661 1860 1803 1900 non-

176 1919 308 1972 dum
335 1919 559 1984 instare,
603 1921 671 1974 ad
713 1930 1074 1992 aagrotantem
1137 1927 1382 2001 reginam
1433 1932 1686 1996 accessit,
1747 1939 1802 1987 et

171 2014 343 2068 eundi
375 2014 652 2070 licentiam
703 2019 1020 2086 postulavit,
1065 2021 1332 2094 plangens
1380 2023 1512 2079 ﬂetu
1543 2025 1802 2081 inconso-

169 2105 346 2160 labili.
414 2106 545 2177 quia
603 2108 896 2173 sentiebat,
959 2111 1080 2179 ejus
1133 2111 1507 2170 inﬁrmitatem
1569 2117 1797 2172 minime

166 2197 370 2262 leniri;
405 2199 504 2253 sed
531 2200 579 2253 si
613 2201 862 2256 magroris
891 2203 1156 2273 asperitas
1185 2205 1368 2261 animo
1427 2207 1566 2262 ullas
1608 2210 1799 2264 remit-

165 2292 308 2340 teret
361 2286 630 2353 inducias,
688 2304 800 2344 non
871 2290 1082 2358 dolere,
1133 2293 1266 2364 quin
1327 2295 1510 2364 potius
1564 2297 1796 2353 deberet

161 2377 447 2447 gaudere;
477 2379 607 2450 quia
674 2389 876 2436 sanctae
920 2382 1017 2436 Dei
1047 2383 1230 2439 anima
1257 2400 1540 2441 recessura
1569 2388 1637 2442 de
1660 2404 1790 2444 cor-

163 2485 322 2538 pore,
378 2468 448 2525 de
503 2471 697 2528 labore
741 2473 810 2527 ad
864 2474 1113 2546 requiem
1180 2477 1425 2533 creditur
1475 2482 1785 2550 pervenire.

162 2562 366 2618 Sancta
396 2571 578 2620 autem
611 2567 839 2622 domina
880 2577 935 2624 et
983 2570 1285 2642 episcOpus
1328 2573 1791 2646 colloquebantur

159 2650 307 2704 inter
335 2667 392 2705 se
435 2652 692 2723 plurima,
751 2672 876 2727 quae
935 2673 1262 2714 enumerare
1321 2670 1449 2716 sunt
1498 2665 1782 2738 perlonga.

154 2742 380 2796 interim
417 2744 606 2818 regina
633 2746 701 2800 ad
747 2763 808 2802 se
855 2749 1071 2803 vocavit
1125 2750 1458 2807 abbatissam
1516 2754 1786 2810 Richbur-

149 2847 302 2899 gam,
361 2832 711 2908 interrogans
777 2835 824 2889 si
883 2837 1016 2908 quid
1072 2839 1178 2893 sibi
1236 2852 1574 2912 superesset,
1633 2847 1782 2916 quod

148 2922 421 2993 epiSCOpo
451 2924 582 2978 dare
630 2933 831 2995 posset.
901 2928 998 2982 llla
1053 2946 1182 2986 vero
1241 2935 1584 3004 respondens
1648 2937 1772 2992 ait:

153 3029 179 3060 ι
210 3009 352 3074 Quid
376 3011 570 3079 .vobis,
621 3014 732 3069 Deo
789 3015 1166 3086 dilectissima,
1209 3028 1390 3091 potest
1426 3039 1716 3092 superesse
1746 3027 1774 3081 ?

151 3100 349 3154 Omnia
377 3111 554 3158 vestra
584 3103 640 3158 in
690 3106 1049 3163 necessitates
1081 3127 1385 3182 pauperum
1433 3124 1562 3170 sunt
1594 3117 1780 3172 distri-

153 3191 306 3246 buta.
367 3213 396 3242 υ
453 3195 516 3248 At
555 3194 694 3249 illa:
739 3216 763 3247 (ι
816 3197 916 3252 Ubi
966 3208 1114 3268 sunt,
1167 3202 1367 3274 inquit,
1411 3207 1595 3276 pallia,
1658 3225 1779 3280 quae

149 3288 354 3334 nostra:
383 3283 680 3350 sepulturae
719 3284 987 3353 jussimus
1033 3288 1427 3347 abscondenda
1453 3295 1481 3348 ‘P
1507 3297 1602 3350 Illa
1621 3299 1780 3353 nobis

151 3381 576 3444 praesententur,
622 3385 681 3432 ut
737 3386 925 3436 nostro
978 3384 1168 3453 nepoti
1210 3385 1265 3438 in
1323 3387 1522 3460 pignus
1577 3393 1780 3446 amoris

147 3464 433 3518 donentur
465 3483 479 3529 ;
512 3482 634 3520 nam
678 3468 795 3538 ipse
828 3470 981 3540 prior
1012 3473 1172 3528 nobis
1198 3475 1282 3530 his
1324 3477 1556 3551 indiget,
1586 3489 1644 3536 ut
1677 3499 1780 3554 pu-

146 3562 350 3620 tamus,
386 3555 516 3626 quia
548 3557 652 3612 iter
681 3559 1071 3619 difficillimum
1100 3575 1182 3621 est
1240 3568 1586 3640 incepturus.
1623 3573 1780 3628 Sem-

146 3663 249 3717 per
281 3647 434 3701 enim
466 3658 714 3704 versatur
739 3651 797 3705 in
819 3653 1012 3719 dubio,
1061 3674 1172 3728 quo
1211 3675 1272 3714 se
1301 3671 1476 3717 vertat
1507 3665 1779 3722 instabilis

145 3735 389 3790 fortuna:
421 3737 685 3804 conditio,
721 3741 807 3795 vel
838 3743 906 3796 ad
964 3761 1104 3815 quos
1134 3747 1353 3804 labores
1392 3752 1623 3809 miseros
1652 3773 1776 3827 per-

140 3827 326 3883 trahat
355 3830 629 3885 homines.
655 3832 788 3887 Cum
827 3843 1011 3892 autem
1055 3848 1244 3896 noster
1292 3844 1476 3900 obitus
1507 3851 1774 3918 evenerit,

146 3921 258 4009 hoc
292 3921 648 3990 proverbium
678 3923 732 3977 in
763 3926 924 3981 nobis
954 3938 1135 3998 potest
1161 3933 1472 4005 adimpleri,
1507 3941 1654 4009 quod
1683 3957 1776 3998 ore

141 4007 298 4099 vulgi
333 4009 440 4063 dici
470 4010 610 4065 solet
639 4029 652 4064 :
693 4033 712 4060 α
748 4011 1055 4087 Propinqui
1077 4035 1224 4090 saepe
1245 4007 1540 4080 invenient
1562 4031 1778 4099 nuptia-

151 4117 176 4146 α
213 4097 326 4150 lem
341 4105 547 4151 vestem
579 4105 633 4154 et
656 4100 968 4176 lugubrem.
1010 4107 1272 4163 nlnterim
1287 4111 1416 4166 dum
1444 4115 1561 4170 hzec
1593 4097 1777 4190 loque-

144 4196 309 4243 retur
336 4189 550 4263 regina,
583 4192 736 4246 venit
764 4194 1043 4256 abbatissa
1097 4198 1334 4255 afferens
1364 4205 1566 4274 pallia;
1602 4189 1776 4267 atilla

143 4279 269 4333 haec
303 4280 604 4350 accipiens,
656 4283 812 4339 dedit
865 4287 1149 4361 episcOpo,
1191 4299 1245 4347 et
1273 4295 1390 4350 ait:
1427 4317 1451 4347 α
1489 4299 1611 4356 Haec
1650 4320 1775 4358 mu-

142 4385 286 4424 nera
328 4377 512 4425 nostra
540 4372 654 4429 sint
689 4376 1130 4434 monimentam.
1167 4401 1191 4433 io
1221 4383 1280 4438 Et
1311 4400 1433 4440 cum
1469 4389 1584 4444 hazc
1613 4408 1771 4448 acce-

144 4459 331 4530 pisset
361 4459 679 4533 episcopus,
719 4466 923 4538 gratias
971 4468 1103 4543 egit,
1153 4478 1208 4526 et
1247 4488 1366 4528 eam
1437 4433 1851 4537 benedicensD

145 4553 403 4608 recessit.
447 4554 748 4612 Conversus
804 4569 986 4616 autem
1037 4564 1104 4618 ad
1153 4565 1588 4640 circumstantes,
1652 4591 1776 4631 cum

137 4645 376 4700 silentio
414 4647 494 4701 sic
524 4647 738 4704 locutus
765 4657 885 4705 est:
924 4672 948 4703 α
991 4654 1128 4710 Hinc
1178 4658 1234 4712 in
1262 4661 1630 4720 Radulveroth
1654 4673 1778 4723 ten-

139 4735 362 4800 dimus,
385 4742 440 4790 et
471 4755 640 4793 unum
681 4756 748 4796 ex
777 4743 992 4799 clericis
1053 4750 1258 4804 nostris
1297 4753 1386 4807 hic
1415 4755 1480 4789 ¹⁰⁵
1513 4757 1781 4832 relinqui-

139 4841 300 4888 mus,
330 4827 460 4880 utsi
495 4827 732 4885 dominae
792 4839 992 4888 nostra:
1045 4836 1228 4893 obitus
1276 4843 1514 4910 eveniat,
1574 4827 1687 4903 cito
1714 4851 1780 4904 ad

140 4928 255 4967 nos
287 4914 496 4979 redeat,
539 4925 595 4970 et
622 4917 784 4974 nobis
813 4924 1126 4992 annuntiet,
1161 4935 1221 4982 ut
1254 4929 1452 4986 iterum
1477 4936 1781 5003 veniamus,

142 5010 207 5057 et
238 5005 460 5059 decenti
502 5007 712 5064 honore
771 5027 974 5084 corpus
1022 5023 1182 5073 terra:
1242 5028 1717 5086 commendemus.
1754 5051 1778 5082 »

149 5098 372 5172 Regina
394 5116 524 5155 vero
545 5109 710 5172 caput
762 5107 1000 5179 erigens,
1035 5113 1193 5182 quasi
1241 5116 1538 5188 episc0pus
1569 5122 1687 5178 haec
1715 5124 1781 5178 ad

149 5203 217 5242 se
249 5189 482 5285 dixisset
515 5209 528 5246 :
561 5193 723 5285 :«_Non
757 5203 842 5251 est
866 5213 1026 5269 opus,
1064 5201 1265 5274 inquit,
1299 5215 1359 5262 ut
1392 5209 1480 5264 hic
1510 5213 1788 5285 relinqua-

152 5286 270 5339 tur,
334 5279 433 5331 sed
489 5280 768 5337 vobiscum
822 5287 1004 5355 potius
1059 5291 1438 5361 proficiscatur
1495 5317 1508 5364 ;
1570 5279 1788 5358 vos-illo

153 5371 292 5440 plus
347 5371 606 5446 indigetis
654 5377 709 5431 in
777 5383 1039 5440 comitatu
1091 5389 1259 5445 vestri
1312 5391 1540 5451 itineris.
1604 5399 1680 5452 lte
1736 5400 1790 5454 in

1919 488 2077 543 verit.
2124 514 2147 534 ι»

1987 580 2077 634 25.
2107 582 2355 636 Deobitu
2406 585 2657 653 episcopi.
2713 583 3016 655 EpiscOpus
3070 593 3250 640 autem
3302 587 3434 643 inde
3483 589 3538 644 in

1921 674 2284 730 Radulveroth
2315 691 2574 750 pergens,
2618 676 2807 749 ibique
2837 678 3222 734 medicinalem
3257 679 3538 751 accipiens

1920 765 2222 835 potionem,
2267 766 2562 823 subitanea
2621 778 2796 824 morte
2846 767 3170 844 defungitur
3227 772 3408 839 (Mart.
3455 773 3532 826 2ο.

1915 856 2120 912 Euntes
2140 865 2321 912 autem
2373 859 2554 914 nuntii
2589 860 2705 915 haec
2745 860 2800 914 in
2847 860 3285 936 Quitilingoburc
3325 862 3536 919 indica-

1913 942 2064 998 bant.
2097 943 2229 999 Cum
2279 953 2462 1000 autem
2504 962 2698 1002 omnes
2751 948 3069 1003 dubitarent
3125 947 3362 1020 qualiter
3417 953 3536 1006 haec

1913 1036 2117 1108 regina:
2169 1036 2566 1104 iudicarentur,
2607 1053 2678 1094 ne
2724 1039 3058 1095 infirmitatis
3115 1041 3236 1108 ejus
3265 1043 3534 1113 asperitas

1911 1123 2298 1196 adaugeretur,
2346 1127 2678 1182 venerabilis
2739 1128 2934 1184 Christi
2965 1128 3191 1196 famula,
3222 1131 3377 1202 quasi
3411 1132 3534 1203 spi-

1911 1215 2018 1272 ritu
2075 1217 2382 1286 prophetiaa
2435 1218 2723 1285 illustrata,
2784 1219 3201 1275 lacrimabiliter
3239 1221 3535 1278 subridens

1909 1308 1986 1363 ait
2019 1308 2248 1372 :«Quid
2294 1309 2438 1364 intra
2493 1326 2592 1366 vos
2644 1311 2998 1366 murmuratis
3047 1312 3076 1366 τ
3119 1312 3188 1367 Et
3225 1328 3325 1367 cur
3379 1314 3536 1369 triste

1916 1398 2116 1452 malum
2176 1415 2276 1454 nos
2329 1400 2508 1455 celare
2567 1400 2896 1456 desideratis
2950 1401 2978 1455 ?
3029 1401 3290 1457 Novimus
3359 1403 3532 1469 enim,

1907 1487 2308 1542 Willehelmum
2335 1488 2658 1558 episcOpum
2685 1489 2754 1543 de
2786 1489 2888 1544 hoc
2919 1491 3124 1545 mundo
3157 1490 3444 1563 migrasse,
3476 1501 3533 1548 et

1910 1579 2011 1633 hoc
2037 1587 2119 1633 est
2147 1595 2378 1653 magnus
2408 1581 2663 1636 cumulus
2687 1579 3036 1651 jinfirmitatis
3081 1591 3298 1639 nostrae.
3327 1584 3528 1638 Praaci-

1908 1669 2019 1740 pite
2041 1671 2198 1743 signa
2229 1671 2478 1726 ecclesiae
2502 1673 2728 1742 pulsari,
2762 1681 2817 1727 et
2872 1689 3146 1744 pauperes
3173 1677 3523 1750 congregari,

1904 1769 1962 1813 ut
1992 1759 2324 1814 elemosinas
2377 1761 2667 1832 accipiant,
2730 1778 2854 1832 qua:
2901 1778 2996 1833 pro
3047 1765 3227 1818 anima
3279 1765 3400 1832 ejus
3457 1766 3524 1820 ad

1902 1849 2074 1903 Deum
2106 1849 2464 1904 intercedant.
2504 1870 2528 1900 ››
2573 1850 2699 1905 Post
2728 1851 2847 1905 haec
2887 1851 3179 1906 duodecim
3213 1853 3332 1907 dies
3378 1869 3528 1908 mor-

1901 1939 2026 1992 talis
2041 1941 2165 1994 vitae
2182 1940 2434 2010 spiritum
2467 1939 2639 1995 duxit.

1969 2032 2058 2087 26.
2086 2033 2334 2099 Qualiter
2353 2048 2474 2087 suos
2490 2034 2762 2087 consolata
2773 2036 2841 2087 sit
2859 2074 2870 2087 .
2891 2033 3090 2088 Sancto
3118 2040 3296 2089 autem
3322 2035 3524 2090 sabba-

1900 2124 1994 2178 tho
2037 2125 2220 2193 (Mart.
2260 2123 2368 2193 14),
2399 2123 2453 2176 ἱη
2481 2139 2591 2194 quo
2633 2123 2828 2178 Christi
2864 2125 3067 2180 famula
3097 2142 3380 2180 recessura
3407 2137 3523 2182 erat

1897 2229 1927 2267 a
1956 2213 2168 2280 seculo,
2198 2220 2256 2267 ut
2287 2213 2524 2283 primum
2571 2215 2844 2284 persensit
2897 2215 3199 2282 lucescere,
3240 2232 3434 2271 omnes
3464 2217 3519 2271 in

1897 2302 2152 2357 cubiculo
2167 2318 2356 2356 secum
2369 2313 2776 2357 commorantes
2793 2303 3162 2358 admonuitde
3186 2321 3381 2360 somno
3399 2322 3519 2360 sur-

1894 2406 2050 2464 gere,
2073 2398 2132 2445 ut
2164 2389 2499 2460 presbiteros
2521 2390 3038 2446 etsanctimoniales
3053 2402 3440 2459 convocarent,
3465 2400 3522 2448 et

1894 2500 2017 2555 quae
2049 2485 2263 2556 agenda
2293 2493 2480 2538 essent
2543 2491 2786 2557 agerent.
2851 2485 2984 2539 Cum
3037 2501 3169 2559 ergo
3225 2486 3517 2541 innumera

1892 2575 2177 2646 utriusque
2198 2591 2363 2629 sexus
2376 2575 2672 2630 multitudo
2687 2575 3029 2642 conveniret,
3051 2576 3302 2647 praecipit
3327 2583 3516 2632 sancta

1890 2667 1984 2722 Dei
2016 2667 2150 2722 nulli
2188 2667 2473 2721 introitum
2529 2655 2828 2737 prohiberi.
2864 2668 3033 2739 Igitur
3054 2668 3312 2722 omnibus
3342 2669 3513 2724 intro-

1887 2759 2113 2833 gressis,
2143 2758 2476 2813 salutaribus
2518 2758 2744 2814 monitis
2777 2757 2900 2813 illos
2932 2759 3206 2824 instruxit,
3261 2759 3454 2814 dicens
3497 2778 3510 2814 :

1889 2876 1910 2896 ι-
1956 2851 2163 2906 Servite
2185 2851 2415 2906 Domino
2455 2851 2511 2905 in
2567 2851 2786 2914 timore,
2815 2858 2868 2904 et
2900 2851 3138 2906 exultate
3169 2851 3219 2905 ei
3250 2867 3373 2906 cum
3400 2859 3513 2906 tre-

1884 2957 2038 2997 more
2072 2959 2086 3007 ;
2117 2941 2520 3012 apprehendite
2549 2941 2920 3011 disciplinam,
2956 2957 3024 2995 ne
3055 2942 3276 3013 quando
3308 2943 3511 2997 irasca-

1806 3064 1854 3131 Ο
1881 3039 1966 3086 tur
1992 3031 2279 3094 Dominus,
2313 3038 2367 3085 et
2429 3031 2670 3100 pereatis
2723 3030 2792 3084 de
2821 3030 2908 3085 via
2943 3030 3096 3098 justa
3133 3032 3298 3096 (Psal.
3334 3048 3393 3096 II,
3419 3033 3505 3086 11.

1879 3120 1986 3190 21).
2015 3120 2296 3175 Declinate
2325 3136 2356 3174 a
2386 3119 2528 3174 malo
2559 3118 2794 3174 etfacite
2825 3119 3058 3185 bonum,
3091 3128 3150 3174 ut
3178 3120 3232 3174 in
3267 3129 3510 3175 extrema

1881 3213 2014 3267 hora
2042 3219 2234 3267 vestrae
2266 3212 2463 3265 animae
2483 3211 2551 3264 ab
2585 3211 2801 3265 insidiis
2849 3211 3057 3266 diaboli
3091 3211 3424 3281 eripiantur,
3455 3222 3510 3267 et

1881 3311 2089 3358 aeterna
2122 3303 2280 3358 vobis
2328 3303 2552 3372 praemia
2579 3319 2609 3357 a
2641 3304 2749 3358 Deo
2809 3303 3107 3358 donentur.
3172 3326 3192 3353 ι
3231 3304 3356 3358 Post
3389 3303 3508 3358 haec

1881 3392 2166 3462 praecepit,
2196 3401 2255 3444 ut
2282 3406 2476 3444 omnes
2513 3391 2726 3446 exirent
2757 3391 2813 3445 in
2846 3408 2981 3462 pace
3011 3393 3229 3456 Christi,
3255 3393 3359 3447 nisi
3410 3391 3504 3464 qui

1830 3517 1837 3523 -
1881 3484 2192 3539 necessaria
2220 3483 2324 3538 sibi
2357 3491 2546 3538 essent
2594 3484 2978 3539 ministraturi.
3023 3485 3175 3540 Tunc
3223 3486 3290 3539 ad
3320 3502 3378 3540 se
3399 3503 3504 3541 vo-

1879 3576 2023 3630 cavit
2060 3592 2215 3630 suam
2245 3575 2524 3646 neptulam
2553 3575 2884 3630 abbatissam
2932 3575 3308 3640 Mahthildam,
3335 3576 3500 3631 filiam

1879 3665 2092 3720 Ottonis
2122 3665 2492 3736 imperatoris,
2552 3665 2809 3720 salutaria
2869 3665 2948 3720 illi
3000 3667 3138 3720 dans
3177 3667 3408 3733 monita,
3446 3675 3504 3721 ut

1878 3765 2023 3812 esset
2055 3758 2143 3827 pia
2172 3763 2224 3811 et
2263 3757 2508 3822 humilis,
2553 3757 2800 3826 prudens
2830 3764 2884 3812 et
2904 3765 3085 3823 cauta,
3117 3773 3182 3813 ac
3205 3759 3312 3812 sibi
3346 3774 3499 3814 com-

1879 3845 2104 3900 missum
2137 3861 2361 3920 gregem
2417 3845 2741 3913 custodiret,
2773 3853 2826 3901 et
2859 3855 2917 3900 ut
2960 3847 3352 3902 monasterium
3377 3863 3497 3902 raro

1879 3935 2258 4009 egrederetur,
2293 3950 2363 3988 ne
2391 3935 2734 3990 secularibus
2756 3935 2943 3991 dedita
2980 3953 3010 3991 a
3050 3936 3246 3992 Christi
3275 3937 3499 3991 servitio

1879 4029 2260 4099 impediretur.
2325 4029 2484 4084 Dedit
2540 4030 2703 4084 etiam
2761 4030 2813 4084 ei
2887 4031 2942 4085 in
3000 4047 3222 4085 manum
3278 4047 3501 4100 compu-

1878 4120 2179 4186 tarium,in
2206 4135 2316 4192 quo
2373 4120 2596 4175 nomina
2647 4120 3032 4176 defunctorum
3082 4121 3288 4193 scripta
3341 4129 3498 4177 erant

1877 4226 2204 4281 procerum;
2238 4211 2645 4265 commendavit
2685 4211 2763 4265 illi
2804 4211 3014 4266 domini
3047 4212 3132 4265 sui
3157 4211 3303 4286 regis
3337 4211 3497 4265 Heiu-

1876 4305 1975 4360 rici
2033 4305 2294 4370 animam,
2349 4305 2758 4361 commendavit
2801 4315 2854 4361 et
2902 4322 3085 4373 suam,
3142 4313 3196 4360 et
3251 4305 3497 4359 omnium

1877 4392 2146 4460 fidelium,
2176 4410 2408 4465 quorum
2463 4394 2787 4449 memoriam
2840 4394 3138 4449 recolebat.
3190 4393 3498 4449 Novissimo

1878 4491 2058 4538 autem
2093 4484 2367 4538 Richburc
2397 4484 2676 4538 abbatissa
2707 4491 2904 4539 moesta
2949 4486 3241 4556 processit,
3267 4494 3322 4539 et
3350 4501 3497 4556 genu

1880 4575 2021 4629 flexo
2052 4575 2108 4628 in
2149 4583 2369 4640 terram,
2399 4575 2569 4644 pedes
2597 4575 2804 4648 reginae
2836 4576 3172 4631 lacrimando
3205 4575 3499 4646 amplecti-

1882 4677 1989 4731 tur,
2017 4667 2092 4720 ita
2114 4666 2372 4737 inquiens
2405 4683 2417 4719 :
2450 4690 2474 4714 ει
2499 4666 2730 4722 Domina
2753 4666 2826 4720 mi
2859 4668 3191 4735 carrissima,
3224 4669 3312 4723 cui
3336 4669 3498 4724 relin-

1883 4761 2051 4834 quitis
2075 4763 2556 4836 congregationem
2617 4761 2938 4826 desolatam,
3001 4780 3169 4832 super
3223 4780 3385 4835 quam
3412 4780 3498 4818 me

1886 4851 2169 4925 indignam
2223 4850 2588 4905 constituistis
2645 4849 2978 4906 abbatissam
3021 4851 3049 4904 ?
3093 4853 3324 4908 Difficile
3364 4854 3501 4907 mihi

1885 4955 1968 5000 est
1985 4961 2204 4999 servare
2235 4958 2457 5015 gregem
2489 4941 2866 5009 commissum,
2899 4945 3030 5014 quia
3060 4953 3299 4998 vestrum
3324 4945 3504 4998 aberit

1883 5036 2210 5091 subsidium.
2241 5059 2264 5080 η
2295 5033 2492 5088 Sancta
2513 5049 2642 5088 vero
2676 5034 3062 5107 reginajsuper
3093 5037 3207 5090 haec
3231 5034 3398 5087 verba
3421 5043 3506 5088 to-

1888 5132 1958 5185 tis
1976 5129 2280 5185 visceribus
2297 5134 2588 5192 commota,
2604 5127 2744 5183 dixit
2770 5147 2781 5182 :
2811 5150 2835 5179 ιι
2866 5129 3090 5185 Summo
3105 5145 3198 5184 vos
3217 5143 3504 5182 commen-

1891 5224 2084 5277 damus
2115 5221 2390 5276 defensori
2426 5238 2440 5286 ;
2477 5235 2588 5274 non
2647 5219 3008 5291 relinquimus
3035 5235 3130 5275 vos
3159 5219 3380 5286 alienis,
3412 5221 3510 5274 sed

1844 5381 1850 5387 '
1891 5312 2006 5366 ﬁlio
2036 5319 2224 5366 nostro
2271 5309 2452 5365 Ottoni
2499 5309 2738 5380 aliisque
2792 5308 3088 5378 nepotibus
3130 5305 3351 5363 nostris.
3392 5328 3411 5355 ι
3449 5309 3512 5362 At

1892 5401 1985 5454 illa
2013 5402 2130 5455 ait:
2164 5426 2184 5447 ι
2232 5399 2488 5456 Versatur
2535 5400 2719 5467 nobis,
2762 5398 3008 5465 domina,
3064 5397 3120 5452 in
3173 5397 3366 5464 dubio,
3401 5415 3510 5472 quo

1527 5523 1745 5580 VARIAS
1779 5526 2158 5585 LECTIONES.
2187 5519 2192 5522 ’

242 5602 315 5636 ¹⁰³
343 5617 450 5659 vox
478 5605 622 5663 deest
644 5610 696 5664 1.
729 5611 791 5646 ¹⁰⁴
823 5623 955 5670 sunt
983 5620 1324 5680 munimenta
1363 5627 1412 5682 1.
1443 5629 1591 5685 Istud
1619 5632 1864 5689 caritatis
1890 5633 2096 5690 donum
2128 5635 2239 5690 mei
2266 5635 2412 5706 apud
2426 5643 2478 5690 te
2499 5635 2569 5690 sit
2595 5632 3079 5689 commonitorium
3103 5631 3155 5687 2.
3193 5632 3258 5667 ¹⁰³
3289 5631 3420 5688 hinc
3452 5634 3504 5694 1.
