3994 6132
437 244 469 296 υ
487 243 545 296 ις)
1587 238 1919 293 GUMPOLDI
1962 239 2250 295 EPISCOPI
2296 239 2632 295 MANTUAM.
3675 247 3778 301 920

437 383 497 422 se
522 372 693 420 vertat
713 364 930 419 animus
962 364 1202 418 illorum.
1245 383 1267 414 ιο
1293 363 1421 417 Cum
1455 379 1586 437 ergo
1636 365 1877 421 abatissa
1903 383 2046 422 ama-
2075 372 2125 438 Α
2151 366 2490 439 ἀνδςθεὶῐηω.
2515 366 2644 420 Cum
2677 375 2858 421 autem
2887 383 3091 439 corpus
3122 370 3382 426 lavissent
3414 377 3468 426 et
3491 371 3561 425 ad
3596 372 3773 427 eccle-

439 475 495 513 re
534 459 691 510 tlcret
742 465 794 509 et
849 455 1242 509 consolationis
1289 456 1456 510 verba
1506 464 1804 526 expeteret,
1855 460 2048 534 regina
2147 454 2285 509 siam
2316 455 2663 522 detulissent,
2695 465 2964 511 venerunt
2999 459 3179 512 nuntii
3213 459 3418 534 reginae
3449 460 3770 535 Gerburgis,

437 561 726 602 mmrorem
748 545 868 612 ejus
905 543 1077 598 lenire
1108 545 1340 614 cupiens
1370 545 1479 600 ait:
1517 566 1540 594 α
1564 547 1677 610 Quo
1702 563 1832 618 spes
1862 558 2047 606 nostra
2149 543 2619 598 ﬁliaevenerabilis
2643 544 2861 600 domnae
2877 545 3528 612 Mahthildis,aﬂ‘erentes
3546 551 3765 620 pallium

439 633 735 700 teudenda,
793 649 901 704 quo
959 632 1176 687 animus
1215 642 1399 688 noster
1453 634 1796 707 dirigendus,
1845 639 1947 692 nisi
1980 640 2047 694 ad
2149 635 2677 702 aurointertextum,
2745 643 2932 707 aptum
2990 641 3275 710 coeperire
3321 641 3584 695 loculum.
3624 642 3769 698 Tunc

439 725 656 782 Deum?
706 725 945 779 Primum
986 724 1212 794 quaerite
1256 740 1485 798 regnum
1537 725 1631 779 Dei
1690 734 1744 781 et
1777 727 2046 795 justitiam
2150 724 2338 779 electae
2394 725 2588 779 Christi
2633 724 2850 780 famulae
2909 728 3204 798 prephetia
3254 728 3311 783 in
3378 730 3652 784 omnibus
3675 730 3772 785 fuit

439 819 583 887 ejus,
607 823 659 871 et
689 815 1007 871 haacomnia
1042 815 1373 883 adjicientur
1420 815 1579 870 vobis
1629 819 1773 887 (Luc.
1806 837 1902 887 xu,
1936 822 2048 892 3-1).

439 911 746 974 Credimus,
773 908 944 962 tilium
978 914 1223 962 nostrum
1261 906 1533 972 Ottonem,
1576 909 1774 979 prioris
1805 913 2060 981 promissi

442 1003 585 1058 haud
616 1002 1017 1064 immemorem,
1060 999 1218 1054 vobis
1243 999 1566 1069 impendere
1604 1002 1872 1057 solamen.
1916 1006 2052 1068 Qui-

439 1109 678 1166 cumque
702 1099 882 1147 autem
916 1091 1320 1161 possessionem
1345 1091 1769 1148 ecclesiasticam
1786 1111 1852 1149 ex
1873 1102 2058 1150 nostra

443 1197 593 1261 parte
634 1198 829 1243 vestrae
871 1186 1189 1241 necessitati
1220 1187 1471 1241 traditam
1531 1187 1734 1255 injusta
1777 1190 2058 1261 despolia-

443 1282 589 1338 tione
646 1278 849 1336 scindit
893 1278 977 1332 vel
1024 1277 1366 1341 comminuit,
1424 1280 1726 1349 provideat,
1782 1282 1915 1353 quid
1947 1284 2057 1338 Deo

443 1370 797 1441 respondeat,
820 1375 1010 1424 contra
1039 1384 1166 1423 vero
1201 1368 1454 1440 quisquis
1484 1371 1699 1424 muniat
1724 1372 1808 1426 vel
1833 1383 2056 1445 augeat,

445 1481 475 1518 a
535 1463 683 1527 Deo,
747 1461 896 1516 ﬁdeli
961 1468 1411 1527 remuneratore,
1464 1461 1688 1535 dignam
1747 1465 2058 1519 mercedem

447 1551 692 1622 recipiat.
721 1573 748 1596 ι»

515 1643 604 1697 27.
658 1642 900 1708 Qualiter
949 1640 1164 1694 obterit.
1230 1639 1355 1694 Post
1419 1640 1536 1694 haec
1583 1639 1749 1694 verba
1797 1643 2060 1711 praecepit

447 1734 785 1806 presbiteros
830 1740 885 1788 et
931 1732 1385 1787 sanctimoniales
1440 1732 1666 1802 prepius
1695 1733 2066 1799 accedere,ut

447 1827 566 1894 ejus
615 1823 1024 1879 confessionem
1075 1822 1328 1876 audirent
1387 1823 1495 1876 sibi
1546 1840 1576 1876 a
1623 1824 1735 1878 Deo
1786 1825 2066 1879 remissio-

450 1932 576 1971 nem
618 1913 976 1986 postularent.
1008 1912 1121 1976 Quo
1176 1911 1339 1977 facto,
1366 1912 1767 1980 jussitmissam
1796 1914 2067 1978 celebrari

450 2019 505 2067 et
535 2022 738 2079 corpus
783 2003 982 2064 Christi
1031 2003 1137 2057 sibi
1170 2002 1373 2069 aﬂ‘erri,
1417 2013 1475 2058 ut
1511 2020 1608 2074 per
1643 2005 1781 2059 sacri
1822 2001 2066 2076 mysterii

452 2096 897 2156 communionem
931 2092 1179 2147 securius
1200 2091 1457 2146 evaderet
1481 2092 1665 2146 callidi
1686 2092 1858 2147 hestis
1887 2094 2067 2150 laesio-

451 2207 597 2246 nem.
635 2188 725 2241 liis
754 2184 1012 2241 omnibus
1042 2184 1145 2238 rite
1169 2183 1420 2254 peractis,
1463 2183 1569 2236 sibi
1593 2190 1832 2238 astantes
1869 2185 2066 2241 admo-

453 2281 592 2344 nuit,
622 2286 683 2334 ut
722 2277 960 2349 psalmos
1005 2275 1298 2348 vigilanter
1341 2275 1701 2330 decantarent
1743 2283 1797 2330 et
1828 2292 2065 2350 evange-

451 2374 585 2429 lium
615 2371 882 2443 legerent,
905 2384 1080 2439 usque
1095 2368 1224 2422 dum
1238 2367 1422 2421 anima
1437 2368 1595 2437 jussu
1627 2367 1720 2422 Dei
1743 2367 1813 2422 de
1835 2384 2067 2439 corpore

453 2467 784 2524 discederet.
816 2463 944 2518 Post
972 2463 1091 2516 hac
1156 2461 1365 2514 nullum
1424 2461 1651 2515 verbum
1693 2462 1937 2531 protulit,
1970 2463 2068 2517 sed

453 2557 628 2612 oculis
649 2553 906 2624 expansis
934 2559 989 2606 et
1008 2551 1264 2604 manibus
1319 2549 1758 2615 elevatis,animo
1791 2558 1844 2606 et
1874 2552 2068 2623 spiritu

454 2650 508 2704 in
561 2648 762 2703 cmlum
817 2643 1073 2699 intendit.
1154 2643 1644 2714 Appropinquante
1695 2650 1878 2699 autem
1936 2645 2069 2700 hora

455 2757 621 2806 nona,
632 2739 795 2808 jussit
816 2738 1054 2792 cilicium
1083 2735 1234 2790 humi
1265 2736 1417 2806 poni,
1449 2751 1649 2806 corpus
1675 2737 2064 2793 moribundum

2157 813 2477 884 adimpleta,
2550 821 2604 869 et
2659 814 2727 869 de
2813 817 3291 891 transmigratione
3365 820 3777 891 archiepiscopi

2161 904 2495 960 Willehelmi
2517 913 2572 960 et
2602 914 2754 962 veste
2783 907 3024 981 lugubri.

2229 996 2300 1048 28
2333 999 2406 1050 De
2444 999 2723 1066 sepultura
2753 1000 2892 1068 ejus.
2927 999 3099 1071 Igitur
3121 1001 3464 1072 sepelierunt
3501 1015 3712 1071 corpus
3736 1002 3782 1054 in

2157 1082 2387 1137 basilica
2412 1085 2585 1139 sancti
2616 1085 2869 1152 Servatii,
2904 1087 3060 1155 juxta
3102 1089 3419 1160 sepulcrum
3439 1089 3593 1162 regis
3621 1089 3784 1144 Hein-

2158 1177 2402 1250 rici(43),
2436 1195 2559 1232 cum
2611 1195 2811 1252 magno
2867 1182 3098 1249 honore,
3155 1184 3250 1237 ubi
3310 1185 3433 1255 ipsa
3462 1184 3787 1239 decreverat

2159 1271 2504 1341 requiescere
2536 1278 2590 1325 et
2618 1272 2763 1326 diem
2789 1272 2985 1341 judicii
3013 1284 3324 1345 expectare.
3356 1277 3503 1350 Ergo
3529 1277 3787 1331 discessit

2159 1362 2228 1416 de
2259 1377 2511 1433 corpore,
2544 1364 2748 1419 nobilis
2765 1381 2994 1439 genere,
3020 1368 3258 1424 nobilior
3283 1370 3539 1424 moribus
3568 1377 3628 1423 et
3659 1385 3785 1424 sau-

2160 1454 2555 1520 ctitate,senex
2585 1457 2817 1527 etplena
2849 1459 3083 1526 dierum,
3115 1462 3375 1515 omnibus
3397 1463 3518 1516 suis
3552 1462 3788 1532 posteris

2161 1545 2369 1600 bonum
2391 1546 2708 1618 relinquens
2740 1551 3072 1620 exemplum.
3098 1553 3225 1606 Cum
3242 1555 3452 1608 honore
3479 1555 3639 1607 enim
3662 1569 3786 1623 prae-

2165 1644 2375 1690 sentem
2409 1637 2574 1692 vitam
2635 1640 2884 1708 duxerat,
2918 1647 2970 1695 et
3015 1658 3137 1696 cum
3196 1645 3409 1698 honore
3462 1645 3539 1698 de
3585 1644 3790 1697 mundo

2169 1727 2439 1798 migrabat
2470 1746 2482 1795 ;
2515 1737 2568 1783 et
2589 1729 2859 1801 quidquid
2886 1733 3262 1801 temporaliter
3279 1734 3510 1795 vixerat,
3541 1734 3597 1787 in
3629 1733 3790 1788 bonis

2167 1819 2429 1888 operibus
2457 1824 2896 1878 consummabat.
2917 1825 3033 1879 Non
3063 1825 3304 1879 estenim
3322 1834 3544 1880 mortua
3560 1826 3794 1879 creden-

2169 1909 2258 1977 da,
2291 1912 2398 1978 cui,
2442 1923 2501 1967 ut
2553 1923 2824 1984 speratur,
2881 1917 3095 1971 reddita
3135 1925 3220 1972 est
3265 1917 3498 1985 justitia:
3540 1933 3792 1980 corona;

2169 2003 2296 2074 quia
2325 2005 2703 2075 temporaliter
2756 2007 2966 2073 vivens,
3015 2023 3210 2062 omnes
3248 2007 3588 2062 desideravit
3619 2007 3794 2062 salvos

2167 2111 2291 2150 esse
2317 2103 2372 2150 et
2404 2097 2684 2152 neminem
2710 2099 2778 2154 de
2805 2115 2970 2173 grege
3000 2099 3195 2154 Christi
3211 2101 3392 2170 perire
3425 2101 3514 2165 ;in
3550 2101 3791 2170 profectu

2167 2183 2435 2255 cujusque
2492 2185 2695 2246 hilaris,
2733 2187 2789 2240 in
2847 2188 3172 2243 adversitate
3230 2197 3414 2243 autem
3447 2190 3790 2259 pertristris;

2168 2291 2298 2348 erga
2338 2292 2532 2331 omnes
2592 2279 2681 2348 pia
2739 2285 2795 2333 et
2849 2281 3274 2350 eompassibilis,
3345 2281 3600 2350 exceptis
3632 2281 3789 2347 vitiis,

2170 2368 2374 2438 quibus
2402 2385 2510 2424 non
2542 2372 2850 2441 compassio
2904 2373 3002 2426 sed
3043 2373 3315 2428 rectitude
3355 2374 3613 2428 debetur.
3653 2373 3788 2426 Mul-

2171 2466 2347 2514 torum
2382 2461 2705 2517 festivitates
2733 2473 3047 2519 sanctorum
3079 2467 3135 2518 in
3167 2466 3403 2520 ecclesia
3442 2465 3793 2520 celebrantur

2169 2566 2402 2622 quorum
2445 2552 2653 2606 meritis
2694 2569 2803 2607 non
2840 2553 3017 2623 impar
3049 2565 3154 2619 est,
3202 2562 3260 2608 ut
3317 2570 3632 2625 speramus,
3670 2562 3724 2608 et
3768 2571 3794 2606 a

2169 2655 2406 2710 quorum
2454 2641 2717 2696 societate
2751 2657 2859 2696 non
2901 2643 3245 2712 separabitur
3277 2643 3333 2696 in
3389 2651 3600 2696 aeterna
3631 2643 3796 2695 beati-

2175 2729 2388 2784 tudine.
2422 2729 2558 2784 Vere
2586 2729 2762 2784 luerat
2787 2730 3017 2803 dignum
3049 2732 3332 2800 templum,
3378 2731 3433 2784 in
3467 2746 3580 2802 quo
3612 2729 3794 2784 Domi-

452 2849 620 2904 supra
650 2830 928 2896 collocari,
987 2829 1224 2899 prepriis
1278 2828 1534 2883 manibus
1579 2829 1821 2884 cinerem
1879 2830 2064 2900 impo-
2167 2841 2271 2880 nus
2343 2826 2699 2890 habitaverat,
2767 2827 2974 2895 jejunis
3035 2827 3381 2900 castigatum,
3441 2826 3790 2881 orationibus

456 2938 601 2976 nens.
633 2919 799 2989 capiti
825 2937 837 2972 :
874 2939 898 2969 ‹‹
925 2917 1043 2972 Νοη
1073 2917 1252 2983 decet,
1283 2918 1480 2988 inquit,
1510 2917 1930 2973 christinianum
1958 2919 2064 2973 nisi
2168 2913 2434 2968 refectum
2468 2915 2554 2979 ίοτ,
2586 2915 2822 2985 puritate
2880 2915 3203 2969 mundatum
3285 2915 3391 2968 Sed
3408 2915 3544 2985 quid
3574 2915 3649 2968 de
3676 2915 3790 2982 ejus

457 3011 512 3064 in
535 3009 712 3064 cilicio
769 3015 822 3062 et
863 3007 1051 3061 cinere
1107 3007 1266 3060 mori.
1303 3028 1330 3054 η
1383 3008 1516 3060 Dein
1567 3015 1769 3062 sanctae
1799 3008 1979 3063 crucis
2006 3026 2065 3063 se
2101 3068 2137 3078 Α
2171 3005 2334 3059 laude
2370 3006 2535 3078 digne
2590 3015 2773 3076 potest
2822 3005 2978 3061 dici?
3013 3006 3276 3061 Dominus
3302 3007 3356 3059 in
3393 3006 3487 3059 illa
3516 3006 3789 3067 laudetur,

455 3100 712 3155 muniens
733 3097 1040 3171 signaculo,
1092 3113 1214 3151 cum
1267 3113 1401 3168 pace
1430 3106 1486 3152 et
1516 3100 1704 3171 requie
1737 3099 2069 3156 obdormivit
2093 3068 2140 3134 (ἶ
2172 3103 2225 3150 et
2252 3097 2369 3167 ipsa
2410 3099 2464 3151 in
2508 3098 2736 3153 Domino
2770 3115 2784 3164 ;
2817 3098 2933 3168 ipse
2975 3099 3120 3152 enim
3153 3105 3239 3152 est
3270 3099 3388 3151 laus
3418 3097 3618 3167 ipsius,
3644 3097 3790 3164 cujus

458 3190 512 3243 in
542 3188 773 3243 Domino
798 3188 833 3240 2
859 3186 1018 3256 [ldus
1047 3186 1240 3241 Martii.
1301 3187 1364 3242 Ut
1416 3187 1723 3243 rectissime
1775 3190 1952 3259 potuit
1986 3190 2070 3243 in-
2173 3187 2293 3242 laus
2341 3188 2407 3242 ab
2449 3189 2568 3257 ejus
2607 3205 2702 3245 ore
2743 3205 3041 3260 numquam
3075 3189 3324 3256 recessit,
3357 3189 3447 3243 cui
3498 3195 3586 3242 est
3625 3189 3792 3242 honor

457 3278 736 3352 vestigari,
761 3277 946 3331 anima
971 3286 1174 3331 sanctae
1203 3277 1296 3331 Dei
1348 3294 1569 3352 egressa
1608 3286 1689 3333 est
1721 3280 1790 3334 de
1846 3295 2079 3350 corpore
2178 3288 2232 3333 et
2255 3281 2448 3351 gloria,
2473 3281 2642 3336 decus
2671 3288 2726 3336 et
2781 3281 3073 3352 imperium
3135 3282 3188 3335 in
3219 3281 3408 3336 secula
3454 3281 3790 3341 seculorum,

458 3371 512 3424 in
547 3367 667 3438 ipsa
697 3367 765 3401 ¹⁰⁶
795 3367 928 3422 hora
947 3366 1076 3433 diei,
1112 3383 1218 3438 qua
1239 3382 1460 3437 semper
1485 3369 1950 3423 consuetudinem
1982 3371 2082 3423 ha-
2179 3373 2368 3427 Amen.

459 3461 578 3516 buit
601 3474 872 3531 pauperes
903 3473 1154 3513 recreare
1171 3457 1224 3512 in
1244 3459 1469 3514 nomine
1488 3459 1705 3514 Domini
1733 3459 1935 3514 diebus
1947 3477 2080 3533 qua-

1322 3554 1619 3609 EXPLICIT
1651 3555 1802 3609 VlTA
1834 3554 2176 3610 GLORIOS/E
2215 3555 2482 3610 REGlN/E
2521 3555 2936 3610 MAHTHILDIS.

1813 3655 2032 3710 VARIIE
2061 3656 2438 3712 LECTIONES.

531 3755 597 3789 ¹⁰⁶
621 3753 674 3808 id
701 3761 786 3809 est
816 3769 962 3810 nona
990 3755 1152 3808 addit
1179 3753 1212 3809 3
1243 3752 1308 3788 ¹⁰⁷
1339 3759 1394 3808 et
1424 3751 1770 3818 mundatum,
1805 3751 2040 3823 puritate
2070 3751 2388 3805 decoratum
2414 3750 2469 3803 2.

527 3925 640 3994 (43)
675 3924 771 3978 Ubi
799 3925 982 3980 adhuc
1007 3923 1364 3994 conspicitur,
2011 3848 2218 3904 ΝΟΤίΕ·

1284 4133 1518 4176 ΙΝΤΒΑ
1565 4131 1834 4176 ANNUM
1881 4127 2953 4174 Ι)ΟΟΟΟΙλΧνΙΙ-ΒΟΟΟΟΙΑΧΧΧἾ.

1423 4266 2822 4439 GUMPOLDUS

1124 4506 1996 4612 EPISCOPUS
2115 4514 3119 4614 MANTUANUS.

1923 4691 2287 4702 ————

1673 4762 2564 4903 GUMPOLDI

895 4952 1213 5039 VITA
1311 4953 2114 5044 VENCEZLAVI
2209 4957 2584 5047 DUCIS
2677 4959 3336 5048 ΒΟΗΕΜΙΑΞ.

1066 5100 1264 5168 (Pertz,
1292 5104 1638 5159 Monumenta
1669 5104 1973 5160 Germania:
2002 5105 2280 5171 historica,
2315 5105 2514 5177 Script.
2547 5112 2679 5163 tom.
2716 5107 2801 5176 IV,
2832 5123 2959 5184 pag.
2987 5106 3136 5176 2H).

1425 5293 2263 5375 UBSERVATIONES
2351 5293 2808 5375 PIL/EVI/E.

519 5418 648 5475 ΖΕνο
695 5429 817 5491 post
845 5423 1055 5479 caedem
1117 5424 1437 5480 Venceslavi
1469 5426 1624 5481 ducis
1656 5435 1902 5497 peracto,
1933 5445 2055 5482 cum
2084 5499 2114 5502 _
2160 5427 2290 5481 miaa
2323 5426 2462 5482 ﬁnes
2492 5428 3073 5502 transgredereturil),
3105 5434 3160 5483 et
3185 5429 3298 5496 jam
3313 5429 3539 5501 jamque
3571 5430 3784 5484 decon~

449 5508 834 5566 miraculorum
865 5513 1061 5569 virtute
1082 5515 1202 5584 ejus
1224 5523 1665 5587 perpetratorum
1705 5515 1848 5572 fama
1881 5499 2133 5573 Bohe-D
2158 5521 2342 5578 dendo
2371 5499 2952 5597 Pragensiiepiscopio
2991 5530 3046 5577 et
3098 5522 3364 5579 Bohemia
3415 5499 3781 5594 Ratispouen-

525 5679 597 5746 (ι)
636 5679 958 5750 Widukind,
995 5687 1032 5741 ι.
1073 5687 1160 5743 35.
1597 5663 1600 5665 Α
1999 5622 2212 5691 NOT’E’
