4042 6156
293 275 399 328 921
997 275 1141 328 νιΤΑ
1185 269 1589 327 VENCEZLAVI
1629 269 1823 327 DUCIS
1861 228 2180 328 BOHEMLE
2241 306 2310 316 —
2351 278 2626 334 OBSERV.
2671 279 2979 335 PRAEVIIE.
3557 282 3664 338 922

289 401 438 458 sium
471 399 774 472 prasulum
807 403 1069 472 potestati
1099 402 1392 458 eximenda
1428 399 1786 472 cogitaretur,
1811 401 1932 457 Otto
1958 407 2012 476 Α
2037 381 2308 472 dextram,
2331 421 2440 478 qua
2485 407 2698 463 Christo
2755 407 3049 481 Gumpoldi
3103 410 3301 466 librum
3332 413 3401 466 ab
3436 412 3665 468 Hemma

293 492 653 562 Himperator
681 490 993 561 Gumpoldo
1029 491 1324 546 Mantuano
1347 491 1611 562 episcopo
1650 491 1731 562 (2)
1755 490 1931 546 Vitam
2034 493 2142 548 sibi
2198 506 2510 564 porrectum
2559 498 2856 561 obtulerat.
2909 502 3144 556 adorans
3193 503 3390 557 elevat.
3439 503 3663 559 llemma

292 580 627 636 VencezlaVi
675 579 1032 636 scribendam
1096 582 1351 648 iniunxit.
1431 581 1531 644 QUi
1585 597 1931 654 quacunque
2034 587 2236 643 vestitu
2269 591 2519 647 violaceo
2579 608 2717 647 auro
2757 609 3055 665 conSperso
3109 603 3164 651 et
3204 598 3374 652 limbo
3405 605 3460 651 et
3488 613 3662 669 cappa

291 676 450 724 tanto
485 669 752 739 temporis
779 669 961 739 spatio
993 669 1189 740 elapso
1239 671 1514 726 veracium
1558 670 1797 725 virorum
1841 680 1930 724 te-
2035 679 2223 733 aureis
2255 682 2438 737 υιίιωι,
2459 683 2610 738 Folio
2625 685 2873 739 secundo
2909 686 3014 756 [19]
3049 703 3204 758 mque
3234 703 3474 759 purpura
3496 704 3656 742 auro-

285 761 559 818 stimonio
589 761 898 832 comperire
927 769 1148 831 poterat
1169 764 1270 833 (3),
1284 762 1505 832 collegit
1525 771 1579 817 et
1605 763 1747 832 stylo
1759 762 1927 818 diffu-

287 865 376 914 so,
413 860 670 906 contorto
702 861 755 905 ct
786 866 933 921 sape
966 851 1210 906 obscuro
1231 851 1545 922 explicavit.
1575 853 1735 907 Liber
1780 854 1926 909 intra

287 955 474 993 annos
513 941 619 996 968
647 942 723 1011 (4)
752 952 804 995 et
833 939 937 993 973
967 941 1345 1012 conscriptus,
1377 948 1432 996 et
1481 940 1535 995 b.
1567 958 1639 996 m.
1681 942 1924 1014 Josepho

291 1033 636 1102 Dobrowsky
663 1033 895 1086 docente
923 1031 1002 1101 (ὅ)
1043 1048 1294 1086 omnium
1328 1032 1442 1086 fere
1471 1034 1548 1101 (6)
1578 1049 1700 1104 qua
1732 1042 1924 1105 postea

289 1126 361 1178 de
395 1124 720 1180 Vencezlavi
774 1124 882 1179 vita
933 1125 1266 1194 prodierunt
1319 1126 1470 1180 radix
1493 1135 1546 1180 et
1587 1127 1923 1182 fundamen-

290 1225 433 1280 tum,
467 1214 651 1268 statim
683 1213 940 1267 claruisse
973 1213 1194 1268 videtur
1225 1233 1239 1279 ;
1275 1232 1398 1269 nam
1433 1216 1552 1286 ipso
1583 1216 1786 1272 saculo
1817 1218 1921 1271 de-

287 1303 440 1358 cimo
495 1303 554 1356 in
606 1319 764 1357 usum
819 1301 1074 1356 breviarii
1134 1320 1244 1359 non
1307 1305 1477 1360 semel
1527 1307 1599 1375 (7)
1640 1314 1919 1376 exceptus,

289 1399 506 1452 saculo
575 1397 868 1452 undecimo
911 1396 1140 1451 ineunte
1191 1399 1399 1453 auctori
1458 1399 1589 1454 Vita
1646 1401 1920 1455 Adalherti

287 1489 550 1560 episcopi
585 1490 650 1559 (8)
677 1488 936 1555 innotuit,
962 1495 1016 1542 et
1044 1490 1262 1544 saculis
1311 1490 1784 1562 subsequentibus
1813 1507 1921 1546 non

287 1580 474 1634 solum
507 1595 540 1632 a
569 1577 858 1651 Sigeberto
903 1577 1283 1632 Gemblacensi
1333 1581 1398 1648 (9)
1449 1587 1503 1632 et
1556 1579 1752 1634 Cosma
1811 1580 1922 1650 (10)

285 1667 390 1722 sed
428 1684 460 1720 a
490 1665 722 1736 reliquis
749 1665 1106 1740 legendarum
1133 1667 1308 1722 sancti
1362 1667 1681 1722 Venczelavi
1733 1676 1918 1724 aucto-
1953 1707 1998 1772 Β

287 1760 471 1822 ribus,
503 1776 646 1830 quos
677 1759 822 1813 inter
854 1758 1075 1812 Karolus
1109 1759 1191 1813 ιν.
1226 1759 1527 1828 imperator
1543 1759 1919 1829 emicuitt'ti),

288 1852 606 1921 exscriptus
635 1861 719 1904 est
771 1851 904 1920 (12).
965 1851 1170 1915 Quibus
1215 1850 1436 1904 omissis
1463 1851 1598 1920 (13),
1629 1851 1922 1922 Gumpoldi

291 1953 510 1998 tantum
569 1959 712 2012 opus
767 1943 1045 1998 erroribus
1097 1943 1323 2013 quidem
1374 1943 1602 1997 minime
1667 1960 1918 2010 vacuum,

294 2045 494 2109 utpote
525 2038 670 2091 fama
695 2045 902 2092 tantum
959 2039 1232 2106 innixum,
1255 2039 1353 2093 sed
1382 2039 1532 2109 quod
1567 2039 1813 2108 proxime
1851 2039 1917 2093 ad

295 2133 620 2188 Vencezlavi
647 2139 897 2203 tempora
919 2133 1152 2198 accedit,
1183 2134 1563 2204 prOponimus.

371 2222 663 2293 Gumpoldi
693 2222 916 2286 librum,
942 2239 1105 2294 quem
1137 2240 1384 2278 summus
1415 2224 1744 2294 Dobrowsky
1776 2239 1922 2279 anno

294 2313 439 2368 1819
469 2330 533 2367 ex
565 2313 756 2368 codice
773 2313 1129 2367 bibliotheca
1161 2314 1604 2396 inetrOpplitana
1633 2314 1924 2388 Pragensis

291 2405 500 2460 saculo
529 2421 621 2458 xiv
651 2404 985 2473 conscripto,
1016 2403 1113 2457 sed
1175 2420 1278 2458 nec
1310 2405 1526 2477 integro
1582 2420 1685 2459 nec
1715 2412 1921 2459 textum

293 2497 503 2551 bonum
565 2495 848 2565 prabente
911 2493 1118 2564 quique
1175 2494 1417 2548 auctoris
1489 2509 1692 2549 nomen
1761 2501 1922 2555 tacet,

292 2585 664 2655 exscripserat
689 2584 825 2652 (1.1),
858 2598 966 2652 ope
1019 2583 1272 2636 codicum
1306 2582 1663 2652 optimorum,
1693 2598 1925 2654 quorum

291 2675 529 2728 alterum
545 2688 694 2728 anno
723 2672 862 2727 1823
892 2671 948 2724 in
980 2670 1319 2725 bibliotheca
1368 2671 1550 2725 ducali
1604 2671 1929 2741 Guelferby-

293 2776 444 2831 tana,
477 2765 712 2819 alterum
745 2778 892 2818 anno
931 2761 1070 2816 1826
1126 2744 1554 2817 in'bibliotheca
1599 2764 1750 2837 regia
1785 2765 1923 2818 Bru-

295 2859 532 2916 xellensi
559 2857 1120 2927 evolviproponimus

369 2951 418 3015 1)
450 2950 505 3006 C.
543 2947 1008 3016 Guelferbytanus
1066 2947 1212 3000 inter
1265 2946 1571 3020 Augusteos
1625 2945 1679 2999 in
1725 2947 1782 3000 4°
1817 2963 1923 3000 nu-

2024 789 2137 847 que
2155 785 2348 831 ornato
2370 777 2711 847 prafationis
2736 777 2949 834 initium
2984 780 3202 855 legitur,
3235 781 3416 836 littera
3447 781 3636 837 initia-

2027 866 2096 919 lis
2120 865 2154 918 8
2186 867 2372 921 colore
2401 868 2568 922 rubro
2623 867 2788 923 viridi
2846 886 3090 942 auroque
3131 881 3344 926 ornata.
3379 872 3531 926 Folio
3570 873 3643 928 20

2027 958 2353 1029 prafatione
2387 959 2562 1023 ﬁnita,
2604 976 2763 1015 cana
2808 978 2918 1032 qua
2946 963 3314 1018 Vencezlavus
3341 963 3492 1018 fratri
3538 965 3668 1018 reli-

2029 1050 2269 1121 quisque
2300 1051 2550 1105 convivis
2605 1051 2862 1120 poculum
2905 1053 3156 1124 porrigit,
3225 1054 3322 1109 fol.
3381 1055 3442 1108 21
3501 1055 3662 1110 ducis

2027 1143 2209 1197 cades
2243 1158 2414 1214 pr0pe
2447 1144 2743 1198 ecclesiam
2791 1154 2844 1199 et
2905 1146 3126 1200 initium
3176 1146 3450 1217 passionis
3493 1163 3659 1202 aurea

2026 1238 2208 1291 littera
2239 1237 2292 1291 in
2325 1239 2652 1292 membrana
2684 1256 2959 1309 purpurea
2993 1241 3287 1296 habentur.
3322 1241 3520 1295 Textus
3553 1241 3649 1296 fol.

2024 1324 2091 1380 37
2115 1326 2359 1394 explicit.
2393 1327 2599 1399 pagina
2647 1326 2733 1382 37'
2765 1343 2933 1382 vacua
2968 1328 3154 1382 relicta
3213 1328 3435 1382 Librum
3460 1327 3649 1400 igitur,

2026 1432 2151 1470 cum
2187 1427 2409 1488 pr0pter
2447 1419 2648 1474 littera
2673 1417 2874 1473 formas
2904 1419 2970 1472 ad
3009 1420 3271 1474 saculum
3294 1437 3327 1474 x
3357 1428 3451 1474 aut
3477 1418 3658 1474 unde-

2024 1505 2151 1559 cimi
2188 1506 2401 1560 initium
2433 1507 2622 1561 referri
2649 1514 2912 1579 nequeat,
2938 1523 3047 1563 non
3075 1507 3588 1564 HemmaBolizlavi
3612 1509 3654 1562 ll

2025 1595 2234 1657 uxoris,
2268 1612 2390 1666 qua
2423 1612 2474 1650 a.
2521 1596 2657 1649 1006
2710 1595 2869 1659 obiit,
2930 1597 3026 1649 sed
3059 1603 3152 1649 aut
3207 1596 3436 1650 alterius
3467 1596 3657 1662 cujus-

2025 1683 2151 1736 dam
2207 1683 2318 1753 (16)
2387 1683 2631 1736 Hemma
2675 1685 2834 1752 jussu
2892 1683 3202 1739 confectum
3235 1690 3328 1738 aut
3357 1700 3424 1738 ex
3461 1684 3653 1739 codice

2025 1769 2341 1840 antiquiore
2363 1770 2598 1838 jubente
2640 1770 2862 1825 Hemma
2879 1771 2972 1824 illa
2995 1772 3197 1842 scripto
3213 1778 3502 1842 exceptum
3533 1787 3654 1826 esse

2022 1861 2374 1915 crediderim.
2419 1862 2576 1916 Certe
2620 1861 2803 1936 magni
2853 1862 3142 1916 habendus
3180 1869 3294 1927 est,
3339 1871 3395 1916 et
3442 1869 3648 1917 textum

2023 1949 2154 2003 licet
2203 1950 2351 2003 haud
2406 1964 2530 2003 raro
2570 1949 2856 2017 scriptoris
2934 1950 3212 2020 imperitia
3260 1950 3645 2020 depravatum,

2024 2037 2266 2106 proxime
2292 2045 2478 2091 tamen
2505 2037 2570 2090 ad
2600 2037 2896 2106 Gumpoldi
2927 2038 3329 2112 autographum
3361 2039 3641 2094 acceden-

2025 2131 2133 2179 tem
2181 2125 2409 2196 prabet,
2465 2141 2636 2196 quare
2680 2125 2906 2179 nonnisi
2955 2141 3098 2192 raro,
3161 2128 3438 2182 sententia
3497 2128 3644 2182 haud

2026 2217 2198 2272 dubie
2234 2218 2487 2285 jubente,
2511 2218 2581 2271 ab
2599 2233 2667 2272 eo
2682 2217 3034 2272 recessimus.

2096 2309 2145 2379 2)
2208 2311 2263 2364 C.
2327 2309 2512 2382 regius
2567 2309 2946 2364 Bruxeliensis
3001 2310 3168 2365 hodie
3227 2326 3459 2366 numero
3507 2310 3650 2367 9289

2026 2399 2283 2471 insignis,
2308 2397 2441 2453 olim
2461 2397 2646 2451 Sancti
2701 2397 2980 2451 Laurentii
3013 2397 3069 2452 in
3112 2398 3335 2461 Leodio,
3369 2398 3651 2453 membra-

2030 2505 2404 2555 naceus,sac.
2439 2505 2511 2542 χιι
2539 2488 2810 2553 ineuntis,
2852 2497 3049 2559 prater
3095 2489 3387 2560 Gumpoldi
3417 2490 3650 2544 librum.

2028 2583 2176 2638 Vitas
2205 2581 2296 2635 SS.
2334 2579 2917 2653 Trudonis,Pigmenii
2949 2585 3003 2634 et
3031 2579 3263 2635 duorum
3298 2579 3642 2636 Ewaldorum

2029 2676 2298 2740 continet,
2351 2681 2404 2728 et
2440 2689 2472 2727 a
2512 2674 2860 2727 Bethmanno
2910 2673 2966 2726 in
3015 2689 3144 2728 usus
3175 2681 3396 2729 nostros
3430 2690 3641 2737 versus,

2029 2775 2234 2823 textum
2265 2766 2320 2819 in
2371 2765 2689 2819 universum
2748 2764 2971 2835 quidem
3013 2765 3240 2831 bonum,
3302 2767 3402 2821 sed
3461 2773 3650 2837 aperte

2027 2862 2334 2908 correctum
2361 2860 2415 2907 et
2468 2869 2568 2923 pro
2608 2860 2860 2923 tempore
2908 2855 3257 2908 emendatum
3289 2855 3449 2910 sistit.
3479 2854 3644 2922 Cujus

2027 2948 2104 3002 rei
2133 2955 2327 3002 testem
2360 2949 2503 3003 haud
2531 2948 2766 3003 dubium
2794 2949 3061 3005 habemus
3088 2957 3252 3021 caput
3281 2951 3371 3016 15,
3389 2949 3487 3004 ubi
3515 2967 3642 3005 ver-

295 3036 553 3091 mero11.
579 3036 635 3105 2,
655 3034 928 3107 signatus,
962 3033 1344 3104 compluribus
1373 3033 1659 3088 codicibus
1687 3042 1922 3100 constat,
1953 3071 2001 3138 C
2031 3036 2100 3090 ba
2158 3037 2472 3093 Bohemiam
2552 3037 2945 3109 Ratisponensi
3013 3037 3286 3093 cathedrae
3345 3039 3650 3107 subjectam

293 3144 532 3200 quorum
592 3128 876 3182 secundus
929 3125 1080 3181 foliis
1136 3127 1302 3182 18-37
1368 3126 1661 3198 Gumpoldi
1723 3128 1924 3183 librum
1958 3125 2001 3138 υ
2031 3127 2387 3202 pradicantia
2413 3126 2764 3183 omittuntur.
2807 3128 2921 3192 Qua
2952 3128 3008 3181 in
3027 3144 3085 3182 re
3115 3135 3174 3183 ut
3211 3129 3402 3184 multis
3442 3129 3498 3184 in
3531 3129 3655 3184 aliis

290 3221 537 3278 exhibet.
587 3221 846 3274 Exaratus
902 3229 985 3272 est
1015 3235 1177 3272 manu
1240 3217 1468 3288 pulchra
1518 3219 1704 3273 saculi
1739 3235 1794 3274 χι
1828 3237 1927 3276 ex-

290 3315 481 3369 euntis
500 3320 594 3368 aut
623 3330 719 3366 xn.
754 3312 1007 3382 Capitum
1043 3311 1201 3364 initia
1253 3309 1434 3364 littera
1466 3326 1635 3366 aurea
1667 3312 1924 3368 indican-

290 3416 397 3460 tur.
433 3405 616 3459 Prima
642 3404 846 3477 pagina
870 3403 980 3472 (15)
1023 3403 1170 3470 (18’.)
1200 3400 1466 3470 picturam
1499 3402 1722 3456 exhibet
1748 3419 1927 3458 mem-

292 3495 487 3548 brana
511 3508 806 3564 purpurea
857 3506 990 3545 auro
1030 3497 1084 3544 et
1109 3489 1388 3546 coloribus
1417 3490 1654 3546 diversis
1697 3492 1923 3559 illatam,

293 3584 579 3640 Hemmam
623 3581 1009 3652 principissam
1070 3586 1228 3633 terra
1293 3586 1617 3649 prostratam
1670 3591 1724 3634 et
1753 3582 1927 3651 pedes

291 3672 620 3730 Vencezlavi
643 3671 799 3728 ducis
828 3670 1258 3741 amplexantem,
1286 3671 1445 3739 cujus
1473 3670 1638 3742 capiti
1681 3671 1927 3730 Christus

292 3763 446 3828 vita,
468 3761 624 3829 cujus
655 3760 856 3814 librum
888 3759 1110 3813 sinistra
1139 3765 1310 3826 tenet,
1342 3759 1628 3830 premium
1659 3776 1921 3817 coronam

289 3853 541 3924 martyrii
566 3851 837 3923 triplicem
871 3850 1060 3905 dextra
1109 3867 1274 3905 manu
1310 3851 1564 3922 imponit,
1599 3852 1698 3906 hac
1725 3852 1923 3909 inscri-

289 3947 487 4017 ptione
521 3960 686 4000 aurea
733 3943 920 3998 littera
948 3941 1132 3996 addita
1159 3960 1172 3997 :
1203 3944 1357 3997 Hunc
1414 3944 1654 3998 libellum
1695 3945 1924 4000 Hemma

285 4037 622 4092 vmerabt’lis
640 4037 979 4106 principissa
1004 4049 1104 4103 pro
1125 4036 1355 4089 remedio
1384 4038 1581 4090 animae
1603 4051 1714 4092 sua:
1726 4039 1785 4091 in
1825 4039 1923 4093 ho-

283 4150 423 4189 nore
455 4135 596 4188 beati
641 4133 955 4188 Vencezlavi
977 4134 1223 4186 martim's
1273 4135 1393 4200 ﬁeri
1414 4133 1579 4202 jussi.
1620 4134 1734 4189 Dux
1764 4145 1918 4191 veste

284 4223 458 4277 viridi
481 4223 654 4278 limbo
680 4237 851 4277 aureo
879 4229 1094 4282 ornata,
1128 4219 1416 4276 tibialibus
1446 4222 1650 4288 rubris,
1683 4223 1924 4280 fasciolis

283 4310 678 4366 ctcalcaribus
703 4309 888 4364 aureis
935 4308 1181 4374 indutus,
1238 4308 1372 4363 lava
1441 4309 1688 4364 lanceam
1719 4318 1920 4385 gestat.

2027 3218 2324 3274 assentitur
2352 3217 2424 3270 ei.

2097 3312 2145 3376 3)
2171 3310 2228 3365 C.
2263 3309 2618 3364 bibliotheca
2634 3312 3077 3382 metropolitana
3093 3312 3387 3386 Pragensis
3403 3327 3648 3377 sac.xtv,

2027 3397 2245 3468 qualem
2281 3413 2312 3450 a
2348 3397 2707 3453 Dobrowskio
2758 3415 3079 3470 expressum
3118 3397 3394 3476 'legimus,
3437 3401 3533 3456 sed
3593 3401 3648 3454 in

2029 3489 2139 3544 ﬁne
2167 3489 2491 3544 miraculum
2520 3491 2672 3560 quod
2694 3506 2842 3546 anno
2871 3492 3000 3546 1091
3047 3492 3133 3546 vel
3160 3492 3302 3548 1092
3327 3493 3557 3566 contigit
3585 3509 3651 3547 ex

2030 3582 2234 3638 Cosma
2265 3581 2534 3636 Chronico
2572 3581 2746 3636 addit.

2097 3677 2148 3737 4)
2195 3674 2252 3730 C.
2310 3674 2442 3729 olim
2492 3673 2546 3726 S.
2604 3673 2884 3730 Adalberti
2952 3673 3434 3749 Aquisgranensis,
3494 3675 3649 3745 cujus

2025 3767 2402 3841 apographum
2447 3763 2792 3820 Bollandiani
2846 3781 2907 3820 se
2964 3765 3231 3820 habuisse
3280 3765 3336 3820 in
3380 3765 3524 3820 Actis
3547 3764 3646 3820 SS.

2023 3858 2176 3928 Sept.
2208 3855 2320 3921 Vll,
2353 3855 2476 3919 771,
2509 3852 2775 3922 referunt,
2829 3853 2996 3910 hodie
3026 3853 3176 3909 latet.

2089 3951 2144 4020 5)
2174 3948 2335 4004 Liber
2361 3949 2494 4003 olim
2517 3947 2573 4002 in
2597 3947 2788 4002 codice
2819 3946 3172 4002 bibliotheca
3197 3946 3535 4001 Brunnensis
3576 3946 3632 4001 in

2021 4040 2258 4096 loravia
2305 4037 2533 4103 exstitit,
2603 4052 2770 4108 quem
2831 4037 2973 4090 intra
3019 4049 3196 4090 annos
3227 4034 3368 4091 1100
3404 4043 3457 4090 et
3503 4035 3644 4092 1130

2023 4132 2398 4203 conscriptum
2443 4131 2826 4184 Bonaventura
2857 4128 3022 4182 Pitter
3081 4126 3151 4180 ad
3195 4126 3507 4182 Dobnerum
3551 4141 3642 4182 re-

2024 4224 2164 4279 tulit.
2197 4222 2464 4293 Explicuit
2515 4226 2698 4276 tame'n
2753 4227 2935 4276 textus
2987 4219 3043 4273 in
3091 4224 3270 4274 morte
3325 4219 3523 4286 sancti,
3583 4219 3639 4273 in

2026 4311 2134 4367 fine
2173 4312 2372 4384 capitis
2425 4309 2514 4377 19,
2556 4310 2771 4379 adjecta
2802 4316 3014 4365 tantum
3063 4307 3299 4364 formula
3353 4313 3641 4378 prestante

1859 4420 2066 4475 NOTAE.

370 4519 442 4588 (2)
474 4520 550 4574 De
582 4519 698 4589 ipso
753 4520 892 4573 nihil
933 4527 1202 4590 praterea
1255 4527 1468 4576 constat
1498 4537 1513 4585 ;
1545 4520 1755 4576 sedisse
1798 4538 1922 4577 eum

289 4596 524 4661 oportet
547 4592 710 4644 intrat
735 4606 911 4645 annos
935 4589 1038 4646 967
1071 4601 1124 4645 et
1153 4589 1278 4655 985,

372 4663 449 4728 (3)
472 4661 530 4732 v.
568 4677 688 4732 cap.
720 4663 920 4726 21,22,
939 4661 1135 4726 23,25.

371 4733 450 4804 (4)
483 4730 680 4804 Ottone
709 4733 764 4788 d.
796 4733 886 4804 25.
921 4734 1064 4804 Περ,
1081 4733 1184 4787 967
1234 4734 1348 4802 jam
1397 4735 1726 4804 imperatore
1748 4733 1920 4801 facto,

281 4803 399 4927 sled
430 4803 693 4928 Bohfgnia
717 4803 965 4859 nondum
988 4820 1018 4857 a
1041 4803 1428 4875 Ratisponensi
1452 4803 1682 4860 dioecesi
1706 4811 1921 4860 exemta

343 4916 358 4928 .
393 4891 517 4928 can.
619 4915 630 4927 .

343 4916 358 4929 .
393 4891 517 4944 cap.
545 4891 630 4928 τε).

371 4945 444 5014 (5)
487 4945 548 4998 ln
589 4945 726 5001 libro
772 4963 784 4998 :
859 4965 881 4994 α
941 4944 1210 5000 Kritische
1275 4945 1552 5001 Versuche
1609 4945 1697 5001 die
1749 4946 1919 5001 altere

283 5016 628 5092 bohmische
656 5015 1367 5092 Geschichte_von_spa_tern
1407 5016 1920 5092 Erdich‘tungenau-

279 5087 574 5213 iieéirggen.
629 5113 650 5134 η
687 5087 932 5143 fascicul.
990 5087 1178 5142 l—-Ill.
1236 5087 1422 5161 Praga
1477 5104 1508 5142 a
1560 5087 1914 5156 1803:1807,

367 5229 444 5298 (6)
477 5227 712 5299 Excepta
741 5229 956 5284 scilicet
986 5228 1265 5284 Laurentii
1293 5228 1603 5286 Casinensis
1640 5231 1752 5286 vita
1778 5229 1916 5284 Ven-

279 5300 524 5354 cezlavi.

376 5373 446 5440 (7)
481 5370 541 5423 V.
572 5370 906 5427 Dobrowskii
955 5369 1220 5440 legendas
1265 5371 1320 5425 Β.
1377 5367 1434 5422 C.
1492 5369 1553 5440 D.
1589 5371 1772 5427 fascic.
1808 5371 1912 5440 lp.

275 5444 480 5513 8sqq.
512 5441 648 5514 ςίιιτ,
703 5441 774 5498 20
840 5458 963 5514 sqq.
1012 5439 1286 5514 Legenda
1341 5441 1379 5496 D
1435 5439 1684 5499 codicem
1711 5439 1914 5498 saculo

278 5513 556 5594 .adhucﬁx
577 5521 854 5594 exaratum
917 5515 972 5566 in
1042 5513 1575 5594 bibliotheoamt'egia
1594 5514 1911 5594 Monacensi

276 5586 449 5660 inter
478 5584 1025 5660 Benedictoburanos
1049 5599 1294 5660 numero
1331 5583 1436 5660 185
1468 5583 1743 5660 signatum
1774 5586 1910 5642 vidi.

283 5654 378 5710 Cf.
405 5655 648 5710 Annales
672 5663 890 5712 nostros
912 5655 1167 5722 Vll,387.
1201 5661 1256 5709 et
1282 5653 1442 5708 infra.

369 5728 439 5797 t8)
472 5726 554 5783 Cf.
579 5743 630 5783 c.
654 5729 678 5782 1
710 5727 950 5784 Boemia
978 5726 1428 5798 descriptionem.

2096 4521 2168 4591 (9)
2200 4526 2258 4575 Α.
2290 4523 2413 4577 991.

2098 4593 2200 4659 (10)
2229 4595 2285 4648 A.
2319 4593 2444 4656 894,
2477 4594 2603 4654 929,
2634 4592 2758 4646 932.

2093 4664 2205 4730 (11)
2246 4665 2284 4716 V
2334 4665 2462 4718 Acta
2503 4663 2594 4717 SS.
2629 4665 2776 4733 Sept.
2811 4661 2921 4724 Vll,
2957 4660 3060 4733 837
3083 4662 3208 4716 839.

2094 4735 2202 4802 (12)
2233 4735 2292 4788 V.
2331 4735 2655 4804 Dobrowsky
2685 4732 2723 4788 l7.
2761 4749 2810 4790 c.
2847 4733 2935 4795 lll,
2964 4732 3149 4787 25-52.

2092 4806 2204 4875 (14)
2235 4807 2274 4858 Α
2306 4807 2532 4859 Balbino
2565 4803 2892 4873 in’cpitome
2926 4803 3166 4859 historia
3226 4804 3500 4859 Bohemia
3541 4803 3631 4875 i_n-

2019 4873 2200 4946 deque
2232 4877 2423 4930 iterum
2486 4877 2565 4951 in_
2592 4877 2736 4951 Aletis
2795 4875 2902 4951 SS._
2925 4875 3075 4951 Sept.
3107 4875 3354 4951 “1.824
3383 4890 3485 4944 sqq
3551 4873 3629 4951 le-

2017 4944 2225 5019 genda,
2251 4964 2412 5018 quam
2444 4964 2475 5000 a
2515 4947 2822 5019 Christiano
2874 4945 3130 5019 Bolizlagi
3167 4944 3330 5019 l_filio
3381 4944 3623 5019 conscri-

2021 5013 2166 5091 ptam
2201 5013 2442 5091 fingunt,
2469 5018 3028 5091 typisgexpressaest.
3067 5013 3244 5091 Fluxit
3259 5015 3532 5085 pracipue
3559 5027 3626 5065 ex

2018 5087 2325 5162 Gumpold'o
2352 5098 2415 5162 et
2433 5087 2894 5162 legendacodicis
2915 5087 3272 5143 Monacensis.

2091 5161 2196 5232 (14)
2230 5160 2281 5232 Ιζ
2322 5177 2375 5232 c.
2405 5159 2580 5230 lll,"p.
2617 5159 2839 5232 53-119.
2960 5230 2968 5232 _
3473 5222 3504 5232 η

2089 5223 2198 5305 (15)
2255 5230 2456 5303 Pagina
2486 5223 2743 5305 exterior
2781 5247 2812 5284 a
2866 5230 3164 5305 scriptore_
3188 5239 3359 5305 vacua
3410 5223 3619 5305 relicta,

2015 5295 2217 5356 sabulo
2244 5295 2603 5356 xui'exeunte
2637 5301 2827 5356 ultima
2856 5295 2990 5355 vita
3019 5300 3072 5352 S.
3106 5295 3305 5370 IEgidii
3369 5295 3576 5364 recepit
3604 5312 3619 5356 ;

2015 5380 2140 5446 ante
2155 5389 2286 5446 (eam
2313 5373 2513 5446 pagina
2543 5373 2752 5446 integra
2782 5373 2964 5426 excisa
2987 5376 3092 5446 est.

2084 5444 2196 5511 (16)
2221 5444 2277 5496 Β.
2316 5434 2419 5507 'm','
2453 5434 2689 5497 Ehertu§
2740 5449 2926 5495 noster
2987 5441 3268 5511 Hemmam
3299 5434 3383 5511 ab
3413 5434 3621 5511 _Adamo

2014 5504 2296 5587 Bremensi
2326 5516 2359 5568 l.
2394 5504 2460 5582 ll,
2507 5531 2549 5587 c.
2589 5514 2702 5587 _49.
2725 5519 3104 5587 _m_emo_rata.m
3140 5506 3450 5587 indigitavit
3484 5504 3614 5584 ;sed

2013 5585 2343 5656 principissa
2372 5577 2698 5640 vocabulum
2723 5581 2997 5636 Bohemia
3028 5577 3300 5634 ducissam
3325 5577 3492 5631 fuisse
3526 5577 3614 5629 in-

2012 5656 2196 5713 dicare
2227 5658 2461 5713 videtur.
