4042 6156
394 252 500 307 923
1529 247 1864 302 GUMPOLDI
1905 244 2200 301 EPISCOPI
2240 241 2599 298 MANTUANI.
3626 233 3732 286 924

397 381 641 440 Domino,
665 383 794 441 etc,
825 392 1001 447 usque
1023 378 1342 432 saeculorum
1371 391 1548 437 amen.
1583 382 1646 430 ut
1673 374 1839 430 lectio
1857 373 2004 428 anti-
2030 378 2082 443 Α
2180 370 2400 424 Librum
2455 365 2729 422 Laurentii
2805 363 3119 420 Casinensis
3183 360 3466 425 monachi,
3522 359 3730 414 ultimis

394 486 504 539 qua
530 469 583 522 in
607 485 764 522 usum
798 467 1065 522 Breviarii
1112 469 1217 539 (17)
1273 467 1488 522 Codicis
1518 466 1677 521 istius
1698 465 1809 521 fata
1838 466 2003 538 igno-
2107 462 2292 519 saeculi
2323 478 2375 516 x1
2408 460 2569 514 annis
2595 475 2658 512 ex
2691 456 3056 512 relationibus
3101 454 3329 509 Bohemi
3362 452 3653 520 cujusdam
3676 458 3731 505 et

395 565 601 613 rantur.
2115 555 2384 610 «'domini
2408 551 2689 608 Benedicti
2716 549 2960 614 Saxonis,
3013 545 3268 601 monachi
3313 543 3657 607 Casinensis,
3702 561 3726 588 ι

469 649 760 705 Gumboldi
827 652 996 706 textui
1050 650 1299 722 quaedam
1353 665 1419 703 ex
1473 648 1708 721 legenda
1754 647 1885 702 inde
1907 647 2010 702 sub
2112 645 2356 699 adhibita
2412 642 2530 696 Vita
2568 641 2622 694 S.
2675 637 2970 702 Adalberti,
3027 634 3324 690 conﬂatum
3358 642 3412 688 et
3451 633 3733 688 erroribus

402 738 573 792 finem
605 738 790 793 saeculi
820 738 859 791 Χ
891 739 1156 805 derivata,
1212 754 1373 809 quam
1431 753 1497 791 ex
1541 736 1733 792 codice
1765 736 1831 800 Μ)
1858 736 2008 807 regio
2113 741 2438 794 scatentem.
2467 733 2571 786 hoc
2597 730 2720 784 loco
2765 727 2941 782 omitti
2985 726 3213 796 placuit,
3255 741 3426 796 quum
3453 740 3735 796 quaecum-

405 828 717 882 Monacensi
741 828 882 882 inter
910 829 1452 882 Benedictoburanos
1482 827 1604 881 Nro.
1639 825 1759 880 105.
1795 825 2012 896 signato
2114 841 2220 896 que
2243 824 2482 892 alicujus
2501 820 2764 877 momenti
2786 836 2910 874 esse
2935 817 3332 889 poterantinde
3352 816 3730 886 decerptajam

403 917 462 972 V.
493 917 549 970 Cl
603 919 884 992 I‘Oringer,
914 919 1226 973 biliotheca:
1271 919 1434 989 regiae
1465 927 1668 984 custos,
1702 916 2014 986 exscripsit,
2116 917 2394 971 sexdecim
2439 921 2567 969 ante
2621 926 2798 967 annos
2851 909 3157 964 Annalibus
3215 907 3419 963 nostris
3475 907 3731 960 inserue-

405 1009 682 1078 subjicere
717 1010 951 1078 juvabit.
1002 1012 1130 1076 Quae
1163 1012 1289 1066 licet
1322 1011 1467 1066 haud
1509 1011 1694 1084 magni
1726 1008 2014 1075 momenti,
2123 1006 2221 1059 rim
2249 1006 2376 1073 (18).

407 1110 589 1157 tamen
619 1104 856 1174 qualiter
878 1121 1083 1174 paucos
1113 1105 1254 1160 intra
1283 1121 1458 1160 annos
1499 1105 1691 1159 eadem
1739 1120 1827 1159 res
1848 1103 2020 1158 altera

410 1192 527 1246 vice
557 1201 772 1247 narrata
796 1193 865 1248 sit
887 1194 1148 1248 ostendit.

1169 1311 1410 1365 INCIPIT
1451 1310 1792 1366 PROLOGUS
1835 1309 2170 1365 GUMPOLDI
2210 1307 2558 1365 MANTUANI
2599 1307 2888 1362 EPISCOPI
2933 1308 2972 1360 ¹.

482 1466 801 1521 Studiorum
849 1469 1015 1540 igitur
1043 1486 1249 1542 genera
1298 1472 1653 1528 multiformia
1683 1474 1861 1528 varias
1910 1471 2398 1543 cui-Bvestigare
2447 1471 2723 1525 desudant
2771 1471 2832 1523 “.
2892 1467 2995 1522 Alii
3050 1476 3230 1520 autem
3273 1463 3479 1518 studiis
3535 1462 3737 1517 incitati

412 1570 518 1626 que
550 1556 861 1610 mortalium
908 1557 1159 1629 ingerere
1215 1560 1393 1614 solent
1437 1562 1786 1634 ingeniorum
1845 1577 2024 1628 curas,
2127 1563 2456 1628 carminum,
2507 1563 2637 1617 ludo
2696 1561 3013 1615 insistentes
3061 1559 3104 1592 ¹²
3150 1556 3389 1627 poetico,
3431 1554 3502 1608 ad
3532 1555 3738 1608 naenia-

411 1643 616 1714 quibus
635 1644 687 1697 id
715 1661 892 1718 genus
915 1647 1136 1701 racione
1177 1650 1690 1718 praestantissimum
1717 1651 1738 1683 ²
1764 1650 2030 1722 imagina-
2132 1671 2248 1709 rum
2266 1655 2309 1688 1³
2330 1655 2678 1729 garrulitates
2706 1655 2812 1708 alta
2844 1653 2885 1687 “
2936 1651 3216 1705 divertunt
3245 1647 3492 1722 ingenia.
3528 1646 3738 1700 Famam

411 1732 578 1786 tionis
634 1736 880 1804 potentia
939 1736 1239 1804 interioris,
1284 1748 1395 1793 tum
1451 1748 1664 1803 natura,
1724 1750 1836 1795 tum
1863 1741 2027 1794 etiam
2132 1755 2315 1802 autem
2366 1745 2614 1800 veritatis
2666 1760 2796 1816 erga
2860 1743 2954 1797 Dei
3012 1748 3328 1795 sanctorum
3385 1737 3741 1792 memoranda

413 1822 706 1888 industria,
745 1839 834 1876 τοῦ
884 1840 1107 1896 quoquo
1154 1827 1318 1881 mOdO
1342 1829 1599 1882 SCHSibUS
1629 1829 1909 1896 subjectas
1949 1831 2028 1884 in-
2126 1846 2301 1911 gesta,
2347 1835 2559 1890 coelesti
2613 1833 2956 1907 benignitate
2989 1830 3301 1885 mortalium
3342 1827 3636 1882 obtutibus
3665 1834 3743 1880 to-

413 1912 637 1967 tellectu
671 1914 1011 1982 discernere,
1065 1924 1118 1971 et
1145 1919 1212 1972 ad
1252 1929 1378 1974 vota
1424 1921 1662 1976 humana
1694 1922 1748 1975 in
1793 1922 2027 1990 ususju-
2129 1933 2235 1987 ties
2261 1932 2626 2004 designatam,
2679 1929 2904 1983 incuriae
2965 1942 3128 1998 quam
3176 1922 3385 1978 exitiali
3451 1923 3493 1956 ‘5
3555 1922 3739 1993 negle-

412 2005 627 2059 c‘mdos
651 2006 857 2078 ἓδυάθί
885 2007 1194 2082 difﬁngere-
1253 2011 1346 2066 Hic
1378 2029 1614 2084 namque
1645 2023 1831 2069 meme
1867 2015 2028 2070 ³ωο-
2129 2025 2337 2098 gentia,
2370 2023 2571 2077 fabulis
2602 2022 2645 2056 ¹⁶
2672 2019 2948 2082 delectati,
2991 2034 3102 2073 non
3151 2023 3352 2087 pavent
3382 2013 3738 2068 subcludere.

423 2098 666 2164 deratus,
695 2108 878 2169 spreto
907 2103 1241 2157 caducorum
1290 2105 1518 2171 ludicro,
1576 2124 1816 2178 superna
1843 2109 2028 2163 inten-
2130 2113 2240 2167 Nec
2271 2113 2487 2179 mirum,
2512 2111 2556 2165 si
2587 2110 2816 2185 grandia
2847 2125 2911 2162 ac
2969 2107 3381 2179 philosophicas
3412 2103 3745 2174 quaestiones

425 2187 526 2252 dit,
558 2187 651 2242 ille
674 2195 948 2244 extructos
978 2192 1033 2244 in
1090 2193 1258 2247 altum
1319 2195 1558 2250 honores
1610 2198 1824 2256 ardenti
1851 2215 2029 2252 rerum
2133 2202 2408 2259 moventia
2451 2199 2765 2268 bujusmodi
2821 2197 3102 2268 sapientes
3132 2195 3427 2266 asimplici
3470 2192 3741 2264 composi-

426 2279 701 2353 fugacium
732 2281 820 2336 siti
871 2291 1184 2339 exaestuans
1239 2286 1544 2351 desiderat;
1573 2290 1718 2344 hunc
1767 2300 1900 2344 aetas
1943 2291 2037 2358 ju-
2139 2293 2360 2347 cionum
2412 2289 2558 2345 serie
2603 2288 3008 2344 transduxerint
3046 2287 3111 2353 ‘7,
3143 2301 3264 2340 cum
3324 2285 3512 2355 plures
3542 2299 3748 2347 eorum,

426 2370 877 2427 vencula'contra
903 2373 985 2428 fas
1032 2375 1360 2448 plerumque
1411 2378 1583 2444 illicit,
1637 2379 1790 2434 illum
1823 2379 2038 2454 frigidae
2142 2381 2419 2436 arcentius
2466 2379 2790 2433 inhrerendo
2843 2377 3131 2449 gentilium
3181 2374 3422 2444 scriptis,
3485 2389 3596 2428 non
3639 2379 3744 2426 tan-

429 2461 729 2516 senectutis
761 2470 974 2517 matura
1004 2463 1326 2538 longaavitas
1372 2467 1428 2520 in
1482 2483 1662 2522 mores
1714 2485 1940 2524 severos
1977 2485 2042 2524 ac
2145 2482 2256 2527 tum
2291 2474 2483 2544 18quid
2507 2473 2562 2526 in
2579 2472 2748 2527 sacris
2771 2470 2939 2545 gestis
2969 2468 3118 2522 laudi
3147 2467 3346 2521 divinae
3370 2466 3754 2538 proferendum

423 2552 673 2606 salubres
698 2563 915 2624 coaptat
958 2573 971 2622 ;
1000 2556 1130 2611 huic
1151 2557 1510 2614 artisbellicm
1537 2561 1715 2614 audax
1740 2562 2044 2631 prudencia
2146 2579 2210 2618 ac
2231 2563 2534 2617 litterarum
2569 2560 2787 2614 indiciis
2815 2560 2864 2612 in
2905 2568 3159 2628 posteros
3186 2557 3588 2630 divulgandum
3619 2562 3760 2626 post-

431 2644 792 2714 appetibilem
823 2647 999 2701 laudis
1033 2649 1264 2722 gloriam
1298 2661 1662 2720 promeretur,
1706 2652 1784 2706 illi
1815 2669 2045 2724 cperum
2151 2655 2442 2726 posuerint
2476 2654 2538 2719 ‘9,
2573 2669 2761 2706 verum
2795 2649 3064 2722 quicquid
3095 2649 3343 2703 divinum
3374 2664 3440 2702 ac
3468 2647 3642 2701 menti
3673 2647 3759 2700 de-

435 2735 777 2791 diversorum
808 2738 964 2794 labor
991 2739 1324 2795 artiﬁciosus
1343 2742 1611 2797 desidiam
1645 2744 1856 2811 eximit,
1879 2761 2044 2800 men-
2076 2790 2118 2811 η
2148 2754 2289 2800 votae
2317 2743 2693 2798 mittissimum
2753 2741 2797 2775 ²⁰
2827 2739 3154 2810 simpliciter
3181 2755 3246 2793 ac
3277 2739 3399 2792 sine
3431 2736 3762 2792 difficultatis

438 2825 615 2896 tisque
670 2830 975 2884 naturalem
1026 2831 1390 2886 subtilitatem
1447 2842 1756 2906 extorquet.
1819 2790 2045 2900 Ouidam
2072 2790 2121 2857 Ο
2155 2832 2514 2904 perplexione
2546 2832 2782 2896 videtur,
2814 2790 3038 2901 penitus
3060 2829 3113 2882 id
3141 2828 3551 2899 quasiutilitate
3583 2843 3761 2880 carens

438 2929 566 2968 vero
637 2915 889 2972 litteralis
928 2919 1317 2989 speculacione
1357 2923 1377 2955 ⁴
1426 2923 1820 2993 profunditatis
1871 2924 2049 2991 infixi,
2152 2922 2457 2990 abjecerint
2483 2921 2547 2973 ²¹.
2577 2921 2685 2974 Hac
2706 2918 2947 2989 denique
2993 2916 3234 2982 fortuna,
3259 2916 3336 2970 uti
3369 2917 3560 2986 plures
3590 2915 3762 2968 existi-

441 3021 657 3060 necnon
713 3008 926 3063 liberali
978 3010 1100 3065 ocio
1143 3028 1241 3080 per
1290 3013 1459 3068 miras
1491 3016 1838 3086 eloquiorum
1880 3033 2053 3072 venu-
2158 3023 2328 3080 mant,
2362 3031 2450 3069 res
2467 3014 2753 3069 hominum
2781 3013 3034 3067 volvente
3085 3027 3148 3066 ac
3202 3010 3531 3065 sublimium
3562 3008 3762 3080 sagaci-

439 3103 607 3152 states
651 3100 1014 3169 perspicatius
1071 3102 1264 3168 dediti,
1326 3103 1773 3176 frequentissima
1831 3117 2053 3179 reputa-
2158 3111 2264 3158 tate
2302 3106 2583 3159 rethorum
2617 3104 2662 3136 ²²
2693 3102 2870 3175 magis
2910 3101 3102 3155 altiora
3147 3107 3458 3170 spectante,
3491 3099 3655 3153 nobis
3681 3099 3766 3150 πε

442 3185 603 3239 cione
626 3187 666 3251 ⁵,
700 3203 809 3257 quo
840 3187 1034 3242 ordine
1084 3188 1324 3244 siderum
1371 3200 1550 3247 motus
1605 3198 1685 3259 ac;
1713 3194 1914 3250 fixione
1947 3212 2057 3252 non
2162 3198 2312 3246 tanta
2352 3191 2663 3261 sapientum
2723 3191 2768 3223 "
2795 3205 2858 3243 ac
2913 3190 3073 3244 docta
3102 3188 3437 3259 loquacitate
3477 3187 3762 3242 admodum

444 3276 694 3330 motabili
734 3277 1118 3348 disponantur,
1151 3297 1274 3352 quae
1321 3290 1413 3337 aut
1438 3285 1616 3354 qualis
1655 3301 1912 3341 mensura
1951 3293 2058 3342 ter-
2161 3285 2446 3353 sejunctis,
2501 3283 2689 3337 brevis
2754 3289 2939 3336 tamen
2993 3281 3193 3335 seriola
3233 3280 3278 3314 ³⁸
3336 3277 3764 3339 subnotacionis,

449 3382 595 3420 renae
627 3368 648 3400 δ
686 3368 1086 3441 magnitudinis
1121 3373 1382 3428 ambitum
1426 3375 1466 3441 ⁷,
1508 3377 1746 3447 quadam
1795 3379 1954 3449 quasi
1980 3380 2062 3434 la-
2163 3374 2413 3446 quamvis
2433 3381 2692 3444 corrupte
2739 3373 2786 3406 ²⁶
2816 3371 3044 3442 prolata,
3069 3367 3509 3424 victoriosissimi
3544 3368 3766 3437 impera-

449 3461 582 3514 tenti
611 3459 851 3526 racione,
885 3479 984 3533 per
1009 3463 1272 3520 formulas
1315 3470 1737 3539 geometricales
1763 3472 1832 3526 ad
1855 3482 2058 3528 certam
2163 3467 2297 3520 toris
2328 3465 2544 3536 augusti
2583 3463 2794 3519 Ottonis
2823 3462 3053 3517 secundi
3116 3476 3272 3516 sacro
3297 3461 3460 3530 jussu
3493 3456 3768 3513 rusticitati

452 3550 714 3604 metiendi
783 3553 1337 3622 comprehensionem
1415 3559 1709 3633 asstringat
1772 3561 1814 3627 ⁸,
1882 3578 2062 3633 quove
2163 3557 2655 3628 nostraeimposita,
2681 3554 3058 3610 memorabilis
3089 3553 3188 3608 viri
3229 3567 3434 3607 nomen
3465 3560 3768 3626 gestorum-

452 3642 602 3697 dictu
631 3644 653 3691 ἓ
689 3650 800 3699 tota
830 3661 929 3715 per
958 3663 1247 3702 numerum
1301 3650 1557 3706 decurrat
1585 3670 1797 3710 summa
1842 3658 2048 3728 quanti-

2172 3661 2273 3716 que
2301 3645 2546 3717 insignes
2575 3643 2890 3698 mentiones
2920 3642 3083 3713 paqu
3116 3647 3239 3712 post
3267 3639 3635 3702 declaratura,
3688 3652 3768 3690 se-

457 3732 584 3786 tatis
611 3732 1019 3805 soliditatisque
1049 3736 1111 3802 ιθ,
1140 3746 1232 3793 aut
1269 3755 1369 3809 per
1410 3758 1548 3812 quas
1577 3747 2062 3802 consonantiarum
2167 3740 2390 3810 quentis
2416 3737 2692 3810 praecedat
2747 3744 2924 3790 textus
2992 3733 3269 3787 raritatem
3323 3731 3366 3765 ²⁷
3399 3750 3416 3795 ;
3459 3746 3623 3802 quem
3654 3742 3772 3782 vero

456 3823 848 3892 pr0portiones
874 3824 1150 3880 cantilena
1180 3835 1518 3900 temperetur
1538 3837 1823 3903 naturalis,
1847 3839 1931 3893 vel
1958 3855 2066 3910 qua
2169 3843 2435 3908 quantum
2483 3839 2732 3889 attenuat
2776 3831 2939 3901 culpa
2980 3828 3188 3883 viciose
3221 3825 3541 3890 scribentis,
3575 3831 3772 3876 tantum

456 3915 1536 3996 Opinionumimaginesubverifalsique
1555 3929 2069 3999 propositoeorum-
2169 3933 2397 3983 exornat
2454 3924 2627 3979 sancti
2681 3923 2900 3977 excelsa
2939 3919 3200 3994 dignitas,
3261 3915 3510 3970 materiae
3564 3925 3774 3967 causam

457 4023 563 4078 que
585 4007 798 4062 difficili
821 4009 1210 4066 commixtione
1243 4023 1350 4070 tam
1383 4017 1658 4087 profunda
1687 4022 2067 4093 eloquentium
2100 4091 2134 4093 _
2170 4034 2401 4090 operum
2429 4031 2582 4072 sacra
2612 4013 2934 4070 auctoritate
2953 4007 3297 4083 designantis
3326 4007 3394 4061 ³⁸.

488 4100 1069 4174 ubrepatdisputacio,
1104 4122 1204 4176 per
1251 4108 1451 4164 artium
1502 4091 1952 4183 scrupulositates
1977 4115 2069 4168 in-
2098 4091 2154 4158 D

1725 4248 2024 4304 EXPLICIT
2070 4246 2414 4304 PROLOGUS
2457 4245 2520 4298 ’°.

637 4398 1080 4492 INCIPIT
1134 4402 1534 4491 PASSIO
1587 4407 2008 4497 SANCTI
2053 4403 2796 4496 VENCEZLAVI
2845 4394 3466 4486 MARTYttIS
3509 4389 3580 4475 '°.

553 4609 602 4676 1,
640 4610 835 4666 Avulsa
863 4612 1032 4688 igitur
1059 4615 1132 4670 ob
1161 4617 1482 4675 insecabilis
1530 4631 1932 4679 sacramentum
1958 4624 2080 4679 Tri-
2186 4619 2464 4694 pestiferae
2495 4620 2770 4672 haereseos
2789 4620 3010 4670 sentosa
3026 4609 3392 4683 pululatione,
3418 4606 3600 4662 vitalis
3615 4604 3788 4675 splen-

483 4698 666 4753 nitatis
691 4700 872 4770 prisco
898 4704 1289 4762 catholicorum
1322 4709 1637 4783 idoneoque
1662 4713 1704 4747 ³¹
1737 4713 2010 4788 refragatu
2041 4715 2086 4748 ³³
2187 4717 2289 4770 dor
2319 4712 2592 4786 dogmatis
2624 4709 2906 4766 irradianti
2946 4706 3241 4762 diffusione
3269 4705 3462 4758 orbem
3483 4709 3599 4756 atra
3641 4713 3789 4754 erro-

1823 4863 2042 4917 VARUE
2074 4863 2448 4918 LECTIONES.

551 4948 566 4981 ί
599 4945 658 5033 G;
685 4947 760 5033 M;
883 4950 1074 5033 ἀςψηι
1318 4958 1340 4991 ²
1378 4963 1906 5033 Δριέξειτιῐιῑὶεδίιῐιιιῐη
1965 4965 2018 5018 1.
2062 4965 2084 4998 ³
2140 4973 2381 5019 mentem
2414 4964 2464 5018 1.
2525 4962 2546 4995 ⁴
2601 4959 2997 5033 speculacioni
3027 4960 3076 5033 ‘_
3100 4955 3512 5033 disputatione
3542 4953 3596 5032 2ἶ
3623 4951 3676 5033 ’⁸
3705 4959 3785 5033 κεῖ

482 5019 682 5104 292(31-
741 5020 1096 5104 ihambitqm
1129 5027 1175 5104 1Δ
1227 5019 1526 5104 8astringat
1574 5034 1628 5088 2.
1682 5033 1715 5089 3
1792 5035 1812 5068 ⁹
1847 5035 1994 5090 dicto
2049 5037 2102 5090 2.
2173 5036 2216 5070 ιο
2268 5036 2434 5090 decer
2485 5019 2809 5104 quantitatis
2859 5029 3129 5104 solidatis,
3179 5019 3274 5080 aut
3327 5029 3377 5104 1.,
3408 5027 3447 5059 ¹¹
3482 5023 3791 5104 desiderant

480 5091 534 5144 2.
573 5091 616 5124 ¹²
648 5091 963 5164 institentes
1022 5096 1042 5148 1
1131 5096 1176 5130 ¹³
1232 5091 1594 5157 δάυθῐιὶἒτυπι
1655 5105 1704 5159 1.
1760 5106 1802 5140 ¹⁴
1859 5106 1965 5160 alia
2015 5109 2062 5161 1.
2125 5107 2168 5142 ¹⁵
2225 5105 2406 5161 exitali
2455 5091 2520 5158 1..
2560 5104 2604 5137 ¹⁶
2657 5101 2924 5157 fabulosis
2978 5103 3031 5164 1,
3082 5091 3125 5133 ¹⁷
3174 5097 3605 5151 transduxerunt
3656 5106 3789 5145 corr.

483 5161 909 5248 transduxeri‘nt
948 5168 994 5220 1.
1054 5167 1395 5248 traduxerint
1423 5174 1491 5248 _2.
1549 5175 1686 5248 "As.
1721 5178 2022 5232 notandum
2071 5181 2124 5246 1,
2175 5179 2216 5212 ¹⁰
2275 5182 2706 5248 postposuerunt
2753 5175 2813 5248 2,Δ
2870 5173 2916 5206 ²⁰
2950 5161 3271 5248 _m._me_nt_i
3313 5169 3371 5248 d._
3398 5168 3453 5248 ᾖ
3507 5167 3548 5248 ξ¹
3573 5164 3790 5248 abjeee-

482 5231 759 5316 Pluyg,”
796 5236 1078 5316 rhetorum
1106 5239 1249 5316 _f’
1306 5243 1579 5316 nobisque
1605 5245 1655 5299 3.
1721 5231 1858 5302 σοντι.
1911 5231 2333 5316 ιιοὺίδ-’ἱῑεᾳιίέ
2375 5231 2430 5301 2.
2491 5247 2535 5279 ²⁴
2583 5231 2912 5316 sapientium
2944 5244 2997 5296 2.
3049 5243 3108 5316 β.
3153 5239 3466 5316 παφα).
3508 5237 3626 5316 (ubi
3661 5234 3790 5313 sub-

481 5308 788 5394 ξιοξξιξξρῗεζ
827 5322 894 5361 em
924 5312 1150 5394 corr)?
1178 5308 1509 5394 "_cor_r_iipté
1542 5317 1608 5394 _1.
1641 5317 1706 5394 _‘7
1763 5320 2000 5394 rarit_em_
2039 5321 2090 5394 1.
2138 5321 2184 5354 ³⁸
2214 5308 2673 5394 άθξὶεηειιηθεέξ
2718 5317 2762 5350 ²⁹
2925 5313 3217 5394 p..des_unt
3259 5312 3314 5394 1.
3348 5311 3703 5394 “sequantui

485 5376 531 5499 ἐξ
558 5375 1041 5524 ἰξυζέ
1063 5373 1114 5500 ξε
1131 5384 1292 5438 Cedis
1338 5373 1693 5452 Veizcezlavi;
1733 5395 1845 5445 tum
1891 5373 2090 5463 Incipit
2155 5373 2372 5462 passio?
2417 5393 2523 5443 etc.
2576 5387 2621 5420 ³ο
2661 5388 2773 5455 inc,
2803 5373 2937 5440 vita'
2961 5384 3210 5452 ejusdem
3259 5380 3295 5434 2
3348 5380 3390 5415 ³¹
3429 5373 3711 5448 idoneque
3739 5373 3788 5426 1.

1095 5495 1106 5507 ’
2036 5533 2245 5591 nom.

555 5615 666 5684 (17)
687 5616 1022 5691 Dobrowsky
1054 5622 1093 5676 I.
1128 5638 1177 5678 c.
1211 5625 1250 5680 Ι.
1284 5627 1337 5679 7.
1361 5627 1415 5684 8.
2271 5631 2374 5700 (18)
2395 5630 2454 5685 Τ.
2477 5630 2536 5695 ν,
2559 5625 2810 5684 136-143.
