4042 6156
271 253 388 308 925

1369 246 1514 300 νιΤΑ
1557 245 1953 302 VENtlEZLAVl
1995 247 2188 303 DUClS
2230 247 2563 304 ΒΟΗΕΜΙᾹΞ.

3531 255 3636 309 926

269 395 392 433 rum
435 377 484 411 ³³
521 375 758 448 caligine
791 372 1141 430 obfuscatum
1174 373 1436 429 divinitas
1468 371 1765 426 serenavit.
1801 372 1907 427 Sed
1933 379 1986 446 Α
2013 383 2128 430 tum
2168 373 2532 430 Vencezlaum
2572 376 2639 440 ⁵⁸,
2681 379 3033 446 superstitem
3083 379 3188 433 sibi
3221 395 3282 434 ac
3321 378 3492 434 multo
3523 394 3638 434 caa-

269 471 403 542 quia
432 469 563 524 fidei
606 467 845 523 salubris
887 466 1256 534 incrementa,
1289 482 1398 537 quo
1430 464 1663 536 primum
1697 464 1912 520 roboris

269 563 648 634 sumpsissent
700 559 992 615 exordium
1065 557 1441 614 :ecclesiastici
1492 557 1559 621 3‘,
1616 557 1800 627 priore
1866 557 1911 592 ³⁵

261 652 659 723 theologorum
721 647 968 703 sollertia
1031 647 1354 702 salutarium
1405 645 1602 700 studiis
1663 655 1908 700 tcxtuum

269 740 439 794 latius
487 743 836 802 coruscante,
869 733 1037 788 libris
1084 735 1409 804 inscriptum
1441 749 1504 788 ac
1535 733 1772 788 credulae
1801 749 1907 804 po-

268 831 512 886 steritati
545 831 755 884 certius
780 825 1182 899 praesignatum
1207 826 1340 880 satis
1370 835 1624 880 constare
1651 826 1906 896 pernovi-

270 938 438 977 mus:
496 922 756 994 gentibus
787 929 970 976 tamen
1029 919 1358 988 quibusdam
1393 918 1556 989 longo
1597 925 1721 987 post
1759 933 1910 970 erra-

271 1011 466 1065 bundo
489 1011 832 1065 anfractuum
864 1009 909 1041 ³⁶
929 1006 1261 1061 diverticulo
1289 1007 1356 1060 ad
1389 1005 1648 1060 normalis
1679 1005 1904 1060 rectitu-

271 1099 465 1152 dinem
501 1099 735 1153 tramitis
773 1112 923 1151 saera
969 1094 1338 1150 illustratione
1380 1095 1637 1160 redactis,
1661 1094 1905 1149 nondum

270 1189 697 1259 curictaaZmundi
725 1189 998 1254 nationes,
1023 1187 1277 1258 quamvis
1300 1188 1722 1258 prmdestinatze,
1742 1188 1906 1256 hujus

268 1282 469 1352 gratia:
499 1283 712 1336 donum
739 1281 900 1334 simul
931 1287 1062 1332 sunt
1087 1279 1322 1344 sortitae;
1355 1279 1451 1333 sed
1474 1278 1766 1334 ordinante
1793 1296 1906 1335 cae-

269 1373 401 1430 lesti
443 1375 754 1442 majestate,
796 1371 952 1442 quasi
993 1371 1255 1440 paulatim
1308 1372 1661 1446 surgentibus
1700 1372 1904 1426 diaboli

269 1466 658 1530 detrimentis,
715 1463 930 1517 felicius
990 1463 1044 1516 in
1102 1471 1286 1534 partes
1342 1464 1633 1534 processit.
1668 1463 1904 1527 Quarum

270 1561 502 1633 quidem
558 1557 794 1628 partium
850 1573 1011 1610 unam
1061 1557 1173 1610 stili
1225 1557 1576 1627 simplicitate
1619 1558 1907 1626 praesentis

269 1649 721 1722 exprimendam,
784 1647 980 1701 incolis
1040 1647 1398 1702 inhabitatam
1451 1649 1785 1703 Sclavanicis
1837 1650 1900 1716 ³⁷,
1932 1682 1981 1748 Β

271 1745 634 1818 aggredimur
663 1743 728 1795 ³⁸.
764 1741 927 1815 Plaga
957 1742 1291 1812 aquilonalis
1313 1742 1378 1807 39,
1414 1743 1615 1798 ceteris
1645 1744 1908 1799 immitior

271 1851 335 1888 ac
394 1832 503 1887 fide
557 1832 796 1896 tardior,
861 1838 1060 1885 nostrae
1122 1838 1424 1900 prostratur
1479 1832 1524 1865 ‘0
1579 1831 1903 1895 intentioni;

274 1941 444 1996 quam
471 1924 591 1994 ipsa
616 1922 756 1976 sacri
781 1922 1094 1992 pneumatis
1123 1923 1165 1956 ⁴¹
1197 1923 1459 1977 charistia
1486 1924 1553 1977 ad
1584 1923 1902 1978 christiana:

275 2014 487 2066 cultum
512 2009 894 2080 professionis,
921 2009 1172 2079 quamvis
1201 2026 1346 2074 sera,
1377 2019 1560 2064 tamen
1591 2009 1751 2064 beata
1778 2023 1905 2064 con-

276 2099 536 2154 versione
565 2099 790 2171 dignata
819 2105 904 2151 est
937 2097 1244 2151 instituere.

347 2193 401 2246 2.
449 2189 718 2255 Quoniam
748 2190 973 2260 quidem
1007 2188 1075 2242 ab
1110 2188 1245 2259 ipsis
1278 2195 1435 2241 terra:
1469 2187 1666 2242 incolis
1687 2187 1909 2243 Boemia

275 2283 492 2355 regioni
532 2281 862 2336 vocabulum
897 2281 941 2314 "
981 2287 1138 2335 sonat
1171 2278 1515 2349 impositum:
1574 2277 1657 2332 cui
1694 2278 1804 2345 jam
1865 2277 1910 2311 ⁸³

276 2383 548 2446 regnante
590 2371 768 2426 felicis
797 2371 1082 2426 memoriae
1121 2369 1541 2440 praclarissimo
1583 2383 1708 2440 rege
1743 2368 1905 2422 Hein-

275 2467 415 2531 rico,
468 2463 694 2536 quidam
745 2462 928 2536 gentis
981 2461 1128 2514 illius
1161 2459 1428 2533 progenie
1473 2458 1671 2513 clarior
1710 2475 1772 2512 ac
1804 2475 1906 2529 po-

274 2559 450 2614 tentia
499 2558 552 2610 in
611 2557 764 2611 cives
797 2555 1154 2620 eminentior,
1203 2553 1538 2627 Zpuytignev
1571 2555 1614 2586 “
1652 2555 1754 2623 (19)
1806 2569 1905 2608 no-

274 2648 452 2712 mine,
499 2647 850 2716 principatus
892 2643 1142 2716 regimen
1181 2641 1283 2696 sub
1315 2641 1460 2715 regis
1487 2641 1772 2697 dominatu
1803 2642 1908 2696 im-

277 2740 553 2810 pendens,
615 2736 786 2790 divini
837 2737 1018 2791 cultus
1075 2734 1222 2788 dulci
1275 2741 1402 2789 voto
1455 2741 1710 2799 attactus,
1766 2733 1908 2789 sacri

276 2832 447 2887 fontis
492 2831 756 2902 mysterio
808 2829 1121 2903 regenerari
1184 2844 1293 2883 non
1355 2845 1545 2898 parum
1606 2829 1910 2894 anhelans,

277 2921 560 2990 baptismo
596 2921 918 2983 mundatur,
961 2926 1015 2973 et
1056 2934 1196 2972 novo
1236 2917 1419 2972 studio
1450 2917 1685 2979 fervens,
1720 2917 1915 2972 domos

278 3013 373 3067 Dei
405 3014 473 3066 ad
515 3013 558 3046 ‘5
592 3012 928 3066 beatissima:
966 3011 1088 3078 ejus
1121 3009 1405 3083 genitricis
1436 3007 1614 3063 Maria
1654 3010 1759 3076 {20)
1789 3026 1919 3064 san-
1941 3034 1990 3101 Ο

275 3107 461 3178 ctique
516 3105 894 3176 apostolorum
940 3103 1207 3173 principis
1243 3101 1772 3172 (21)memorandam
1814 3120 1909 3158 ve-

276 3195 636 3249 neracionem
671 3193 1003 3257 construxit,
1039 3192 1092 3246 in
1124 3191 1325 3262 quibus
1365 3191 1713 3260 postmodum
1745 3190 1908 3245 innu-

277 3302 429 3339 mera
461 3285 750 3339 annuatim
804 3283 1068 3339 miracula
1118 3283 1163 3317 ⁴⁶
1193 3298 1300 3353 ope
1342 3281 1529 3336 divina
1575 3290 1908 3352 cooperante

278 3377 551 3432 fulserunt

350 3472 401 3525 3.
453 3471 621 3540 Hujus
652 3469 874 3524 interim
911 3467 1204 3522 laudabilis
1243 3468 1365 3522 vita
1391 3467 1608 3533 diebus,
1642 3470 1906 3524 honesto-

278 3578 396 3615 rum
442 3569 666 3615 actuum
707 3559 987 3630 exemplo,
1031 3574 1129 3628 per
1158 3567 1365 3612 natura}
1405 3557 1590 3631 legem
1637 3557 1904 3624 obclusis,

276 3650 447 3704 frater
472 3649 594 3717 ejus
627 3656 789 3704 aetate
821 3648 862 3682 ⁸⁷
893 3647 1073 3702 minor
1114 3647 1404 3702 Wratizlav
1453 3647 1496 3680 ’⁵⁸
1535 3647 1588 3700 in
1623 3649 1906 3719 principa-

278 3752 417 3806 tum,
452 3757 512 3795 se
555 3741 780 3812 publico
810 3755 1044 3793 assensu
1087 3740 1347 3810 eligente,
1390 3739 1677 3804 successit,
1712 3737 1907 3793 frater-

277 3849 520 3904 namque
555 3832 671 3902 ipse
715 3833 760 3865 ‘9
801 3837 1086 3885 assecutus
1135 3830 1179 3864 ⁵ο
1210 3829 1556 3902 religionem,
1606 3829 1906 3887 victorioso

276 3922 375 3976 Dei
410 3922 453 3954 ⁵⁸
485 3921 704 3974 athleta:
757 3919 921 3974 beato
963 3918 1169 3972 martiri
1205 3919 1436 3990 Georgio
1464 3919 1745 3974 basilicam
1795 3921 1902 3991 (22)

275 4017 392 4069 Deo
424 4013 738 4078 dicandam,
768 4012 1081 4066 christiana:
1121 4011 1378 4066 credulus
1419 4011 1658 4077 veritati,
1710 4013 1904 4068 erexit.

275 4105 397 4168 Quo
422 4102 586 4157 etiam
633 4109 757 4173 post
786 4102 972 4157 tardos
1013 4108 1322 4171 temporum
1351 4109 1554 4156 tractus
1586 4102 1908 4157 naturaliter

275 4196 564 4249 hominem
607 4200 845 4250 exeunte
877 4195 942 4260 δι,
989 4192 1236 4248 sobolem
1275 4193 1381 4247 alta
1435 4192 1831 4248 ammiracione
1862 4195 1907 4228 ⁵³

276 4284 612 4338 mortalibus
644 4300 742 4355 per
773 4283 965 4337 laudes
1015 4282 1498 4353 frequentandam,
1530 4280 1764 4336 filiorum
1797 4282 1904 4336 sci-

2012 465 2233 544 lestium
2267 466 2639 520 ardentiorem
2681 466 2920 538 reliquit.

2083 558 2136 610 4.
2182 557 2280 620 Qui
2314 574 2444 613 vero
2472 558 2626 612 mirae
2659 558 2924 614 claritatis
2954 577 3018 615 ac
3055 562 3302 616 amandae
3333 561 3535 616 indolis
3564 562 3631 626 ⁸⁸,

2012 649 2145 702 dum
2196 645 2447 701 ﬂoridam
2475 647 2786 716 juventutis
2813 655 3027 702 aetatem
3071 649 3308 718 primum
3340 649 3631 722 attigisset,

2013 744 2169 809 patre
2202 738 2383 793 adhuc
2413 739 2560 804 vivo,
2603 739 2670 791 ad
2707 737 3004 794 litterarum
3039 741 3258 810 disponi
3296 740 3558 794 exercitia
3587 741 3632 774 ⁵⁵

2011 832 2357 900 desiderans,
2411 840 2819 904 paternumque
2857 833 3050 888 crebro
3082 834 3418 908 flagitamine
3460 833 3636 887 deﬂe-

2009 937 2168 985 ctens
2193 928 2458 996 animum,
2484 929 2606 999 ejus
2626 929 2948 982 transmissu
2971 930 3016 963 ⁵⁸
3033 929 3086 982 in
3111 929 3330 984 civitate
3358 929 3566 984 Bunsza
3588 929 3632 963 ⁵⁷

2010 1019 2211 1074 litteris
2235 1018 2593 1074 addiscendis
2614 1026 2698 1072 est
2729 1019 2940 1088 positus
2995 1019 3158 1088 Cujus
3190 1021 3375 1090 itaque
3407 1019 3632 1092 ingenio

2009 1109 2180 1165 celeri
2233 1109 2533 1179 capacitate
2575 1107 2843 1162 divinitus
2891 1109 3180 1174 instructo,
3240 1107 3393 1162 brevi
3446 1107 3630 1162 studio

2010 1203 2213 1257 librum
2243 1201 2665 1272 spalmodialem
2713 1201 2756 1233 ⁵⁸
2788 1212 3081 1271 ceteraque
3113 1200 3428 1254 divinorum
3478 1214 3632 1253 com-

2011 1294 2189 1364 pluria
2240 1293 2537 1364 perdidicit
2585 1292 2630 1325 59
2678 1300 2733 1346 et
2761 1291 2993 1347 solidius
3046 1291 3294 1346 interiori
3353 1289 3633 1344 memoria:

2009 1382 2288 1437 conexuit.
2339 1382 2498 1436 Patre
2552 1381 2797 1445 interim,
2853 1389 2913 1434 ut
2947 1381 3060 1448 jam
3105 1380 3314 1433 dictum
3371 1384 3474 1442 est,
3508 1377 3635 1431 uni-

2009 1491 2186 1530 versae
2215 1475 2398 1529 carnis
2439 1473 2585 1528 viam
2619 1473 2867 1552 ingresso
2909 1472 2972 1536 ⁶⁰,
3015 1471 3237 1538 juvenis
3289 1471 3408 1538 ipse
3435 1484 3630 1522 senum

2007 1565 2260 1635 exempla
2317 1563 2538 1618 actibus
2585 1563 2895 1624 declarans,
2947 1561 3049 1615 sub
3091 1561 3235 1632 regis
3291 1556 3631 1612 serenissimi

2007 1652 2219 1707 Ottonis
2250 1653 2356 1722 {23)
2389 1652 2637 1725 fulgente
2682 1651 2949 1721 potentia,
2982 1650 3264 1705 favorabili
3298 1647 3626 1718 pepulorum

2007 1761 2237 1799 assensu
2263 1745 2319 1798 in
2343 1744 2558 1814 paterni
2593 1745 2823 1798 ducatus
2853 1745 3284 1804 successionem,
3307 1758 3368 1794 se
3399 1741 3625 1793 nimium

2007 1839 2301 1899 refutante,
2336 1835 2607 1898 delectus,
2642 1839 2695 1886 et
2751 1832 2807 1886 in
2856 1830 3180 1902 principalis
3222 1831 3412 1884 sedem
3446 1829 3627 1902 digni-

2008 1927 2138 1981 tatis
2160 1936 2243 1980 est
2272 1927 2520 1980 elevatus

2079 2018 2131 2068 5.
2176 2015 2344 2080 Quam
2386 2014 2651 2089 gravibus
2695 2015 2734 2047 δ’
2790 2020 2921 2067 tunc
2951 2012 3318 2083 perturbantis
3365 2010 3632 2066 molestiae

2010 2103 2428 2158 diversitatibus
2478 2102 2747 2172 principis
2787 2101 2988 2156 novelli
3037 2100 3370 2175 benignitas,
3416 2107 3633 2154 terreno

2005 2195 2128 2262 jure
2179 2201 2459 2264 suscepto,
2494 2192 2793 2247 intrisecus
2839 2200 3152 2265 augeretur,
3187 2205 3294 2244 non
3345 2197 3428 2244 est
3465 2188 3637 2242 admi-

2012 2288 2268 2354 randum,
2311 2287 2571 2358 quoniam
2633 2285 2903 2352 caelestia,
2940 2301 3051 2355 pra:
3108 2282 3310 2338 ceteris
3365 2280 3634 2336 intuendo

2007 2392 2194 2436 mente
2222 2382 2421 2436 devota
2460 2382 2504 2414 ⁶²
2532 2380 2849 2452 proposuit,
2882 2386 2940 2433 ut
2968 2377 3217 2449 quamvis
3263 2375 3500 2446 publica:
3525 2373 3632 2428 uti-

2009 2474 2144 2528 litati
2193 2474 2551 2544 providendae
2604 2472 2832 2526 debitor
2877 2472 2921 2505 ⁸³
2975 2470 3259 2528 extitisset.
3318 2469 3411 2522 Dei
3447 2475 3628 2520 tamen

2009 2563 2272 2634 praedulci
2318 2562 2585 2633 obsequio
2619 2563 2663 2596 δδ
2696 2561 2777 2615 uti
2810 2560 3000 2631 primis
3029 2576 3088 2614 se
3119 2559 3278 2612 annis
3305 2554 3629 2627 implicavit,

2011 2656 2194 2727 potius
2223 2655 2490 2725 despecto
2521 2655 2564 2687 ⁸⁵
2603 2653 2842 2708 seculari
2875 2652 3113 2725 fastigio,
3159 2667 3269 2706 non
3297 2649 3628 2720 repudiavit.

2014 2746 2198 2800 Plebis
2223 2753 2407 2799 autem
2441 2744 2751 2799 commissae
2782 2744 2990 2799 crimen
3033 2745 3292 2796 luendum
3325 2741 3553 2804 veritus,
3585 2740 3631 2794 si

2014 2838 2237 2910 dignam
2278 2837 2454 2892 civilis
2481 2835 2844 2890 districtionis
2875 2837 3055 2908 legem
3087 2850 3195 2889 non
3223 2832 3586 2903 impendisset
3614 2849 3629 2897 ;

2017 2927 2114 2979 sed
2147 2927 2252 2980 hoc
2291 2925 2607 2998 ambiguum
2653 2939 2766 2979 non
2797 2925 2890 2979 diu
2921 2924 3307 2978 mediastinum
3350 2928 3632 2987 tractatus,

2017 3031 2180 3085 quam
2209 3014 2477 3086 sagaciter
2503 3013 2777 3084 arripiens
2803 3013 3018 3080 callem,
3051 3023 3111 3067 ut
3135 3027 3318 3084 neque
3351 3013 3453 3066 hoc
3479 3026 3634 3066 secu-

2013 3103 2200 3156 lariter
2236 3103 2510 3175 agendum
2571 3103 2876 3168 omisisset,
2937 3103 3022 3157 vel
3070 3102 3216 3155 istud
3269 3101 3341 3156 ob
3388 3100 3633 3156 caelestia

2012 3197 2350 3252 tendendum
2394 3213 2424 3251 a
2459 3213 2518 3251 se
2549 3197 2771 3272 neglegi
2804 3197 2859 3251 in
2892 3196 3133 3251 futurum
3161 3211 3272 3251 non
3294 3177 3630 3266 expavisset;

2011 3290 2282 3344 moderari
2315 3290 2370 3344 in
2397 3289 2598 3344 civium
2649 3307 2712 3344 ac
2766 3290 2984 3344 miliciaz
3033 3304 3358 3344 communes
3389 3289 3433 3323 ⁶⁶
3481 3285 3632 3341 utili-

2011 3391 2150 3437 tates
2206 3384 2389 3456 legum
2444 3383 2689 3450 decreta,
2759 3384 3158 3456 benignissimo
3222 3393 3277 3438 et
3329 3383 3626 3438 admodum

2008 3472 2246 3526 discreto
2277 3472 2526 3526 dominio
2559 3473 2600 3505 8"
2644 3473 2888 3543 denique
2930 3473 3201 3538 residens,
3235 3480 3370 3526 nutu
3402 3471 3630 3526 certavit

2008 3563 2318 3634 principali.
2370 3565 2426 3616 ln
2485 3564 2840 3618 decernendo
2885 3564 2928 3597 ⁵⁸
2958 3563 3242 3634 providus,
3278 3573 3332 3617 et
3374 3561 3622 3616 misereri

2008 3655 2262 3727 cuiquam
2309 3661 2618 3725 promptus,
2669 3656 2722 3708 in
2757 3655 2986 3709 miseras
3028 3670 3244 3708 reorum
3281 3669 3450 3708 noxas
3491 3652 3628 3708 faci-

2007 3745 2116 3801 lius
2145 3746 2413 3801 cessanda
2432 3745 2681 3815 punitate
2710 3746 3026 3810 exorabilis,
3050 3743 3469 3814 omnigenarum
3498 3757 3628 3812 qua-

2009 3838 2157 3892 litate
2191 3855 2474 3909 paznarum
2508 3838 2563 3891 in
2591 3837 2823 3906 judiciis
2854 3837 3101 3899 alienus;
3135 3834 3439 3889 domestica
3471 3833 3629 3888 habi-

2009 3929 2202 3984 tudine
2230 3929 2482 4000 simplex.
2519 3945 2734 3983 morum
2768 3928 3015 3983 castitate
3056 3926 3405 3996 perspicuus,
3441 3925 3624 3980 bono-

2008 4034 2124 4072 rum
2185 4017 2553 4088 promissione
2615 4032 2745 4092 erga
2803 4015 3139 4086 potentiores
3202 4015 3344 4068 haud
3397 4012 3626 4078 tardus,

2007 4110 2207 4181 hisque
2238 4108 2612 4180 adimplendis
2638 4124 2797 4180 aeque
2825 4108 3057 4163 devotus
3083 4120 3096 4173 ;
3140 4106 3442 4161 incolarum
3477 4119 3623 4175 quo-

2007 4216 2119 4270 que
2148 4199 2376 4270 inepum
2402 4198 2512 4269 jam
2553 4197 2914 4252 rusticitatem
2950 4195 3257 4264 majoribus
3285 4210 3434 4264 saepe
3463 4194 3516 4248 in
3549 4193 3629 4248 di-

2009 4287 2232 4362 ligendo
2264 4285 2563 4357 praeferens
2593 4287 2669 4350 5°;
2723 4285 2963 4340 viduatis
2996 4293 3284 4354 parentum
3323 4281 3410 4336 vel
3443 4297 3624 4335 rerum

275 4379 413 4434 licet
443 4386 550 4432 tam
579 4386 709 4433 natu
733 4394 898 4449 quam
923 4377 1087 4432 etiam
1119 4384 1242 4432 actu
1273 4375 1562 4445 majorem,
1593 4378 1703 4432 Deo
1735 4376 1906 4432 dilec-
1926 4356 1982 4424 D
2009 4356 2364 4439 adminiculo.
2400 4390 2618 4431 necnon
2648 4375 2821 4446 patria
2845 4373 3193 4428 exulantibus
3217 4371 3282 4437 το,
3313 4369 3629 4426 consolator

1639 4533 1861 4588 VARle
1884 4531 2265 4587 LECTIONES.

355 4659 401 4693 ³³
424 4673 616 4714 eorum
646 4660 696 4712 1.
779 4657 823 4691 3‘
853 4657 1305 4712 recclesiasticum
1333 4657 1386 4710 2.
1484 4656 1528 4690 ³⁵
1557 4655 1799 4725 priorum
1830 4654 1882 4708 2.

274 4731 488 4786 lonaris
539 4731 573 4782 2
673 4731 716 4763 ‘0
751 4736 1081 4798 protestatur
1129 4729 1180 4782 2.
1247 4734 1508 4798 protestat
1559 4727 1612 4792 3,

275 4747 488 4786 tonans
539 4747 573 4782 z
673 4747 716 4763 *ν
743 4747 1081 4853 proresmtur
1129 4747 1180 4782 Ζ.
1247 4747 1508 4798 prOIeSLal.
1559 4747 1612 4792 ο,

275 4805 324 4836 ⁸⁸
357 4801 701 4873 Zyptinenus
785 4841 796 4852 .
823 4799 1130 4873 rSpitigueu
1165 4801 1214 4873 3.
1240 4870 1247 4873 _
1278 4799 1590 4873 spitigneus
1619 4797 1684 4873 Μ.

277 4941 332 4999 1’.
416 4945 457 4977 ⁶¹
485 4950 649 4997 eunte
703 4945 746 4996 1.
837 4941 1248 4996 “amiracionc
1307 4943 1357 4994 1.

273 5016 326 5049 ⁸⁵
354 5014 742 5068 transmissum
802 5015 854 5067 4.

277 5085 592 5156 presbitero
625 5084 848 5139 nomine
878 5084 1066 5156 Uceno
1106 5083 1173 5137 Μ.
1249 5084 1360 5156 φν.
1398 5099 1450 5136 u.
1485 5098 1533 5136 c.
1577 5081 1629 5136 2.

463 5155 613 5209 uium
652 5156 704 5210 2.
785 5156 828 5189 ⁸⁵
857 5155 912 5208 d.
946 5156 1062 5209 de's
1127 5156 1174 5209 1.
1251 5155 1296 5188 “
1325 5169 1592 5210 comunes
1619 5155 1667 5208 1.

275 5158 415 5211 obse

275 5229 329 5280 1.
418 5227 464 5259 ⁷ο
505 5227 882 5281 exultantibus

1999 4654 2046 4687 3“
2068 4653 2222 4708 amfr.
2267 4655 2321 4718 2,

1717 4726 1755 4759 “
1789 4725 2070 4796 pneumati
2113 4727 2132 4779 1
2155 4770 2160 4776 .

1764 4795 1808 4830 ‘5
1839 4813 1902 4851 ac
1927 4797 1960 4849 2
2010 4795 2058 4850 3.

275 4868 494 4943 tyzlans
550 4873 600 4925 2.
665 4868 1074 4926 Wratislaw'3.
1132 4868 1443 4924 wirizlaum’
1499 4869 1564 4922 M.
1633 4868 2010 4922 bratesclabus
2071 4869 2397 4923 Laurentius
2451 4868 2571 4920 Cas.

277 4948 332 4994 1.
416 4945 457 4977 ⁶¹
485 4950 649 4994 eunte
703 4945 746 4994 1.
837 4941 1248 4994 “amiracionc
1307 4943 1357 4994 1.
1437 4939 1899 4994 1“Wencezlaum
1947 4940 1999 4992 2.
2065 4938 2128 4993 M.
2210 4939 2311 4992 δεῖ.
2365 4954 2504 4994 nuer
2543 4937 2571 4991 3

939 4976 1247 4996 ιιιιιιαυιυιιυ
1312 4976 1357 4994 ι.
1529 4976 1899 4994 ννυιιυυιιιιιυυι
1948 4976 1999 4992 αθ
2065 4976 2128 4993 Αἰο
2277 4976 2311 4992 ι.
2407 4976 2491 4991 υυι
2543 4976 2592 4991 υ.
2788 4976 2940 4989 νην..

939 5013 982 5046 ⁵⁷
1015 5013 1199 5067 Budec
1260 5013 1312 5064 2.
1376 5011 1582 5066 Budess
1633 5011 1683 5066 3.
1747 5011 1962 5064 Budéea
2029 5010 2092 5064 Μ.
2168 5009 2212 5044 ⁵⁸
2245 4976 2656 5078 psalymodialem
2713 5005 2765 5060 2.
2847 5005 2891 5039 5°
2917 5021 2947 5058 a

939 5098 1065 5115 ωιτη-ια
1107 5083 1152 5115 Μ
1249 5084 1292 5115 θο
1313 5100 1344 5115 υ
1398 5099 1428 5115 n
1486 5098 1513 5115 Λ
1577 5081 1610 5115 θ
1725 5081 1764 5115 61
1801 5082 2061 5115 nrat‘iknc
2088 5085 2105 5115 Ι
2221 5081 2264 5113 62
2294 5081 2494 5115 [Ιοιιηίη
2525 5081 2544 5115 4
2649 5079 2693 5112 53
2721 5076 2902 5115 Αοῆίθει
2938 5081 2947 5102 λ

1751 5083 1764 5115 ¹
1798 5082 2064 5162 gradibus
2088 5085 2135 5134 1.
2221 5082 2264 5113 ⁶²
2294 5082 2494 5160 deuoto
2525 5082 2547 5132 1
2649 5082 2692 5112 ⁵³

1746 5152 1788 5186 ⁸⁷
1820 5151 2085 5206 όοῐηιοιιο
2144 5152 2193 5205 1.
2229 5151 2512 5206 domicilio
2549 5151 2603 5204 2.
2638 5151 2692 5203 3.

2421 4652 2464 4685 ³⁷
2486 4651 2829 4726 germanicis
2866 4649 2936 4726 3.Δ
2999 4648 3044 4726 3‘}
3071 4648 3215 4702 deest
3246 4647 3297 4700 1.
3397 4645 3440 4726 ξίν
3462 4645 3622 4726 aqui-

2893 4720 2938 4753 ⁸³
2967 4718 3133 4773 etiam
3201 4733 3340 4772 corr.
3395 4717 3507 4784 jam
3565 4717 3614 4770 1.

3399 4788 3442 4821 ⁸⁸
3463 4787 3620 4840 Wra-

2284 4726 2327 4758 "
2349 4723 2673 4779 vocabulum
2718 4723 2740 4774 1

2659 4794 2700 4828 ‘7
2728 4797 2851 4862 post
2905 4792 3213 4862 suppletum
3243 4790 3314 4862 r1.

2662 4865 2705 4897 ‘9
2728 4859 2879 4918 deest
2939 4859 3017 4915 2.
3067 4861 3118 4917 3.
3239 4859 3284 4893 ⁵ο
3315 4865 3618 4912 assectutus

2713 4935 2756 4968 ⁵⁵
2787 4933 2996 4989 exertia
3045 4949 3187 4987 corr.
3246 4930 3502 4984 exerticia
3555 4935 3610 4981 1.

3005 5004 3242 5075 quodam
3307 4997 3611 5075 venerabili

3083 5076 3126 5108 ⁵⁸
3159 5073 3214 5125 D.
3273 5080 3308 5124 t.
3353 5067 3614 5139 predulce

3258 5141 3300 5174 δ’
3325 5138 3613 5210 proferens

2149 4797 2195 4830 ⁴⁶
2225 4795 2480 4850 milacula
2523 4797 2570 4848 1.

2065 4938 2128 4993 M.
2210 4939 2311 4992 ⁵⁸1.
2365 4954 2504 5008 puer
2543 4937 2592 4991 3.

2649 5079 2693 5112 ⁵³
2721 5076 2906 5132 debita
2938 5077 2988 5128 1.

2778 5148 2822 5182 ⁸⁸
2852 5147 3089 5202 decerno
3125 5151 3138 5198 t

2221 5081 2264 5113 ⁶²
2294 5081 2494 5135 deuoto
2525 5081 2547 5132 1

1845 5319 2052 5376 NOTE.

353 5421 465 5491 (19)
506 5421 562 5474 cf
635 5423 772 5476 Ann.
810 5421 1112 5476 Fuldenses
1169 5438 1218 5475 a.
1259 5421 1382 5477 895.
1417 5421 1570 5477 Tunc
1589 5421 1702 5489 jam
1751 5419 1898 5476 Chri-

274 5493 497 5549 stianus
528 5491 695 5546 fuisse
717 5493 951 5547 videtur.

353 5564 462 5638 (ἕο)
512 5563 694 5638 ﬁssae
737 5585 769 5638 s
809 5565 862 5638 in
885 5564 1245 5638 urbefrtssa.
1292 5563 1419 5638 ’10-

352 5632 469 5705 (21)
512 5634 568 5689 id
599 5632 719 5690 loco
743 5635 948 5702 Budec,
983 5635 1075 5691 ubi
1108 5632 1476 5691 Véncezlavus
1505 5634 1750 5689 scholam
1783 5632 1896 5688 fre-

2000 5419 2298 5490 quentavit.

2070 5491 2180 5564 (22)
2221 5491 2276 5564 is
2304 5490 2742 5564 arcePrasensis

2071 5549 2178 5632 (23)
2219 5561 2480 5629 Heinrici,
2555 5549 2648 5632 q'ui
2741 5554 3135 5612 Vencezlavum
3216 5558 3410 5624 postea
3464 5549 3629 5606 bello-

2001 5648 2296 5707 aggressus
2331 5640 2434 5688 est.
