4042 6156
406 272 511 326 927

1545 271 1877 327 GUMPOLDI
1920 269 2217 327 EPISCOPI
2257 268 2598 325 MANTUANI

3639 261 3748 318 928

401 423 465 462 ac
503 413 765 477 paternus
791 404 969 460 fautor
998 405 1137 460 miro
1178 421 1400 475 semper
1427 404 1673 460 caritatis
1719 405 2016 475 splendore
2044 415 2085 476 Α
2119 402 2547 460 formationibus
2587 413 2748 456 mens
2788 405 2939 455 casta
2971 398 3192 454 cmlitus
3233 397 3455 463 edocta,
3489 394 3750 467 frequen—

404 494 627 550 eﬁ'ulsit.
659 495 939 549 Modestus
971 493 1027 548 in
1071 509 1266 548 omnes
1310 501 1480 559 actus,
1525 493 2016 565 memorabilisque

404 592 615 638 amator
646 583 958 654 pacientiae,
1010 593 1065 638 et
1104 583 1250 638 inter
1288 584 1330 618 ⁷⁷
1379 591 1605 639 cunctas
1663 599 1885 638 casuum
1918 583 2014 637 ad-

405 670 694 726 versitates
733 671 978 741 prudens
998 672 1328 734 moderator,
1359 673 1792 726 snbstantiarum
1826 671 2017 746 largis-

405 763 578 816 simus
609 763 663 816 in
695 779 1000 833 pauperum
1025 763 1242 818 ﬂebiles
1283 764 1618 836 indigentias
1643 764 2015 834 dispensator,

408 857 736 911 humilitatis
769 858 1228 912 mansuetissimi}:
1262 858 1508 928 placidus
1546 859 1592 892 ⁷³
1621 868 1930 924 exsecutor,
1962 859 2020 913 in

405 963 465 1001 se
493 949 817 1020 plerumque
838 950 884 983 ⁷³
897 951 1172 1011 severior;
1207 950 1262 1004 in
1293 957 1507 1006 ceteros
1539 950 1746 1022 ubique
1774 951 2021 1005 clemen-

409 1036 535 1102 tior,
587 1040 844 1094 omnibus
884 1039 940 1094 in
993 1040 1317 1095 aeternitatis
1349 1039 1661 1110 exemplum
1693 1039 1980 1113 largiendo
2006 1081 2018 1103 ,

409 1129 745 1195 miserando,
777 1130 985 1186 inscios
1012 1131 1056 1164 ⁷⁵
1096 1131 1468 1197 reformando,
1522 1131 1748 1186 edoctos
1778 1131 1823 1166 ⁷⁵
1856 1131 2023 1186 robo-

411 1220 584 1272 rando
617 1219 867 1288 perluxit'
882 1220 946 1274 ⁷⁸.

479 1309 533 1362 6,
579 1309 669 1364 His
699 1326 831 1384 ergo
871 1311 1128 1365 virtutum
1173 1310 1513 1382 fulgentibus
1541 1313 1779 1384 gemmis
1817 1312 2026 1367 beatis-

410 1396 775 1464 simijuvenis
799 1398 1056 1454 decorata
1087 1400 1456 1467 conversatio,
1488 1401 1544 1454 in
1576 1408 1787 1456 tantum
1804 1401 1871 1456 ad
1908 1402 2027 1456 haec

399 1483 626 1554 pietatis
655 1488 896 1540 studium
928 1488 1222 1555 adamavit,
1256 1497 1315 1543 ut
1345 1491 1808 1562 quandocumque
1836 1491 2027 1562 dispo-

407 1577 530 1631 sitis
573 1593 703 1652 erga
763 1579 1016 1649 publicas
1075 1581 1432 1636 necessitates
1468 1582 1869 1653 colloquiorum
1937 1581 2020 1636 vel

407 1666 730 1735 placitorum
756 1669 900 1722 inter
936 1669 1186 1724 ordinata
1209 1670 1461 1739 judicum
1501 1671 1856 1741 plebiumque
1889 1673 2024 1726 sub-

2117 493 2226 548 tius
2264 492 2318 546 in
2368 489 2634 546 discendo
2682 487 2915 555 exculta,
2978 487 3034 541 in
3078 486 3273 541 miram
3343 485 3743 557 scripturarum

2118 585 2474 658 capacitatem
2506 581 2746 654 prodivit
2783 581 2848 636 ⁸⁷.
2882 581 3151 653 Quicquid
3181 581 3226 616 ⁸³
3257 595 3501 652 namque
3533 579 3744 635 docen-

2121 679 2254 733 tium
2306 677 2485 732 studia
2515 676 2571 729 in
2620 689 2687 729 eo
2727 673 3211 744 praesignaverant,
3246 671 3501 728 honestis
3529 670 3745 726 actibus

2121 767 2242 838 ipse
2270 764 2599 836 complevit;
2645 764 2774 835 quia
2803 763 3048 818 omnium
3079 761 3352 835 angustia
3399 775 3744 831 compassus,

2120 857 2462 912 inbecilitate
2508 854 2776 927 quosdam
2834 854 3103 908 lassantes
3169 852 3458 908 caritativo
3507 851 3745 906 visitavit

2121 951 2346 1017 solacio,
2407 957 2463 1004 et
2518 949 2711 1003 mortis
2761 947 2882 1021 lege
2926 946 3254 1018 illaqueatos
3298 945 3366 1011 ⁸⁵,
3415 944 3742 1016 plerumque

2123 1043 2376 1119 neglecta
2404 1059 2436 1097 a
2465 1042 2679 1097 civibus
2717 1040 2902 1095 minus
2940 1039 3214 1114 religiosis
3240 1038 3550 1110 sepultura,
3584 1036 3745 1091 fune-

2123 1135 2236 1190 bris
2285 1134 2332 1169 °°
2388 1133 2645 1205 obsequii
2685 1131 2992 1200 ltumulavit
3055 1129 3260 1186 ofﬁcio.
3305 1129 3418 1184 Sed
3461 1129 3745 1202 gentibus,

2123 1227 2321 1282 ducatu
2353 1225 2528 1296 ipsius
2547 1239 2648 1296 per
2668 1224 2845 1295 legem
2875 1239 2940 1278 ac
2964 1235 3182 1278 morum
3207 1219 3674 1276 consuetudinem
3700 1220 3742 1254 ⁹¹

2125 1321 2395 1369 vetustam
2449 1313 2830 1384 disponendis,
2889 1313 3041 1368 rudis
3091 1312 3274 1366 adhuc
3313 1309 3447 1364 ﬁdei
3499 1310 3746 1364 doctrina

2129 1402 2473 1468 nutantibus,
2515 1403 2646 1458 dum
2678 1417 2783 1474 per
2827 1400 3092 1456 nefandas
3117 1400 3396 1456 aditorum
3429 1407 3593 1471 atque
3625 1415 3748 1454 ara-

2127 1507 2245 1544 rum
2308 1489 2585 1545 furialium
2634 1491 2801 1556 mdes,
2860 1504 3121 1561 proceres
3176 1503 3405 1560 quoque
3445 1489 3597 1558 ipsos
3638 1487 3747 1542 diis

2123 1577 2406 1633 libandum
2431 1578 2630 1633 alienis
2657 1579 2704 1612 9’
2721 1576 3065 1650 frequentius
3094 1577 3150 1630 in
3168 1590 3316 1631 anno
3346 1579 3746 1630 concursantes

2125 1672 2300 1728 beate
2330 1672 2534 1727 indolis
2571 1670 2902 1741 juvenculus
2940 1670 3321 1741 conspexisset
3371 1669 3439 1734 ’3,
3501 1669 3570 1723 ad
3601 1669 3748 1722 hanc

403 1759 563 1813 sellia
607 1762 824 1826 edictis,
885 1777 1063 1833 eoque
1126 1764 1462 1818 eminentius
1510 1781 1598 1819 res
1641 1765 1917 1836 quaslibet
1966 1767 2021 1820 in
2053 1725 2455 1819 Bscelerosam
2496 1763 2746 1818 mdendis
2797 1760 3187 1817 sacriﬁciorum
3226 1759 3469 1816 victimis
3500 1775 3748 1814 commu-

402 1849 629 1915 judiciis
674 1861 1077 1921 przenoscente,
1104 1853 1147 1906 si
1181 1854 1362 1908 forsan
1394 1855 1517 1925 quis
1573 1870 1710 1909 noxa
1742 1856 2021 1920 detentus,

411 1940 626 1993 mortali
656 1943 942 1996 sentencia
968 1945 1217 2014 quamvis
1248 1946 1435 2000 debito
1468 1945 1804 2016 proscriptus
1835 1947 1955 2014 ejus
1979 1947 2022 1980 ⁷⁷

413 2033 718 2100 praesentiae
750 2033 818 2086 ab
854 2035 1224 2090 incusatorum
1268 2037 1566 2092 damnabili
1595 2038 1804 2106 judicio
1834 2039 2026 2095 fuisset

410 2123 682 2177 adductus
707 2124 773 2190 ⁷⁸,
813 2125 950 2196 [ejus
981 2127 1025 2160 79
1056 2125 1328 2202 suffragiis
1361 2129 1623 2184 immunis
1644 2130 1822 2184 abiret
1846 2147 1876 2185 e
1906 2147 2023 2185 me-

408 2211 518 2281 dio]
544 2229 558 2277 ;
589 2211 633 2266 si
661 2228 792 2267 vero
822 2215 1082 2285 princeps
1113 2216 1204 2270 ille
1230 2217 1565 2283 misericors,
1590 2235 1691 2273 nec
1719 2227 2024 2289 permutata

407 2303 543 2374 legis
597 2306 922 2360 necessitate
978 2324 1080 2362 nec
1133 2309 1419 2378 judicibus
1460 2328 1556 2381 pro
1600 2314 1708 2368 hoc
1756 2313 2024 2368 solvendo

407 2395 754 2466 aliquatenus
789 2398 856 2450 ab
879 2414 945 2452 eo
970 2401 1226 2466 exoratis,
1247 2402 1473 2457 minime
1506 2420 1658 2458 reum
1688 2405 1808 2478 lege
1842 2405 2022 2460 horri-

410 2483 506 2537 bili
558 2487 816 2557 cognovit
869 2488 1244 2558 eripiendum,
1291 2507 1351 2544 se
1407 2493 1626 2547 tandem
1684 2494 1914 2563 cupiens
1963 2511 2027 2550 ac

410 2588 595 2628 sacros
647 2575 872 2629 obtutus
927 2578 1233 2649 sanguinea
1279 2595 1431 2650 caepe
1493 2597 1602 2635 non
1663 2583 2030 2640 sordidandos

410 2662 739 2728 subducere,
779 2664 926 2718 edita
957 2681 1181 2737 quoquo
1225 2668 1390 2723 modo
1421 2670 1755 2725 exscusabili
1784 2672 2028 2740 racionc,

411 2769 673 2808 consessu
719 2772 782 2809 ac
833 2756 1045 2824 judicio
1094 2759 1352 2825 excessit,
1413 2776 1576 2831 quam
1635 2778 1770 2817 sano
1822 2763 2031 2838 ingenii

411 2843 666 2897 acumine
694 2844 740 2878 3°
777 2845 1028 2899 salutaris
1058 2847 1343 2901 aemulator
1401 2855 1455 2903 et
1506 2852 1811 2926 evangelici
1844 2853 2030 2919 edicti,

338 2964 341 2966 -
414 2945 524 3002 quo
558 2933 908 3002 praecipitur:
967 2936 1144 2992 Nolite
1175 2937 1449 3005 judicare,
1497 2943 1548 2992 et
1595 2940 1634 2973 ⁸¹
1669 2956 1773 2994 ηοη
1815 2941 2033 3009 judice-

410 3025 576 3086 mt‘m‘;
604 3029 653 3076 et
677 3025 841 3078 nolite
868 3041 965 3079 con
983 3030 1283 3095 iempnare,
1309 3033 1483 3083 etnon
1509 3033 2034 3101 eondempnabimz’ni

414 3114 569 3179 (Luc.
598 3131 672 3179 v1,
699 3115 810 3180 37).

489 3207 519 3262 7
585 3207 694 3262 Hoc
723 3207 845 3278 ipse
884 3208 995 3264 Deo
1028 3209 1225 3280 plenus
1249 3211 1471 3279 juvenis
1498 3217 1814 3270 mandatum
1847 3216 2029 3288 perfe-

413 3299 552 3354 ctius
574 3301 833 3366 amando,
865 3317 929 3356 ac
976 3303 1286 3372 periculose
1318 3323 1347 3358 a
1392 3323 1664 3378 quoquam
1716 3311 2027 3366 mortalium

418 3391 778 3460 praesentiens
829 3392 874 3426 θ’
913 3408 1023 3448 non
1056 3398 1423 3464 sequendum,
1470 3401 1672 3455 notatis
1703 3402 1812 3456 reis
1840 3403 2029 3458 crimi-

416 3498 553 3537 nosa
591 3483 997 3553 dampnacione
1052 3489 1351 3556 pereundis
1395 3490 1796 3566 benignissime
1829 3511 2027 3566 peper-

412 3571 486 3626 cit
515 3571 578 3628 ⁸⁸.
625 3573 822 3628 Verum
855 3590 924 3628 ne
973 3582 1366 3633 tormentorum
1416 3579 1652 3636 nefanda
1697 3584 2030 3639 monimenta

412 3659 620 3715 diutius
695 3663 1088 3731 excrevissent,
1153 3669 1338 3722 omnia
1411 3669 1674 3739 patibula,
1744 3673 2028 3728 hominum

414 3750 732 3820 suSpendiis
760 3751 817 3805 in
848 3753 970 3821 ejus
994 3755 1147 3827 regni
1178 3755 1315 3812 locis
1346 3773 1510 3830 quam
1543 3761 1798 3831 pluribus
1824 3771 2028 3831 erecta,

415 3839 657 3907 poenitus
685 3838 830 3894 dirui
862 3839 1012 3908 fecit,
1045 3858 1148 3898 nec
1192 3844 1426 3900 ulterius
1459 3848 1564 3902 hoc
1597 3855 1845 3920 tempore
1877 3867 2030 3922 repa~

419 3926 526 3980 rari
569 3927 821 3982 toleravit
865 3929 930 3984 ⁸⁸.
988 3930 1324 3990 Felicissimo
1361 3944 1546 3991 autem
1575 3945 1796 3994 actuum
1828 3957 2033 4012 prove-

417 4027 530 4082 ctu,
557 4018 820 4074 bonitatis
842 4020 952 4089 jam
985 4024 1282 4092 probandae
1307 4027 1587 4084 cumulum
1621 4033 1795 4104 magis
1823 4034 2026 4107 magis-

417 4125 524 4180 que
565 4109 620 4164 in
661 4111 781 4166 dies
809 4118 1261 4173 convenustando
1291 4135 1650 4194 exaggerans,
1683 4140 2030 4197 quacumque

419 4209 684 4258 terrarum
727 4211 881 4275 parte
923 4207 1152 4263 clericos
1201 4210 1560 4268 advenientes
1597 4217 1760 4270 alacri
1808 4219 2033 4274 muniﬁ-

417 4297 606 4353 cencia
633 4295 736 4352 sub
784 4299 962 4354 tocius
1019 4303 1365 4359 necessitatis
1393 4313 1546 4380 grata
1592 4311 1926 4369 revelatione
1965 4316 2034 4370 ad

417 4403 476 4442 se
532 4391 764 4462 recepit,
808 4393 1108 4466 divinoque
1153 4414 1340 4454 amore
1393 4417 1524 4477 erga
1566 4405 1868 4473 proximum
1919 4427 2034 4468 ser-

2059 3093 2106 3160 (Ἰ

2097 3136 2109 3156 ¹
2134 3133 2505 3205 promittendo
2545 3133 2973 3197 inmstimabilia,
3015 3133 3462 3188 constantissime
3518 3135 3756 3188 adortari

2126 1853 2350 1908 nionem
2391 1852 2642 1924 quamvis
2669 1866 2818 1922 saepe
2858 1857 3079 1925 rogatus
3119 1849 3184 1916 9‘,
3237 1864 3448 1904 mense
3503 1848 3752 1904 caelestis

2125 1942 2379 1998 convivia
2415 1956 2527 2012 prm
2558 1940 2822 1996 omnibus
2853 1939 3121 2003 esuriens,
3164 1953 3278 1994 non
3313 1946 3527 1992 tantum
3556 1936 3752 2007 epulas

2127 2034 2383 2090 refutavit
2411 2034 2653 2099 illicitas,
2686 2049 2877 2089 verum
2907 2033 3070 2087 etiam
3105 2031 3334 2103 profana
3367 2033 3750 2097 convivarum,

2126 2125 2383 2180 sordibus
2423 2125 2783 2181 daemoniacis
2833 2124 3264 2196 inquinatorum,
3318 2140 3486 2195 quam
3522 2131 3748 2178 strenue

2127 2215 2340 2291 aufugit
2377 2217 2674 2273 consortia.
2705 2215 2885 2286 Super
2921 2216 3007 2270 his
3039 2223 3220 2270 tamen
3261 2231 3452 2270 errore
3486 2215 3750 2286 pestifere

2127 2305 2408 2374 depressis
2437 2320 2546 2360 non
2590 2320 2782 2375 parum
2822 2303 3112 2370 sollicitus,
3163 2302 3354 2358 voluta
3383 2302 3593 2372 saepius
3617 2304 3751 2356 scri-

2129 2405 2308 2466 ptura,
2364 2411 2476 2468 qua
2529 2411 2627 2466 per
2655 2395 2889 2466 apostoli
2931 2395 3074 2449 dicta
3132 2394 3492 2465 praecipitur:
3546 2419 3560 2439 ι
3608 2393 3755 2447 Alter

2126 2489 2354 2544 alterius
2409 2490 2616 2543 honera
2654 2488 2700 2522 ⁸⁵
2740 2494 2949 2557 portate
2979 2487 3120 2556 (Gal.
3163 2503 3238 2552 vr,
3266 2487 3345 2555 2),
3388 2506 3412 2535 υ
3461 2487 3749 2556 quosdam,

2130 2581 2319 2650 aliquo
2365 2581 2529 2636 modo
2561 2579 2626 2633 ad
2660 2595 2849 2634 verum
2882 2577 3082 2634 summi
3114 2576 3246 2632 boni
3289 2577 3568 2633 tramitem
3600 2578 3754 2633 ﬂexi-

2131 2672 2380 2741 biliores,
2437 2673 2619 2726 suavis
2672 2671 2914 2743 alloquio
2972 2670 3368 2742 persuasionis,
3441 2677 3507 2724 ut
3554 2672 3754 2742 spretis

2134 2765 2339 2836 quibus
2389 2765 2604 2834 decepti
2672 2763 2907 2819 fuissent
2951 2763 3224 2820 idolorum
3275 2763 3636 2837 imaginibus,
3684 2763 3753 2817 ad

2135 2875 2279 2914 verm
2311 2868 2365 2914 et
2395 2859 2758 2925 inmutabilis,
2801 2873 3048 2914 crescere
3087 2857 3174 2913 vel
3215 2858 3393 2913 minui
3428 2859 3753 2924 nescientis,

2137 2969 2360 3025 semper
2399 2953 2446 2988 9°
2493 2953 2791 3019 manentis,
2836 2953 3132 3008 essentiam
3161 2952 3410 3019 Deitatis,
3457 2961 3675 3008 mentes
3701 2960 3757 3007 et

2133 3053 2260 3102 vota
2291 3062 2413 3100 cum
2444 3044 2552 3101 ﬁde
2595 3044 2975 3110 inclinassent,
3007 3059 3266 3115 superna:
3298 3046 3582 3100 mercedis
3610 3045 3755 3100 bona

2130 3243 2241 3284 non
2289 3228 2499 3283 destitit
2555 3228 2831 3293 Quosdam
2884 3243 3012 3283 vero
3061 3227 3251 3283 minus
3312 3227 3530 3299 peritiae
3597 3229 3755 3296 hujus

2126 3316 2421 3373 salutifera:
2461 3333 2713 3389 capaces,
2763 3317 2930 3374 corde
2980 3317 3253 3383 duriores,
3287 3333 3576 3389 sensuque
3630 3334 3752 3372 vera

2129 3408 2476 3484 intelligendi
2517 3411 2843 3475 desidiores,
2880 3410 3036 3478 juxta
3074 3410 3347 3465 monitum
3376 3410 3747 3480 apostolicum

2133 3506 2405 3568 oportune
2446 3498 2792 3554 cathezizans
2828 3497 2874 3533 ⁹⁷
2913 3507 3076 3570 atque
3135 3498 3440 3569 inportune
3491 3500 3750 3575 objurga-

2134 3601 2223 3649 tus
2272 3594 2338 3659 9°,
2383 3593 2671 3664 utriusque
2697 3589 2848 3646 modi
2878 3590 2924 3625 9°
2951 3590 3251 3664 designans
3284 3593 3599 3663 praemium,
3654 3607 3748 3662 pro

2131 3686 2342 3742 viribus
2381 3687 2654 3752 conando,
2697 3699 3076 3756 quoscumque
3117 3684 3314 3755 potuit,
3348 3689 3462 3738 tam
3494 3683 3740 3739 ultronea

2132 3793 2298 3850 quam
2359 3783 2548 3832 coacta
2604 3776 2768 3830 etiam
2801 3774 3145 3840 invitatione,
3205 3775 3275 3829 ad
3319 3775 3491 3845 patris
3521 3774 3749 3828 familias

2133 3883 2367 3933 caenam,
2411 3866 2667 3922 omnibus
2717 3865 2998 3937 copiarum
3045 3863 3362 3936 sumptibus
3419 3863 3747 3918 habundan-

2130 3966 2265 4026 tem,
2297 3957 2452 4030 pulsa
2483 3957 2625 4011 fame
2664 3956 2944 4012 sacietatis
2973 3963 3195 4010 aeternae
3234 3954 3441 4025 gaudia
3483 3954 3744 4009 submini-

2132 4054 2394 4102 strantem
2419 4046 2506 4112 “’0,
2539 4046 2878 4120 conjungere
2903 4043 3136 4115 cupidus
3167 4045 3487 4116 properavit
3519 4043 3603 4098 ¹⁰¹.

2205 4139 2259 4193 8.
2304 4138 2452 4192 Inter
2479 4136 2547 4171 ¹⁰²
2586 4152 2724 4190 mira
2756 4136 2921 4210 igitur
2943 4133 3282 4204 jejuniorum
3306 4134 3626 4190 clemosinis
3646 4134 3744 4190 ful-

2133 4231 2381 4305 gentium
2429 4236 2549 4284 acta
2581 4229 2686 4285 hoc
2733 4228 3017 4302 egregium
3048 4226 3313 4283 modestae
3361 4228 3738 4283 consuetudini

2136 4319 2500 4375 saluberrimo
2527 4317 2722 4372 solitus
2752 4325 2834 4371 est
2863 4315 3154 4370 adnectere
3183 4316 3465 4385 exemplo,
3498 4315 3739 4370 videlicet

2135 4417 2195 4465 ut
2223 4409 2395 4465 divini
2429 4407 2802 4464 insinuatione
2831 4404 3104 4461 etfaminis
3125 4420 3295 4460 sacrae
3323 4407 3535 4462 mentis
3555 4404 3735 4460 intuitu

416 4481 595 4536 vando
625 4482 692 4549 ³⁸,
735 4483 837 4537 sub
868 4485 1043 4542 oculis
1074 4489 1192 4559 ejus
1230 4491 1433 4560 adﬁxo,
1458 4471 1780 4554 vreverenda
1808 4502 2036 4562 caritate
2055 4471 2108 4538 θ
2138 4502 2298 4558 altius
2328 4509 2642 4572 perSpecto,
2667 4499 2798 4571 quia
2825 4497 3154 4554 obedientize
3183 4497 3362 4572 magis
3388 4513 3556 4569 quam
3584 4496 3737 4550 sacri-

416 4587 603 4628 secum
636 4591 732 4632 eos
776 4577 1040 4636 libentius
1064 4593 1498 4643 'commanentes
1529 4592 1742 4648 curiose
1775 4596 2035 4671 benigni-

423 4669 615 4733 terque
646 4667 917 4735 tractavit,
961 4685 1268 4745 eorumque
1311 4674 1358 4710 ⁸⁸
1390 4676 1600 4734 crebris
1637 4667 2037 4757 sacrisque—in-

2141 4594 2247 4651 ﬁcii
2281 4597 2449 4650 Deum
2480 4595 2546 4629 ¹⁰³
2576 4592 2941 4665 comprobare
2990 4591 3190 4667 legitur
3242 4591 3600 4664 obsequium,
3628 4592 3738 4662 pios

2138 4703 2202 4742 ac
2226 4687 2571 4742 venerandos
2595 4701 2778 4742 mores
2799 4685 3094 4741 admodum
3125 4701 3400 4741 exornare
3430 4685 3730 4740 studuisset.

1774 4809 1990 4866 VARl/E
2019 4812 2393 4868 LECTIONES.

785 4966 799 4981 ‘
850 4895 1390 4981 7"gpladici‘dis‘simihis
1441 4906 1617 4981 {deest
1648 4916 1848 4981 mans.)
1901 4914 1934 4968 2

421 4961 828 5039 (“perduxitt
895 4961 962 5039 ξῖτ
993 4969 1135 5025 deest
1207 4973 1260 5024 2.
1329 4974 1381 5028 3.
1446 4961 1910 5039 ‘naddiaﬁg’g

423 5033 442 5085 1
505 5033 544 5067 ⁸⁸
577 5043 636 5088 ut
659 5033 711 5108 2.
745 5035 797 5089 3.
876 5038 941 5108 7⁸³
973 5042 1322 5108 persentiens
1345 5044 1396 5099 2.

424 5111 461 5155 t.
494 5120 539 5156 r.
570 5110 610 5159 t.
643 5106 834 5161 desunt
861 5107 896 5161 2
975 5106 1044 5145 ’⁸⁵
1070 5114 1398 5168 servandum
1433 5116 1484 5171 2.
1515 5120 1565 5174 3.

425 5190 571 5250 nam
589 5176 645 5250 3._
729 5178 779 5250 8°,
796 5178 1102 5250 illaquzetos
1131 5184 1182 5236 1.

2041 4915 2087 4949 ⁷³
2125 4916 2197 4986 pl.
2259 4916 2377 4986 ipse
2415 4934 2460 4972 s.
2517 4914 2571 4972 3.

2011 4987 2056 5020 7°
2080 5003 2128 5042 e.
2209 5003 2253 5040 s.
2312 4987 2348 5040 i.
2415 5004 2464 5041 a.
2516 5004 2568 5042 e.

1485 5047 1544 5128 εξ
1561 5047 1814 5128 Carceres
1845 5072 2069 5128 quoque
2109 5058 2375 5113 destruxit
2407 5067 2462 5113 et
2503 5058 2687 5113 omnia
2720 5057 2965 5128 patibula
2996 5057 3245 5113 succidit.
3279 5059 3344 5112 Μ.
3425 5060 3470 5093 ⁸⁸
3522 5077 3574 5113 n.
3603 5077 3648 5112 η.
3683 5061 3726 5111 h.

1654 5123 1700 5200 3f;
1721 5123 1993 5200 erumque
2043 5144 2180 5182 corr.
2225 5143 2530 5200 eorumque
2577 5137 2620 5182 I.
2670 5123 2798 5199 8"'p.
2839 5146 2884 5183 c.
2947 5130 3002 5182 2.

1270 5185 1314 5218 ⁹⁰
1345 5185 1632 5271 funeribus
1671 5195 1717 5271 1_.
1750 5185 2153 5271 vo_c.__bbsequii
2194 5185 2456 5270 suppleto:
2536 5200 2662 5271 917v.
2695 5185 2810 5254 cf?
2850 5200 2901 5256 3.
2977 5201 3022 5234 ⁰²
3041 5201 3287 5271 Denique
3314 5185 3530 5256 lcum'hi
3558 5185 3729 5271 omnes

3256 4915 3301 4951 ⁷⁵
3332 4923 3390 4971 et
3451 4917 3639 4972 doctos
3687 4917 3728 4972 3.

2209 5003 2253 5040 s.
2312 4987 2348 5040 i.
2415 5004 2464 5041 a.
2516 5004 2568 5042 e.
2640 4988 2824 5042 medio
2879 4989 3068 5042 desunt
3133 4989 3151 5042 l
3247 4987 3301 5042 2.
3392 4989 3440 5022 ⁸ο
3470 4989 3731 5043 aeeuminc

2678 4915 2724 4950 ⁷⁸
2755 4917 2810 4970 in
2862 4915 3045 4972 socios
3103 4919 3150 4971 1.

3059 5129 3102 5163 ⁸⁸
3131 5129 3264 5202 Nam
3294 5129 3565 5202 quicquid
3597 5130 3644 5183 2.
3680 5147 3707 5199 q

674 5249 1647 5354 :mnglivg‘l‘i.adni'm‘m‘olandum
1679 5265 1939 5354 deminiis
1976 5245 2149 5354 agnos
2201 5245 2365 5354 atque
2411 5270 2683 5354 porcellcns
2713 5279 2772 5325 ut
2803 5272 3048 5354 ederent‘
3089 5245 3274 5354 exaliis
3332 5270 3725 5354 nefandissimis

424 5315 638 5419 hostiis,
674 5319 792 5389 ipse
842 5329 1025 5378 autem
1052 5328 1483 5395 oportunitatem
1527 5315 2163 5436 queieii'sliiiiraiiiws‘é
2201 5315 2534 5397 $33731:

446 5399 659 5436 “onera
713 5391 760 5436 ‘2-
818 5393 850 5436 3
954 5394 1000 5427 96
1029 5411 1361 5436 eamnarnnn
1394 5401 1425 5436 ρ
1521 5404 1542 5436 9
1597 5406 1938 5436 nim-n.4,.--“
2004 5429 2116 5436 μη...
2182 5413 2523 5436 --n_.._:_-_.-

1521 5404 1564 5436 ⁹⁷
1596 5406 1941 5466 chatezizans
1997 5429 2132 5468 corr.
2177 5413 2526 5468 cathezizans
2578 5413 2628 5466 1.
2689 5404 2998 5468 ω’ίρείῑειηε
3028 5404 3062 5467 2

421 5386 465 5420 ⁸⁵
492 5402 660 5442 onera
696 5386 762 5444 '2.
818 5393 868 5445 3.

954 5394 1000 5427 ⁹⁶
1029 5394 1361 5469 semperque
1392 5401 1444 5456 3.

421 5456 466 5490 ⁹⁹
490 5473 649 5538 sum).
711 5462 760 5514 1.
817 5463 924 5538 -ίίξο
950 5456 1164 5538 ργᾳεαηὶ
1222 5459 1274 5523 1.

2620 5341 2665 5376 ⁸³
2686 5343 2988 5416 aspexisset
3015 5343 3068 5416 2,
3153 5343 3202 5416 ἦῆ
3229 5352 3561 5416 conrogatus
3586 5343 3634 5416 2.

3163 5414 3208 5447 9°
3230 5413 3540 5494 objurgans
3578 5415 3642 5494 2.”
3673 5413 3717 5462 3.

1365 5471 1510 5554 “"rin
1539 5478 1753 5554 gremio
1803 5489 2002 5554 sanctae
2059 5484 2244 5538 matris
2301 5484 2562 5538 aecclesic
2612 5485 2942 5539 constitutos
2996 5485 3216 5539 assidue
3266 5471 3469 5539 divinis
3511 5485 3722 5554 dapibus

419 5534 1221 5628 |velli-1‘tabernis
1239 5539 1505 5628 bibentes
1533 5534 1588 5628 ξι
1612 5564 1642 5602 a
1672 5534 1926 5628 doctrina
1941 5534 2939 5628 'iécsiiéiiiég,fastidi"iiibé'iﬁgaiiéée'
2978 5534 3182 5626 pronos
3193 5534 3468 5628 alligans,
3497 5534 3719 5610 disiricte

423 5595 611 5670 ﬂagris
638 5595 966 5662 verberabat
996 5611 1204 5667 multis.
1238 5595 1304 5667 Μ.

1405 5615 1472 5652 ¹⁰²
1491 5617 1635 5674 inter
1658 5637 1792 5676 corr.
1818 5622 2028 5681 interea
2059 5626 2108 5682 1.

2200 5625 2268 5661 ¹⁰³
2294 5625 2580 5682 dominum
2609 5626 2649 5679 Ι.
2684 5642 2736 5681 c.
2766 5625 2818 5680 2.
