3994 6132
275 190 384 248 929

1344 194 1493 249 VITA
1532 195 1932 251 VENCELLAVI
1973 197 2164 254 DUCIS
2207 200 2538 258 BOHEMUE.

3507 197 3614 269 930

275 317 545 382 Quoniam
571 318 637 353 ¹⁰⁴
675 317 944 374 redeunte
992 334 1092 389 per
1120 335 1334 374 annuas
1359 320 1508 376 vices
1533 321 1780 394 legitimo
1807 341 1896 378 ar-
1921 333 1974 398 Α
1997 326 2176 382 solum
2207 327 2494 396 clientulo,
2550 328 2810 398 infusum,
2863 332 3246 404 secretiusque
3282 336 3608 407 repositum,

277 410 402 463 duae
442 410 1096 478 observationisjejunio,
1119 427 1276 465 sacer
1305 411 1423 482 ipse
1448 413 1690 480 juvenis,
1723 430 1896 470 saecu-

277 500 490 555 laribus
506 501 756 571 quamvis
785 501 856 555 ob
884 501 1127 575 regimen
1156 503 1402 574 negociis
1426 504 1556 558 haut
1586 521 1707 559 raro
1735 504 1896 560 fuerit

277 595 621 665 interceptus
645 595 730 660 ‘0‘,
794 594 1088 650 indefessis
1142 603 1323 651 tamen
1380 599 1710 666 orationum,
1746 601 1896 674 larga

278 686 424 742 inter
453 705 726 760 pauperes
782 690 1197 760 dispensatione
1250 692 1574 761 volantium,
1627 695 1893 765 operibus

276 775 527 850 singulos
547 794 712 848 quam
730 787 1062 833 veneranter
1095 779 1434 848 perduxit“)6
1463 783 1602 837 dies.
1633 784 1893 839 Noctibus

275 878 458 926 autem
482 871 838 927 serenissimo
871 872 1081 926 instans
1114 874 1424 948 pervigilio,
1458 875 1600 929 lenis
1622 876 1895 933 inmemor

273 962 710 1032 soporis,primo
728 962 935 1033 quietis
967 971 1250 1018 nocturnae
1278 965 1576 1020 conticinio
1604 967 1690 1032 “’7,
1709 977 1894 1038 spreto

274 1055 539 1128 fulgentis
562 1062 736 1110 stratu
789 1057 1008 1122 cubilis,
1051 1057 1190 1111 clam
1249 1059 1450 1112 ceteris
1507 1060 1577 1114 de
1628 1062 1786 1116 thoro
1829 1062 1896 1097 ¹⁰⁸

272 1147 470 1221 surgit,
504 1163 736 1218 puerum
766 1148 1141 1203 cubicularem
1185 1149 1384 1203 tacitus
1433 1151 1499 1185 ¹⁰⁹
1557 1153 1777 1218 excitat,
1809 1169 1898 1209 co-

274 1238 539 1293 dicellum
594 1239 836 1295 manuali
893 1238 1204 1311 frequentia
1234 1257 1496 1312 rugosum
1527 1244 1710 1314 eripit,
1741 1245 1894 1316 pala-

274 1327 413 1380 tium
481 1327 686 1383 nesciis
739 1328 1064 1383 custodibus
1123 1345 1401 1403 egressus,
1465 1333 1670 1388 comite
1713 1335 1890 1390 solum

273 1417 564 1483 clientulo,
607 1435 800 1489 aspera
841 1421 1108 1474 montium
1158 1422 1464 1489 cacumina,
1521 1424 1744 1479 vallium
1776 1427 1892 1480 exi-

273 1509 426 1564 tialia
458 1509 525 1544 ¹¹⁰
582 1510 907 1580 praecipitia,
958 1511 1404 1568 diverticulorum
1464 1530 1528 1569 ac
1572 1517 1888 1573 semitarum

272 1597 530 1667 lapillosa
569 1599 653 1653 vel
676 1598 856 1672 glacie
886 1599 1166 1655 horrentia
1204 1601 1350 1656 inter
1375 1603 1628 1659 civitates
1671 1606 1886 1674 itinera,

271 1691 537 1744 continua
575 1691 910 1760 psalmorum
969 1698 1385 1765 ceterarumque
1432 1711 1657 1765 precum
1687 1700 1889 1754 recita-

270 1778 439 1833 cione
468 1778 704 1848 nudipes
733 1779 1050 1853 singulatim
1083 1781 1362 1836 aecclesias
1393 1785 1736 1853 quaeritando
1759 1803 1887 1858 per-

273 1867 562 1923 lustrabat.
595 1868 655 1922 in
684 1875 894 1923 tantum
925 1869 1112 1940 itaque
1126 1872 1309 1926 carnis
1340 1871 1698 1930 afﬂictionem
1723 1876 1888 1932 suffe-

272 1977 404 2016 rens
434 1963 520 2026 1“,
553 1971 613 2017 ut
639 1963 828 2018 scissis
865 1964 1074 2018 teneris
1127 1965 1194 1999 ¹¹²
1225 1965 1446 2036 plantis,
1491 1985 1653 2025 cruor
1673 1971 1890 2027 deﬂuus

271 2051 506 2120 sparsim
543 2058 790 2107 notasset
842 2054 1097 2128 vestigia.
1134 2055 1363 2110 Domum
1394 2066 1577 2114 autem
1609 2077 1886 2130 reversus,

274 2158 402 2213 quae
431 2159 592 2197 mens
623 2143 855 2198 interius
875 2146 1049 2217 gessit
1077 2145 1194 2216 ipse
1221 2147 1646 2219 dissimulando,
1677 2154 1890 2223 princi-

273 2233 482 2304 palium
516 2233 646 2288 item
675 2236 922 2290 testibus
979 2247 1428 2294 ornamentorum
1468 2243 1608 2298 solio
1641 2246 1890 2302 residens

270 2324 545 2391 induitur,
574 2327 674 2380 sed
702 2343 830 2382 caro
861 2328 1226 2384 mundissima
1255 2330 1475 2387 cilicino
1524 2335 1717 2391 subtus
1751 2353 1887 2393 acu-

271 2419 426 2474 mine
455 2420 786 2476 dissulcatur
827 2421 914 2477 "3.
949 2422 1146 2478 Messis
1183 2425 1348 2479 etiam
1397 2427 1702 2485 inminente
1726 2440 1885 2502 aestu,

272 2514 390 2562 tuto
422 2508 602 2563 noctis
647 2509 868 2564 silentio
908 2526 1010 2581 per
1058 2512 1297 2586 agellum
1359 2515 1523 2572 tritici
1555 2520 1888 2591 jmanipulos

271 2600 393 2669 ipse
422 2599 679 2655 falcicula
705 2602 772 2636 ¹¹¹ο
824 2603 1138 2670 succidens,
1170 2606 1437 2678 gravique
1467 2608 1616 2665 fasce
1648 2613 1888 2683 propriis

271 2690 563 2761 impositos
604 2692 868 2760 humeris,
902 2694 959 2748 in
985 2695 1284 2751 secretiore
1347 2698 1415 2733 “5
1445 2700 1643 2756 domus
1687 2705 1891 2778 angulo

270 2779 582 2847 abscondit,
613 2779 937 2854 ibidemque
961 2782 1253 2852 trituratis,
1287 2792 1341 2840 et
1363 2785 1507 2842 inter
1551 2805 1680 2846 saxa
1711 2793 1892 2850 tritico

272 2868 448 2924 fracto
472 2885 538 2924 ac
567 2871 944 2944 purgamentis
973 2872 1286 2946 agrestibus
1315 2877 1383 2930 ad
1415 2879 1676 2934 mundam
1697 2897 1895 2940 excus-

271 2957 490 3013 sionem
552 2975 584 3013 a
639 2960 843 3015 sanctis
907 2962 1166 3017 manibus
1229 2964 1406 3035 ipsius
1463 2969 1532 3003 ¹¹⁶
1595 2970 1894 3045 diligenter

271 3050 536 3118 cribrato,
588 3068 712 3107 cum
771 3053 938 3110 fontis
991 3059 1316 3127 aspersione
1373 3078 1537 3132 quem
1589 3065 1707 3136 ipse
1736 3069 1889 3125 solus

272 3149 547 3212 prasente
577 3150 784 3198 tantum
845 3147 1077 3215 puerulo
1134 3163 1258 3203 cum
1288 3150 1446 3220 ydria
1472 3153 1540 3189 ¹¹⁵
1571 3157 1887 3226 producens

270 3246 417 3284 verae
443 3231 728 3287 Trinitatis
748 3233 1095 3291 invocatione
1133 3236 1396 3311 signavit,
1428 3243 1572 3298 hanc
1594 3243 1886 3303 farinulam

271 3336 454 3375 massa
483 3322 551 3357 ¹¹⁸
581 3325 816 3378 naturali
878 3334 1198 3400 congestam
1262 3327 1318 3382 in
1347 3329 1490 3385 libas
1528 3334 1884 3401 sacriﬁcales,

267 3414 618 3470 sacerdotum
652 3416 905 3471 manibus
953 3416 1286 3486 offerendas,
1339 3421 1433 3477 ille
1481 3426 1705 3496 prOprio
1765 3445 1891 3483 ma-

271 3521 447 3560 nuum
469 3506 658 3562 labore
679 3509 841 3579 coqui
890 3510 1132 3579 parabat.
1169 3511 1412 3568 Necdum
1443 3523 1627 3571 autem
1676 3535 1894 3575 secum-

269 3597 547 3669 deputans
576 3600 864 3655 missarum
905 3617 968 3656 se
1025 3603 1363 3661 satisfecisse
1393 3607 1760 3680 sollempniis,
1794 3614 1894 3668 sed

267 3688 630 3756 obedientia,
687 3689 850 3762 quam
907 3693 1174 3750 divinitus
1239 3697 1352 3768 jam
1408 3699 1602 3756 didicit
1655 3703 1896 3760 victimis

274 3779 440 3834 laude
500 3781 814 3850 praelatam,
865 3799 1064 3855 sapore
1119 3787 1424 3844 delectatus
1463 3830 1479 3854 ,
1525 3791 1670 3846 inter
1721 3809 1897 3849 annos

274 3883 570 3939 processus
588 3872 924 3929 adveniente
951 3875 1019 3910 ¹¹⁹
1045 3875 1346 3944 vindemia,
1379 3879 1689 3936 clanculum
1719 3885 1894 3940 accito

273 3958 463 4014 nimim
526 3959 808 4017 ﬁdelitatis
853 3963 966 4031 jam
1011 3965 1158 4022 dicto
1212 3970 1436 4040 sequaci
1494 3971 1582 4036 ¹²⁰,
1604 3973 1891 4030 vinearum

269 4057 432 4118 septa
453 4057 620 4104 noctu
655 4050 974 4108 transiliens
1003 4055 1086 4119 "1,
1123 4056 1420 4114 ﬁscellulas
1459 4061 1706 4134 utrisque
1729 4063 1892 4121 dorso

272 4141 660 4212 dependentes
685 4145 930 4219 gravidis
957 4147 1196 4220 implens
1228 4153 1480 4219 racemis,
1512 4155 1765 4210 cellulam
1796 4174 1894 4228 pa-

273 4228 410 4285 latio
435 4233 790 4289 remotiorem
820 4236 1039 4308 sibique
1071 4239 1208 4294 adeo
1236 4255 1417 4296 caram
1449 4241 1590 4299 furto
1626 4245 1891 4302 laudabili

273 4323 485 4378 revisit.
521 4325 742 4382 Interim
797 4328 1078 4400 hospitioli
1127 4331 1338 4388 foribus
1389 4338 1778 4412 repagulorum
1826 4341 1893 4374 ¹²²

273 4426 437 4474 cauta
466 4420 710 4493 undique
753 4424 1008 4481 clausura
1069 4431 1320 4497 munitis,
1371 4431 1428 4485 in
1456 4449 1551 4487 vas
1605 4434 1734 4489 huic
1755 4389 1968 4490 con-D

271 4525 472 4584 gruum
506 4511 858 4571 vindemiolas
897 4533 1032 4572 uvas
1079 4519 1286 4589 pistillo
1315 4530 1629 4590 conterens,
1665 4540 1895 4597 expres-

272 4616 451 4672 soque
472 4604 636 4659 musti
676 4613 867 4663 tenero
920 4608 1155 4680 liquore,
1194 4628 1297 4682 per
1332 4613 1465 4669 linei
1498 4617 1700 4671 saeculi
1732 4633 1896 4672 mun-

273 4692 404 4748 dam
452 4695 813 4755 subtilitatem
867 4703 1274 4761 studiosissima
1333 4715 1604 4764 castarum
1663 4711 1732 4746 ¹²³
1785 4713 1895 4767 im-

271 4782 566 4851 pressione
594 4803 857 4844 manuum
888 4791 1191 4862 excolavit;
1227 4795 1421 4868 sicque
1451 4797 1635 4866 diotae,
1670 4801 1894 4857 conscio

2000 419 2348 474 considerata
2377 423 2775 491 oportunitate,
2825 423 2968 478 inter
2997 424 3230 479 clericos
3278 431 3614 498 conprovin-

1998 509 2162 563 ciales
2192 526 2315 564 cum
2346 510 2564 576 oblatis,
2611 528 2751 582 quas
2791 513 2997 568 missali
3027 514 3335 570 celebritati
3369 519 3434 551 ¹²⁵
3485 535 3613 589 pro-

1994 597 2236 653 videndo
2277 599 2396 669 ipse
2425 600 2719 671 coquebat,
2751 601 2852 655 sub
2899 603 3037 656 mira
3086 603 3397 660 divinorum
3456 624 3613 662 com-

1995 687 2263 741 munione
2296 688 2362 722 ¹²⁵
2389 687 2691 743 distribuit.
2753 688 2792 743 Ο
2813 689 3200 745 indissolubile
3241 693 3387 748 circa
3419 704 3612 764 pectus

1993 767 2358 834 castissimum
2391 777 2518 834 fidei
2549 780 2886 836 inviolabilis
2909 782 3188 836 vinculum
3224 783 3295 839 lO
3318 784 3610 842 laudabilis

1994 871 2326 927 obedientiaa
2384 882 2712 929 sectatorem
2765 875 3221 931 devotissimuml
3257 877 3295 933 Ο
3346 879 3613 952 principis

1996 966 2188 1020 miram
2243 966 2630 1033 humilitatem,
2687 969 3028 1024 servulorum
3093 971 3160 1004 ¹²⁶
3212 970 3394 1027 officia
3439 974 3611 1029 divini

1996 1055 2201 1112 amoris
2229 1055 2494 1110 instinctu
2525 1056 2715 1112 subire
2746 1073 2857 1112 non
2915 1059 3216 1128 pudentem
3245 1059 3256 1113 Ῑ
3289 1061 3389 1124 Qui
3413 1064 3614 1118 mentis

1997 1147 2171 1202 ardua
2227 1147 2701 1219 contemplatione
2748 1149 2994 1205 caelestia
3051 1167 3174 1222 qua:
3240 1154 3406 1208 corde
3441 1156 3615 1210 tenuit

1997 1235 2232 1290 intuitus
2289 1236 2352 1270 ¹²⁷
2397 1237 2653 1303 archana,
2734 1239 3087 1292 reverendam
3143 1255 3206 1293 ac
3263 1242 3606 1298 salutiferam

1992 1323 2255 1380 dominici
2312 1328 2560 1397 corporis
2593 1335 2648 1382 et
2699 1329 2986 1401 sanguinis
3045 1329 3400 1386 collationem
3452 1340 3604 1390 tanto

1992 1422 2284 1470 veneratus
2302 1425 2384 1471 est
2413 1434 2477 1472 ac
2532 1419 2724 1473 dilexit
2753 1419 3046 1491 obsequio,
3089 1429 3151 1475 ut
3201 1421 3487 1478 libaminis
3543 1425 3608 1458 ¹²⁸

1990 1506 2162 1561 cultui
2188 1507 2447 1573 caelestis,
2479 1509 2771 1564 criminum
2824 1511 3077 1584 contagia
3127 1513 3463 1571 mundantis.
3495 1530 3605 1571 non

1992 1595 2120 1650 fidei
2146 1599 2493 1654 solummodo
2523 1600 2811 1656 militasset
2854 1601 3184 1668 constantia,
3226 1619 3414 1658 verum
3441 1607 3606 1660 etiam

1989 1687 2154 1742 fontis
2181 1690 2552 1760 purgatissimi
2612 1692 2884 1746 exteriore
2941 1693 3113 1746 instar
3145 1694 3348 1748 servuli
3375 1698 3611 1768 agrestis

1988 1778 2178 1834 labore
2200 1795 2263 1834 ac
2300 1780 2389 1849 pia
2420 1780 2720 1854 largicione
2763 1783 3114 1838 sacerdotum
3144 1784 3397 1859 religioni
3433 1789 3603 1842 sorti-

1989 1877 2076 1925 tus
2103 1870 2170 1905 ¹³⁹
2197 1870 2318 1941 ipse
2335 1870 2543 1926 fuisset.

2060 2013 2111 2066 9.
2144 2013 2264 2066 Non
2294 2012 2462 2067 latere
2492 2021 2674 2068 autem
2710 2013 3007 2090 benignam
3035 2017 3152 2070 veri
3190 2025 3496 2073 amatorum
3528 2019 3614 2074 in-

1989 2103 2292 2157 tentionem
2323 2102 2459 2157 utile
2490 2102 2760 2169 ducimus,
2795 2105 3056 2174 quoniam
3097 2106 3332 2160 honesta
3363 2123 3609 2178 quorun-

1990 2192 2115 2246 dam
2165 2192 2452 2258 relatione,
2507 2190 2814 2246 futurorum
2855 2199 3005 2247 certa
3064 2194 3332 2266 praesagia
3388 2196 3607 2249 cmlitus

1984 2281 2095 2350 jam
2128 2281 2347 2336 doctum
2374 2281 2638 2351 juvenem
2669 2283 2736 2316 ¹³⁰
2792 2283 2847 2336 in
2880 2284 3088 2337 crebris
3139 2300 3269 2358 erga
3299 2301 3384 2339 res
3412 2287 3608 2341 huma-

1989 2390 2089 2428 nas
2115 2374 2408 2428 eventibus
2443 2375 2507 2408 ¹³¹
2539 2375 2824 2444 praescisse
2855 2392 2918 2430 ac
2965 2375 3316 2431 familiarium
3359 2393 3509 2448 saepe
3539 2379 3607 2413 ¹³²

1990 2460 2117 2516 ﬁdei
2147 2478 2245 2532 per
2307 2478 2479 2518 novos
2535 2479 2763 2518 casuum
2821 2470 3060 2519 terrores
3094 2465 3460 2536 praesignasse
3510 2483 3608 2521 ex-

1989 2553 2128 2624 perti
2151 2570 2344 2608 sumus
2370 2554 2474 2625 “3].
2515 2553 2679 2626 Cujus
2727 2555 2858 2610 doni
2915 2557 3292 2610 memorabilis
3310 2558 3607 2631 gloriosam

1994 2644 2136 2698 inter
2161 2651 2240 2699 tot
2268 2645 2659 2700 miraculorum
2719 2647 2995 2716 praeconia
3041 2647 3409 2711 mentionem,
3467 2648 3609 2702 scri-

1993 2730 2175 2787 bentis
2201 2749 2312 2788 non
2338 2734 2528 2789 reticet
2581 2734 2889 2789 humillima
2944 2735 3166 2791 devotio
3213 2754 3226 2800 ;
3255 2735 3386 2806 quia
3407 2735 3612 2791 divini-

1995 2832 2083 2880 tus
2112 2832 2301 2896 aperta
2329 2827 2564 2894 visione,
2595 2827 2774 2882 noctis
2795 2828 3117 2894 conticinio,
3161 2828 3298 2883 forte
3320 2828 3608 2896 cujusdam

1996 2917 2193 2972 atrium
2225 2917 2531 2988 presbyteri
2557 2919 2709 2973 Pauli
2758 2919 2847 2985 ‘3‘,
2907 2920 3055 2990 quod
3083 2917 3322 2974 ammnis
3351 2927 3407 2974 et
3436 2919 3608 2976 vastis

1916 3015 1966 3083 Ο
1987 3008 2190 3065 aedium
2217 3009 2460 3064 munitur
2487 3010 2808 3077 ambitihus,
2841 3012 2946 3066 sub
2977 3012 3152 3066 sancti
3189 3012 3412 3081 Deoque
3454 3012 3606 3081 pleni

1988 3103 2312 3160 Vence'zlavi
2381 3105 2447 3139 ³³⁵
2503 3105 2805 3161 clarissimo
2854 3105 3073 3170 obtutu,
3127 3108 3275 3162 omni
3339 3108 3610 3162 moenium

1989 3196 2138 3251 cultu
2170 3196 2450 3250 desertum
2484 3204 2538 3251 et
2569 3198 2824 3252 humanm
2852 3199 3126 3268 passionis
3158 3199 3226 3236 ¹³⁶
3256 3199 3611 3255 habitacione

1991 3283 2219 3338 omnino
2278 3285 2585 3354 comparuit
2633 3285 2874 3341 alienum
2957 3287 3111 3351 Quod
3160 3288 3417 3343 videlicet
3471 3289 3611 3358 ipse,

1997 3374 2152 3445 pulsa
2183 3375 2361 3429 somni
2390 3375 2627 3430 carnalis
2676 3377 2963 3448 gravitate,
3011 3378 3195 3432 cordis
3237 3395 3338 3448 spe
3367 3378 3614 3433 ulatione

1997 3467 2304 3540 pervigiliis
2332 3467 2396 3501 ¹³⁷
2428 3467 2709 3530 excitatus,
2747 3469 3000 3540 quisdam
3032 3469 3120 3536 ¹³⁸,
3165 3486 3289 3541 qua;
3317 3471 3435 3525 visa
3461 3481 3612 3534 sunt,

1997 3558 2258 3629 prudenti
2287 3574 2543 3614 sermone
2585 3559 2962 3628 innotescens,
3019 3560 3372 3632 subindeque
3399 3562 3615 3632 quidm

1996 3652 2184 3707 verius
2233 3651 2473 3708 futurum
2535 3653 2681 3709 edita
2715 3653 2828 3721 jam
2877 3655 3299 3724 pronunciasset
3344 3657 3613 3718 cetensio,

1997 3745 2350 3816 praphetanti
2408 3745 2476 3780 “0
2524 3761 2621 3801 ore
2680 3747 3017 3814 edisserens,
3059 3757 3390 3804 convocatos
3419 3750 3613 3818 hujus-

1996 3832 2149 3887 modi
2167 3833 2332 3888 dictis
2361 3833 2660 3906 alloquitur
2689 3853 2703 3889 :

2068 3995 2156 4050 10.
2197 4015 2223 4046 ‹‹
2253 3987 2431 4050 Thoro
2465 4012 2552 4050 me
2568 3995 2950 4064 accubantem,
2977 3997 3168 4052 dulces
3183 3999 3345 4054 amici
3375 4014 3607 4071 vosque,

1993 4099 2027 4140 ο
2055 4083 2354 4140 familiares
2399 4085 2670 4150 clientuli,
2713 4086 2894 4141 noctis
2947 4087 3168 4143 silentio
3199 4088 3383 4162 gravis
3409 4097 3464 4142 et
3501 4088 3611 4143 alta

1995 4174 2219 4229 sustulit
2261 4174 2442 4239 visio;
2471 4175 2732 4247 quoniam
2792 4175 2943 4230 Pauli
3013 4177 3304 4247 presbiteri
3334 4178 3605 4247 porticum

1993 4268 2107 4318 tota
2133 4261 2496 4318 aedificiorum
2554 4263 2896 4319 sublimitate
2926 4280 2989 4320 ac
3033 4265 3315 4319 hominum
3347 4266 3497 4321 cultu
3529 4267 3614 4320 vi-

1994 4354 2190 4408 debam
2223 4354 2446 4424 penitus
2471 4354 2794 4410 desolatam.
2828 4355 2943 4419 Quo
2970 4355 3086 4410 viso
3104 4362 3335 4411 moestus
3356 4356 3610 4423 dejicior,

1994 4460 2058 4499 ac
2087 4447 2317 4500 internae
2347 4460 2448 4516 pro
2479 4446 2574 4499 Dei
2606 4444 2867 4500 fidelibus
2909 4446 3302 4502 sollicitudinis
3361 4447 3614 4503 molestia

1994 4540 2339 4588 consternor.
2363 4533 2472 4588 Sed
2502 4540 2686 4588 tamen
2725 4543 2786 4588 ut
2832 4534 3102 4589 immensa
3136 4535 3388 4591 omnium
3420 4537 3613 4612 cogni-

1994 4621 2129 4677 toris
2157 4621 2366 4692 pietate
2396 4621 2452 4676 in
2481 4638 2659 4692 spem,
2690 4637 2801 4694 qua
2827 4621 3078 4678 credenti
3117 4630 3316 4680 cuncta
3345 4624 3410 4659 ¹⁴¹
3444 4639 3611 4695 posse

1995 4713 2328 4784 promissum
2369 4721 2472 4783 est,
2501 4713 2824 4781 transferar,
2885 4714 3049 4784 hujus
3074 4716 3277 4771 somnii
3323 4717 3391 4752 ¹⁴²
3419 4717 3614 4772 verita—

1993 4811 2106 4860 tem
2133 4804 2464 4862 imminente
2487 4809 2600 4876 jam
2632 4821 2764 4862 casu
2819 4805 2888 4842 ¹⁴⁸
2926 4809 3389 4879 pernosceudam,
3449 4811 3611 4866 clarae

1635 4945 1856 5002 VARIIE
1884 4947 2263 5016 LECTIONES,

347 5050 418 5086 ¹⁰⁵
445 5067 518 5108 uo
645 5056 814 5139 linere“
848 5061 1008 5139 initio
1055 5065 1267 5139 omisso.
1331 5066 1398 5139 1°?
1452 5067 1707 5139 inceptus
1749 5070 1802 5125 1.
1837 5069 1906 5105 ¹⁰⁶

273 5121 345 5156 ¹⁰⁹
371 5139 490 5179 exc.
545 5133 632 5182 tac
673 5127 726 5182 2.

277 5264 343 5298 ιιι

272 5342 390 5391 tate
420 5339 470 5393 1.
503 5338 568 5373 “5
595 5342 677 5394 ita

1056 5071 1267 5152 emisse.
1452 5071 1707 5152 inceptus
1837 5071 1906 5151 ³οξ
1964 5071 2237 5152 produxit
2253 5071 2305 5126 2.
2341 5071 2394 5152 32
2448 5073 2689 5152 ‘Q'Ldeest
2739 5074 2793 5152 2_.
2834 5075 2930 5130 ubi
2959 5081 3250 5152 nocturno.
3287 5074 3353 5152 mf
3378 5075 3522 5152 lecto
3549 5075 3604 5152 2.

782 5128 836 5196 3,
888 5131 954 5167 ¹¹⁰
983 5132 1194 5189 exitilia
1232 5136 1279 5189 1.
1334 5137 1397 5172 ¹¹¹
1447 5153 1490 5192 s.
1534 5128 1597 5194 a.‘
1641 5140 1695 5193 2.
1734 5141 1801 5175 ¹¹²
1854 5128 2014 5197 cissis
2044 5143 2327 5198 teneribus
2353 5128 2423 5198 71'.

401 5197 693 5274 secretiori
747 5193 896 5274 2.3.
932 5203 1000 5238 ¹¹⁶
1059 5206 1183 5273 ejus
1235 5207 1289 5260 2.
1350 5209 1414 5242 “7
1479 5193 1676 5274 hydria
1727 5213 1779 5265 3.
1821 5193 2219 5268 “sinas—sici:

381 5267 714 5337 properabat
745 5271 801 5326 in
835 5273 1051 5329 vineam
1081 5267 1234 5330 suam
1266 5294 1390 5333 cum
1424 5267 1678 5336 ministro
1731 5282 1904 5338 ﬁdeli.
1955 5284 2021 5338 Μ.

2482 5145 2550 5179 “3
2607 5145 2943 5200 disculcatur
2989 5147 3042 5199 1.
3098 5147 3164 5180 ιη
3215 5145 3476 5200 fascicula
3556 5151 3606 5202 1.

2290 5216 2356 5250 “9
2409 5215 2743 5270 adventante
2797 5219 2850 5281 2,
2910 5216 2979 5250 ¹²⁰
3034 5231 3272 5286 sequace
3323 5215 3379 5270 2.
3434 5215 3486 5273 3.
3547 5217 3602 5271 2.

2078 5285 2144 5319 ¹²²
2173 5286 2558 5356 repaculorum
2612 5287 2648 5340 2
2740 5286 2808 5322 ¹²⁸
2854 5285 3151 5342 castrorum
3185 5287 3234 5341 1.
3268 5287 3336 5322 ¹²⁴
3363 5287 3608 5343 celebri-

703 5345 918 5423 ροζνίρο
947 5349 1446 5423 _:_commupicione
1504 5351 1581 5423 1
1616 5352 1671 5407 2.
1729 5345 2252 5411 communicatione
2281 5358 2336 5423 3,
2394 5358 2463 5392 ¹²⁶
2513 5373 2796 5413 servorum
2869 5356 2924 5422 2,
2975 5357 3040 5391 ¹²⁷
3099 5357 3244 5413 deest
3280 5357 3335 5414 2.
3383 5359 3525 5414 1³⁸6.
3559 5375 3608 5422 c.

273 5408 325 5498 1.
359 5407 441 5498 ξι
462 5409 529 5498 ίξξ
570 5411 716 5466 deest
770 5413 823 5498 ἓ,
852 5407 1192 5498 2;_“‘_’"deest
1329 5421 1394 5498 ¹ξ¹
1427 5407 2954 5498 evenientibusﬂ2.755"saepe—Zmiraeuiorumwdesurit
3007 5427 3061 5498 2.
3103 5407 3384 5490 iiiis.
3417 5407 3612 5484 desunt

275 5480 328 5584 ξ’
367 5477 442 5584 vi“
465 5496 546 5584 ,ει
563 5477 836 5584 ἐυξμξξ
867 5486 961 5584 ¹³⁵ο
987 5485 1297 5584 wfnﬁﬁz‘“
1352 5491 1388 5584 Ξ

272 5545 332 5635 2.
366 5545 533 5635 3.·¹⁸⁸
562 5545 895 5635 quibusdam
926 5558 981 5612 2.
1040 5559 1073 5635 3
1127 5560 1192 5596 ¹³⁰
1242 5545 1391 5635 quod

269 5619 543 5678 scendam
571 5619 866 5696 ivi-reposito
879 5643 1010 5686 casu
1034 5629 1087 5686 1.

1443 5508 1650 5622 miser
1705 5497 1774 5532 ³⁸⁸
1835 5497 1981 5552 deest
2023 5498 2074 5552 2.
2138 5497 2252 5578 (ubi
2306 5498 2655 5569 habitationi)
2724 5497 3065 5581 possessioni

1446 5564 1501 5621 2.
1594 5604 1609 5620 .
1657 5567 1726 5602 “0
1790 5568 2156 5622 nronhetandi
2213 5570 2267 5622 1.
2315 5570 2378 5605 ¹⁴¹
2440 5577 2603 5622 cnnta
2653 5570 2707 5622 1.
2763 5569 2831 5604 ¹⁴²
2885 5583 3065 5622 somni

1446 5564 1501 5621 2.
1551 5564 1609 5622 3.
1657 5567 1726 5602 “0
1790 5564 2156 5640 prophetandi
2213 5570 2267 5636 1,
2315 5570 2378 5605 ¹⁴¹
2440 5577 2603 5627 cunta
2641 5564 2831 5624 ’1.’¹⁴²
2885 5569 3068 5625 somni
3124 5571 3174 5626 1.
3236 5570 3305 5606 “3
3338 5564 3614 5642 superio-

2724 5497 3094 5574 possessionis
3135 5498 3183 5574 A3
3241 5500 3312 5574 “i7
3354 5499 3612 5574 pervigili
