3994 6132
409 236 508 290 931

1549 211 1889 269 GUMPOLDI
1930 206 2221 263 EPISCOPI
2263 205 2600 261 MANTUANI

3632 212 3741 269 932

409 363 698 422 solutionis
743 359 1235 428 interpretamento
1267 350 1334 386 1“
1389 349 1456 403 ad
1489 354 1694 402 certam
1725 343 1803 398 ι’θί
1824 356 2018 402 σθηυ-
2052 347 2094 410 Α
2121 364 2300 418 vando
2332 363 2860 433 retinuit,depositis
2893 366 2958 400 ³⁵⁵
2982 365 3200 421 interim
3232 367 3497 421 secularis
3530 369 3737 441 negotii

408 460 621 514 sionem
654 454 718 487 ηδ
751 450 1047 520 explanare
1068 441 1379 518 aggredior.

481 547 564 600 11.
599 566 622 589 ιι
651 543 942 595 Domorum
996 548 1234 602 namque
1277 529 1391 584 visa
1446 523 1744 580 destructio
1803 521 2017 576 felicem

412 641 568 712 [avim
599 637 682 707 “5]
719 650 854 688 meae
883 629 1164 685 Liudmilze
1217 625 1303 688 νοτ,
1347 629 1550 678 sanctae
1594 621 1660 654 “3
1686 634 1750 672 ac
1779 632 2017 672 venera-

409 709 535 786 bilis
561 735 846 788 matronae,
881 718 1161 793 portendit
1183 717 1414 771 obitum.
1451 714 1579 777 Quae
1604 709 1864 764 videlicet
1895 723 2017 761 ma-

406 824 504 879 tris
533 837 692 883 meae,
723 826 833 872 tam
865 829 1070 888 genere
1089 826 1251 881 quam
1296 821 1526 877 Operum
1561 803 1724 857 etiam
1758 800 2023 871 inquina-

405 913 564 968 cione
593 905 831 981 gentilis.
858 902 1036 958 furiali
1067 915 1191 954 cum
1223 897 1432 966 aliquot
1485 891 1752 946 ministris
1783 889 1851 942 ad
1883 903 2016 981 sce-

406 1002 492 1055 lus
522 977 681 1069 aeq—ue
744 992 947 1064 paratis
977 989 1118 1043 facta
1148 983 1589 1055 conspiracione,
1641 995 1749 1033 non
1784 977 2016 1030 multum

407 1093 534 1146 hinc
589 1099 916 1161 processuro
973 1089 1244 1150 tempore,
1316 1074 1627 1148 clanculum
1685 1069 2021 1161 irruentibus

410 1159 790 1253 perversurum
823 1174 1006 1236 armis,
1049 1186 1145 1242 pro
1195 1165 1478 1224 christiani
1522 1161 1763 1218 nominis
1796 1177 1858 1214 ac
1887 1159 2017 1253 fidei

411 1251 755 1345 professione
790 1264 1036 1337 corporis
1103 1261 1170 1296 “9
1222 1257 1503 1315 crudelem
1554 1253 1759 1309 subibit
1811 1251 2024 1345 passio-

413 1339 561 1417 nem.
597 1359 842 1414 Porticus
882 1364 1088 1416 autem,
1145 1358 1203 1405 ut
1231 1349 1371 1404 visio
1419 1346 1486 1380 ¹⁵⁰
1513 1350 1760 1407 testatur,
1808 1339 2026 1411 p0pulis

409 1457 472 1489 ¹⁵¹
507 1455 722 1507 deserta
746 1445 1068 1518 amplitudo,
1109 1442 1277 1506 clero,
1311 1444 1497 1492 nostro
1542 1433 1756 1487 incluso
1789 1431 1855 1464 1⁵³
1883 1435 2025 1483 tuta-

409 1543 579 1606 mine,
612 1537 988 1594 miserabilem
1037 1529 1314 1603 praefingit
1345 1544 1375 1580 e
1433 1539 1602 1597 regno
1639 1520 2020 1590 expulsionem

408 1634 695 1703 tociusque
750 1625 1068 1683 substantiae
1147 1638 1258 1676 non
1339 1617 1578 1673 debitam
1635 1612 2017 1666 amissionem.

408 1723 694 1776 Enimvero
739 1714 1065 1771 execrabilis
1103 1709 1382 1765 memoriae
1412 1704 1648 1780 genitrix
1692 1716 1816 1753 mea
1857 1705 2020 1752 sectae

411 1808 584 1872 vitali,
619 1822 780 1876 quam
816 1819 914 1874 pro
939 1808 1053 1855 toto
1080 1813 1244 1870 posse
1299 1793 1569 1854 confiteri,
1617 1790 1820 1850 colere,
1853 1787 2021 1841 corde

415 1906 574 1952 tenus
597 1893 755 1964 sequi
780 1899 833 1946 et
859 1905 1043 1945 amare
1071 1888 1238 1952 insto,
1271 1892 1324 1938 et
1379 1882 1606 1954 posthac
1638 1878 1894 1932 aliorsum
1927 1876 2018 1929 in-

408 1987 734 2045 revocabilis
790 1985 1029 2049 instabo,
1094 1979 1425 2035 mordaciter
1463 1973 1739 2036 invidens,
1798 1968 2018 2024 eosdem

407 2082 752 2136 diversorum
784 2077 1017 2132 clericos
1050 2072 1308 2128 ordinum
1372 2069 1437 2103 “‘3
1493 2066 1620 2138 quia
1647 2079 1861 2117 mecum
1895 2076 2024 2114 sen-

407 2176 509 2230 tire
541 2189 649 2228 non
679 2177 902 2244 negant,
928 2152 1058 2238 'Ope
1101 2175 1320 2220 terrena
1363 2162 1625 2232 privatos,
1661 2171 1830 2230 regno
1861 2168 2018 2208 seve-

408 2271 521 2324 rius
552 2269 788 2337 ejectum
821 2265 884 2318 iri
920 2264 984 2298 ‘5‘
1013 2261 1239 2317 molitur
1267 2259 1331 2293 ‘55
1390 2281 1412 2302 η

477 2360 565 2414 12.
601 2359 709 2413 Hac
727 2357 967 2426 denique
995 2352 1208 2424 sagacis
1238 2349 1554 2417 conjectura
1603 2337 2018 2413 prazdivinatio-

406 2449 492 2504 nis
512 2463 668 2502 mens
697 2445 811 2500 veri
845 2443 1066 2498 conscia
1093 2439 1322 2494 minime
1381 2435 1641 2489 frustatur
1673 2449 1686 2497 ;
1715 2428 1814 2483 sed
1845 2436 1904 2480 ut
1930 2426 2018 2478 in-

405 2537 826 2610 terpretacionis
855 2549 1100 2605 congrua
1161 2530 1227 2564 ">6
1275 2531 1583 2582 sonuerunt
1619 2520 1845 2584 indicia,
1887 2531 2016 2610 erga

397 2608 508 2700 jam
542 2629 760 2699 scriptae
814 2627 877 2661 ‘57
937 2622 1376 2696 peremptionem
1434 2624 1718 2678 matronae,
1771 2608 2015 2708 cieri-que

403 2724 568 2791 longo
589 2718 964 2788 adjacentium
995 2715 1203 2769 ambitu
1234 2711 1522 2787 regionum
1567 2707 1621 2760 in
1654 2705 1775 2772 ejus
1829 2701 2019 2791 subje:

399 2788 659 2872 ctionem,
695 2809 862 2861 immo
883 2803 1229 2859 mitissimam
1265 2801 1568 2876 largitatem
1601 2812 1661 2850 se
1686 2788 2019 2865 prompte158

399 2897 760 2955 concedentis
791 2896 857 2929 ¹⁵⁹
885 2894 1125 2948 ferocem
1167 2891 1574 2961 expulsionem,
1607 2884 1803 2941 ordine
1832 2882 2017 2936 incor-

402 2995 562 3057 rupto
592 3001 702 3039 non
732 2985 896 3054 longo
921 2991 1042 3052 post
1096 2988 1293 3035 cuncta
1331 2978 1444 3045 jam
1473 2981 1684 3030 constat
1704 2971 1875 3026 fuisse
1904 2969 2015 3022 im-

405 3045 565 3149 pleta.
601 3077 715 3140 Qua
738 3075 805 3108 ¹⁶⁰
829 3045 1096 3127 “videlicet
1117 3071 1306 3145 gratize
1327 3067 1630 3138 spiritualis
1652 3062 2017 3138 significativa
2043 3045 2091 3112 (ἶ
2117 3048 2331 3102 Viribus
2395 3050 2562 3149 illlavi
2613 3067 2636 3149 γε

403 3169 748 3242 ριέδοὶθηιίδ
774 3167 998 3235 juvenis
1036 3164 1198 3219 electi
1253 3160 1570 3232 praecordiis
1609 3159 1884 3221 elucentc,
1918 3173 2013 3226 pa-

399 3272 584 3320 rentes
617 3264 722 3330 (24)
763 3261 934 3316 invidi
967 3258 1264 3314 admodum
1297 3255 1570 3320 concussi,
1594 3253 1803 3326 jugiter
1834 3252 2012 3321 ipsum

397 3356 597 3411 Christi
633 3351 1141 3408 constantissimum
1199 3356 1498 3402 amatorem
1558 3360 1659 3414 per
1712 3341 2011 3395 satellitum

395 3447 632 3503 vicinius
680 3444 796 3498 suis
839 3443 1224 3511 adjunctorum
1257 3438 1506 3493 consiliis
1540 3435 1739 3490 furtiva
1771 3433 2015 3506 alloquia

401 3547 833 3603 commoventes,
861 3554 892 3591 a
922 3535 1226 3607 pr0posito.
1263 3549 1372 3604 quo
1405 3532 1662 3586 devotius
1701 3530 2018 3585 caelestibus

401 3629 760 3702 capessendis
811 3626 1065 3680 insistere
1114 3623 1378 3688 decrevit,
1409 3622 1480 3676 ob
1526 3620 1887 3674 necessitates
1917 3635 2020 3689 pu-

401 3727 571 3780 blicas
608 3725 676 3778 ab
703 3739 768 3778 eo
800 3719 1171 3792 providendas
1199 3717 1552 3788 aliquatenus
1571 3715 1806 3769 avellere
1836 3714 2016 3768 conati

405 3823 550 3870 sunt.
577 3817 698 3884 Ipse
729 3820 909 3867 autem
940 3809 1179 3866 caelestis
1203 3814 1491 3862 armaturae
1537 3806 1826 3861 roboratus
1875 3812 2018 3859 tuta-

405 3907 576 3969 mine,
603 3902 916 3972 hujusmodi
971 3899 1324 3955 familiarium
1359 3898 1420 3932 ¹⁶¹
1466 3898 1881 3972 suggestionum
1905 3913 2018 3952 nae-

405 3999 512 4053 niis
539 4013 722 4051 sacras
755 3994 1030 4049 interdum
1063 4008 1224 4047 aures
1282 3991 1462 4061 palam
1504 3989 1659 4063 regni
1691 3989 2017 4060 primatibus

401 4087 559 4158 quasi
587 4084 942 4140 consentiens
1003 4081 1317 4152 applicabat
1367 4079 1451 4143 ‘5’,
1495 4078 1678 4132 cordis
1706 4085 1888 4132 autem
1918 4077 2013 4130 in-

403 4184 561 4231 terna
590 4171 1033 4229 consideratione
1078 4185 1366 4224 assensum
1397 4167 1451 4220 in
1483 4166 1698 4221 actibus
1730 4165 1968 4238 denegat
1999 4183 2013 4229 ;

405 4267 536 4338 quia
567 4267 694 4320 licet
726 4280 785 4318 se
837 4263 993 4333 quasi
1025 4261 1248 4316 terroris
1281 4257 1505 4312 humani
1540 4258 1606 4291 ¹⁶³
1636 4257 1822 4327 specie
1845 4258 2018 4325 simu:

408 4361 573 4413 lasset
593 4358 906 4421 cedentem,
959 4355 1272 4425 templaque
1324 4353 1430 4407 Dei
1461 4352 1803 4422 aliquantum
1855 4351 2014 4406 solito

407 4445 586 4500 rarius
605 4445 708 4499 sub
767 4443 1006 4513 publicis
1055 4441 1418 4498 conventibus
1460 4440 1884 4512 frequentasset,
1936 4446 2016 4494 ta-

407 4554 531 4592 men
564 4537 709 4608 quod
731 4536 932 4591 mentis
984 4535 1356 4606 profunditate
1387 4535 1594 4598 dilexit,
1625 4550 1855 4605 cperum
1882 4532 2019 4586 mira

405 4630 722 4686 constancia
780 4628 1157 4684 manifestavit
1188 4646 1202 4694 ;
1235 4628 1366 4699 quia
1418 4627 1735 4682 continuam
1793 4640 2017 4696 precum

403 4720 825 4790 divinarumque
843 4720 1150 4775 orationum
1185 4717 1410 4783 seriem,
1445 4733 1609 4788 quam
1644 4717 2021 4787 parvoinscri-

403 4818 555 4881 ptam
584 4809 832 4888 libellulo
850 4807 1172 4882 diligentius
1191 4804 1570 4875 occultiusque
1603 4805 1668 4839 ¹⁶⁴
1700 4821 1888 4860 secum
1903 4823 2020 4862 ser-

2123 456 2290 523 curis,
2317 455 2618 512 duodecies
2648 459 2730 511 vel
2757 459 2880 527 plus
2903 475 2989 524 eo,
3033 461 3284 531 quamvis
3315 462 3594 515 interdum
3631 464 3735 516 nisi

2121 550 2222 602 sub
2247 550 2572 604 secretiores
2614 550 2854 604 cubiculi
2885 552 2968 606 vel
3025 552 3201 622 ipsius
3233 554 3456 607 thalami
3510 555 3739 608 silentio

2092 637 2311 706 orandi
2343 639 2494 693 locus
2555 640 2784 694 concedi
2832 656 2942 695 non
2989 648 3194 711 posset,
3241 642 3385 696 inter
3442 644 3629 698 noctis
3658 643 3742 695 vel

2121 729 2230 783 diei
2258 737 2434 785 certas
2453 731 2861 786 vicissitudines
2909 740 3055 787 casta
3110 735 3423 789 intentione
3465 734 3742 788 Christum

2121 817 2398 873 laudando
2430 819 2496 872 ad
2529 819 2694 873 finem
2727 836 2902 892 usque
2935 821 3260 893 perlegerat.

2193 966 2280 1019 13.
2332 965 2664 1021 Transcursa
2717 968 2784 1002 ¹⁶⁶
2839 968 3058 1022 interim
3093 984 3361 1024 annorum
3405 970 3744 1038 juvenilium

2122 1060 2230 1108 tam
2251 1047 2403 1108 felici
2431 1062 2586 1108 aetate
2630 1056 2716 1122 ‘57,
2765 1057 2821 1110 in
2862 1057 3037 1112 virilis
3089 1058 3256 1112 animi
3293 1059 3460 1112 robur
3482 1059 3594 1112 dux
3629 1060 3746 1129 ipse

2121 1149 2285 1202 altius
2326 1150 2724 1204 conscenderat
2764 1151 2850 1216 1⁸⁸,
2916 1151 3290 1222 paulatimque
3330 1167 3559 1206 suorum
3604 1171 3745 1207 vana

2127 1238 2454 1292 sectantium
2532 1238 2762 1293 consilia
2804 1239 3038 1294 viriliter
3108 1240 3372 1308 abiciens,
3433 1257 3746 1311 eorumque

2129 1330 2493 1384 errabundam
2551 1347 2582 1384 a
2635 1347 2766 1385 vero
2842 1332 3207 1404 ignorantiam
3283 1349 3394 1388 non
3461 1334 3744 1388 modicum

2128 1418 2536 1486 abhominatus,
2601 1419 2690 1473 die
2743 1422 2978 1490 quadam
3036 1422 3267 1476 militum
3331 1431 3387 1477 et
3436 1423 3745 1478 amicorum

2126 1510 2384 1564 contione
2433 1511 2498 1544 ¹⁶⁹
2543 1511 2599 1564 in
2633 1512 2700 1546 "0
2748 1513 2948 1582 palatio
3005 1513 3167 1578 facta,
3218 1514 3534 1582 hujusmodi
3596 1516 3748 1583 ipsos

2126 1599 2382 1654 eﬂ'amine
2444 1602 2842 1672 increpationis
2896 1604 3249 1676 alloquitur:
3314 1627 3336 1650 α
3397 1605 3435 1659 0
3499 1606 3667 1660 amici
3693 1617 3797 1660 et.

2125 1687 2318 1742 ﬁdeles
2345 1689 2554 1743 utinam
2585 1690 2780 1744 Christi
2811 1691 2824 1744 l
2861 1690 2988 1745 Cum
3019 1708 3122 1763 ego
3169 1693 3390 1747 litterali
3423 1694 3738 1761 studiojam

2123 1780 2402 1848 quondam
2463 1789 2749 1849 parentum
2821 1797 2952 1834 cura
3007 1782 3288 1850 injunctus
3335 1783 3399 1816 ¹⁷¹
3456 1783 3742 1837 doctrinas

2121 1867 2335 1921 avidius
2385 1870 2685 1932 hauserim,
2738 1873 2882 1924 inter
2910 1878 3108 1925 cmtera
3155 1872 3540 1942 magistrorum
3597 1873 3742 1927 dicta

2124 1958 2401 2028 quoddam
2419 1961 2655 2029 apostoli
2683 1961 2945 2031 scriptum
2969 1962 3218 2027 addisco,
3254 1978 3363 2034 quo
3391 1963 3467 2016 ait
3497 1982 3508 2016 :
3547 1984 3570 2013 α
3611 1964 3740 2018 Cum

2128 2071 2152 2097 α
2193 2065 2369 2104 essem
2402 2052 2683 2120 parvulus,
2729 2053 2993 2124 loquebar
3044 2062 3104 2108 ut
3132 2054 3414 2125 parvulus,
3453 2057 3741 2126 sapiebam

2125 2163 2149 2192 α
2184 2149 2244 2196 ut
2267 2143 2546 2212 parvulus,
2583 2145 2888 2218 cogitabam
2917 2153 2974 2200 ut
3007 2147 3539 2218 parvulus;quando
3556 2156 3740 2203 autem

2128 2253 2151 2283 α
2183 2232 2360 2288 factus
2385 2251 2504 2288 sum
2536 2236 2638 2298 vir,
2673 2235 2932 2289 evacuavi
2961 2251 3084 2306 qua
3129 2244 3287 2290 erant
3310 2238 3524 2306 parvuli
3555 2241 3594 2306 (ι
3617 2241 3740 2294 Cor.

2126 2343 2145 2369 ιι
2184 2339 2306 2389 xm,
2329 2324 2435 2392 11).
2473 2348 2486 2368 ι
2528 2324 2633 2379 Hac
2663 2324 2870 2395 quippe
2903 2324 3201 2388 sententia,
3233 2326 3398 2381 modo
3428 2344 3521 2382 me
3561 2329 3739 2398 ipsum

2120 2414 2404 2479 intuendo,
2439 2416 2696 2486 quoniam
2754 2417 2820 2450 ¹⁷²
2853 2416 3032 2486 primo
3056 2417 3166 2484 jam
3219 2419 3463 2474 adeunte
3501 2422 3739 2491 pueritia

2118 2517 2299 2555 rerum
2341 2504 2587 2558 omnium
2606 2503 2870 2559 factorem
2893 2505 3014 2558 vilis
3027 2521 3129 2579 ego
3162 2505 3368 2560 factura
3397 2523 3739 2579 cognoscere

2117 2590 2346 2662 ejusque
2376 2593 2602 2647 servitio
2629 2609 2718 2647 me
2751 2592 3018 2662 implicari
3049 2594 3114 2627 ¹τ³
3139 2595 3428 2650 ardentius
3452 2597 3737 2662 desidero,

2118 2684 2216 2737 sed
2244 2701 2382 2754 puer
2409 2703 2513 2760 ego
2540 2687 2595 2740 in
2626 2687 2996 2757 principatum
3033 2696 3214 2744 vestra
3236 2705 3475 2744 censura
3507 2694 3649 2762 patri
3676 2693 3737 2726 '7‘

2120 2786 2335 2834 mortuo
2367 2788 2495 2834 natu
2537 2780 2794 2836 fratribus
2825 2782 3001 2850 major
3061 2786 3387 2849 succedens,
3423 2803 3522 2857 per
3553 2790 3736 2859 legum

2123 2869 2278 2924 frena
2308 2872 2592 2926 moderata
2622 2881 2676 2926 et
2703 2888 2816 2926 rem
2847 2873 3121 2942 publicam
3147 2876 3256 2930 Deo
3290 2885 3655 2947 praestruente
3677 2881 3740 2915 ¹τ⁸

2119 2959 2392 3030 disposui,
2426 2967 2480 3015 et
2511 2962 2736 3030 patriam
2765 2969 2952 3018 contra
2993 2963 3371 3020 infestantium
3401 2968 3603 3022 molem
3641 2987 3739 3040 pro

2696 3066 2794 3104 vos
2846 3059 3052 3117 autem,
3095 3053 3224 3124 quia
3287 3056 3553 3109 cordibus
3606 3073 3739 3131 erga

2116 3153 2384 3192 summam
2426 3141 2714 3210 veritatem
2737 3142 3128 3212 speculandam
3161 3145 3384 3200 desides
3407 3145 3631 3219 ﬁdeque
3671 3150 3736 3182 ¹τ⁶

2116 3226 2252 3280 mihi
2289 3228 2521 3283 manetis
2549 3229 2817 3300 dispares,
2858 3247 3023 3301 quam
3062 3231 3359 3302 plurimum
3394 3235 3448 3288 in
3485 3238 3736 3292 consiliis

2115 3322 2307 3371 vestrae
2360 3319 2703 3388 perversitati
2758 3320 3110 3388 amabilibus,
3149 3323 3248 3377 sed
3310 3325 3632 3380 rectitudini
3670 3327 3730 3360 ιτῖ

2118 3408 3108 3480 admodumdissimilibus,satismihi
3139 3416 3442 3484 injuriosos
3464 3421 3733 3476 hactenus

2118 3499 2185 3532 “3
2210 3500 2322 3567 jam
2354 3500 2420 3535 ¹⁷⁹
2448 3501 2658 3571 patior;
2682 3519 2788 3574 qua
2802 3503 3226 3575 districtione,si
3254 3508 3361 3562 vita
3391 3525 3734 3582 regnumque

2121 3592 2364 3646 manebit
2424 3593 2722 3659 incolume,
2771 3597 3002 3664 posthac
3056 3599 3338 3653 exsolutus
3399 3603 3630 3663 vacabo.
3682 3613 3733 3657 et

2112 3681 2266 3750 juxta
2296 3682 2556 3752 scriptum
2586 3684 2905 3738 retromissa
2963 3686 3028 3719 ¹⁸⁰
3061 3686 3347 3754 juventute
3382 3690 3467 3742 vir
3507 3690 3732 3745 eﬂectus

2121 3773 2206 3838 ίθί,
2238 3790 2360 3844 quae
2415 3782 2542 3829 sunt
2592 3777 2800 3846 parvuli
2859 3777 3182 3844 evacuabo;
3227 3784 3486 3852 praecepti
3520 3786 3733 3839 actibus

2119 3865 2406 3932 dominici,
2440 3875 2634 3923 vestrae
2668 3869 2898 3923 ulterius
2955 3885 3064 3926 non
3105 3872 3414 3927 obaudiens
3445 3878 3728 3947 nequitiae,

2118 3971 2358 4026 superna
2419 3957 2710 4014 roboratus
2779 3961 3071 4016 clementia
3144 3962 3418 4018 insistam.
3473 3967 3735 4030 Quocirca

2119 4053 2374 4101 vanescat
2403 4047 2798 4102 susurratiouis
2838 4055 3035 4104 vestra:
3078 4050 3365 4105 adversum
3402 4070 3490 4107 me
3519 4056 3736 4125 conspi-

2120 4135 2255 4190 ratio
2289 4154 2303 4202 ;
2347 4145 2568 4191 cessent
2593 4153 2734 4191 saeva
2783 4138 3022 4207 publicis
3079 4141 3445 4196 conventibus
3484 4144 3632 4199 inter
3647 4161 3735 4200 vos

2119 4224 2366 4279 consilia.
2402 4225 2556 4280 Pacis
2584 4241 2739 4280 amor
2763 4227 2912 4282 domi
2943 4227 3185 4300 forisque
3215 4230 3270 4284 in
3303 4247 3478 4303 regno
3511 4233 3726 4288 ferveat.

2121 4315 2353 4389 Negocia
2410 4316 2702 4384 cujuslibet
2747 4317 3001 4372 utilitatis
3023 4319 3272 4387 judicum
3309 4321 3601 4376 eversione
3627 4339 3726 4378 non

2036 4395 2096 4463 D
2119 4409 2452 4463 damnentur
2478 4410 2560 4463 ¹⁸².
2598 4408 3023 4464 Parricidiorum
3053 4411 3284 4477 scelera,
3318 4413 3526 4483 quibus
3565 4415 3725 4484 pollui

2120 4500 2330 4567 soletis,
2390 4518 2421 4554 a
2468 4516 2744 4572 quoquam
2797 4502 2938 4556 ultra
2991 4518 3101 4558 non
3135 4513 3543 4573 praasumantur
3614 4507 3724 4560 Haec

2120 4589 2696 4662 legisinquinamenta
2716 4589 2761 4644 si
2801 4590 2999 4644 summi
3043 4591 3190 4664 regis
3213 4601 3362 4646 metu
3407 4593 3475 4626 ¹⁸³
3504 4610 3613 4649 non
3641 4595 3725 4648 de—

2105 4682 2326 4754 ‘seritis,
2357 4691 2544 4738 nostra
2600 4684 2679 4738 ira
2719 4684 2775 4738 in
2835 4685 3142 4740 scelerosos
3194 4686 3290 4741 Dei
3327 4687 3447 4743 zelo
3479 4705 3718 4750 accensa.

2120 4795 2526 4851 quemcumque
2579 4779 3079 4848 hujusmodireum
3131 4781 3311 4852 capite
3367 4769 3716 4847 truncabitf-

1753 4904 1966 4960 VARl/E
1993 4904 2372 4960 LECTIONES.

474 5011 541 5045 ¹“
573 5004 1703 5080 interpretamenta_1,_A"5_eircessionem
1756 5006 1905 5080 j._3.
1938 5006 2203 5080 ,ηδ-γᾴρεεί
2258 5005 2313 5058 1.
2335 5005 2414 5080 ΑΞ,
2449 5004 2517 5080 ff?
2571 5005 2877 5080 ludmillae
2905 5007 2956 5061 3.
2990 5007 3066 5080 ¹⁴ξ
3081 5008 3226 5063 deest
3262 5008 3315 5062 2.
3374 5009 3441 5044 ¹⁴⁰
3487 5025 3536 5064 c.
3560 5009 3639 5064 sui
3667 5009 3707 5061 9..

403 5075 1017 5151 ¹⁸⁰νὶεο1.’¹⁵¹ροριιιί
1070 5077 1124 5151 2_:
1163 5076 1230 5111 ¹⁶²
1270 5076 1402 5130 cleri
1457 5092 1510 5151 ῃ.
1573 5076 1770 5151 inclusi
1821 5077 1874 5130 2.
1918 5077 1985 5151 Δ3,
2023 5078 2090 5151 ¹ξ⁵³
2141 5093 2192 5132 o.
2229 5093 2278 5132 c.
2328 5076 2382 5129 2.
2446 5075 2653 5151 ‘5‘_ire
2702 5077 2794 5151 2U
2824 5079 2891 5151 ‘5'}
2942 5077 3201 5151 molietur
3248 5079 3303 5151 2,
3372 5080 3424 5134 3.
3480 5082 3548 5116 ¹⁵⁶
3590 5082 3713 5133 deest

400 5153 454 5206 2.
488 5154 553 5188 ¹⁸⁷
609 5148 917 5223 scriptura!
948 5151 1035 5223 ‘l._
1062 5148 1128 5223 ‘f'

1183 5154 1409 5218 prepter
1457 5146 1507 5200 2.
1571 5147 1638 5180 ¹⁶⁹
1695 5147 2087 5202 concredentis
2143 5164 2279 5203 corr.
2343 5147 2572 5218 conced.
2635 5149 2687 5213 1,
2735 5148 2801 5182 ιθο
2858 5149 2994 5213 Quia
3052 5151 3101 5202 1.
3162 5150 3224 5184 ¹⁶¹
3284 5149 3614 5205 familiarum
3667 5152 3706 5202 1.

412 5224 480 5258 ¹⁶²
500 5217 738 5295 applicat
756 5223 808 5278 2.
974 5221 1040 5255 ¹⁶³
1084 5217 1318 5301 ὴυήἰλᾉ
1366 5218 1431 5301 ίῆδ
1489 5218 1852 5301 occu‘ltusque
1905 5220 2069 5301 15.155
2120 5217 2599 5301 _Reposi‘ti~si._f5f‘
2629 5234 2752 5301 cum
2783 5227 2969 5301 autem
3001 5219 3710 5301 factus__essetvir._conuo-

397 5287 549 5349 cauit
575 5287 788 5350 'omnes
838 5295 993 5348 uiros
1045 5306 1173 5346 suos
1201 5297 1256 5344 et
1307 5295 1534 5343 matrem
1581 5295 1636 5360 et
1663 5287 2034 5360 exprobravit,
2082 5297 2190 5344 etc.
2216 5287 2290 5356 Μ,
2335 5289 2398 5323 ίδτ
2433 5287 2699 5344 felicitate
2733 5291 2784 5344 1.
2817 5290 3057 5345 felicium
3089 5292 3142 5345 3.
3173 5292 3238 5326 ¹⁶⁸
3279 5294 3638 5347 conscederat
3663 5293 3700 5343 1.

403 5365 470 5400 ¹⁶⁹
500 5366 857 5421 contentione
898 5362 1044 5444 t._3.
1079 5362 1146 5444 11°
1199 5362 1344 5444 deest
1397 5360 1550 5444 151'”
1584 5359 1942 5444 ἱηίυηηριειεβ.
1995 5361 2062 5395 ¹⁷²
2091 5361 2351 5444 quoniam
2382 5375 2518 5444 corr.
2541 5360 2736 5444 ‘deum
2761 5362 2844 5444 A2.
2993 5363 3296 5444 implicare
3461 5364 3537 5444 7"”
3575 5369 3714 5444 patre

399 5436 452 5489 2.
510 5436 576 5472 ¹⁷⁶
631 5442 911 5506 prestante
960 5435 1047 5506 2.7
1092 5432 1144 5490 3.

1222 5432 1297 5504 “7°,
1366 5431 1615 5504 mihique
1683 5430 1793 5504 fide
1851 5432 1906 5486 d.
1957 5448 2032 5486 m.
2082 5429 2263 5504 2.!"
2318 5448 2361 5494 r,
2434 5429 2812 5504 valde_a,_73.
2875 5431 2940 5504 ἐπ’
2990 5429 3292 5503 injuriosus
3347 5429 3606 5489 hactanus
3660 5433 3679 5484 1

399 5507 466 5542 ίπ
496 5502 714 5563 ἀρθείὲ.
744 5506 812 5542 ¹⁸⁰
835 5513 953 5562 etro
979 5505 1148 5560 missa
1177 5504 1227 5559 1.
1263 5503 1328 5539 ¹⁸¹
1349 5502 1562 5560 efectu‘s
1585 5503 1638 5557 1.
1668 5503 1736 5538 ¹⁸²
1762 5503 2094 5558 damnetur!
2131 5503 2199 5538 ¹⁸³
2227 5507 2436 5558 metum
2464 5516 2576 5558 non
2594 5502 2939 5559 desideratis.

1943 5599 2154 5658 NOTE.

475 5673 584 5740 (24)
616 5674 786 5728 Mater
805 5681 861 5728 et
897 5673 1065 5728 frater
1094 5673 1265 5729 Dona.
