4038 6178
306 295 414 352 933

1283 250 1429 347 vm
1473 291 1870 347 vemzezmw
1910 289 2101 344 DUCIS
2143 288 2472 344 nonnum.

3537 297 3645 351 934

311 427 488 482 Finito
512 427 580 461 ¹⁸⁴
605 425 929 480 excellentis
958 423 1200 494 alloquio
1229 424 1517 493 jussionis,
1551 423 1776 478 nefasta:
1798 438 1930 492 par-
1960 428 2007 494 Α
2036 427 2390 487 structorum,
2425 419 2618 476 Christi
2664 437 2784 476 eam
2815 423 3206 494 victoriosique
3272 425 3491 480 athletae
3528 427 3648 494 ejus

311 522 509 592 ticipes
555 518 964 587 conjuracionis
1005 518 1232 572 domum
1302 518 1483 588 pavidi
1528 517 1782 581 redeunt,
1841 532 1935 569 su-

314 611 484 682 perba
518 608 786 663 mentium
823 607 1062 681 fastigia,
1109 614 1336 677 accepto
1365 607 1505 661 sacri
1541 606 1698 660 ducis
1727 603 1937 675 potenti

312 704 524 777 vigore,
559 699 734 756 coacti
780 700 1084 770 deponunt.
1124 699 1425 770 solitasque
1452 714 1583 770 erga
1627 697 1779 751 mirae
1805 711 1935 750 san-

313 793 520 848 ctitatis
542 792 716 846 virum
739 790 990 856 insidias,
1019 790 1269 862 quamvis
1296 790 1362 842 ad
1388 789 1665 843 modicum
1696 797 1933 857 tempus,

314 887 499 941 moliri
553 885 836 939 desinunt.
865 883 985 938 Jam
1047 890 1177 937 tunc
1208 883 1318 936 Deo
1369 889 1661 935 serenante
1691 877 1936 949 compri-

316 985 547 1032 muntur
576 976 917 1047 aliquantum
949 974 1054 1028 sub
1100 974 1218 1042 ejus
1257 988 1423 1027 manu
1457 971 1705 1025 barbarae
1736 969 1939 1024 motio-

316 1083 418 1121 nes
451 1067 553 1130 "5;
585 1073 819 1140 surgunt
847 1071 1028 1118 autem
1062 1061 1343 1117 catholicae
1378 1060 1660 1134 religionis
1689 1059 1812 1113 laeta
1851 1057 1940 1110 in-

315 1166 636 1222 crementa;
691 1155 954 1227 quoniam
1007 1154 1194 1209 divino
1248 1153 1417 1208 cultui
1479 1151 1683 1222 templa
1740 1150 1942 1227 dicata,

318 1248 485 1318 paulo
522 1257 652 1302 ante
701 1246 1006 1300 infidelium
1041 1244 1295 1318 neglectu
1337 1243 1613 1306 cadentia,
1645 1240 1829 1296 stabili
1862 1254 1946 1293 re-

322 1341 606 1408 paratione
640 1338 964 1402 fundantur,
994 1336 1181 1391 clerici
1213 1335 1388 1406 patria
1417 1335 1690 1405 bonisque
1723 1330 1946 1412 privati,

322 1430 566 1504 benigna
603 1429 855 1504 largitate
911 1434 1274 1492 revocantur;
1308 1425 1602 1496 statimque
1655 1439 1767 1479 non
1822 1430 1948 1476 tan-

323 1530 437 1575 tum
482 1521 752 1584 restituta,
807 1534 996 1572 verum
1042 1516 1215 1570 sancti
1256 1516 1356 1570 viri
1401 1515 1652 1586 plurimis
1702 1514 1935 1567 adaucta

323 1611 651 1666 muneribus
680 1610 998 1664 substantia.
1023 1608 1444 1678 locupletantur,
1477 1616 1531 1660 et
1569 1615 1679 1660 tota
1706 1620 1807 1674 per
1836 1604 1934 1657 has

2040 511 2184 565 beati
2216 511 2319 564 Viti
2351 511 2589 564 martiris
2623 512 2816 566 honori
2877 513 3186 566 dicandam.
3223 513 3332 567 Nec
3362 530 3534 581 mora,
3571 517 3650 570 in-

2038 611 2143 657 stat
2192 602 2428 677 impiger
2477 602 2622 667 facti,
2658 602 2875 658 fervens
2927 612 3106 658 autem
3141 605 3429 674 propositi,
3467 606 3647 660 missis

2041 693 2366 764 Ratesponae
2426 694 2488 728 ¹⁹¹
2529 694 2647 748 sedi
2703 695 2866 768 regiae
2927 694 3202 768 legatariis
3261 696 3347 761 ‘9’,
3380 694 3648 751 Tutonem

2039 785 2360 856 episcOpum
2403 785 2533 854 (25),
2588 787 2752 842 totius
2798 787 3089 858 probitatis
3135 789 3306 842 virum
3342 790 3500 858 cujus
3531 791 3651 845 dio-

2038 873 2149 929 cesi
2205 881 2317 929 tota
2347 874 2692 929 subcluditur
2745 876 2965 930 Boemia
3009 876 3094 942 ‘93,
3141 877 3378 947 supplici
3438 885 3649 952 rogatu.

2041 983 2152 1038 quo
2192 969 2337 1022 idem
2369 985 2510 1039 Opus
2542 971 2653 1024 Deo
2701 970 3028 1024 sacrandum
3069 971 3188 1039 ejus
3235 971 3458 1026 licentia
3495 979 3549 1027 et
3574 989 3654 1026 as-

2044 1079 2210 1118 sensu
2244 1064 2419 1130 lieret,
2453 1065 2728 1136 implorat.

2125 1156 2207 1211 l6.
2247 1158 2378 1211 Dato
2420 1158 2574 1226 juxta
2607 1158 2750 1212 beati
2784 1159 2940 1214 ducis
2979 1165 3102 1213 vota
3133 1158 3202 1212 ab
3237 1159 3500 1230 episcopo
3533 1177 3656 1231 per-

2051 1250 2241 1316 missu,
2295 1253 2651 1324 remissisque
2681 1255 2907 1308 caritate
2942 1253 3168 1320 nuntiis,
3219 1253 3459 1308 artifices
3489 1256 3656 1310 celeri

2045 1339 2294 1408 jussione
2349 1349 2642 1396 convocat:
2705 1341 2874 1396 fervet
2946 1358 3106 1411 opus,
3174 1341 3329 1395 labor
3365 1341 3662 1413 impatiens

2051 1429 2295 1506 effulget,
2352 1434 2599 1488 aecclesia
2657 1434 2726 1488 ad
2799 1431 3026 1503 perfecti
3091 1440 3316 1488 ornatus
3366 1441 3660 1489 extremam

2034 1535 2257 1574 manum
2285 1521 2622 1590 perducitur,
2649 1522 2901 1592 miroque
2933 1522 3276 1577 metallorum
3306 1522 3517 1597 fulgore
3558 1523 3660 1577 de-

2034 1621 2221 1665 corata
2277 1619 2587 1667 exornatur.
2635 1613 2868 1667 lnvitato
2916 1613 3027 1680 jam
3084 1614 3231 1668 dicto
3279 1614 3566 1685 episc0po,
3604 1615 3658 1668 in

326 1712 509 1772 1³³1⁸168
527 1702 620 1756 ἱειιὶ
652 1701 754 1756 sub
789 1700 1039 1772 principe
1068 1698 1210 1754 elata
1238 1697 1549 1772 congaudet
1571 1695 1820 1750 aecclesia
1845 1694 1931 1748 ηδ.
1971 1740 2020 1807 Β
2042 1703 2311 1757 honorem
2336 1703 2402 1738 ¹⁹⁴
2425 1704 2602 1759 sancti
2643 1704 2745 1758 Viti
2774 1705 3012 1759 martiris
3039 1713 3394 1760 consecratur
3421 1706 3487 1740 ‘95
3515 1707 3620 1777 (26)
3644 1725 3659 1772 ;

399 1795 484 1847 14.
528 1792 736 1847 Deinde
773 1791 973 1847 clarius
1013 1791 1275 1846 virtutum
1325 1789 1446 1859 ejus
1493 1793 1815 1843 coruscante
1846 1801 1946 1856 per

325 1886 521 1942 orbem
545 1887 774 1950 decore,
812 1884 891 1937 rei
924 1882 1157 1953 publica:
1195 1881 1484 1936 commoda
1531 1879 1751 1934 curioso
1790 1878 1947 1933 ducis

329 1979 548 2034 caelitus
575 1976 765 2030 armati
790 1975 1058 2048 regimine
1097 1974 1383 2028 studiosus
1423 1978 1691 2046 geruntur
1717 1971 1804 2024 “7.
1837 1970 1947 2024 Sed

332 2085 454 2140 quae
483 2068 638 2138 prius
667 2083 925 2137 supernae
957 2064 1273 2120 dilectionis
1301 2064 1488 2136 vigore
1523 2062 1835 2136 peragenda
1864 2062 1950 2115 in-

332 2161 654 2227 stituuntur,
686 2157 931 2231 vigilanti
973 2156 1241 2228 principis
1274 2155 1560 2228 diligentia
1598 2161 1749 2208 tanto
1769 2153 1953 2207 minus

336 2256 727 2330 negleguntur,
769 2253 1052 2324 quoniam,
1086 2253 1214 2308 licet
1252 2252 1505 2323 palatina:
1556 2250 1816 2320 frequens
1850 2264 1950 2304 co-

336 2350 512 2406 hortis
556 2350 696 2404 latus
737 2356 1031 2419 utrumque
1071 2347 1568 2416 circumstipaverit
1596 2344 1948 2399 tumultuatio

334 2439 520 2506 solita,
552 2446 736 2492 tamen
765 2438 1010 2512 sagatius
1047 2436 1298 2491 recolens
1341 2435 1596 2489 assiduus
1635 2449 1734 2505 pro
1760 2449 1821 2488 se
1851 2448 1950 2504 po-

335 2528 580 2598 puloque
622 2525 910 2581 incredulo
957 2531 1161 2590 orator,
1208 2523 1550 2594 inopumquc
1611 2521 1953 2593 promptissi-

335 2631 463 2669 mus
493 2615 693 2680 fautor,
731 2613 1002 2668 mmsticia
1044 2627 1357 2683 pressorum
1390 2613 1669 2684 benignus
1699 2611 1955 2666 consola-

334 2718 446 2777 tor,
478 2716 677 2765 eventu
705 2709 998 2763 subitaneo
1027 2715 1308 2777 raptorum
1341 2706 1683 2777 compatiens
1713 2705 1952 2773 adjutor,

339 2802 492 2856 nulla
523 2801 958 2871 interrumpente
1015 2799 1362 2854 saecularium
1412 2814 1565 2853 mora
1619 2802 1953 2873 perseverat_

417 2891 504 2946 15.
538 2891 640 2944 Aut
676 2889 1025 2944 fraudulenta
1055 2888 1228 2943 hostis
1266 2886 1628 2957 impurissimi
1679 2884 1962 2939 machina-

340 2981 496 3035 tione
524 2979 837 3048 hujusmodi
869 2994 1097 3049 operum
1131 2976 1419 3032 affectibus
1448 2984 1591 3043 astu,
1623 2975 1668 3030 si
1693 2989 1958 3045 umquam

342 3073 566 3144 poterit.
600 3073 828 3142 antiquo
879 3069 1237 3141 perimendis,
1286 3068 1575 3122 minimum
1626 3067 1958 3131 retardante,

341 3163 518 3218 frater
545 3163 664 3231 ejus
692 3162 939 3217 Bolezlav
981 3160 1046 3196 ¹⁸⁸
1073 3167 1233 3214 aetate
1260 3160 1459 3226 minor,
1498 3158 1701 3213 mentis
1728 3173 1958 3228 perver-

340 3254 504 3308 sitate
564 3261 620 3306 et
672 3260 889 3306 actuum
951 3250 1215 3321 qualitate
1269 3249 1630 3312 execrandus,
1687 3248 1964 3304 diabolico

341 3349 496 3397 tactu
541 3342 830 3396 instinctus
887 3340 976 3406 “9,
1019 3339 1216 3394 furoris
1247 3339 1491 3409 nequitia
1541 3344 1732 3392 contra
1787 3338 1965 3393 virum

343 3430 446 3485 Dei
503 3430 797 3484 szevienter
850 3435 1114 3491 armatus,
1173 3427 1330 3501 regni
1379 3425 1616 3481 fraterna
1671 3442 1835 3480 manu
1881 3442 1968 3480 ra-

345 3517 540 3590 piendi
569 3517 826 3587 cupidus,
861 3532 984 3570 cum
1019 3514 1229 3570 nefario
1261 3515 1638 3570 ministrorum
1660 3531 1796 3570 ausu
1827 3530 1970 3570 mor-

345 3613 488 3668 tales
518 3613 586 3646 ¹⁹⁰
625 3612 774 3668 exitii
802 3611 1036 3666 insidias
1073 3610 1176 3664 sibi
1207 3611 1438 3665 tendere
1470 3627 1632 3683 quam
1667 3610 1965 3680 plurimum

345 3712 581 3761 conatus
628 3711 729 3759 est.
797 3705 904 3759 Sed
966 3702 1232 3758 divinitus
1279 3704 1764 3774 praedestinatione
1829 3720 1967 3770 rem,

347 3794 702 3865 postmodum
731 3800 914 3848 tamen
946 3792 1206 3857 futuram,
1241 3799 1356 3846 tum
1396 3792 1567 3846 fuisse
1597 3800 1806 3847 certum
1836 3807 1972 3848 con-

352 3891 466 3938 stat
517 3883 762 3936 dilatam.
811 3882 931 3936 Jam
983 3897 1152 3952 parvo
1191 3881 1552 3952 interjacente
1600 3889 1847 3951 tempore
1890 3880 1974 3935 vir

351 3975 468 4029 Deo
515 3990 675 4029 carus
731 3982 857 4029 voto
912 3973 1136 4028 salutari
1193 3973 1538 4044 propositum
1580 3972 1864 4046 obligavit,
1915 3989 1975 4028 se

354 4067 470 4122 Deo
501 4065 742 4121 donante
783 4065 1088 4121 aecclesiam
1121 4065 1291 4121 nobili
1320 4081 1549 4136 operum
1588 4065 1822 4121 artificio
1849 4081 1978 4122 con-

2046 1792 2364 1866 ibidemque
2427 1795 2659 1864 plurima
2712 1795 3124 1862 miraculorum,
3199 1797 3385 1849 divina
3463 1799 3661 1851 virtute

2048 1881 2372 1936 mortalibus
2417 1883 2485 1917 ¹⁹⁶
2521 1891 2823 1956 gestorum,
2870 1883 2924 1937 in
2977 1900 3219 1954 praesens
3271 1901 3446 1955 usque
3504 1885 3662 1957 signa

2049 1982 2356 2030 coruscant.
2394 1975 2644 2030 Nondum
2697 1985 2879 2031 autem
2915 1976 3181 2031 sitibundi
3224 1993 3354 2051 erga
3386 1978 3479 2031 Dei
3502 1978 3662 2046 justi-

2051 2063 2189 2117 ciam
2212 2064 2451 2133 pectoris
2476 2064 2774 2134 adimpleta
2806 2064 3201 2136 profunditate,
3233 2067 3317 2120 vir
3343 2067 3662 2122 meritorum

2054 2154 2524 2209 inaestimabilium
2553 2157 2760 2210 electus
2791 2156 2885 2210 Dei
2907 2157 3459 2212 Vencezlausterreni
3489 2158 3665 2214 fasces

2055 2243 2302 2308 honoris,
2336 2258 2476 2314 quos
2502 2259 2632 2297 casu
2673 2245 2845 2309 novit,
2879 2244 3115 2318 fragiles,
3150 2246 3525 2316 depositorum
3558 2247 3664 2302 fra-

2051 2340 2322 2404 ternoque
2366 2333 2475 2400 juri
2522 2333 2864 2404 principatus
2913 2334 3295 2388 moderamina
3356 2342 3664 2406 spontaneo

2051 2421 2248 2478 affectu
2274 2423 2552 2478 illaturum
2580 2424 2859 2498 cogitavit,
2913 2441 3126 2480 necnon
3160 2425 3346 2481 Romae
3385 2426 3669 2482 liminibus

2054 2514 2430 2584 apostolorum
2497 2515 2561 2549 ¹⁹⁷
2603 2516 2868 2570 orationis
2928 2517 3102 2591 gratia
3161 2518 3522 2588 quaeritandis
3561 2519 3664 2574 sub

2054 2602 2242 2656 domni
2296 2601 2586 2672 apostolici
2637 2620 2790 2658 sacra
2838 2605 3164 2660 auctoritate
3209 2607 3566 2663 saecularibus
3610 2625 3669 2663 se

2056 2695 2493 2748 renuntiaturum
2551 2696 2987 2766 monachicoque
3047 2697 3239 2752 habitu
3297 2699 3668 2767 vestiendum,

2059 2798 2231 2853 eaque
2271 2783 2694 2839 conversatione
2722 2785 2846 2839 vitae
2887 2787 3204 2856 temporalis
3256 2796 3494 2844 extrema
3525 2791 3672 2845 visu-

2060 2891 2180 2929 rum
2227 2875 2429 2930 interni
2484 2877 2699 2930 ardoris
2742 2877 2832 2931 siti
2874 2878 3168 2933 anhelavit.
3232 2881 3339 2935 Sed
3381 2883 3669 2956 largissimi

2061 2967 2489 3022 remuneratoris
2512 2968 2877 3038 providentia,
2908 2969 3084 3040 aequis
3105 2986 3328 3042 semper
3352 2973 3671 3028 meritorum

2015 3119 2031 3138 Ἰ
2064 3061 2669 3131 recompensationibus
2713 3078 2774 3116 se
2824 3062 3021 3136 dignos
3061 3062 3423 3130 gloriﬁcante,
3469 3067 3677 3134 majora

2065 3155 2195 3209 huic
2226 3155 2532 3210 cmlestium
2567 3157 2808 3211 consorti
2833 3147 2906 3191 "3
2933 3172 3152 3210 servare
3194 3157 3420 3229 dignata
3440 3167 3522 3212 est
3560 3174 3676 3213 cer-

2066 3248 2292 3313 tamina,
2324 3254 2382 3302 ut
2414 3254 2537 3318 post
2575 3249 2770 3303 horum
2812 3247 3031 3303 nobiles
3067 3248 3378 3318 triumphos
3407 3250 3682 3306 nobiliora

2068 3347 2252 3409 captet
2277 3347 2332 3394 et
2361 3340 2614 3410 praemia,

2144 3432 2207 3485 17
2240 3430 2324 3484 ’99.
2360 3430 2628 3494 Quoniam
2674 3447 2880 3486 vesano
2914 3433 3163 3506 germani
3209 3433 3497 3487 Bolezlawi
3529 3435 3682 3506 regni

2071 3524 2352 3580 desiderio
2399 3522 2469 3557 ²⁰⁰
2507 3539 2731 3594 quoquo
2770 3524 2936 3579 modo
2991 3530 3175 3594 posset
3213 3526 3554 3595 acquirendi,
3589 3543 3690 3596 per

2067 3613 2424 3669 multimodas
2471 3613 2796 3667 insidiarum
2853 3615 3124 3669 versutias
3166 3614 3221 3667 in
3279 3620 3525 3668 sanetum
3592 3616 3685 3670 Dei

2072 3705 2488 3770 exardescente,
2531 3703 2633 3758 iter
2660 3703 2726 3737 ²⁰¹
2772 3705 2956 3758 Romae
3008 3705 3345 3758 tendendum
3405 3705 3692 3776 intercipi-

2071 3805 2179 3863 tur,
2213 3794 2455 3865 profana:
2486 3795 2666 3869 gentis
2693 3794 2970 3850 cotidiana
3007 3795 3076 3828 ²⁰²
3105 3794 3449 3864 conspiracio
3503 3795 3685 3850 domi-

2073 3885 2327 3939 ciliorum
2361 3883 2609 3938 latibulis
2640 3883 2839 3938 furtive
2870 3882 3151 3947 densatur,
3185 3883 3472 3954 ipsiusque
3503 3882 3686 3939 fratris

2079 3974 2286 4029 invidia
2326 3973 2396 4007 ²⁰³
2427 3973 2602 4047 magis
2635 3973 2940 4046 magisque,
2997 3971 3219 4027 diabolo
3269 3972 3514 4026 fomitem
3550 3989 3683 4043 prae-

2080 4064 2271 4132 bente,
2301 4064 2642 4120 accenditur.
2695 4063 3046 4134 Nequaquam
3097 4071 3276 4117 tamen
3311 4064 3557 4118 omnium
3591 4080 3697 4119 saa-

1709 4213 1940 4267 VARle
1969 4213 2352 4268 LECTlONES.

433 4336 501 4369 ηδ
542 4335 697 4410 initio
727 4337 780 4410 1ἶ
810 4337 865 4391 F.
922 4338 1104 4410 itaque
1134 4338 1186 4402 2,
1221 4340 1272 4395 3.

1359 4339 1426 4373 ¹⁸⁵
1458 4339 1712 4395 nationes
1738 4355 1876 4394 cor-r.
1910 4342 2182 4396 motiones
2214 4343 2264 4394 1·

2353 4341 2420 4375 ίθδ
2451 4341 2509 4394 In
2550 4346 2797 4410 tempore
2849 4345 3028 4393 autem
3063 4339 3155 4393 illo
3188 4339 3340 4394 multi
3379 4340 3695 4396 sacerdotes

356 4407 429 4480 de
453 4407 737 4480 provincia
768 4407 1155 4464 Bauuariorum
1191 4420 1245 4464 et
1270 4411 1339 4462 de
1383 4410 1604 4475 Sueuia,
1651 4411 1943 4465 audientes
1973 4410 2174 4466 famam
2213 4415 2281 4465 de
2310 4428 2376 4465 co
2425 4407 2782 4467 confluebant
2821 4427 2943 4465 cum
2992 4411 3241 4480 reliquiis
3293 4419 3606 4465 sanctorum
3641 4420 3695 4466 et

357 4478 520 4556 libris
551 4478 618 4530 ad
650 4495 814 4557 eumn
837 4481 1043 4557 quibus
1071 4481 1330 4536 omnibus
1371 4482 1627 4557 habunde
1666 4498 1858 4557 aurum
1891 4491 1944 4536 et
1971 4491 2278 4557 argentum,
2313 4483 2564 4557 crusinas
2604 4490 2656 4557 et
2697 4482 2977 4557 mancipia
3006 4478 3167 4557 atque
3197 4481 3526 4557 uestimenta
3559 4483 3697 4537 hila-

359 4550 499 4602 riter
530 4560 692 4630 prout
721 4551 1022 4632 unicuique
1053 4568 1195 4632 opus
1223 4560 1339 4632 erat
1369 4553 1664 4632 prestabat.
1821 4550 2267 4632 quoque'o‘mnes
2297 4553 2538 4625 magistri
2574 4550 2915 4606 mirabantur
2954 4553 3008 4632 in
3039 4550 3287 4632 doctrina
3312 4553 3448 4632 ejus.
3483 4553 3698 4632 Poterat

357 4635 605 4694 namque
645 4621 886 4694 imitator
935 4621 1050 4677 fore
1083 4621 1377 4692 psalmistze
1408 4623 1501 4693 qui
1548 4625 1601 4676 in
1643 4621 2034 4694 spiritu'dix‘it:
2083 4625 2264 4694 Super
2320 4621 2514 4677 omnes
2547 4631 2800 4694 potentes
2841 4639 2936 4694 rme
2978 4623 3243 4694 intellexi,
3288 4623 3417 4694 quia
3449 4625 3692 4680 testimo-

357 4691 454 4744 nia
487 4699 581 4744 tua
611 4693 907 4766 meditacio
941 4709 1061 4748 mea
1085 4691 1190 4766 est.
1236 4695 1294 4747 ln
1325 4691 1482 4764 cujus
1522 4691 1686 4748 etiam
1725 4705 1910 4748 mente
1940 4696 2056 4750 sola
2084 4691 2345 4766 preciosa:
2385 4691 2692 4766 margarita:
2721 4693 2940 4766 claritas
2996 4692 3271 4766 fulgebat,_
3290 4691 3487 4766 cuique
3519 4695 3698 4750 domi-

356 4777 468 4815 nus
523 4769 724 4816 tantam
764 4764 1004 4844 graciam
1053 4765 1305 4820 conferre
1363 4766 1620 4889 dignatus
1667 4773 1770 4830 est,
1829 4774 1888 4819 ut
1927 4777 1980 4820 et
2029 4764 2428 4844 preliisyictor
2479 4764 2754 4845 existeret.
2821 4764 2979 4818 Uultu
3015 4764 3198 4818 autem
3250 4764 3352 4818 fuit
3412 4781 3694 4835 procerus,

356 4847 598 4889 corpore
653 4841 858 4889 castus.
927 4845 1000 4889 Ita
1063 4844 1122 4889 ut
1181 4836 1369 4889 celebs
1461 4837 1632 4889 ibenti
1693 4838 1876 4889 animo
1931 4846 2147 4889 ontaret
2201 4844 2367 4889 uitam
2428 4833 2586 4889 finire
2620 4862 2627 4868 -
2662 4834 2924 4888 Blandum
2995 4835 3231 4888 habebat
3285 4852 3409 4889 cum
3470 4838 3694 4889 mitibus

351 4847 598 4900 corpore
653 4841 858 4900 castus,
927 4836 1000 4889 ita
1063 4844 1122 4891 ut
1181 4836 1369 4890 celebs

1461 4837 1632 4891 ibenti
1693 4838 1876 4891 animo
1931 4833 2147 4908 optaret
2201 4836 2367 4890 uitam
2428 4833 2586 4908 finire
2620 4862 2627 4868 -
2662 4834 2924 4908 Blandum
2995 4835 3231 4908 habebat
3276 4833 3424 4908 rcum‘
3470 4838 3696 4908 mitibus

352 4903 672 4980 eloquium,
706 4921 844 4980 quos
874 4915 1057 4980 autem
1081 4907 1292 4980 sciebat
1324 4907 1542 4980 inmites
1571 4914 1626 4980 et
1655 4915 1920 4980 uagantes
1964 4903 2085 4980 sine
2107 4923 2291 4980 causa,
2319 4913 2431 4980 toto
2456 4906 2657 4980 animo
2687 4905 2931 4980 uitabat;
2955 4906 3111 4980 addit
3133 4906 3200 4980 hi.
3247 4907 3311 4940 ¹⁸⁷
3332 4907 3690 4980 reguntur}

355 4975 431 5008 ¹³⁸
465 4973 750 5029 Bolezlaus
796 4977 848 5028 2.
947 4978 1011 5012 ¹⁸⁹
1038 4985 1213 5032 tactus
1271 4979 1530 5033 instinctu
1571 4979 1624 5033 2.

354 5045 433 5079 ¹⁹²
455 5044 740 5125 legaturus
788 5049 970 5117 suppl.
1003 5051 1054 5102 1.

1719 4978 1787 5013 ¹⁷⁸⁰
1814 4979 2060 5034 mortalis
2103 4980 2156 5033 2.
2218 4978 2271 5042 3,

1143 5048 1210 5083 ηδ
1240 5065 1287 5103 c.
1323 5050 1377 5103 d.
1413 5056 1432 5103 t
1482 5066 1526 5103 s.
1561 5050 1614 5103 b.
1648 5049 1842 5104 desunt
1887 5051 1940 5103 2.
1975 5050 2024 5103 3.

2358 4978 2421 5012 ¹⁹¹
2455 4977 2767 5047 Rastiponae
2814 4977 2966 5030 sedis
3020 4976 3074 5031 2.
3139 4977 3193 5032 3.
3252 4976 3559 5046 radaspone
3625 4979 3690 5031 Μ.

2115 5051 2181 5084 ¹⁹⁴
2203 5050 2416 5103 honore
2470 5048 2523 5102 2.
2567 5049 2619 5100 3.
2703 5048 2768 5081 ¹⁹⁵
2801 5047 3338 5118 Episcopusautem
3379 5048 3546 5118 Tutus
3599 5065 3696 5102 ex-

403 5115 560 5170 audit
598 5133 796 5192 manus
832 5115 979 5185 suas,
1021 5136 1144 5173 cum
1173 5121 1471 5192 gratiarum
1495 5122 1721 5176 accione
1751 5121 1819 5174 ad
1850 5121 2133 5192 dominum
2175 5135 2346 5175 ovans
2375 5125 2430 5173 et
2459 5118 2680 5192 dicens:
2705 5189 2715 5192 _
2737 5118 2814 5172 lte
2846 5115 3071 5173 narrate
3107 5116 3368 5192 filio‘meo
3395 5117 3692 5172 UUenzez-

380 5203 532 5242 auuo
582 5188 864 5243 dicentes;
918 5191 1036 5245 Jam
1073 5187 1309 5245 ecclesia
1349 5200 1441 5246 tua
1471 5199 1686 5247 constat
1732 5199 1860 5246 ante
1901 5191 2188 5247 Dominum
2221 5192 2388 5244 Deum
2421 5189 2810 5244 uenustissime
2849 5195 3180 5244 constructa.
3213 5187 3457 5256 Cumque
3481 5204 3694 5243 narras-

353 5264 491 5335 sent
518 5260 822 5335 secundum
840 5260 1450 5335 jussionemepiscopi,
1483 5263 1643 5317 ualde
1670 5263 1894 5335 gauisus
1919 5263 2022 5335 iuit
2052 5271 2105 5335 et
2123 5261 2462 5335 conuocatis
2492 5261 2752 5335 omnibus
2781 5261 3230 5335 Deoppitulante
3268 5258 3390 5335 ipse
3424 5257 3696 5335 incipiens

351 5329 512 5382 miro
543 5329 736 5384 ordine
769 5330 1022 5387 fundauit
1051 5329 1340 5387 ecclesiam
1374 5329 1435 5387 in
1461 5329 1701 5389 nomine
1715 5334 1890 5388 sancti
1930 5333 2053 5388 Uiti.
2091 5334 2156 5388 M.

1575 5405 1640 5440 ¹⁹⁹
1667 5406 1753 5460 hic
1779 5423 1860 5475 ca;
1879 5407 2018 5460 itum
2054 5406 2453 5461 distinctionem
2476 5406 2716 5459 institui.

349 5397 592 5454 riﬁcans
618 5417 691 5454 m.
728 5403 781 5454 h.
813 5403 1033 5458 celestis
1062 5405 1326 5458 consortii
1357 5405 1410 5458 2.
1435 5406 1468 5459 3

347 5471 416 5526 1.
505 5471 573 5504 ²⁰¹
600 5471 745 5528 deest
766 5472 821 5528 2.
895 5475 965 5508 ²⁰³
994 5475 1207 5546 nequiti
1228 5476 1280 5529 3.

2241 5333 2306 5367 19°
2337 5332 2693 5387 emortalibus
2735 5333 2784 5385 1.
2865 5332 2927 5366 ‘97
2962 5327 3010 5383 ἐι.
3048 5327 3385 5400 principisﬁ.

3479 5330 3544 5363 198
3575 5331 3690 5403 εἰο-

2797 5401 2864 5435 ²⁰⁰
2892 5419 2942 5457 v.
2968 5398 3061 5454 vel
3081 5398 3289 5453 invidia
3309 5399 3359 5452 3.

3447 5398 3512 5435 ⁹⁰¹
3549 5398 3694 5456 inter

1913 5547 2120 5602 NOTE.

438 5612 550 5682 (‘25)
593 5614 791 5669 Sedem
817 5616 995 5671 tenuit
1023 5633 1072 5670 a.
1098 5617 1402 5671 894—942.

437 5684 554 5740 (20)
595 5685 888 5740 Ecclesiam
921 5703 951 5740 a
978 5688 1206 5740 Tutonis
1222 5703 1402 5740 sueces

459 5684 554 5753 20)
595 5685 888 5742 Ecclesiam
921 5703 951 5741 a
978 5688 1206 5743 Tutonis
1222 5687 1856 5753 successore,'Michaele
1885 5687 2172 5759 episcopo,
2194 5693 2569 5745 consecratam
2597 5699 2740 5750 esse,
2771 5681 2994 5740 Cosmas
3028 5681 3209 5741 tradit.
