4042 6156
397 259 507 317 935
1538 233 1873 292 GUMPOLDI
1915 227 2208 285 EPlSCOPl
2248 227 2586 283 MANTUANI
3633 230 3741 288 936

395 390 527 445 vitia
569 388 622 441 in
648 379 976 440 sanctissimi
1007 377 1108 432 viri
1141 373 1411 430 occultam
1442 385 1636 424 necem
1687 366 2006 436 conjurato-
2031 368 2088 433 Α
2116 377 2234 416 rum
2259 367 2566 415 nostrarum
2593 366 2815 429 paratus
2839 368 3128 430 susceptor
3163 361 3529 432 clemensque
3558 362 3613 416 in
3648 378 3740 432 pa-

399 494 516 533 rum
545 477 759 530 beatam
792 469 954 524 futuri
986 467 1134 520 diem
1165 461 1395 532 tr0phaei
1425 468 1550 513 ante
1595 456 1685 510 Dei
1717 453 2010 525 preesigna—
2114 453 2278 510 radisi
2317 452 2628 522 voluptates
2675 453 2934 524 dignetur
2973 451 3092 508 ﬁeri
3133 455 3452 519 subvector,
3487 456 3734 510 cordium

397 569 601 623 tionem
633 562 941 618 accelerare
991 555 1300 609 valuerunt.
1353 549 1537 604 Frater
1565 553 1747 600 autem
1783 542 2009 597 sceleris
2111 547 2237 600 imis
2265 544 2583 615 precemur!
2621 567 2642 595 ι
2689 545 2991 616 Statimque
3025 555 3150 616 post
3166 547 3396 601 verbum
3427 549 3590 602 laetus
3619 547 3737 601 ebi-

396 660 449 712 in
502 672 627 711 eum
661 648 848 706 luendi
901 646 1033 701 satis
1089 642 1406 713 impatiens,
1448 645 1657 693 ceteras
1701 634 1924 690 fraudes
1953 632 2010 685 in
2114 634 2216 699 bit,
2247 632 2565 705 singillatim
2611 634 2678 667 ²¹⁹
2709 633 2967 688 omnibus
3015 633 3212 688 eodem
3265 650 3456 690 amore
3487 635 3740 710 singulos

398 751 520 818 ejus
555 747 761 803 caedem
792 757 898 796 non
929 739 1133 794 debere
1181 735 1356 789 visum
1385 741 1468 787 est
1494 729 1703 784 diutius
1753 741 2009 798 prosecu-
2114 726 2351 796 scyphos
2389 724 2458 758 ²²⁰
2496 724 2807 779 ebibendos
2836 725 3198 781 blandissime
3240 728 3502 798 pr0pinat
3527 728 3737 782 osculo.

402 815 582 896 turum
617 838 705 900 ’0‘,
738 847 929 888 verum
977 844 1142 883 unam
1185 825 1306 880 aliis
1349 822 1615 893 aptiorem
1648 817 1802 873 nefas
1833 815 2015 887 potius
2117 819 2430 889 Intrepidus
2480 827 2686 884 autem,
2719 821 2951 890 sumptis
2982 828 3090 874 tam
3139 823 3372 876 honeste
3403 823 3609 892 epulis,
3665 823 3739 875 uti

402 925 660 984 maturari
717 940 747 978 a
790 938 848 976 se
915 919 984 952 ²⁰⁵
1033 915 1252 971 cautius
1291 913 1565 966 inventam
1601 907 1822 977 delegit.
1883 904 2014 958 Nam
2119 913 2488 981 divinojussu
2533 929 2618 967 res
2670 913 2934 978 differtur,
2995 915 3220 969 domum
3263 915 3492 970 inlaesus
3534 915 3739 968 remsit.

401 1025 721 1074 cunctorum
753 1011 922 1066 armis
952 1007 1187 1062 vestium
1223 1009 1566 1059 contractura
1621 998 1810 1054 dolose
1841 995 2014 1049 laten-
2190 1005 2279 1061 19,
2313 1005 2498 1060 Noctis
2527 1011 2709 1059 autem
2753 1006 3033 1076 sequentis
3072 1007 3141 1039 ω
3195 1023 3396 1070 cursu;
3430 1006 3740 1060 orationum

405 1109 574 1175 tibus,
618 1104 986 1172 simulataque
1024 1115 1180 1170 pace.
1213 1111 1366 1150 amor
1396 1093 1496 1147 δαὶ)
1529 1091 1772 1145 fraterno
1822 1087 2016 1142 OblUlu
2121 1109 2185 1148 ac
2205 1094 2632 1149 elemosinarum
2665 1094 3037 1149 curiosissima
3055 1096 3124 1130 ²²³
3150 1096 3435 1150 desudans
3462 1096 3741 1161 instantia,

399 1199 558 1270 quasi
609 1209 774 1250 verus
827 1189 1070 1263 tingitur,
1126 1185 1220 1256 qui
1262 1182 1436 1256 magis
1483 1178 1722 1235 nocendi
1763 1177 2020 1231 facultate
2121 1185 2289 1240 ίυιιπί
2321 1185 2387 1218 227
2419 1186 2695 1250 conscius,
2725 1187 2913 1240 monis
2954 1203 3055 1257 pro
3096 1187 3312 1243 Christo
3347 1189 3476 1256 jura
3507 1188 3619 1257 pa“
3651 1187 3744 1240 de_

403 1285 699 1359 quaerenda
742 1287 1076 1336 monstratur
1101 1277 1188 1329 ὀδ.
1837 1337 1856 1359 ,-
1922 1354 1934 1359 _
1966 1353 1996 1359 η

2180 1284 2284 1332 itus
2331 1279 2689 1346 pernoctavit.
2753 1279 3039 1334 Redeunte
3091 1289 3271 1335 autem
3316 1289 3442 1351 post
3471 1280 3776 1354 gallicinia-

475 1377 563 1429 18-
622 1371 733 1427 δαὶ)
783 1368 1067 1438 ουᾶυεάῖιιή
1126 1379 1255 1419 Vero
1314 1362 1522 1416 Ῡθεῐίνεε
1579 1359 1692 1414 diei
1740 1353 2021 1412 οκυιιθδίιί
2125 1370 2463 1424 matutinalis
2485 1371 2638 1425 horae
2665 1369 2869 1437 officio,
2896 1371 3056 1441 pulso
3075 1372 3384 1444 signaculo,
3422 1387 3534 1426 non
3564 1373 3746 1443 segnis

413 1478 538 1526 ortu
562 1466 748 1522 infelix
779 1465 868 1518 ille
897 1461 1104 1516 fraudis
1124 1459 1334 1513 amicus
1363 1458 1585 1511 domum
1611 1453 1889 1524 propriam
1915 1449 2023 1518 (27)
2125 1462 2306 1529 ηιοιιο,
2351 1472 2411 1516 ιη
2434 1463 2546 1530 jam
2574 1470 2661 1517 est
2698 1463 2912 1528 solitus,
2965 1464 3283 1534 prosiliens,
3316 1465 3741 1535 Ecclesia“,un

407 1560 561 1614 omni
590 1559 1033 1609 arnamcnlorum
1057 1548 1237 1618 copia.
1281 1562 1402 1618 quae
1431 1545 1556 1599 Ῐιυίο
1583 1543 1732 1616 genti
1763 1555 2022 1610 υῐηίιιιειπι
2127 1557 2477 1627 preperando
2501 1557 2802 1628 ingressus,
2835 1566 3052 1612 cantum
3095 1559 3481 1614 nocturnalem
3525 1559 3742 1613 laudes-

405 1649 578 1706 moris
618 1653 777 1702 erant
819 1642 1072 1698 habenda
1122 1641 1210 1704 ’07,
1262 1655 1424 1710 quam
1457 1635 1710 1692 studiose
1760 1632 2001 1706 fulgidan

2145 1664 2237 1719 {ue
2295 1649 2645 1704 matutinales
2682 1651 2931 1705 modesta
2982 1651 3264 1706 intentans
3305 1652 3741 1715 auscultacione,

403 1744 563 1808 fecit;
611 1739 921 1796 convivium
956 1737 1080 1806 plus
1109 1733 1272 1788 solito
1316 1729 1622 1801 parandum
1653 1725 1918 1780 ministris
1946 1725 1999 1776 in

2151 1746 2250 1792 νοεῖ
2283 1739 2546 1808 plurimas
2575 1740 2864 1795 oraciones
2903 1741 3126 1796 domum
3159 1741 3320 1795 lassis
3350 1742 3620 1796 membris
3657 1742 3747 1798 ali-

404 1833 570 1896 dixit;
626 1829 834 1884 amicos
866 1827 968 1881 sub
1031 1820 1338 1894 hylaritatis
1368 1819 1554 1889 specie
1601 1814 1880 1878 invitavit;
1937 1813 1993 1882 ip

2147 1833 2390 1897 [uantum
2450 1843 2646 1882 somno
2691 1828 2760 1863 ³²⁴
2795 1827 3112 1883 reficiendis
3142 1829 3451 1887 divertitur.
3496 1830 3743 1884 Ruhente

409 1924 637 1994 δίιιεειιιε
677 1919 942 1991 l’rinClPis
995 1915 1229 1986 supplex
1289 1913 1356 1945 ²⁰⁸
1414 1910 1692 1983 ingressus
1739 1905 2022 1977 Palatium:
2120 1915 2232 1982 jam
2260 1915 2328 1949 ’³⁸
2360 1915 2592 1985 primum
2627 1932 2842 1978 aurora,
2875 1917 3172 1972 execrabili
3203 1920 3475 1973 memoria
3496 1920 3748 1973 scriben-

411 2013 681 2072 conviviis
713 2027 839 2066 eum
863 2009 1128 2063 interesse
1157 2002 1410 2059 fraternis
1440 2001 1616 2072 primo
1645 1998 1892 2054 omnium
1915 2011 2024 2067 quo
2126 2005 2345 2060 bendus
2363 2007 3023 2064 Bolezlausmvirisancti
3037 2026 3355 2080 germanus,
3371 2013 3748 2082 perversitatis

411 2107 734 2180 dignaretur
763 2099 1092 2174 corrogavit.
1134 2097 1299 2164 Cujus
1327 2090 1738 2148 mansuetudini
1777 2088 2027 2160 quamvis
2128 2105 2339 2163 auctor,
2369 2113 2491 2168 qua;
2523 2098 2677 2168 prius
2706 2115 2855 2152 arma
2885 2107 3076 2153 contra
3115 2099 3472 2155 ίηηοορηιεηι
3517 2103 3750 2156 Ιτηθηιειι

408 2179 560 2251 falsae
585 2196 696 2249 Deo
714 2193 916 2266 dignus
943 2187 1277 2243 Vencezlaus
1296 2183 1614 2237 mmultum
1645 2179 2024 2253 congaudens,
2128 2189 2490 2244 commoverit
2537 2189 2604 2223 υτ
2657 2205 2768 2245 non
2825 2191 3118 2255 inmemor,
3151 2209 3340 2262 _specu
3397 2209 3509 2264 quo
3570 2194 3744 2258 lam“,

407 2302 576 2362 atque
627 2286 902 2343 consertis
934 2283 1171 2338 invicem
1227 2279 1505 2341 manibus.
1537 2277 1763 2331 domum
1793 2272 1862 2306 ²¹⁰
1892 2287 2025 2343 ςειιν
2129 2293 2282 2333 more
2343 2278 2556 2349 lupino,
2584 2294 2708 2333 cum
2761 2296 2826 2333 ex
2857 2281 3088 2336 adverso
3118 2297 3321 2354 agnum
3374 2282 3580 2338 furtive
3609 2286 3749 2339 lace-

409 2383 502 2437 dio
555 2382 852 2435 introeunt.
916 2375 1104 2447 Epulis
1160 2372 1530 2427 discumbunt.
1590 2369 1840 2438 Vinoque
1909 2371 2030 2435 post
2128 2369 2361 2424 randum
2418 2370 2594 2434 irruit,
2643 2369 2760 2440 ipse
2818 2387 2940 2426 cum
2983 2371 3194 2442 aliquot
3246 2375 3587 2444 sequacibus
3627 2377 3749 2430 huic

411 2473 638 2544 longum
689 2467 943 2539 quisdam
983 2467 1047 2498 ἰι
1082 2462 1345 2518 ferocium
1368 2460 1718 2516 convivarum
1746 2456 2006 2511 saturatis

2155 2457 2326 2512 .celeri
2347 2457 2703 2528 comparibus
2725 2458 3023 2513 furibunde
3047 2475 3391 2532 progressus,
3420 2475 3473 2517 et
3494 2480 3751 2518 mucrone

414 2563 565 2616 fraus
594 2559 834 2616 conflata
863 2557 958 2610 diu
992 2558 1160 2610 latere
1211 2553 1488 2617 nesciens,
1521 2567 1618 2606 eos
1649 2549 1806 2621 quasi
1835 2546 2031 2602 unani-
2135 2546 2472 2613 succinctus,
2513 2546 2631 2602 viro
2673 2547 2909 2618 simplici
2940 2549 3127 2604 media
3163 2549 3253 2604 via
3289 2550 3490 2605 obvius
3537 2554 3751 2606 restitit.

416 2650 582 2704 miter
612 2649 668 2702 in
723 2646 896 2701 sancti
927 2645 1031 2698 viri
1071 2659 1264 2698 necem
1316 2640 1585 2696 accendit.
1624 2639 1721 2704 Qui
1775 2636 2033 2702 malivoli,
2139 2639 2316 2706 Quem
2347 2648 2571 2696 sanctus
2596 2641 2712 2712 ipse
2741 2642 3029 2697 mitissima
3069 2644 3215 2698 inter
3239 2645 3535 2700 salutando
3561 2648 3628 2681 ³³³
3660 2647 3754 2701 he-

417 2739 781 2795 mucronibus
809 2743 961 2791 veste
1009 2735 1123 2804 jam
1157 2734 1339 2798 tectis,
1381 2739 1464 2786 ter
1493 2738 1803 2803 surgentes,
1846 2738 2036 2799 terque
2140 2730 2408 2802 nignitatc
2429 2731 2497 2764 "9
2521 2730 2593 2784 ita
2622 2731 2692 2765 ²³⁰
2717 2721 3054 2802 alloquitur:
3106 2753 3130 2781 α
3169 2734 3300 2799 Ave,
3329 2733 3496 2789 frater
3522 2736 3751 2792 dilecte!

411 2831 610 2884 iterum
635 2825 792 2898 quasi
825 2823 1237 2896 quodammodo
1263 2821 1389 2875 lassi
1417 2819 1642 2874 sedibus
1675 2835 1737 2872 se
1769 2817 2037 2872 inclinan-
2139 2825 2318 2892 gratos
2361 2819 2644 2874 immensa:
2683 2819 2967 2875 dilectioni
3005 2830 3109 2875 tuae
3139 2838 3169 2875 a
3222 2823 3386 2878 nobis
3411 2827 3522 2881 sint
3556 2829 3755 2892 relatze,

414 2930 497 2975 tes
523 2921 614 2985 ’1’,
645 2918 856 2974 viribus
887 2917 1065 2972 saltim
1096 2917 1165 2950 ²¹³
1193 2923 1248 2970 et
1284 2914 1504 2969 audatia
1531 2913 1760 2968 omnino
1784 2910 2034 2976 emolliti,
2137 2910 2268 2980 quia
2298 2909 2602 2966 honoriﬁce
2641 2911 2912 2980 disposito
2942 2911 3006 2946 ²³¹
3057 2912 3175 2966 heri
3208 2916 3466 2970 convivio
3499 2918 3646 2972 bene
3668 2934 3760 2972 no-

412 3026 480 3067 eo
527 3009 675 3082 quod
728 3008 973 3063 nondum
1024 3006 1290 3060 divinitus
1315 3005 1467 3072 jussa
1514 3003 1729 3059 venerit
1761 3002 2038 3073 passionis
2063 3034 2111 3100 Ο
2139 2997 2224 3052 bis
2257 3005 2311 3053 et
2339 2999 2473 3054 sotis
2508 2999 2853 3067 jucunde'33’
2878 3000 3223 3057 ministrasti.
3273 3026 3294 3052 ι
3342 3005 3473 3059 Tam
3507 3007 3579 3040 ’33
3617 3009 3760 3062 dulci

414 3078 567 3163 hora;
619 3098 867 3152 inlaesum
900 3112 1024 3150 eum
1067 3095 1413 3147 dimiserunt.
1461 3093 1632 3161 llujus
1673 3093 1748 3146 rei
1788 3093 1904 3162 ipse
1943 3098 2035 3145 aut
2064 3078 2111 3100 υ
2138 3088 2412 3157 pessimus
2458 3088 2552 3142 ille
2585 3104 2696 3142 non
2749 3090 3094 3158 respondens
3142 3091 3494 3162 allocutioni,
3538 3099 3638 3152 sed
3669 3115 3758 3152 cx-

417 3192 646 3257 inscius,
683 3188 925 3260 periculo
958 3203 1068 3241 non
1097 3185 1348 3256 pavidus,
1375 3183 1547 3238 divini
1575 3183 1857 3238 tutaminis
1883 3199 2037 3238 secu-
2138 3190 2308 3238 tracto
2337 3183 2508 3238 cicius
2536 3199 2688 3243 ense,
2734 3184 2788 3237 in
2819 3186 2992 3240 sancti
3033 3187 3230 3257 capitis
3257 3191 3527 3246 verticem
3576 3203 3635 3248 ut
3662 3195 3759 3250 for-

419 3283 575 3337 ritate
629 3280 922 3342 animatus,
966 3293 1218 3348 quamvis
1251 3275 1534 3344 cujusdam
1576 3274 1820 3329 clientuli
1876 3275 1930 3328 in
1969 3275 2038 3308 ²ί⁴
2141 3269 2250 3325 tius
2278 3272 2442 3339 valet,
2477 3271 2814 3341 percutiens,
2861 3273 2963 3327 ait:
3006 3295 3034 3322 α
3078 3275 3272 3330 Melius
3297 3278 3467 3334 hodie
3501 3282 3603 3336 tibi
3636 3300 3760 3352 pra:-

417 3386 605 3424 aurem
629 3366 966 3422 susurrantis
991 3364 1224 3430 cautela,
1258 3363 1536 3434 quomodo
1559 3369 1748 3417 contra
1776 3378 1902 3417 eum
1926 3379 2040 3417 mo-
2145 3375 2408 3429 paravero
2436 3361 2504 3394 ’3‘
2536 3360 2880 3417 convivium!
2927 3384 2947 3412 υ
2994 3363 3103 3417 Sed
3133 3365 3201 3399 ’⁸³⁵
3233 3365 3380 3421 ferro
3405 3370 3690 3425 resiliente
3715 3381 3762 3426 et

419 3461 498 3515 liti
532 3459 754 3528 fuerint,
789 3449 1227 3528 praestrueretur,
1259 3455 1392 3510 sede
1419 3456 1486 3490 ²¹¹⁵
1510 3461 1819 3510 tamennon
1840 3461 2042 3521 motus,
2147 3449 2506 3504 necvulneris
2521 3449 2741 3504 tandem
2765 3451 2980 3523 signum
2999 3461 3301 3509 annotante
3329 3456 3421 3522 ⁸⁸⁵,
3455 3462 3767 3530 geminatur

421 3548 665 3613 fratrem,
697 3555 1022 3617 ceterosque
1047 3544 1403 3600 considentes
1441 3545 1510 3578 ²¹⁶
1532 3542 1848 3609 exhilarari,
1886 3554 2049 3613 quasi
2152 3536 2312 3592 ictus.
2347 3537 2462 3602 Quo
2512 3539 2686 3594 nihilo
2715 3540 2892 3614 magis
2938 3541 3195 3608 laedente,
3231 3545 3404 3600 tercio
3447 3546 3619 3604 ferire
3649 3566 3762 3604 cum

420 3641 653 3712 hospitis
682 3639 756 3673 ²¹⁷
790 3646 943 3710 grata
972 3638 1114 3701 vice,
1158 3637 1470 3692 amabiliter
1515 3637 1747 3710 rogavit.
1782 3635 1844 3690 Et
1886 3635 2051 3706 paulo
2153 3632 2304 3693 velit,
2338 3647 2448 3687 una
2477 3648 2601 3687 cum
2633 3641 2861 3688 extenso
2892 3634 3030 3690 ictus
3080 3638 3231 3692 ensis
3263 3655 3429 3694 manu
3463 3645 3639 3698 territi
3667 3647 3768 3698 mi-

418 3739 544 3803 post
573 3739 756 3786 amota
805 3745 996 3784 mensa
1034 3728 1228 3802 surgit,
1288 3728 1625 3799 impletaque
1682 3727 1810 3782 vino
1834 3733 2038 3797 patera,
2148 3722 2257 3777 litis
2286 3723 2352 3756 ²³⁷
2379 3723 2597 3779 excidit.
2627 3725 2797 3790 Quem
2831 3728 3011 3781 statim
3044 3738 3268 3784 sanctus
3299 3731 3645 3790 Vencezlaus
3675 3753 3772 3806 per

423 3823 686 3878 modestae
741 3820 1101 3876 salutacionis
1157 3819 1303 3876 dicto
1342 3835 1538 3876 omnes
1569 3819 1805 3874 dulciter
1860 3818 2046 3884 hujus-
2149 3812 2406 3884 capulum
2459 3814 2526 3846 ²³⁸
2555 3813 2860 3884 surripiens
2897 3825 2951 3870 et
2999 3832 3165 3886 supra
3207 3819 3556 3877 scelerosum
3593 3824 3772 3879 fratris

425 3913 575 3968 modi
606 3911 938 3982 alloquitur:
985 3933 1010 3958 α
1055 3909 1266 3966 Salutet
1294 3926 1392 3965 vos
1423 3910 1570 3964 salus
1609 3908 1856 3965 omnium
1891 3909 2050 3964 Chri-
2146 3905 2260 3974 jam
2294 3905 2524 3960 inermis
2552 3906 2812 3961 verticem
2845 3923 3009 3962 manu
3052 3909 3259 3965 librans
3287 3913 3397 3967 m:
3452 3937 3476 3964 α
3519 3917 3778 3984 Videsne,

428 3999 576 4055 stus!
611 3999 868 4066 Calicem,
912 4014 1075 4071 quem
1118 4015 1282 4053 manu
1315 4006 1500 4065 teneo,
1530 3999 1584 4053 in
1617 4000 1789 4054 sancti
1819 3999 2050 4053 archan-
2157 3993 2369 4065 inquit;
2400 4009 2433 4048 ο
2465 3994 2683 4050 funeste
2704 3995 2732 4047 7
2763 3995 2909 4050 Verli
2939 3996 2994 4049 in
3036 4003 3088 4051 te
3119 4009 3309 4068 posset
3340 4008 3450 4057 tum
3483 4006 3781 4060 crudelita-

430 4091 539 4163 geli
617 4091 946 4145 Michahelis
999 4106 1243 4145 amorem
1299 4091 1548 4155 ebibere,
1601 4105 2054 4161 unumquemque
2157 4088 2228 4142 tis
2259 4089 2505 4145 exitium.
2551 4089 2660 4144 Enl
2717 4091 2866 4145 unde
2899 4093 3201 4162 prohibeor
3230 4094 3456 4153 fraterni
3493 4102 3787 4173 sanguinis

432 4189 676 4237 nostrum
725 4198 795 4235 ne
829 4183 1034 4254 pigeat,
1073 4181 1175 4236 hoc
1213 4197 1401 4236 amore
1449 4181 1816 4250 spiritalitatis
1837 4182 1905 4216 ’³⁸
1936 4181 2058 4249 ejus
2158 4175 2280 4231 ﬁeri
2304 4175 2526 4232 eﬂ'usor.
2577 4178 2685 4232 Sed
2727 4179 2874 4245 nolo,
2927 4181 2994 4234 de
3025 4198 3190 4236 manu
3240 4200 3366 4238 mea
3415 4187 3616 4244 ultimo
3643 4204 3785 4244 exa-

429 4273 776 4329 altitudinem
833 4289 934 4344 pro
994 4288 1156 4342 posse
1212 4279 1564 4337 venerantes,
1623 4279 1682 4327 ut
1711 4288 2056 4344 quacumque
2081 4343 2120 4349 _
2161 4272 2310 4327 mine
2342 4274 2567 4348 sanguis
2591 4275 2680 4339 "0,
2705 4291 2737 4330 ο
2766 4274 2948 4340 frater,
2981 4283 3106 4332 tuus
3138 4289 3419 4349 quaeratur
3450 4283 3506 4337 in
3543 4301 3642 4339 mc.
3671 4285 3792 4340 Re-

431 4367 567 4425 hora
603 4367 691 4420 lex
722 4343 935 4421 naturae
988 4365 1058 4420 ad
1097 4374 1342 4421 extrema
1369 4381 1474 4421 nos
1503 4365 1813 4432 deduxerit,
1855 4343 2134 4422 anima-D
2160 4367 2283 4438 cipe
2309 4343 2576 4442 gladium,
2611 4377 2824 4426 matura
2844 4343 3212 4443 supplicium;
3245 4393 3372 4447 quae
3403 4389 3536 4434 sunt
3567 4382 3792 4453 agenda

1779 4506 1999 4565 VARUE
2056 4508 2431 4564 LECTIONES.

509 4641 578 4676 ²⁰⁸
613 4639 1135 4720 pe_rs_ecutu_rumm3.
1237 4638 1305 4674 ²⁰⁵
1338 4653 1411 4720 ac
1461 4654 1562 4707 pro
1620 4654 1762 4720 ause
1788 4640 1850 4720 A1
1938 4639 2050 4720 Mf“
2073 4647 2543 4720 praemonstra-turn
2572 4641 2711 4720 2.__
2742 4641 2809 4675 ²⁰⁷
2839 4640 3151 4720 habendam
3218 4646 3268 4720 1..
3372 4646 3442 4720 #0?
3475 4651 3666 4720 suplex
3741 4658 3802 4709 1-

435 4714 506 4749 m
532 4709 847 4767 vencizlaus
894 4714 941 4767 1.
1026 4711 1094 4744 ²¹⁰
1115 4711 1530 4781 εαρεννιὶηθαῃγι
1578 4709 1838 4781 αάἁὶιίὲ.
1938 4711 2003 4744 ²¹¹
2034 4709 2360 4781 quibusdam
2419 4713 2454 4765 2
2514 4713 2565 4765 3.
2643 4712 2712 4746 ²¹²
2742 4714 3078 4768 acclinantes
3121 4717 3172 4768 2.
3233 4715 3266 4770 3
3375 4719 3445 4752 ³¹³
3476 4709 3668 4774 sal-tem
3735 4727 3799 4779 2.

435 4787 637 4865 seris?
687 4784 900 4865 3‘29!
938 4783 988 4862 1-
1044 4782 1209 4865 ἔξω·
1257 4780 1499 4865 ,ωεξτά
1535 4796 1600 4865 es
1640 4781 1674 4833 2
1715 4780 1802 4865 .3-
1841 4779 2326 4865 ..ἷ¹⁶.οοί’⁶(¹θ,¹)ιθε.
2371 4784 2425 4865 1;
2478 4784 2532 4838 2·
2596 4783 2970 4865 “7.091921-
3033 4787 3410 4865 ."‘.sp.iritat_is
3461 4808 3600 4865 ερρῖνε
3662 4798 3804 4865 spi-

438 4851 656 4910 ritalitis
685 4855 736 4908 2.
824 4853 892 4886 ²¹⁹
919 4852 1216 4924 singilatim
1252 4853 1298 4906 1.
1378 4851 1447 4885 ²²⁰
1477 4853 1684 4921 cyphos
1711 4853 1757 4905 1.
1841 4851 1906 4885 ²²¹
1948 4851 2255 4956 frequentis
2306 4854 2329 4906 1
2401 4853 2675 4924 frequenti
2712 4851 2775 4908 2.
2834 4857 2901 4889 ²²²
2928 4851 3310 4912 curiocissima
3343 4862 3393 4913 1.
3492 4851 3806 4922 "Muttine

438 4927 468 4956 ω
519 4925 550 4956 ο)
648 4926 714 4956 ω
738 4923 955 4956 αΛΜηῖΑ
1014 4917 1036 4956 4
1122 4923 1398 4956 ηιςηηαηθη
1453 4923 1620 4956 [Λυοοθ
1663 4922 1939 4956 anmnnlo
2072 4925 2114 4956 25
2147 4931 2324 4956 ...ιοηηη
2365 4925 2398 4956 ω
2445 4927 2475 4956 τ)
2580 4927 2649 4956 asa
2681 4925 2956 4956 animi“...
2989 4929 3023 4956 ο
3142 4929 3207 4956 υτ
3238 4946 3265 4956 ,.
3327 4931 3338 4956 I
3393 4933 3428 4956 α
3536 4934 3603 4956 οη
3638 4940 3731 4956 μ.

433 4925 551 4983 2.3
648 4926 714 4958 ’³⁵
738 4923 955 4979 somnio
1008 4917 1064 4976 Ἰ.
1120 4923 1398 4992 aliquanto
1453 4917 1620 4993 (deest
1663 4922 1958 4989 somno)2.
2047 4917 2114 4957 “5
2145 4931 2325 4978 autem
2365 4917 2519 4978 2.3-
2580 4927 2649 4959 ³³⁸
2681 4925 2959 4979 belezlaus
2989 4929 3047 4981 2.
3142 4929 3265 4982 "7c
3327 4931 3341 4984 ι
3393 4933 3447 4985 2.
3536 4934 3603 4966 ³³⁸
3635 4917 3808 4993 salu:

437 4996 750 5072 tandum_3.
832 4994 900 5027 ²²⁹
932 4993 1276 5072 benignitate
1302 4997 1349 5047 1.
1417 4992 1516 5072 f3“.
1535 4996 1676 5048 deest
1715 4994 1766 5046 1.
1851 4993 1915 5072 '3}
1946 4993 2202 5063 deposito
2233 4996 2282 5048 1.
2365 4995 2452 5072 f3”
2479 4995 2700 5072 abunde
2741 4995 2809 5072 3._
2880 4997 2949 5030 ’33
2977 4999 3176 5072 Jamu1.
3258 5001 3328 5034 ²³⁴
3369 5020 3612 5072 praeparo
3649 5010 3719 5062 2.
3747 4992 3808 5064 3.

435 5069 504 5103 ’35
539 5068 600 5122 Et
644 5068 731 5122 vix
760 5065 987 5138 sanguis
1037 5063 1304 5138 einanuit,
1338 5063 1468 5138 quia
1506 5063 1766 5138 inpotens
1795 5070 1911 5138 erat
1966 5080 2063 5135 pre
2117 5081 2325 5136 pauore
2365 5067 2640 5131 horribili,
2697 5074 2752 5121 et
2797 5067 2992 5123 beatus
3043 5063 3425 5127 UUenzezlaus
3478 5063 3644 5130 facile
3713 5063 3812 5134 su-

439 5155 631 5210 perare
673 5135 943 5215 potuisset
974 5152 1140 5215 eumn
1169 5135 1299 5206 quia
1328 5135 1663 5215 etmgladium
1709 5135 2020 5215 abstulitua
2076 5135 2241 5191 manu
2297 5138 2437 5215 eju_s,
2487 5138 2585 5192 sed
2637 5138 2814 5192 noluit
2871 5148 3068 5215 semet
3102 5141 3280 5210 ipsum
3343 5145 3615 5215 polluere.
3703 5153 3812 5204 Ille

439 5205 573 5266 uero
622 5205 1032 5264 uociferabatur
1088 5205 1308 5260 dicens:
1371 5205 1464 5260 Eia
1514 5207 1608 5261 ubi
1660 5207 1830 5261 estis?
1884 5207 2142 5274 adjuuate
2211 5205 2517 5263 me.’Tunc
2566 5224 2761 5263 omnes
2826 5211 3071 5266 maliuoli
3125 5205 3478 5270 accurrentes
3520 5217 3587 5269 de
3665 5220 3814 5276 late'

439 5281 551 5355 bris
601 5297 722 5355 cum
753 5278 1068 5355 gladiisuet
1106 5277 1349 5355 lanceis
1381 5277 1950 5355 multis_uulneribus
1989 5279 2260 5355 laniantes
2312 5279 2647 5336 occiderunt.
2713 5279 2778 5334 M.
2861 5280 2932 5315 ³³⁸
2967 5290 3221 5338 anotante
3267 5287 3315 5338 1.
3389 5287 3454 5320 ³³⁷
3486 5305 3554 5340 m.
3632 5298 3683 5344 t.
3751 5294 3812 5348 Ξ,

438 5351 506 5386 ³³⁸
538 5347 789 5422 capulari)
832 5351 884 5406 1.
967 5349 1034 5384 ²³⁰
1063 5349 1292 5404 uibrans
1318 5347 1375 5402 2.
1407 5347 1461 5402 3.
1533 5348 1602 5382 ²⁴⁰
1629 5355 1756 5403 tuus
1785 5365 1817 5405 ο
1843 5348 1880 5404 f.
1916 5365 1960 5403 s.
1983 5349 2038 5403 2.

2005 5475 2221 5533 NOTIE.

517 5610 629 5684 (27)
668 5607 1016 5677 Bolislawiae,
1049 5607 1220 5664 hodie
1252 5605 1527 5672 Bunzlau;
1558 5603 1613 5660 in
1643 5603 1922 5662 Laurentii
1955 5604 2264 5662 Casinensis
2286 5605 2428 5662 libro
2459 5605 2839 5664 Uollesclabus
2868 5615 3117 5666 vocatur.
