3994 6132
196 252 298 308 937

1262 249 1413 304 VITA
1452 248 1857 304 VENCEZLAVI
1897 246 2089 303 DUCIS
2130 247 2462 306 BOHEMUE.

3423 245 3531 301 938

195 397 265 436 ne
293 378 516 435 differas
571 379 627 434 in
677 379 902 453 longum
945 377 959 432 l
997 401 1020 426 ι
1053 379 1351 449 Rcsnmpto
1402 378 1603 432 iterum
1645 377 1809 433 fratre
1834 379 1893 450 Α
1916 387 2106 450 postea
2139 395 2247 434 non
2294 360 2742 447 comparuerunt‘,
2801 384 2896 433 aut
2923 392 3080 432 versa
3110 391 3208 448 pro
3237 375 3398 431 viciis
3430 393 3532 434 na-

197 472 401 544 impius
428 472 597 538 ferro,
638 470 809 526 altum
871 471 1025 542 quasi
1057 471 1203 527 vinci
1227 478 1481 526 metuens
1512 471 1730 539 clamat,
1756 473 1809 529 in

196 561 457 616 auxilium
484 560 569 615 sui
599 560 780 616 socios
821 560 884 594 ⁵⁸⁸
928 567 1105 627 vocat,
1139 577 1200 615 se
1227 561 1387 632 quasi
1425 568 1672 617 coactum
1705 571 1758 619 et
1788 582 1819 619 a

197 653 379 709 fratris
406 653 612 724 impetu
678 651 832 723 prius
856 653 1040 707 lmsum
1077 670 1386 728 repugnare
1420 654 1669 713 simulat.
1699 640 1817 710 Mox

194 744 327 800 sotii
352 759 555 818 magno
584 744 824 799 clamore
855 744 1032 799 vocati
1054 754 1371 807 accurrunt,
1405 761 1623 800 causam
1655 746 1813 817 quasi

197 834 427 889 sceleris
450 833 520 867 ²⁸²
550 831 711 887 inscii
758 832 826 886 de
881 832 1117 887 tumultu
1157 842 1414 903 quaerunt
1466 833 1676 888 domini
1728 835 1812 888 sui

200 922 468 979 fervidam
504 921 753 976 sentiunt
807 920 962 976 iram.
1028 921 1210 993 quue
1260 922 1373 990 jam
1403 929 1535 976 tunc
1591 923 1816 978 sceleris

196 1024 424 1073 auctore
446 1023 640 1088 quarta
680 1014 799 1070 vice
852 1031 1065 1070 sacrum
1106 1024 1270 1087 caput
1302 1033 1400 1085 per
1429 1016 1598 1071 ictum
1631 1017 1811 1072 saltim

196 1106 611 1181 confringente,
645 1121 841 1161 omnes
866 1105 1031 1161 simul
1089 1106 1257 1160 armis
1286 1106 1523 1173 irruunt,
1566 1108 1813 1163 certatim

197 1202 451 1256 membra
487 1202 694 1257 lanceis
721 1201 1034 1276 gladiisque
1065 1200 1398 1272 perfodiunt.
1445 1203 1652 1275 Corpus
1691 1222 1818 1261 sau-

197 1292 407 1347 ciatum
456 1291 608 1346 humi
665 1292 1031 1362 prosternitur
1075 1292 1420 1349 semivivum.
1459 1292 1819 1350 Crebrescunt

198 1381 401 1435 iterum
454 1380 763 1452 iterumque
802 1397 959 1435 saevze
1022 1380 1331 1455 gladiorum
1375 1385 1761 1454 percussiones
1802 1403 1816 1450 ;

198 1471 434 1543 sanguis
490 1471 761 1525 innocuus
812 1470 1112 1525 effunditur
1155 1489 1169 1534 ;
1204 1487 1406 1543 corpus
1437 1472 1560 1528 labe
1590 1490 1819 1528 vacuum

200 1558 517 1613 minutatim
549 1558 619 1592 ²⁸³
648 1560 803 1631 quasi
830 1576 860 1613 a
890 1559 1120 1614 canibus
1171 1560 1460 1615 laceratur.
1509 1562 1701 1616 Anima
1730 1579 1822 1617 sa-

1919 478 2060 534 tura,
2088 486 2285 525 canum
2312 469 2379 503 ²⁵⁷
2413 467 2611 523 latratu
2658 469 2776 523 vice
2810 467 3073 540 loquendi
3122 473 3359 522 utentes.
3390 468 3532 523 den-

1919 561 2051 615 tium
2075 559 2310 615 stridore
2340 573 2552 612 morsus
2583 558 2873 612 imitantur
2898 558 2968 591 ²⁸⁸
2997 557 3248 621 caninos,
3287 564 3381 612 aut
3427 558 3532 611 mi-

1886 712 1890 721 ,
1919 672 2043 711 sera
2063 670 2354 724 corporum
2383 652 2637 707 ariditate
2659 651 2869 717 siccati,
2899 667 3002 706 nec
3022 666 3133 706 non
3154 651 3376 705 auditus
3397 667 3529 706 con-

1919 746 2071 800 tinua
2101 744 2437 816 privacionc,
2468 743 2636 798 vitam
2686 742 2820 813 ipsis
2871 741 3053 796 saltim
3082 741 3330 795 odiosam
3370 740 3532 795 ﬁnie-

1914 842 2062 893 runt.

1984 931 2074 987 23.
2107 929 2436 994 Quiescente
2467 926 2671 981 ibidem
2714 942 2813 997 per
2845 924 3007 979 trium
3046 924 3221 994 spatia
3261 937 3531 977 annorum

1918 1021 2234 1077 venerando
2253 1017 2779 1091 corpore,fidelibus
2804 1017 3059 1088 quisdam
3081 1016 3150 1050 ’⁵ο
3181 1022 3343 1070 nocte
3355 1014 3531 1068 visum

1918 1118 2021 1178 est,
2063 1117 2141 1176 ut,
2198 1110 2306 1164 Deo
2355 1124 2467 1163 rem
2528 1106 2863 1173 insinuante,
2921 1105 3051 1159 inde
3108 1104 3174 1158 ad
3227 1103 3533 1158 mcclesiam
3586 1120 3589 1123 ·

1920 1203 2092 1257 sancti
2151 1201 2256 1255 Viti
2308 1199 2568 1265 martiris,
2624 1214 2786 1270 quam
2844 1198 2963 1268 ipse
2990 1197 3103 1264 jam
3134 1203 3534 1259 construxerat,

1923 1291 2265 1366 religiosiore
2295 1289 2650 1345 condendum
2681 1288 2963 1359 sepultura
2992 1284 3276 1341 transferri
3310 1281 3531 1338 debeat.

1922 1384 2021 1449 Qui
2061 1398 2256 1438 somno
2286 1381 2485 1436 emersi
2537 1380 2654 1435 viso
2681 1380 2995 1445 credentes,
3038 1385 3093 1432 et
3114 1377 3245 1431 licet
3272 1376 3537 1447 principis

1923 1471 2296 1543 tyrrannidem
2331 1475 2661 1534 metuentes,
2695 1468 2875 1523 noctis
2920 1477 3103 1522 tamen
3152 1464 3336 1519 medio
3359 1464 3537 1519 conti-

1922 1561 2070 1617 cinio
2116 1562 2336 1615 bustum
2393 1576 2554 1631 quam
2605 1558 2786 1630 pavidi
2863 1556 3173 1621 recludunt,
3224 1556 3537 1627 preciosum

202 1653 512 1708 cratissima
540 1651 1288 1723 carneiclausuraldomicilii
1312 1653 1413 1707 sub
1433 1659 1510 1709 tot
1531 1654 1818 1709 vulnerum
1851 1652 2177 1750 Bmartyris
2218 1653 2438 1725 pignus,
2481 1667 2594 1706 non
2632 1659 2822 1721 aperto
2855 1649 3162 1722 sarcofago,
3194 1648 3450 1703 vehiculo
3471 1645 3541 1682 ’⁸ο

205 1757 375 1803 exuta
405 1747 714 1815 tormentis,
747 1747 919 1803 nobili
952 1748 1232 1818 triumpho
1272 1748 1538 1823 angelicis
1564 1750 1828 1815 subvecta

206 1838 490 1905 manibus,
518 1839 717 1894 summi
742 1841 1168 1896 remuneratoris
1200 1849 1484 1912 aspectum
1513 1843 1717 1917 gaudio
1744 1843 1829 1898 vi-

204 1946 358 1995 sura,
392 1936 447 1983 et
471 1930 607 1984 inter
639 1928 911 2004 gloriosos
940 1927 1223 1985 martirum
1256 1930 1482 1985 ordines
1513 1948 1611 2002 per
1648 1948 1824 1987 aevum

210 2018 552 2082 confessura,
582 2018 684 2073 sub
712 2019 748 2072 4
778 2019 845 2053 ²⁸⁸
890 2019 1255 2074 Kalendarum
1287 2020 1598 2076 Octobrium
1632 2038 1831 2093 perpe—

214 2115 312 2163 tuo
345 2107 587 2162 laetantia
617 2100 771 2180 regni
803 2108 1041 2164 caelestis
1071 2110 1376 2184 ingreditur
1404 2112 1701 2167 consortia.

283 2196 376 2252 20.
420 2196 644 2252 Sacrum
681 2204 862 2251 autem
910 2212 1113 2269 corpus
1150 2199 1498 2255 credulorum
1540 2201 1699 2271 pauci
1734 2201 1825 2273 qui

211 2285 447 2341 aderant
479 2286 869 2342 venerabiliter
922 2287 1206 2362 sarcofago
1234 2290 1303 2323 ³⁸⁵
1336 2290 1705 2356 includentes,
1732 2307 1828 2346 ce-

213 2378 426 2434 lebrato
453 2396 485 2433 a
509 2378 727 2434 clericis
754 2376 973 2434 funebri
1002 2380 1298 2451 obsequio,
1327 2390 1479 2435 extra
1523 2381 1825 2437 aacclesiam

211 2468 539 2524 certaminis
590 2470 710 2524 loco
771 2468 1007 2523 vicinam
1048 2469 1436 2524 condiderunt.
1486 2471 1830 2527 Succedente

216 2566 347 2628 post
376 2558 505 2613 hinc
536 2558 590 2612 in
624 2574 852 2632 regnum
908 2558 1093 2612 nimiae
1145 2560 1517 2629 perversitatis
1545 2561 1686 2616 duce
1721 2562 1828 2616 Bo-

213 2651 450 2718 lezlavo,
482 2651 798 2722 saevitiaque
834 2651 955 2718 ejus
1004 2652 1060 2705 in
1089 2659 1337 2707 catervas
1366 2652 1612 2709 fidelium
1644 2654 1714 2688 ’⁸⁸
1747 2654 1831 2711 fu-

214 2751 403 2813 rente,
444 2761 555 2800 non
584 2746 756 2801 multo
786 2754 909 2817 post
936 2746 1082 2801 beati
1114 2747 1215 2802 viri
1251 2763 1442 2803 necem
1473 2748 1564 2813 "7,
1598 2748 1838 2802 humana

218 2836 357 2890 dum
385 2833 585 2889 fruitur
610 2835 741 2901 vita,
769 2835 1001 2891 clericos
1029 2845 1083 2891 et
1112 2838 1342 2903 amicos,
1366 2852 1584 2892 necnon
1605 2838 1836 2892 servicio

217 2930 346 3000 ejus
386 2927 727 2984 familiariter
783 2928 1028 2997 junctos,
1076 2930 1259 2984 subita
1317 2930 1509 2985 mortis
1562 2929 1839 2985 sententia

219 3021 509 3077 damnavit
538 3021 627 3075 ⁸⁸⁸.

1928 1753 2187 1815 percaute
2208 1744 2431 1815 ligatum
2474 1749 2876 1813 superponunt,
2906 1741 3161 1811 viamque
3196 1754 3305 1810 qua
3319 1751 3541 1811 gressus

1928 1851 1993 1890 eo
2016 1835 2289 1910 dirigitur,
2332 1842 2643 1905 carpentes,
2696 1831 3028 1904 perveniunt
3068 1830 3133 1884 ad
3186 1831 3364 1885 rivum
3411 1829 3541 1898 (28),

1930 1925 2241 1981 incedendo
2262 1925 2588 1998 supergredi
2644 1923 2977 1979 animalibus
2994 1923 3294 1993 plaustrum
3336 1921 3545 1975 ducen-

1932 2016 2082 2071 tibus
2108 2016 2282 2069 nimia
2329 2015 2702 2086 profunditate
2734 2012 3156 2079 intransibilem,
3197 2010 3468 2067 naviculis
3492 2017 3545 2064 et

1934 2118 2095 2178 portu
2129 2109 2404 2178 utrimque
2426 2108 2490 2142 ²⁶¹
2533 2113 2830 2163 carentem.
2884 2106 3039 2161 Stant
3071 2104 3278 2176 quippe
3310 2103 3543 2158 circum-

1930 2202 2232 2272 spicientes
2295 2201 2438 2256 Pons
2462 2201 2576 2270 jam
2607 2199 2810 2254 fractus
2840 2200 3054 2253 undosa
3101 2197 3542 2271 transgressione

1930 2293 2232 2363 dissipatur
2263 2311 2277 2357 ;
2313 2294 2459 2367 ligna
2484 2293 2552 2347 ad
2609 2292 2731 2361 ejus
2781 2291 3186 2363 reparationem
3238 2305 3348 2345 non
3381 2290 3542 2343 inve-

1932 2386 2180 2440 niuntur.
2207 2385 2345 2449 Quid
2385 2385 2627 2439 facerent
2657 2384 2726 2418 ’θ’
2774 2382 2802 2436 ?
2843 2383 2976 2437 Dum
3026 2382 3083 2436 in
3131 2382 3232 2436 hac
3261 2387 3547 2435 versantur

1930 2477 2204 2550 angustia,
2257 2475 2436 2530 subito
2497 2476 2695 2531 erectis
2739 2472 3049 2539 obtutibus,
3099 2489 3227 2527 ecce
3286 2472 3421 2527 mira
3451 2472 3544 2526 Dei

1934 2576 2203 2642 prasente
2233 2569 2454 2633 virtute,
2507 2570 2812 2640 plaustrum
2846 2568 3013 2622 altera
3049 2574 3155 2621 stat
3182 2566 3250 2601 ²⁶³
3280 2567 3418 2636 ripa,
3443 2580 3548 2618 un-

1933 2664 2265 2735 diquesecus
2313 2662 2381 2696 ²⁶⁸
2430 2678 2586 2732 aqua:
2618 2660 2945 2715 humiditate
3001 2661 3069 2693 ³⁵⁵
3101 2660 3362 2714 intactum
3430 2658 3546 2720 Quo

1929 2740 2202 2809 ‘miraculo
2260 2754 2363 2824 ipsi
2420 2753 2761 2824 aliquantum
2810 2751 3149 2813 haesitantes,
3212 2752 3550 2804 transnatato

1938 2863 2101 2917 supra
2130 2845 2371 2901 caballos
2400 2844 2597 2909 rivulo,
2654 2844 2964 2899 vehiculum
2993 2858 3148 2897 sacro
3180 2841 3324 2895 fasce
3355 2854 3552 2913 grava-

1940 2943 2051 2989 tum
2085 2933 2471 3006 prosecuti,ad
2492 2934 2671 2988 locum
2705 2931 3154 3004 praedestinatum
3191 2929 3354 2984 citius
3380 2927 3556 2999 appli-

1939 3033 2084 3092 cant,
2114 3026 2418 3081 aecclesiam
2449 3041 2573 3080 cum
2618 3023 2902 3095 sarcofago
2938 3024 3109 3077 Deum
3153 3020 3432 3076 laudando
3468 3021 3557 3076 in-

294 3114 386 3168 2i.
445 3112 669 3167 Peracta
709 3111 993 3167 fortissimi
1023 3113 1114 3166 Dei
1161 3112 1379 3167 athletae
1424 3111 1492 3146 ²⁸⁹
1529 3110 1832 3167 venerabili

1939 3129 2180 3187 troeunt,
2210 3120 2530 3191 foribusque
2546 3119 2864 3194 diligentius
2879 3117 3149 3173 obseratis
3176 3116 3551 3187 precibusque

218 3209 510 3282 passione,
536 3206 777 3262 ministri
806 3207 1029 3278 quidam
1047 3207 1396 3280 sanguinem,
1426 3206 1518 3277 qui
1555 3223 1653 3276 per
1681 3205 1839 3261 tabu-

221 3299 305 3354 las
367 3297 629 3352 ecclesia:
686 3296 806 3368 ipsa
867 3296 1095 3351 martirii
1162 3296 1293 3351 hora
1357 3311 1616 3364 aspersus
1669 3311 1843 3366 appa-

224 3395 308 3441 ret
364 3385 621 3453 35°,jussi
677 3400 820 3456 aqua
868 3385 1133 3451 lavantes,
1190 3384 1412 3454 penitus
1441 3383 1837 3439 absterserunt.

226 3476 572 3546 Posteraque
585 3474 677 3528 die
698 3474 829 3529 illuc
848 3473 1154 3539 venientes,
1189 3489 1297 3528 non
1323 3474 1509 3528 minus
1530 3489 1693 3544 quam
1717 3489 1839 3527 cum

227 3568 474 3639 primum
506 3566 699 3637 parieti
732 3566 962 3622 adhaesit
991 3581 1241 3622 cruorem
1284 3567 1463 3637 ipsum
1497 3566 1693 3622 eodem
1722 3565 1843 3621 loco

227 3658 520 3713 dilatatum
577 3658 644 3691 ²⁸¹
708 3656 1075 3727 conspiciunt.
1155 3656 1271 3711 Non
1327 3672 1517 3727 parum
1578 3655 1681 3726 ipsi
1740 3656 1847 3710 hoc

228 3752 352 3806 viso
381 3750 454 3787 ³⁵³
483 3753 680 3817 territi,
710 3770 852 3825 aqua
880 3755 1082 3809 iterum
1113 3755 1297 3819 allata,
1324 3756 1495 3810 multo
1534 3754 1603 3789 ’5’
1636 3754 1848 3808 studio-

228 3845 352 3899 sius
407 3845 636 3900 abluere
689 3846 992 3901 decertant.
1054 3846 1304 3902 Crastino
1348 3853 1529 3901 autem
1580 3845 1848 3916 probandi

229 3934 670 4000 causa,sietiam
727 3935 907 3989 adhuc
955 3932 1195 3990 frustrati
1243 3936 1373 4001 sint,
1412 3936 1849 4000 redeuntes,nou

234 4027 426 4082 minus
488 4027 720 4083 tinctum
786 4027 1057 4101 sanguine
1116 4029 1402 4100 parietem,
1464 4029 1717 4100 quamvis
1771 4037 1854 4084 ter

230 4118 463 4172 ablutus
506 4116 779 4184 videatur,
829 4127 1153 4191 agnoscunt.
1214 4118 1424 4182 Quibus
1490 4120 1558 4154 ³⁵⁸
1622 4118 1851 4173 multum

234 4225 412 4281 super
451 4209 556 4265 hoc
600 4209 948 4277 mirantibus,
1004 4226 1183 4282 eoque
1222 4211 1485 4266 abluendi
1526 4212 1715 4267 labore
1735 4219 1858 4284 post

234 4297 374 4353 inde
389 4298 759 4365 cessantibus,
793 4315 967 4370 usque
998 4299 1164 4356 hodie
1186 4301 1474 4374 sanguinis
1501 4302 1750 4371 ejusdem
1771 4303 1859 4357 in-

233 4390 506 4445 tinctione
530 4390 713 4461 paries
742 4390 861 4461 ipse
889 4408 988 4462 pro
1002 4392 1166 4466 signo
1195 4394 1509 4449 venerando
1540 4394 1776 4449 nitescit.

311 4479 384 4534 22
439 4479 503 4534 Ut
533 4468 904 4535 ’55'veracium
935 4497 1085 4553 sape
1115 4482 1277 4538 nobis
1317 4484 1492 4537 relatu
1529 4484 1858 4554 patefactum

241 4584 352 4638 est,
376 4580 501 4645 post
531 4573 961 4629 constantissimi
980 4574 1316 4645 triumphum
1344 4576 1415 4609 ²⁵⁶
1432 4577 1651 4630 athletae
1668 4592 1864 4632 omnes

238 4664 538 4738 sanguinis
567 4662 836 4720 eﬁusores
892 4664 1204 4720 innocentis
1248 4680 1492 4735 superno
1543 4665 1748 4720 incussi
1780 4664 1867 4720 fu-

241 4771 398 4823 rore,
431 4763 525 4811 aut
556 4756 856 4812 demonum
913 4762 1185 4828 potestate
1238 4756 1378 4826 rapti
1438 4755 1584 4811 inter
1612 4756 1868 4812 homines

1942 3213 2231 3270 sinceriter
2259 3210 2469 3279 effusis,
2500 3211 2845 3285 sarcofagum
2873 3208 3129 3281 aperiunt
3158 3226 3172 3273 ;
3205 3216 3260 3263 et
3287 3223 3416 3262 ecce
3435 3222 3559 3262 cor-

1943 3323 2046 3378 pus
2076 3322 2271 3361 carnea
2307 3304 2490 3359 adhuc
2519 3303 2664 3358 mole
2708 3303 2985 3377 integrum
3014 3307 3068 3356 et
3099 3316 3197 3372 per
3226 3306 3418 3355 cuncta
3446 3298 3561 3354 vul-

1944 3409 2077 3447 nera
2133 3408 2348 3457 sanum,
2430 3389 2824 3461 apparentibus
2880 3390 2951 3423 ²⁶⁶
3007 3395 3216 3443 tantum
3277 3389 3556 3461 plagarum

1943 3480 2133 3556 signis,
2166 3479 2271 3533 nisi
2287 3478 2462 3533 solum
2487 3477 2689 3532 vulnus
2711 3476 2955 3531 fraterno
2987 3492 3120 3531 ense
3150 3474 3372 3541 factum,
3407 3474 3556 3545 quod

1945 3590 2004 3628 se
2035 3572 2330 3628 dehiscens
2366 3569 2638 3644 sanguine
2690 3567 2867 3623 visum
2916 3574 3002 3622 est
3050 3582 3297 3621 manare.
3341 3566 3561 3620 lncluso

1950 3663 2146 3717 iterum
2192 3660 2294 3715 sub
2344 3659 2466 3730 ipso
2516 3656 2703 3711 altaris
2752 3656 2924 3722 aditu,
2984 3655 3283 3711 comitante
3314 3652 3561 3709 ﬁdelium

1949 3752 2128 3818 turba,
2162 3752 2416 3821 interque
2454 3747 2785 3804 sonantibus
2845 3747 3170 3802 clericorum
3199 3745 3400 3816 ymnis,
3434 3760 3563 3815 pre-

1951 3846 2162 3902 ciosum
2193 3859 2393 3914 corpus
2430 3841 2636 3898 celebri
2686 3840 2953 3896 memoria
2978 3838 3349 3894 venerandum
3379 3836 3565 3891 condi-

1955 3938 2174 3992 derunt.
2207 3935 2283 3991 [bi
2315 3950 2446 3989 vero
2485 3933 2671 3988 divina
2697 3932 2902 4002 saepius
2941 3937 3265 3986 coruscante
3296 3928 3561 3998 omnipo-

1958 4029 2150 4095 tentia,
2200 4025 2695 4082 innumerabilibus
2750 4022 3133 4078 miraculorum
3209 4020 3382 4093 signis
3438 4018 3566 4073 felix

1957 4117 2219 4173 exultatio
2266 4115 2525 4169 ﬁdelibus
2581 4120 2867 4183 terrorque
2929 4109 3251 4175 incredulis,
3300 4106 3437 4162 tanti
3467 4106 3567 4161 viri

1958 4205 2190 4273 meritis,
2219 4202 2667 4276 frequentissime
2692 4199 2962 4255 clarescit.
2992 4197 3158 4267 Cujus
3178 4203 3362 4252 autem
3394 4204 3571 4250 trans-

1961 4298 2182 4355 lationis
2237 4303 2455 4366 tempus
2505 4294 2609 4349 sub
2645 4292 2774 4347 4³⁸⁷
2834 4290 2968 4346 Non.
3023 4288 3207 4344 Marcii
3251 4286 3576 4343 mortalibus

1960 4390 2351 4450 celebrandum
2385 4394 2698 4443 annotatur.
2756 4385 2830 4439 De
2889 4382 3181 4438 virtutibus
3217 4388 3422 4444 autem,
3454 4394 3576 4451 quae

1964 4484 2139 4555 pietas
2168 4482 2352 4536 divina
2382 4496 2481 4551 per
2527 4479 2845 4532 meritorum
2878 4476 2998 4543 ejus
3027 4474 3147 4531 orbi
3176 4474 3575 4528 clarescentem

1965 4574 2196 4650 gloriam
2243 4580 2366 4645 post
2407 4572 2631 4646 dignata
2677 4575 2762 4624 est
2794 4566 3034 4637 operari,
3084 4563 3358 4620 sermonis
3406 4564 3577 4618 nostri

1968 4674 2280 4723 transcursu
2310 4664 2529 4720 curiosa
2579 4662 2941 4716 interseratur
2976 4657 3205 4720 mentio,
3239 4655 3578 4729 condignum

1968 4756 2209 4811 videtur.

1622 4887 1842 4942 VARIIE
1881 4885 2261 4943 LECTIONES.

323 4984 394 5019 ³⁸⁸
425 5000 471 5039 s.
505 4985 563 5039 in
586 5001 618 5039 a
656 4986 741 5041 sui
802 4986 857 5041 ‘2.
893 4987 961 5021 ³⁸³
989 5003 1035 5042 s.

1092 5003 1146 5059 q.
1181 4986 1236 5042 2.
1279 4986 1349 5021 ⁸⁸³
1378 4986 1667 5041 minuatim
1709 4987 1760 5041 1.
1814 4987 1883 5021 ²⁸⁸
1937 4986 2032 5051 lll,
2080 4986 2199 5045 Kal.
2228 4985 2342 5040 Oct.
2375 4983 2442 5037 Μ.
2478 4982 2546 5017 ²⁸⁶
2585 4979 2910 5106 sarchofago

1092 5074 1282 5106 'unmm
1332 5057 1560 5106 forsitan
1618 5074 1779 5106 cursu
1841 5057 2033 5106 ranidn
2071 5057 2361 5106 venientes
2405 5054 2461 5106 in
2506 5053 2785 5106 civitatem
2888 5069 2910 5105 r

240 5055 379 5137 (ιτα.
413 5055 469 5121 3,
498 5056 566 5090 ³⁸⁷
595 5057 739 5113 deest
754 5059 814 5137 r‘l.
846 5058 916 5137 ²⁸ξ³
948 5057 1030 5137 Illi
1060 5053 1282 5137 quoque
1332 5057 1579 5137 forsitan_
1618 5074 1781 5113 cursu
1827 5057 2033 5137 rapide
2071 5057 2361 5137 venientes
2392 5054 2461 5137 in
2506 5053 2913 5137 civitatcmni’r

241 5128 384 5196 ejus
376 5136 835 5232 ﬂgeremeruntet
863 5128 1094 5185 clericos
1130 5128 1252 5198 ejus
1306 5130 1580 5201 persecuti
1624 5137 1770 5185 sunt.
1827 5129 1895 5183 M.

240 5200 309 5254 2.
496 5201 669 5254 multa
715 5204 765 5254 1.
821 5201 890 5235 ³⁵⁸
941 5202 1000 5254 Ο.
1049 5216 1179 5254 vero
1221 5200 1274 5254 2.
1338 5202 1388 5254 3.
1452 5201 1520 5235 ³⁵⁵
1568 5201 1629 5254 Et
1668 5202 1722 5254 2.
1781 5201 1832 5254 3.

2955 4979 3010 5033 2.
3071 4981 3397 5034 constanter.
3449 4974 3519 5053 ⁸⁸⁸
3546 4971 3584 5024 f-

2914 5067 3082 5125 δὲθῖη.
3140 5063 3333 5125 omni”
3351 5058 3583 5125 ηὲἕηέθοεῖ

1952 5129 2020 5163 ²⁸⁹
2068 5128 2246 5183 ειῑιθιερ
2297 5128 2343 5182 1.
2392 5125 2462 5160 ²⁵⁰
2506 5125 2762 5195 apparuit
2799 5124 2850 5178 2.
2892 5114 2981 5158 ²⁶Γ
3010 5121 3234 5195 dilatam
3351 5115 3420 5195 ³⁸⁸
3448 5114 3589 5195 deest

496 5201 669 5254 multa
715 5184 765 5266 1,
821 5201 890 5235 ’5‘
941 5202 1000 5266 Q.
1044 5184 1180 5256 vero
1221 5200 1274 5255 2.
1307 5184 1388 5255 ‘3.
1452 5201 1520 5235 ³⁵⁵
1568 5201 1629 5255 Et
1668 5202 1722 5254 2.
1781 5201 1832 5255 3.
1905 5201 1975 5235 ²⁵⁶
2018 5200 2127 5254 ath.
2184 5198 2482 5270 tropheum
2524 5184 2595 5249 2”
2634 5195 2700 5270 “f7
2761 5209 2901 5270 canu
2948 5194 3001 5270 _l.
3043 5191 3132 5270 fis
3192 5187 3476 5270 imitantuﬂr

245 5270 333 5346 ff?
365 5254 897 5346 quibusdam
929 5254 1474 5346 ’E‘lvegiculo‘corr.
1519 5254 1885 5346 vehiculoi.‘
1920 5254 2364 5346 ’§‘___u_t_rique‘i.
2418 5268 2488 5301 ²⁸²
2538 5283 2593 5338 q.
2653 5265 2689 5320 f.
2748 5266 2889 5320 deest
2943 5264 2998 5317 2.
3043 5262 3112 5295 ²⁶³
3161 5265 3268 5312 stat
3326 5272 3376 5310 a.
3431 5254 3485 5308 2.
3537 5254 3588 5308 3.

242 5341 332 5376 ⁸⁸⁸
354 5355 517 5396 secus
545 5343 689 5398 deest
713 5343 763 5398 ‘2.
796 5343 865 5379 ’⁸⁵
887 5341 1270 5399 Ιιιιιηὶἀίῐειιριη
1302 5344 1353 5397 1.
1384 5344 1454 5378 ’⁸⁸
1480 5344 1834 5414 aparentibus
1864 5343 1915 5397 1.
1949 5341 2017 5376 ³⁸⁷
2041 5342 2132 5397 lll.
2153 5341 2221 5396 Μ.

1836 5450 2044 5507 NOTAE.

344 5550 456 5621 (28)
488 5551 607 5608 Rivi
637 5552 963 5610 vocabulum
992 5552 1328 5630 Rokytnicza
1357 5567 1423 5607 ex
1442 5551 1635 5608 Cosma
1660 5560 1715 5607 et
1738 5549 2042 5607 Christiano
2071 5549 2297 5606 adnotat
2318 5546 2671 5618 Dobrowsky.

607 5694 883 5759 Puram“
933 5695 1257 5759 CXXXV.

3205 5680 3283 5743 30
3314 5744 3321 5750 _
