3994 6132
495 264 601 320 939

1632 249 1966 305 GUMPOLDI
2009 243 2302 302 EPlSCOPl
2345 244 2678 300 MANTUANI

3730 242 3842 294 940

563 388 651 442 24.
682 383 910 450 Quidam
941 382 1172 437 crimine
1199 379 1494 450 judiciario
1525 379 1670 450 capti
1717 376 1806 442 ’68,
1839 373 2102 447 palatium
2131 375 2184 443 Α
2211 371 2321 426 lloc
2351 369 2705 441 postmodum
2737 365 2984 437 impleto,
3015 364 3252 419 credens
3300 364 3418 436 ipse
3445 364 3678 436 Deoque
3720 381 3838 418 ser-

492 479 594 534 sub
619 476 854 532 vinculis
918 473 1176 549 ingressi,
1211 471 1476 544 principis
1521 471 1678 539 jussu
1703 470 1907 524 carceri
1933 470 2109 525 inclu-

493 571 722 634 duntur,
747 565 1113 623 tenatioribus
1146 565 1284 619 infra
1314 563 1669 638 ligaminibus
1699 578 1799 632 per
1828 578 2022 616 manus
2047 578 2110 616 ac

493 660 667 731 pedes
695 657 798 712 sub
851 654 1061 711 crudeli
1111 655 1179 688 ²⁶⁹
1229 652 1477 708 custodia
1509 651 1863 723 implicantur
1887 650 1974 700 ’70.
2006 650 2105 715 Qui

493 752 677 806 media
729 756 908 816 nocte,
951 756 1010 803 ut
1068 754 1184 802 erat
1226 762 1477 812 necesse,
1511 746 1828 820 pervigiles,
1853 744 2108 799 strictura

493 841 823 912 compedum
883 855 945 894 ac
1016 837 1355 892 manicarum
1411 835 1799 890 miserabiliter
1861 833 2106 899 contriti,

493 934 703 1008 gemitu
736 948 919 987 amaro
947 931 1114 986 corda
1153 930 1458 1002 pulsantes,
1514 929 1566 982 in
1596 927 1912 997 bujusmodi
1942 926 2109 980 verba

493 1027 780 1091 orationis,
817 1026 1148 1081 dormitante
1203 1041 1396 1095 parum
1438 1023 1686 1087 custode,
1721 1038 1914 1077 omnes
1943 1021 2107 1076 simul

493 1119 678 1173 flendo
699 1119 764 1152 ’τί
800 1123 1168 1188 proruperunt
1198 1133 1210 1170 :
1236 1141 1260 1163 «
1297 1115 1334 1170 Ο
1358 1130 1571 1169 summe
1599 1113 1937 1187 gementium
1971 1127 2107 1166 con—

491 1211 697 1266 solator
725 1211 890 1277 Deus,
913 1210 1036 1264 cosli
1069 1217 1338 1280 terraeque
1370 1206 1640 1261 mirabilis
1672 1203 2106 1274 creator,a5pice

495 1318 597 1358 nos
640 1303 834 1358 mortis
868 1301 979 1370 juri
1032 1301 1356 1366 destinatos,
1414 1308 1467 1354 et
1498 1315 1596 1370 per
1625 1297 1882 1372 suffragia
1921 1295 2106 1350 dilecti

493 1393 572 1446 tui
595 1390 913 1445 Vencezlavi
972 1389 1186 1455 militis,
1241 1388 1333 1459 qui
1390 1403 1612 1458 semper
1644 1387 1756 1456 jam
1814 1385 2107 1440 inmundo

493 1480 667 1545 vivus,
695 1479 914 1532 miseris
940 1493 1038 1548 pro
1070 1484 1162 1531 tuo
1189 1476 1414 1531 nomine
1467 1475 1743 1546 benignus
1798 1475 1976 1529 extitit
2006 1474 2109 1527 de-

495 1566 701 1632 fensor,
733 1565 802 1620 ab
837 1565 1064 1619 instanti
1097 1565 1452 1619 damnatione
1484 1565 1721 1618 educere
1775 1579 1877 1618 nos
1903 1563 2108 1616 miser-

499 1658 668 1713 rimos
701 1658 952 1731 dignare.
979 1657 1141 1711 Facta
1171 1657 1452 1722 oracione,
1486 1657 1667 1710 media
1697 1672 1821 1726 pars
1851 1655 2105 1717 carceris,

492 1765 600 1818 qua
633 1749 896 1803 custodes
927 1755 1136 1802 stantes
1194 1747 1517 1821 vigilabant,
1551 1754 1775 1817 repente
1805 1756 1915 1802 tota
1956 1746 2110 1817 quasi

496 1855 604 1894 aere
631 1840 968 1894 densissimo
1019 1839 1088 1872 ²⁷²
1143 1838 1539 1904 obnubilatur;
1569 1839 1934 1910 extinctisque
1966 1839 2112 1892 intus

493 1931 819 1985 ardentibus
846 1929 1072 2003 vigilum
1117 1930 1376 1996 lucernis,
1411 1941 1594 1984 cetera
1622 1946 1768 2000 pars,
1809 1947 1916 2000 qua
1945 1929 2110 1984 vincti

488 2025 694 2092 jacent,
729 2024 883 2093 quasi
922 2023 1039 2078 sole
1069 2022 1373 2077 clarissimo
1403 2029 1705 2076 serenatur.
1741 2022 1804 2075 Et
1851 2037 1979 2076 ecce
2009 2038 2112 2077 vox

493 2111 802 2181 repentina,
839 2111 1056 2166 caelitus
1087 2119 1146 2165 ut
1166 2126 1293 2165 vere
1325 2110 1660 2165 credendum
1695 2110 1860 2164 est’73
1889 2110 2109 2177 emissa,

495 2200 692 2254 vinctis
731 2201 787 2253 in
819 2215 982 2254 aures
1020 2207 1171 2254 tonat
1196 2201 1264 2234 ³⁷⁸
1307 2217 1320 2264 ;
1353 2205 1411 2252 ut
1441 2206 1687 2272 surgant,
1739 2200 1952 2254 indicit.
2010 2199 2109 2263 Qui

493 2306 624 2363 ergo
657 2297 765 2345 tam
791 2308 992 2362 pavore
1019 2309 1183 2364 quam
1207 2293 1274 2327 ²τ⁵
1302 2293 1500 2348 laeticia
1527 2291 1840 2362 stupefacti,
1865 2273 2112 2345 membra

494 2383 723 2438 silenter
749 2394 972 2439 movent
1007 2385 1333 2456 ;statimque
1353 2385 1639 2442 vinculain
1667 2391 1850 2456 partes
1868 2384 2113 2454 disrupta

494 2471 779 2538 decidunt,
810 2489 1005 2526 manus
1035 2474 1322 2528 solvuntur
1350 2491 1414 2529 ac
1443 2475 1615 2545 pedes
1645 2491 1658 2539 ;
1693 2479 1996 2544 apertoque
2029 2473 2112 2526 dt-

499 2563 703 2618 vinitus
735 2563 970 2618 carceris
1015 2564 1218 2629 hostio,
1253 2565 1366 2620 laeti
1425 2566 1674 2620 exiliunt.
1735 2567 1806 2618 Ita
1840 2565 1932 2618 Dei
1977 2571 2108 2618 nutu

498 2653 772 2723 expediti,
805 2652 998 2707 laudes
1024 2653 1239 2709 Christo
1257 2663 1559 2726 sanctoque
1589 2655 1709 2722 ejus
1737 2653 1943 2707 martiri
1977 2653 2115 2708 Ven-

493 2744 720 2798 cezlavo
763 2744 913 2798 inter
965 2744 1201 2816 pepulos
1249 2744 1518 2810 referunt,
1577 2745 1962 2815 immensaque
2002 2743 2112 2798 vir-

495 2841 669 2889 tutum
702 2835 825 2904 ejus
856 2836 1130 2890 mirabilia
1157 2837 1608 2892 constantissime
1637 2844 1692 2892 et
1721 2836 2013 2892 credentes
2059 2843 2114 2890 et

495 2925 855 2979 ammirantes
887 2940 1191 2996 propagare
1232 2926 1536 2979 decertant.

565 3015 654 3070 25.
694 3017 843 3070 lnter
868 3016 938 3050 ’7“
969 3033 1108 3088 quos
1137 3017 1357 3089 gentilis
1378 3017 1622 3087 quidam,
1649 3015 1910 3086 baptismi
1938 3015 2113 3088 gratia

499 3111 743 3164 nondum
783 3111 1099 3175 mundatus,
1134 3127 1256 3165 cum
1319 3128 1378 3165 se
1440 3111 1551 3179 jam
1605 3127 1703 3182 per
1744 3111 1887 3164 beati
1919 3112 2111 3165 merita

470 3202 820 3276 _Vencezlavi
844 3213 1017 3257 morte
1051 3203 1339 3257 liberatum
1374 3203 1632 3268 senserit,
1667 3202 1732 3256 ad
1766 3201 1894 3256 ﬁdei
1918 3204 2107 3258 catho-

501 3295 619 3349 licae
651 3311 830 3348 veram
860 3294 1196 3369 agnitionem
1254 3296 1484 3350 devotus
1512 3295 1873 3361 convertitur,
1903 3295 2110 3350 salubri

503 3387 722 3440 lavacro
763 3392 1050 3460 purgatur,
1087 3385 1414 3457 ﬁrmataque
1479 3385 1587 3440 ﬁde
1619 3385 1706 3452 ’77,
1736 3402 1798 3458 ac
1828 3386 1923 3439 Dei
1959 3387 2010 3440 in
2051 3403 2111 3441 se

501 3474 717 3530 conﬁxo
745 3491 934 3530 amore
961 3475 1084 3542 ’7”,
1115 3483 1303 3530 natum
1333 3475 1579 3542 unicum,
1614 3491 1778 3546 quem
1806 3491 1962 3546 teque
1994 3490 2116 3545 pro-

500 3566 616 3637 pria
646 3565 756 3620 vita
794 3565 1007 3632 dilexit,
1038 3565 1092 3619 in
1126 3567 1414 3622 clericatus
1466 3565 1708 3622 ofﬁcium
1743 3566 1838 3621 Dei
1879 3566 2111 3622 servicio

496 3657 564 3711 ad
597 3656 741 3712 beati
772 3656 1011 3711 martiris
1069 3657 1376 3712 ecclesiam
1425 3673 1486 3712 se
1545 3657 1797 3712 daturum
1833 3657 2109 3728 promisit.

2210 461 2384 528 viens,
2429 459 2563 513 satis
2596 457 2814 528 longam
2850 455 3106 526 perduxit
3137 461 3373 511 aetatem.

2281 547 2369 603 26.
2407 544 2878 617 Huicquid’75-"9
2906 543 3055 598 aliud
3087 557 3198 598 non
3217 543 3838 597 minussueceditmira~

2211 641 2413 695 culum.
2447 639 2814 694 Juvenculum
2845 636 3122 708 quendam
3148 635 3576 701 cubicularium,
3608 635 3837 688 nomine

2210 729 2509 784 Podhiwen
2540 728 2629 793 πο,
2664 725 2864 780 ceteris
2892 724 3204 779 ﬁdeliorem
3226 724 3459 778 servulis
3479 725 3573 788 ’3',
3599 725 3838 794 ejusque

2209 821 2438 876 secretis
2506 817 2798 889 aptiorem,
2839 817 2924 871 vir
2964 823 3187 870 sanctus
3237 816 3349 884 jam
3394 817 3602 870 szeculo
3647 816 3839 868 vivens

2210 913 2504 967 admodum
2547 909 2749 964 amavit
2803 908 3006 976 :cujus
3059 909 3222 962 etiam
3265 908 3526 978 superius
3576 909 3837 962 meminit

2209 1009 2494 1078 scriptum.
2529 1006 2628 1071 Qui
2652 1005 2719 1038 ’8’
2742 1004 3028 1058 karissimo
3058 1004 3300 1074 privatus
3327 1003 3837 1067 domino,lamenta

2210 1100 2381 1155 tristis
2431 1115 2528 1169 per
2579 1099 2696 1152 dies
2729 1097 3112 1167 frequentavit,
3162 1101 3216 1149 et
3269 1111 3380 1150 non
3425 1095 3620 1148 minus
3688 1095 3836 1164 plura

2208 1190 2472 1246 factorum
2500 1191 2619 1258 ejus
2667 1189 2940 1259 exempla,
2984 1202 3217 1258 quorum
3279 1187 3400 1257 ipse
3433 1186 3704 1240 conscius
3737 1195 3836 1244 est,

2208 1284 2352 1338 inter
2381 1283 2582 1336 multos
2621 1279 2897 1335 laudando
2951 1278 3220 1333 dilatavit.
3270 1279 3385 1342 Quo
3441 1278 3551 1331 dux
3598 1292 3838 1330 vesanus

2209 1381 2511 1444 comperto,
2543 1372 2892 1444 rapidissima
2948 1371 3017 1405 ²⁸³
3047 1385 3349 1426 succensus
3400 1371 3500 1435 ira,
3527 1370 3838 1440 suspendio

2207 1485 2331 1524 mox
2357 1485 2483 1523 eum
2509 1469 2577 1502 ’⁸⁸
2609 1468 2832 1521 interire
2873 1465 3050 1533 jubet.
3102 1465 3416 1534 Suspensus
3474 1481 3750 1535 namque,
3785 1473 3838 1517 ut

2211 1575 2340 1614 vera
2371 1559 2641 1613 bonorum
2699 1562 2970 1611 testantur
3025 1555 3169 1609 dicta
3207 1554 3473 1616 virorum,
3522 1562 3650 1622 post
3686 1553 3840 1606 bien-

2212 1647 2386 1712 nium,
2425 1661 2533 1700 non
2565 1646 2723 1699 aliter
2744 1660 2906 1715 quam
2937 1643 3060 1698 viva
3089 1651 3144 1698 et
3170 1659 3303 1697 sana
3328 1642 3511 1696 solent
3546 1643 3837 1696 hominum

2131 1699 2182 1768 Β
2215 1735 2413 1805 capita,
2449 1734 2664 1789 florenti
2696 1733 2906 1787 canicie
2949 1747 3047 1802 per
3085 1732 3229 1802 pilos
3276 1731 3343 1766 ³⁸⁵
3374 1747 3631 1786 crescere
3676 1739 3841 1801 atque

2213 1825 2546 1878 candescere
2577 1823 2726 1876 visus
2756 1832 2860 1886 est,

2281 1913 2367 1966 27.
2404 1912 2617 1966 interea
2655 1912 2725 1945 ²⁸⁶
2755 1919 2946 1980 captus
2973 1909 3196 1980 quidam
3227 1925 3421 1963 severa
3443 1909 3660 1976 judicis
3711 1924 3839 1962 sen-

2212 2004 2402 2069 tentia,
2435 2003 2487 2056 in
2507 2003 2741 2056 similem
2771 2000 3062 2056 carceralis
3089 2000 3353 2055 custodiae
3386 2016 3638 2070 pcenam,
3672 2000 3841 2053 altera

2212 2095 2302 2148 die
2336 2092 2720 2163 perimendus,
2762 2090 3059 2145 intruditur
3087 2090 3176 2156 ³⁸⁷,
3208 2097 3260 2144 et
3305 2089 3591 2160 prioribus
3620 2090 3836 2154 solutis.

2213 2183 2383 2238 multo
2425 2182 2666 2236 strictius
2693 2180 2946 2236 vincitur.
3009 2180 3109 2244 Qui
3165 2180 3234 2214 ²⁸⁸
3291 2179 3456 2233 etiam
3492 2180 3836 2233 amarissime

2214 2275 2399 2330 flendo
2430 2281 2676 2328 sanetum
2718 2273 2814 2328 Dei
2839 2271 3196 2327 Vencezlaum
3234 2271 3445 2326 intimis
3476 2272 3548 2325 ad
3567 2273 3655 2326 sui
3691 2273 3835 2324 auxi-

2214 2366 2343 2421 lium
2371 2366 2633 2437 precibus
2659 2365 2873 2420 vocavit
2920 2365 3114 2419 dicens
3152 2381 3164 2416 :
3201 2386 3222 2412 ιι
3251 2362 3450 2417 Sancte
3487 2363 3581 2417 Dei
3617 2375 3835 2432 martyr,

2212 2458 2258 2512 si
2305 2465 2537 2522 tantum,
2600 2463 2657 2510 ut
2729 2456 2980 2512 homines
3036 2456 3250 2519 dicunt,
3301 2455 3446 2525 apud
3507 2455 3834 2508 altissimum

2212 2553 2383 2606 Deum
2417 2551 2669 2606 obtinere
2700 2550 2869 2616 vales,
2913 2550 3184 2604 interveni
3212 2566 3310 2620 pro
3335 2567 3425 2603 me
3447 2551 3743 2614 morituro,
3781 2562 3836 2602 ut

2212 2641 2320 2696 tuis
2360 2640 2630 2694 liberatus
2663 2639 2897 2702 meritis,
2931 2637 2999 2692 ad
3031 2638 3324 2692 criminum
3361 2639 3652 2710 purganda
3681 2654 3836 2692 eom-

2213 2733 2381 2787 missa
2411 2733 2579 2786 miser
2607 2747 2709 2801 ego
2733 2736 3006 2801 praesente
3058 2729 3399 2800 aliquantum
3456 2731 3674 2783 diutius
3732 2730 3834 2782 \‘lll

2213 2825 2529 2886 subsistam,
2554 2845 2573 2873 ι
2601 2823 2906 2894 Statimque
2937 2829 2995 2876 ut
3023 2830 3236 2876 oratum
3260 2821 3328 2855 ’⁸³
3352 2822 3643 2891 cst,ruplis
3675 2838 3836 2890 quam

2214 2911 2427 2968 fortiter
2454 2911 2712 2978 vinculis,
2768 2911 2860 2966 Dei
2892 2911 3065 2983 gratia
3118 2910 3320 2965 nesciis
3359 2910 3694 2965 custodibus
3725 2926 3840 2962 ear-

2215 3021 2339 3060 cere
2382 3012 2463 3059 est
2505 3004 2784 3059 exsolutus
2828 3003 2960 3068 ;setl
2977 3010 3126 3058 extra
3166 3002 3476 3057 astantibus
3499 3019 3834 3073 paganorum

2138 3067 2186 3134 (ἶ
2217 3094 2526 3148 latronibus
2553 3093 2750 3148 iterum
2791 3099 2985 3162 captus
3042 3091 3273 3145 nimium
3326 3091 3758 3162 constringitur,
3788 3099 3834 3143 et

2211 3187 2340 3241 dum
2372 3185 2592 3257 longius
2611 3183 2713 3239 sub
2743 3183 2996 3246 vinculis,
3031 3183 3217 3253 precio
3239 3198 3348 3254 quo
3375 3183 3551 3252 possit
3578 3199 3826 3238 comma-

2215 3277 2416 3332 tandus
2447 3274 2796 3340 transfertur,
2856 3274 3091 3344 priorem
3135 3273 3331 3344 repetit
3374 3275 3695 3328 oracionem
3733 3292 3745 3326 :
3777 3290 3834 3326 ac

2213 3365 2908 3441 mansuefactisgentilium
2937 3365 3217 3430 cordibus,
3243 3373 3442 3436 sponte
3458 3383 3587 3420 eum
3621 3367 3832 3420 solvunt

2216 3473 2280 3512 ac
2310 3456 2612 3511 dimittunt.
2641 3457 2703 3510 At
2733 3454 2802 3488 ²⁹⁰
2825 3455 2898 3510 ita
2955 3454 3142 3509 denuo
3166 3453 3455 3519 liberatus,
3506 3456 3700 3510 laudes
3732 3456 3833 3509 Deo

2213 3555 2268 3601 et
2295 3546 2456 3601 beato
2489 3545 2615 3599 duci
2649 3559 2747 3614 per
2777 3549 2949 3598 terras
2978 3543 3162 3599 eundo
3181 3543 3554 3616 magniﬁeavit
3589 3546 3678 3608 '9',

2281 3635 2368 3688 2;”).
2407 3633 2670 3688 Mansisse
2701 3631 2872 3686 fertur
2919 3630 3112 3685 eadem
3143 3631 3388 3697 civitate,
3433 3649 3545 3703 qua
3585 3643 3829 3686 sanctum

1845 3843 2065 3898 VARle
2107 3843 2476 3901 LECTIONES.

566 3993 634 4026 ’⁵⁸
687 3989 962 4060 judicario
1015 3989 1178 4060 capiti
1241 3992 1291 4044 1.
1341 3990 1409 4023 ²⁶⁹
1466 3990 1610 4044 deest
1667 3991 1718 4043 l.
1789 3990 1860 4024 ²τ⁰

1915 3997 2038 4068 post
2096 3990 2214 4068 haec
2263 3990 2605 4068 inucarcere
2665 3988 2888 4068 plurimi
2945 3989 3210 4068 homines
3248 3990 3515 4068 jaeebant
3579 3991 3636 4042 in
3693 3993 3829 4068 ligno

491 4063 708 4127 inclusi,
757 4073 812 4116 et
852 4062 1164 4134 unicuique
1233 4060 1611 4134 fuithtorques
1656 4061 1881 4134 ferreus
1919 4060 1988 4116 in
2037 4062 2184 4116 collo
2234 4069 2290 4116 et
2331 4061 2403 4114 liii
2437 4076 2630 4115 omnes
2679 4061 2734 4114 in
2773 4061 3065 4134 angustiis
3120 4062 3246 4134 suis
3305 4062 3605 4115 Dominum
3645 4060 3821 4115 ωηιῖιι-

490 4143 770 4206 potentem
831 4131 1273 4206 deprecabantur
1321 4131 1613 4206 dicentes:
1651 4133 1880 4206 Domine
1943 4134 2086 4187 Deus
2144 4149 2250 4206 per
2293 4134 2496 4206 merita»
2541 4140 2594 4186 et
2645 4131 2927 4186 orationes
2987 4132 3129 4206 beati
3195 4133 3582 4206 \feg'n)z_ezlawi
3633 4136 3825 4200 adjma

490 4203 592 4260 nos
645 4205 810 4259 Nocte
837 4214 1017 4257 autem
1060 4203 1310 4257 insecuta
1341 4204 1496 4272 quasi
1549 4203 1982 4258 tintinnabulum
2023 4205 2208 4259 sonuit
2240 4205 2293 4257 in
2363 4203 2587 4256 auribus
2641 4219 2853 4268 eorum,
2909 4210 2962 4256 et
3005 4203 3093 4256 lux
3145 4203 3356 4257 refulsit
3387 4204 3438 4256 in
3502 4221 3749 4262 carcere.
3780 4217 3828 4256 et

489 4277 722 4330 tetendit
760 4275 1052 4347 selignum
1075 4273 1222 4347 velut
1252 4289 1431 4347 arcus,
1466 4281 1887 4347 etextraxerunt
1906 4275 2252 4347 pedessuos
2271 4274 2351 4347 de
2387 4274 2554 4347 ligno.
2579 4273 2727 4328 Tunc
2758 4273 3444 4347 omnesvo‘ciferabantur
3481 4277 3827 4328 unanimiter

491 4347 776 4400 dicentes:
811 4343 1042 4416 Domine
1099 4343 1241 4416 Deus
1268 4345 1535 4416 miserere
1570 4344 1746 4400 nobis.
1798 4343 1919 4400 Mox
1953 4345 2127 4400 adfuit
2160 4345 2355 4400 Christi
2385 4343 2576 4411 virtus,
2619 4355 2673 4399 et
2715 4345 3155 4416 uniuscujusque
3215 4352 3441 4416 torques
3489 4347 3825 4406 confractus.

492 4418 692 4471 cecidit
720 4417 788 4470 de
821 4415 984 4479 collo,
1020 4414 1218 4469 cecidit
1264 4415 1318 4468 in
1387 4423 1604 4481 terram,
1657 4416 1724 4470 M.
1766 4417 1830 4450 ²⁷¹
1863 4418 2006 4471 deest
2054 4417 2105 4471 2.
2151 4418 2203 4470 3.
2263 4417 2329 4450 ³⁷⁸
2358 4417 2532 4470 denso
2582 4417 2636 4471 2.
2668 4416 2735 4448 ³⁷³
2771 4434 2826 4470 ιι.
2875 4433 2930 4470 ιι.
2965 4433 3015 4468 v.
3041 4414 3086 4469 c'.
3129 4433 3179 4470 c.
3225 4414 3418 4471 desiuit
3462 4419 3607 4469 2.1“
3639 4420 3826 4471 intona

491 4489 543 4562 2ἒ
589 4488 642 4554 3,
671 4488 737 4521 ³⁷⁸
761 4489 899 4562 et}.
936 4487 1005 4520 ’⁷⁸
1035 4485 1150 4562 Quo
1198 4487 1313 4542 viso
1376 4487 1643 4541 miraculo
1676 4504 1835 4562 unus
1868 4505 2112 4562 paganus
2140 4488 2233 4562 qui
2279 4489 2341 4562 in
2364 4488 2554 4562 eadem
2611 4495 2805 4562 tentus
2826 4487 3166 4562 servabatur,
3202 4489 3566 4562 voluntvovit
3599 4490 3828 4542 domino

492 4560 683 4614 dicens
713 4559 802 4612 :Si
837 4557 977 4611 Deus
1002 4558 1223 4628 adjuvat
1266 4574 1353 4610 me
1404 4574 1502 4628 per
1554 4558 1747 4613 merita
1788 4557 1965 4613 beati'
1985 4557 2368 4624 Wencezlawi,
2420 4558 2586 4613 credo
2641 4559 2695 4612 in
2754 4559 3045 4623 Christum,
3079 4569 3132 4612 et
3181 4560 3323 4612 dabo
3359 4557 3531 4612 ﬁlium
3562 4577 3749 4613 meum
3779 4565 3822 4612 ei

463 4631 546 4684 in
577 4631 886 4684 servitium.
924 4628 1006 4682 De
1047 4645 1157 4699 quo
1188 4629 1365 4683 statim
1418 4630 1603 4683 omnia
1663 4630 1844 4684 vincla
1911 4631 2089 4685 ferrea
2145 4630 2485 4696 ceciderunt,
2545 4646 2711 4700 quem
2764 4630 2961 4684 iterum
3021 4631 3329 4701 iterumque
3386 4634 3680 4701 artiusth
3745 4634 3820 4684 in-

489 4702 790 4766 cluserunt,
840 4708 894 4754 et
950 4717 1161 4754 rursum
1215 4701 1356 4754 sicut
1395 4708 1521 4755 ante
1579 4701 1900 4754 ceciderunt
1948 4702 2016 4755 ab
2086 4717 2151 4756 eo
2219 4701 2536 4770 compedes.
2593 4702 2692 4765 Qui
2743 4701 3008 4756 continuo
3067 4701 3349 4766 dimissus,
3392 4712 3448 4756 et
3489 4712 3686 4756 sancta
3719 4703 3819 4755 fide

492 4774 802 4835 instructus,
849 4771 1155 4840 baptizatus
1207 4781 1310 4836 est,
1362 4781 1415 4825 et

1455 4785 1650 4842 postea
1707 4771 1839 4825 vixit
1893 4772 2158 4841 plurimos
2233 4788 2430 4826 annos.
2483 4773 2550 4826 Μ.
2617 4773 2683 4805 ’77
2742 4773 3052 4844 iirmitaque
3094 4771 3222 4825 ﬁdei
3281 4774 3326 4825 -l.
3390 4773 3492 4805 ³⁷⁷*
3555 4791 3608 4837 a,
3674 4795 3702 4826 ιτ
3769 4776 3801 4827 2

488 4821 1151 4918 έὶἶιίἰιῖᾖῗιὲὸνῆξξῥέιίῇῆ
1202 4821 1230 4896 ι
1244 4821 1675 4918 "'m'_'¢§.2a“.-}.
1720 4821 1837 4896 iga;
1870 4821 2434 4918 οῗιρἶεᾷὶῖιρρὲὶῆὶῐιῆ
2462 4821 2576 4918 ᾖὸὶι
2617 4821 3068 4918 Ιιιιδέὶίτίὶῖξὲἧῖιί.
3094 4821 3468 4918 RBE—inmitia
3505 4821 3654 4898 fit.
3680 4821 3821 4915 ἰιυᾷ

487 4914 593 4986 que
648 4916 700 4968 2.
757 4918 808 4968 3.
869 4914 937 4947 ’75
970 4914 1288 4986 Podhivuen
1347 4915 1466 4986 alio
1513 4919 1810 4986 atramento
1839 4915 1935 4986 scd
1962 4916 2146 4969 eadem
2171 4931 2338 4986 manu
2371 4919 2426 4969 in
2457 4916 2566 4969 loco
2622 4931 2789 4969 vacuo
2816 4915 3000 4968 relicto
3040 4917 3058 4968 1
3121 4915 3216 4967 ubi
3266 4915 3298 4968 h
3355 4914 3813 4986 superscriptnm.

485 4983 540 5040 ti.
601 4987 658 5052 P,
718 4986 908 5040 desunt
973 4985 1024 5039 ‘2.
1103 4986 1155 5039 3.
1217 4987 1279 5019 ²⁸¹
1329 5002 1356 5040 s
1444 4983 1480 5038 f.
1552 4985 1602 5038 2.

1673 4986 1742 5018 ³⁸³
1798 4985 1848 5040 vi
1902 4987 1949 5039 1.
2013 4986 2081 5021 ²³³
2145 4985 2300 5040 rabid
2346 5057 2350 5058 ν
2389 4986 2471 5058 3.7
2506 4986 2574 5020 ³⁸⁵
2637 4986 2783 5040 enim
2842 4987 2982 5044 Lm
3014 4986 3174 5055 pillos
3210 4991 3257 5058 te.
3290 4986 3545 5058 mgAlius
3600 4985 3814 5058 quoque

485 5058 680 5112 eodem
724 5057 890 5111 modo
931 5055 1120 5129 jussus
1150 5055 1326 5129 fuerat
1384 5056 1592 5129 retrudi
1623 5055 1676 5109 in
1714 5072 2017 5122 carcerem,
2073 5073 2104 5110 a
2153 5073 2262 5128 quo
2311 5057 2562 5129 similiter
2592 5064 2789 5129 cuncta
2828 5065 3150 5129 argumenta
3191 5057 3540 5129 vinculorum
3575 5055 3815 5128 disrupta

484 5130 824 5189 ceciderunt,
855 5143 1017 5201 quem
1052 5127 1322 5201 increduli
1355 5127 1538 5201 statim
1590 5129 2131 5201 comprehendentes
2172 5127 2556 5201 vendiderunt
2595 5127 2918 5201 longinquis
2952 5128 3196 5201 paganis.
3240 5128 3339 5192 Qui
3367 5144 3491 5182 cum
3521 5127 3816 5184 duceretur

481 5201 550 5254 ab
575 5201 677 5265 eis,
703 5200 915 5272 meritis
971 5198 1117 5272 beati
1179 5198 1541 5272 Wencealawi
1579 5199 1720 5253 sicut
1768 5205 1823 5254 et
1874 5199 2191 5272 frequenter
2237 5200 2562 5272 ceciderunt
2591 5198 2784 5272 catene
2811 5198 2887 5272 de
2942 5198 3196 5272 manibus
3231 5201 3373 5272 ejus,
3402 5207 3458 5272 et
3488 5210 3722 5272 torques
3749 5205 3808 5253 de

481 5271 696 5325 cervice
755 5271 892 5339 ejus.
938 5268 1044 5342 Qui
1097 5269 1194 5323 etsi
1249 5270 1691 5342 gentiles‘erant,
1753 5268 2045 5342 cernentes
2093 5271 2362 5324 mirabilia
2413 5270 2505 5342 Dei
2537 5287 2662 5324 eum
2718 5271 3067 5325 dimiserunt.
3127 5270 3192 5324 Μ.
3235 5268 3301 5342 Ψ
3336 5268 3646 5326 includitur
3675 5273 3726 5328 2.
3760 5271 3805 5326 3.

477 5342 546 5375 ²³⁸
609 5342 747 5406 Qun
790 5337 879 5415 ξι
906 5341 974 5415 ²⁸ξ⁹
1029 5349 1214 5394 oratus
1251 5337 1320 5415 '1,
1371 5340 1440 5374 ²⁹⁰
1488 5337 1558 5415 _Et
1610 5341 1661 5415 2_.
1723 5342 1781 5415 3._
1820 5341 1884 5375 ²⁹¹
1923 5342 2115 5415 Postea
2142 5357 2380 5415 quoque
2410 5341 2580 5415 alium
2629 5342 2795 5410 jussit
2827 5341 3083 5415 princeps
3099 5341 3311 5415 recludi
3343 5342 3397 5396 in
3432 5357 3686 5415 carcere,
3719 5344 3802 5415 qui

477 5429 602 5467 cum
657 5411 914 5482 suspiriis
945 5410 1262 5482 frequenter
1289 5411 1579 5466 invocabat
1631 5413 1923 5466 Dominum
1965 5410 2204 5467 dicens:
2231 5410 2459 5468 Domine
2508 5414 2650 5466 Deus
2668 5429 2766 5483 per
2797 5410 2992 5468 merita
3025 5410 3181 5466 beati
3208 5411 3581 5468 Wencezlawi
3614 5410 3802 5480 adju‘u

478 5501 583 5538 me.
633 5484 692 5537 Et
717 5485 854 5556 dum~
871 5483 1232 5556 obdormivit,
1255 5483 1438 5537 statim
1471 5483 1908 5556 expergefactus,
1940 5484 2076 5538 vidit
2106 5501 2166 5538 se
2189 5491 2332 5538 stare
2383 5493 2536 5556 extra
2565 5500 2837 5538 carcerem
2868 5485 2927 5556 in
2957 5484 3176 5555 plateis,
3210 5493 3265 5538 et
3295 5500 3478 5556 neque
3506 5487 3804 5556 compedes

478 5563 636 5626 erant
674 5556 730 5607 in
754 5554 992 5624 pedibus
1010 5555 1130 5626 ejus
1158 5571 1338 5626 neque
1370 5555 1612 5609 manices
1640 5554 1693 5608 in
1725 5555 1978 5609 manibus
2010 5571 2187 5626 neque
2212 5565 2436 5625 torques
2462 5555 2514 5608 in
2551 5556 2875 5610 colloillius.
2902 5554 2964 5609 Et
2992 5571 3249 5626 egressus
3269 5555 3336 5609 ad
3371 5554 3670 5623 vicarium,
3697 5574 3804 5610 nar-

480 5625 616 5678 ravit
638 5626 916 5696 quomodo
954 5625 1278 5679 mirabiliter
1299 5626 1390 5680 Dei
1430 5626 1627 5682 virtute
1658 5633 1846 5695 raptus
1871 5633 2018 5681 esset
2048 5625 2117 5680 de
2159 5642 2401 5692 carcere,
2425 5641 2589 5697 quem
2611 5626 2690 5680 illi
2710 5625 3235 5683 statimdimiSerunt
3261 5627 3392 5682 add.
3419 5627 3486 5681 ll.
