3994 6132
240 125 338 232 9.51
1314 172 1460 227 VlTA
1502 168 1902 227 VENCEZLAVI
1943 169 2135 226 DUCIS
2174 171 2504 232 BOHEMUE.
3094 168 3103 177 ‘
3460 187 3567 243 2‘2

239 303 541 374 requiescit
566 316 788 373 corpus,
820 300 1020 356 mulier
1074 300 1325 373 quaedam
1354 302 1474 356 visu
1495 299 1707 363 orbata,
1730 316 1854 356 ma-
1881 303 1928 371 Α
1954 299 2157 368 valeas,
2190 317 2222 358 o
2250 319 2480 374 pauper,
2541 323 2727 383 surge,
2760 325 2822 365 ac
2852 309 3103 385 Pragam,
3128 312 3362 369 Boemiaa
3388 315 3456 351 30‘
3486 318 3570 373 ci.-
3602 368 3605 369 ν

239 408 411 447 nuum
444 405 674 446 recurva
701 389 999 443 inﬂexione
1027 388 1095 443 ab
1120 390 1238 461 ipso
1263 391 1376 459 jam
1405 396 1525 445 ortu
1557 394 1852 453 contracta,

236 481 390 537 omni
420 497 525 536 usu
554 480 645 547 ’9’,
700 478 957 534 manibus
1014 494 1116 550 per
1158 486 1408 534 naturam
1439 493 1704 535 concesso
1736 478 1852 551 pri-

234 579 378 628 vata.
426 572 553 637 Quae
596 571 875 632 videlicet.
909 586 1133 626 reverso
1182 587 1281 642 per
1333 586 1538 625 annum
1577 569 1668 624 die
1695 569 1852 625 festi-

235 668 411 735 vom,
442 666 746 723 aecclesiam
794 665 969 721 sancti
1029 665 1133 719 Viti
1191 665 1444 737 martyris
1495 665 1766 740 ingressa,
1799 673 1855 720 et

234 767 363 812 ante
394 757 751 829 sepulchrum
781 754 928 810 beati
975 754 1319 821 Vencezlavi,
1353 769 1462 826 quo
1492 752 1851 821 desideravit,

233 849 417 915 ducta,
475 865 640 904 orans
695 854 986 919 prostrata,
1045 846 1251 900 tamdiu
1286 845 1545 916 precibus
1612 842 1851 920 lugendo

233 944 575 1009 perseverat,
635 936 817 1009 quoad
872 934 1091 991 cunctis
1119 935 1494 990 cernentibus
1522 933 1701 989 sancti
1748 933 1850 989 viri

233 1027 449 1082 meritis
469 1027 587 1082 visu
619 1025 999 1092 inluminatur,
1033 1032 1371 1080 etmanuum
1431 1024 1579 1080 salva
1627 1024 1851 1079 restitu-

232 1124 394 1179 cione
430 1124 778 1178 instauratur.

303 1216 394 1271 29.
427 1216 619 1272 Postea
648 1230 873 1287 quoque
903 1220 1098 1285 captus
1148 1213 1370 1286 quidam
1414 1212 1482 1267 ab
1511 1212 1618 1280 his,
1648 1212 1851 1284 quibus

230 1308 579 1381 aliquantum
638 1307 889 1379 pecuniae
919 1306 1020 1361 sub
1073 1306 1552 1362 accomodacionis
1590 1306 1658 1341 ’9‘
1690 1315 1848 1376 pacto

230 1398 448 1463 debuit,
512 1398 721 1469 diuque
763 1396 868 1451 sub
920 1396 1264 1452 vinculorum
1317 1396 1679 1463 districtione,
1739 1410 1848 1468 quo

229 1488 482 1544 debitum
504 1489 698 1554 solvat,
758 1488 1024 1543 contritus
1051 1495 1153 1543 est.
1187 1487 1296 1542 Sed
1323 1487 1522 1543 ceteris
1553 1486 1848 1541 imminen-

230 1581 382 1637 tibus
410 1582 480 1616 ³9⁸
518 1581 788 1656 negociis,
844 1580 1031 1652 aliquo
1062 1595 1163 1651 per
1186 1580 1380 1634 urbem
1427 1580 1529 1651 ipsi
1560 1586 1842 1654 vagantes,

226 1675 477 1730 vinctum
533 1672 753 1728 interim
812 1688 937 1727 eum
986 1672 1054 1706 ³9⁸
1109 1672 1251 1725 inter
1294 1671 1433 1725 viam
1484 1669 1758 1741 publicam
1791 1675 1847 1725 et

225 1765 537 1822 aecclesiam
568 1764 773 1819 deforis
797 1762 900 1819 sub
922 1762 1172 1819 custodia
1188 1763 1463 1831 jacentem
1488 1762 1839 1819 dimiserunt.

222 1857 323 1912 llle
356 1857 540 1911 media
576 1861 823 1912 versatus
850 1855 1123 1930 angustia,
1159 1870 1354 1909 manus
1406 1862 1596 1910 contra
1625 1861 1842 1926 portam

221 1953 493 2009 {ecclesiae
524 1951 742 2017 levavit,
779 1951 886 2006 hoc
940 1951 1105 2006 modo
1141 1957 1391 2022 precatus
1420 1968 1464 2004 ει
1502 1950 1540 2005 Ο
1568 1950 1676 2005 dux
1728 1950 1839 2006 mi-

221 2042 434 2098 tissime
466 2040 765 2112 martirque
796 2040 1164 2108 sanctissime,
1214 2057 1337 2095 cum
1382 2041 1494 2109 jam
1555 2041 1845 2098 multosab

220 2132 526 2204 impiorum
548 2129 807 2186 manibus
834 2130 1096 2185 sanctitas
1126 2139 1218 2185 tua
1257 2131 1323 2186 ad
1374 2147 1630 2205 magnum
1676 2132 1842 2186 Deum

219 2221 619 2278 intercedendo
652 2220 939 2292 eripuerit,
970 2236 1137 2275 exoro
1185 2220 1376 2288 miser,
1434 2237 1503 2275 ne
1561 2237 1649 2276 me
1704 2221 1845 2276 obli-

217 2311 448 2367 viscaris
480 2309 730 2384 ligatum,
779 2308 879 2365 sed
926 2308 1086 2364 solita
1128 2309 1331 2379 pietate
1385 2308 1514 2365 hinc
1559 2326 1647 2364 mc
1679 2309 1846 2366 facias

220 2400 535 2456 exsolutum
581 2400 714 2454 ’97.:
763 2399 1041 2454 Praesente
1084 2399 1153 2433 ³9⁸
1185 2399 1358 2454 cicius
1388 2399 1482 2453 Dei
1527 2399 1843 2465 clementia,

220 2489 367 2544 beati
403 2487 642 2543 martiris
673 2488 1100 2560 precibusquasi
1132 2488 1310 2545 ferrea
1338 2489 1454 2543 acie
1509 2487 1730 2543 concisa
1750 2487 1839 2554 ’99,

221 2581 410 2636 subito
462 2580 819 2637 -lissotiantur
870 2580 1111 2648 vincula,
1156 2579 1389 2652 ipseque
1439 2578 1533 2634 Dei
1576 2577 1879 2649 templum.

218 2687 408 2756 grates
438 2680 796 2751 rependendo
825 2679 1126 2752 ingressus.
1196 2678 1537 2751 prolatisque
1569 2678 1636 2733 ad
1668 2679 1841 2733 Deum

220 2777 276 2825 et
304 2776 526 2826 sanctos
583 2770 835 2825 martires
880 2769 1249 2837 orationibus,
1297 2768 1441 2823 liber
1487 2768 1712 2823 domum
1755 2783 1844 2823 re-

222 2862 449 2918 meavit.

293 2952 382 3006 30.
414 2952 745 3008 Francorum
786 2951 953 3025 igitur
1004 2951 1289 3024 provincia
1335 2953 1419 3007 vir
1459 2950 1685 3024 quidam
1740 2967 1843 3023 pe-
1870 2992 1920 3062 Ο

221 3045 359 3101 dum
388 3044 458 3079 ³⁰⁰
490 3045 708 3101 incessu
759 3044 830 3100 ab
873 3045 992 3116 ipsa
1016 3044 1128 3115 jam
1175 3043 1409 3100 infantia
1439 3060 1634 3100 carens
1663 3044 1753 3110 θοι,
1788 3053 1844 3103 et

222 3136 424 3193 viciata
449 3144 644 3192 natura
672 3153 782 3193 non
804 3136 1112 3211 gressibilis
1129 3136 1226 3191 sed
1253 3137 1470 3208 reptilis
1514 3153 1614 3208 per
1643 3143 1841 3211 terram

222 3245 290 3284 se
321 3228 700 3284 contrahendo
731 3208 1017 3293 incedens,
1058 3234 1221 3281 nocte
1252 3225 1488 3297 quadam
1532 3243 1631 3297 per
1679 3208 1846 3298 sopo-

225 3336 349 3375 rem
370 3318 584 3375 visione
614 3319 919 3385 intremuit,
949 3317 1210 3389 quoniam
1232 3317 1381 3371 mirae
1414 3317 1846 3387 pulchritudinis

226 3412 338 3480 vir,
382 3412 504 3466 allis
555 3411 625 3446 ³⁰²
656 3411 902 3479 indutus,
937 3411 1138 3466 lectulo
1169 3410 1432 3465 assistens
1461 3409 1552 3476 303,
1581 3409 1843 3464 claudum

227 3502 455 3570 excitat,
480 3519 544 3558 ac
572 3503 804 3559 salutem
820 3510 1092 3559 monstrat
1113 3502 1308 3557 (licens
1333 3519 1345 3555 :
1369 3523 1393 3548 ιι
1420 3501 1649 3573 Quoquo
1682 3500 1845 3556 modo

1955 392 2197 458 vitalem,
2219 396 2469 466 quamvis
2497 397 2649 451 omni
2681 398 2806 453 data
2846 416 2945 470 pro
3000 402 3253 459 vehiculo
3282 421 3394 476 quo
3424 406 3567 463 fera-

1957 482 2030 538 ris
2060 484 2386 551 substantia,
2430 486 2799 557 proﬁciscere,
2830 506 3008 563 eoque
3036 502 3354 563 perventus,
3373 498 3569 555 aeccle-

1954 576 2090 632 siam
2120 579 2294 634 sancti
2353 579 2457 634 Viti
2508 581 2781 652 martyris,
2813 600 2921 655 qua
2962 592 3214 641 sanctum
3244 587 3567 646 Vencezlavi

1953 666 2195 720 martiris
2241 682 2442 739 corpus
2490 669 2808 741 requiescit,
2861 672 3171 747 ingreditor
3236 694 3251 733 :
3308 675 3565 751 factaque

1953 759 2209 815 oracione
2239 758 2468 827 ibidem,
2516 778 2738 837 gressus
2779 772 2979 836 praeter
3015 782 3178 823 omne
3218 768 3449 826 dubium
3473 787 3566 828 re-

1953 849 2129 920 cipies
2173 850 2464 906 sanitatem
2546 875 2559 898 ι
2614 852 2713 918 Qui
2763 868 2958 909 somno
3015 872 3265 914 emersus
3311 861 3462 930 jussa
3493 859 3563 895 ³⁰⁵

1953 938 2277 1014 neglegens,
2308 941 2489 996 somni
2541 957 2600 996 se
2624 942 2879 998 delusum
2910 945 3162 1012 credens,
3198 947 3300 1002 iter
3331 948 3567 1021 imposi-

1951 1038 2065 1086 tum
2092 1031 2321 1086 omnino
2372 1031 2571 1088 differt.
2625 1034 2793 1091 Nocte
2842 1045 3026 1092 autem
3081 1037 3331 1095 insecuta
3387 1040 3561 1096 cubili

1952 1137 2164 1194 pauper
2187 1124 2504 1195 quiescens,
2536 1125 2776 1182 eundem
2800 1134 2961 1184 tanta;
2989 1129 3252 1186 claritatis
3282 1132 3563 1188 seniorem

1952 1217 2153 1273 lectulo
2192 1219 2388 1276 iterum
2437 1221 2508 1257 ³⁰⁶
2560 1221 2738 1278 cernit
2787 1223 3117 1292 adstantem,
3170 1225 3264 1298 qui
3303 1241 3430 1281 eum
3461 1228 3568 1283 hoc

1950 1311 2114 1366 modo
2166 1311 2507 1386 redarguens
2557 1313 2684 1368 ait:
2739 1334 2764 1365 α
2824 1314 3042 1387 Pauper
3081 1317 3338 1383 amande,
3370 1332 3566 1374 somno

1951 1399 2209 1464 excitare,
2249 1400 2480 1456 visionis
2519 1403 2683 1472 hujus
2734 1420 2924 1459 verum
2973 1405 3041 1439 ³⁰⁷
3087 1422 3326 1479 agnosce
3365 1423 3569 1478 prensa-

1948 1490 2119 1566 gium.
2154 1492 2310 1548 Unde
2339 1493 2543 1550 misero
2595 1494 2695 1550 tibi
2735 1496 3106 1569 neglegentia,
3131 1513 3334 1570 corpus
3379 1499 3565 1556 debile
3598 1554 3601 1555 ν

1873 1604 1922 1671 Β
1945 1583 2251 1638 curandum
2277 1583 2307 1637 ?
2332 1585 2437 1640 Cur
2465 1586 2568 1641 iter
2594 1587 2663 1623 ³⁰⁸
2690 1587 2760 1643 ad
2807 1590 3081 1659 propriam
3115 1590 3349 1645 salutem
3384 1608 3565 1663 nuper

1947 1681 2069 1726 mea
2099 1673 2198 1727 tibi
2229 1673 2514 1729 inductum
2538 1675 2607 1711 ³⁰⁰
2647 1676 2863 1731 visione
2894 1677 3154 1733 distulisti
3192 1677 3221 1732 ?
3255 1701 3273 1728 ι
3315 1679 3430 1744 Qua
3481 1681 3567 1735 in-

1947 1761 2285 1831 crepationis
2313 1762 2606 1832 asperitate
2660 1764 2892 1819 claudus
2923 1765 3214 1839 evigilans,
3271 1768 3430 1838 pulso
3461 1785 3565 1824 au-

1944 1853 2092 1909 ditus
2121 1854 2315 1922 dubio,
2347 1857 2594 1912 veritatis
2616 1873 2729 1914 non
2757 1858 2983 1923 inscius,
3017 1860 3307 1928 respondit
3340 1879 3398 1915 :n
3431 1863 3566 1919 Pro-

1946 1940 2115 1999 ﬁcisci
2161 1960 2274 2000 non
2322 1961 2523 2012 moror,
2577 1961 2610 2001 ο
2641 1948 2730 2018 pie
2779 1964 2844 2004 ac
2889 1948 3226 2004 venerabilis
3272 1951 3462 2006 senior
3490 1950 3503 2005 l
3534 1972 3565 2002 ν

1945 2035 2219 2107 Factoque
2264 2053 2446 2104 mane,
2480 2046 2701 2109 paratur
2756 2042 3086 2112 quantocius
3113 2043 3428 2099 vehiculum
3462 2062 3475 2098 :
3503 2060 3566 2099 ac

1947 2128 2074 2183 data
2117 2130 2517 2186 mercatoribus
2584 2147 2684 2203 per
2725 2133 2959 2188 eandem
3009 2134 3155 2190 viam
3204 2137 3566 2192 tendentibus

1948 2218 2145 2289 placita
2168 2222 2445 2290 mercede,
2502 2220 2707 2278 festino
2737 2237 2929 2278 eorum
2967 2224 3133 2281 ductu
3155 2226 3223 2280 ad
3249 2226 3363 2295 jam
3395 2227 3565 2281 desti-

1946 2320 2134 2369 natum
2163 2313 2234 2349 ⁸¹⁰
2258 2314 2510 2385 pervenit
2539 2313 2742 2382 locum,
2766 2321 2821 2370 et
2831 2315 2987 2384 juxta
3005 2317 3245 2387 priorem
3272 2318 3370 2371 viri
3402 2335 3455 2372 In
3485 2318 3551 2354 ⁸¹¹

1945 2419 2141 2460 somno
2191 2404 2508 2476 apparentis
2536 2406 2902 2462 monitionem
2944 2405 3015 2441 ³¹²
3066 2408 3237 2462 sancti
3272 2407 3377 2463 Viti
3406 2424 3559 2463 mar-

1943 2492 2061 2548 tiris
2095 2493 2383 2560 recclesize,
2418 2509 2526 2564 qua
2580 2492 2810 2549 beatum‘
2832 2510 3033 2567 corpus
3091 2495 3351 2568 quiescit,
3403 2513 3561 2570 gres-

1943 2601 2100 2641 suum
2129 2585 2365 2640 orbitate
2397 2584 2692 2652 invalidus,
2734 2587 2966 2643 aliorum
3006 2587 3077 2623 ³¹³
3120 2588 3444 2660 portacione
3478 2590 3564 2644 in-

1945 2678 2132 2735 fertur.
2195 2679 2321 2735 Solo
2366 2689 2491 2735 ante
2550 2696 2697 2735 aram
2758 2687 3079 2753 prostratus,
3136 2682 3330 2737 intime
3390 2682 3560 2738 Deum

1944 2777 2277 2839 sanctosque
2333 2777 2602 2837 precatur.
2661 2769 2779 2824 Non
2809 2769 3016 2825 diutius
3064 2777 3316 2824 morante
3348 2770 3564 2826 virtutis

1942 2854 2148 2910 divinae
2169 2856 2239 2891 3“
2268 2856 2541 2923 subsidio,
2569 2858 2668 2913 sed
2722 2874 2820 2930 per
2851 2857 3100 2913 miranda
3142 2856 3291 2912 beati
3319 2857 3564 2913 Vencez-

1944 2944 2049 3001 lavi
2080 2945 2321 3001 martiris
2339 2944 2409 2980 3‘5
2443 2946 2659 3013 merita,
2688 2946 2890 3017 pedum
2932 2948 3085 3002 nervi
3114 2948 3267 3019 prius
3297 2947 3559 3003 contracti

1945 3036 2101 3106 quasi
2133 3034 2344 3108 fragore
2372 3036 2747 3091 extenduntur
2774 3036 2863 3102 ²¹⁶,
2894 3036 3058 3092 bases
3102 3042 3157 3092 et
3178 3037 3379 3108 plantae
3419 3052 3559 3092 con-

1945 3129 2269 3184 solidantur.
2312 3130 2498 3200 Surgit
2539 3128 2637 3182 Dei
2695 3129 2869 3203 gratia
2911 3145 3101 3195 sanus,
3161 3128 3442 3200 relataque
3494 3127 3561 3163 ³η

1946 3221 2241 3294 gratiarum
2280 3221 2520 3286 actione,
2559 3235 2692 3275 sana
2739 3228 2795 3275 et
2840 3219 2966 3276 forti
2999 3220 3248 3275 incessus
3290 3227 3563 3274 restaura-

1950 3310 2098 3365 tione
2127 3319 2384 3379 potenter
2439 3309 2558 3363 sine
2602 3309 2836 3378 alicujus
2883 3308 3261 3365 sustentaculo
3285 3323 3560 3383 egressus,

1949 3399 2178 3469 patriam
2204 3396 2502 3452 exultando
2532 3413 2596 3452 ac
2614 3398 2705 3453 Dei
2727 3399 2999 3452 mirabilia
3022 3400 3183 3454 latius
3206 3398 3561 3470 praedicando

1948 3490 2136 3549 revisit
2162 3490 2249 3552 ³η,

1563 3697 1784 3754 νΑΒΙᾸΞ
1827 3696 2197 3753 LECTIONES.

300 3865 372 3901 ²⁹²
398 3867 515 3921 visu
551 3868 599 3921 1.
649 3865 721 3901 ’9³
785 3863 927 3921 festo
971 3865 1022 3919 2.
1084 3863 1152 3899 '9‘
1191 3878 1422 3919 acomm.
1460 3864 1510 3917 1.
1560 3862 1630 3897 ²⁹⁶
1686 3862 1744 3916 in
1788 3861 2068 3916 mentibus
2107 3860 2157 3914 1.
2219 3857 2289 3893 ²⁹⁶
2344 3872 2467 3912 cum
2516 3856 2569 3909 1.
2623 3854 2690 3889 ³³⁸⁸
2739 3852 3052 3908 absolutum
3081 3850 3135 3904 2.
3167 3848 3235 3921 ῗθθ
3268 3847 3560 3921 Crescente

222 3939 284 3993 1.
318 3938 462 3993 me.
498 3954 547 3992 a.
589 3936 711 3992 290°
739 3938 881 3993 deest
919 3938 973 4003 1,
1016 3936 1080 3970 ³⁰¹
1114 3935 1198 3990 vir
1249 3935 1480 3989 claudus
1533 3934 1599 3988 Μ.
1657 3933 1727 3968 ³⁰²
1780 3933 1881 3987 alis
1934 3934 1987 3986 2.
2047 3932 2117 3966 ³0³
2175 3929 2412 4003 asistens
2462 3930 2508 4003 1.,

2564 3925 2633 3960 ³⁰⁸
2690 3924 2924 3980 noemia:
2975 3937 3114 3977 corr.
3169 3917 3558 3973 bocmaniael.

330 3988 462 4091 γίεὲ
481 3988 661 4098 ἐδηιῶ
691 3988 1092 4098 “Fidias”
1129 3988 1184 4063 ἐξ
1217 4006 1373 4098 ²υ.ῗ⁴ῗ⁶
1430 4005 1663 4098 deest."
1692 4003 2208 4098 ..i°’:£e.'£‘1"_‘_2-..
2230 4000 2438 4098 “iui”:
2706 3997 2743 4050 ί·
2766 3995 2877 4098 ξξξ’ί
2903 3993 3068 4098 ,ιὲηἰὶθ
3104 3992 3472 4098 assae"
3496 3988 3555 4098 ἓ·

220 4080 293 4115 ³¹¹
329 4061 1515 4136 ints.tardissimi2.27-31’77am'monitionem
1568 4075 1604 4129 2
1652 4061 1760 4110 ’ωδ
1808 4075 1878 4131 ab
1919 4076 2114 4130 horum
2173 4074 2225 4127 2.
2281 4071 2349 4105 3"
2406 4070 2458 4123 d.
2531 4086 2582 4124 v.
2641 4069 2695 4123 2.
2766 4067 2835 4101 ³³³
2902 4066 3047 4119 deest
3104 4064 3156 4117 3.
3207 4061 3229 4095 ³

224 4149 301 4186 ⁸⁸⁷
321 4150 574 4222 elataque
598 4153 647 4207 1.
679 4151 749 4186 ³¹⁸
787 4168 831 4206 r.
861 4150 1092 4222 Explicit
1122 4149 1308 4221 passio
1338 4148 1392 4204 S.
1426 4146 1739 4203 Wencezlai
1764 4147 1818 4202 2.

3316 4060 3445 4114 dist.
3496 4059 3554 4113 2.

1651 4833 1957 4870 -α-οκιοκο
1983 4838 2101 4861 (ουν-μ

3710 1385 3735 1395 ι..
