4042 6156
1661 184 1920 243 ERACLII
1963 188 2257 244 EPISCOPI
2300 142 2692 244 LEODIIENSIS

3749 186 3853 240 944

1721 479 1804 521 AN
1817 478 1901 522 NO
1945 477 2188 522 DOMINI
2233 476 2632 520 DCCCCLXXI.

1491 626 2868 787 ERACLIUS

1229 889 2130 993 LEODIENSIS

2238 891 3105 990 EPISCOPUS.

1541 1207 2045 1297 NOTITIA
2124 1206 2796 1296 HISTORICA.

1945 1382 2126 1461 (Gau.
2165 1383 2426 1458 Christ.)

587 1715 852 1781 Eraclius,
879 1713 972 1786 qui
1001 1714 1264 1768 Euracius
1294 1718 1348 1766 et
1395 1713 1704 1776 Eueraclus,
1736 1719 1831 1766 eta
1864 1711 2128 1767 Fulcuino
2154 1715 2204 1782 Α
2233 1709 2534 1765 canonicos
2561 1707 2795 1782 singulis
2850 1707 3214 1777 deputaverit.
3277 1706 3488 1761 Ternas
3541 1709 3729 1763 curias
3760 1710 3849 1764 de-

515 1813 790 1865 Euracrus
839 1811 1209 1874 nuncupatur,
1270 1803 1552 1859 Saxonica:
1595 1803 1776 1877 gentis
1818 1801 2126 1869 nobilitate,

515 1897 780 1970 singulari
812 1894 1084 1966 sapientia
1119 1901 1174 1946 et
1223 1909 1342 1946 rara
1390 1892 1621 1947 scientia
1648 1891 1748 1946 fuit
1770 1891 2126 1962 percelebris.

519 1985 757 2041 Coloniae
805 1982 1117 2058 Agrippinae
1140 1981 1410 2047 eruditus,
1437 1989 1647 2036 tantum
1690 1997 2039 2052 progressum
2075 1981 2129 2035 in

518 2075 901 2132 sacrislitteris
923 2073 1074 2138 fecit,
1131 2080 1453 2144 tantumque
1485 2089 1582 2142 pro
1609 2073 1691 2127 eis
1723 2073 2023 2128 dilatandis
2043 2090 2132 2128 ar—

517 2169 706 2222 dorem
735 2164 1012 2229 concepit,
1042 2172 1100 2218 ut
1131 2179 1196 2217 ex
1225 2163 1425 2216 Bonna:
1461 2163 1672 2218 decano
1702 2179 1799 2218 seu
1831 2163 2131 2234 przeposito

520 2258 698 2314 factus
749 2256 966 2311 Leodic.
997 2256 1294 2326 episc0pus
1317 2255 1462 2309 circa
1487 2271 1574 2308 an.
1609 2255 1732 2316 960,
1780 2263 1946 2310 totam
1993 2255 2133 2310 Leo-

518 2348 801 2402 dicensem
854 2343 1173 2407 Ecclesiam,
1223 2342 1330 2396 imo
1360 2348 1526 2398 totam
1566 2342 1928 2414 provinciam,
1963 2343 2136 2396 nullis

521 2438 788 2492 hactenus
816 2433 1015 2488 litteris
1045 2432 1388 2499 illustratam,
1414 2432 1482 2486 ad
1519 2432 1760 2487 studium
1794 2433 2131 2496 accenderit,

518 2532 730 2604 peritos
754 2530 1124 2601 undequaque
1169 2527 1403 2583 clericos
1448 2528 1752 2600 collegerit,
1777 2544 1986 2600 eosque
2018 2545 2138 2583 ma-

519 2624 721 2698 gistros
752 2623 1048 2677 instituens
1085 2636 1184 2675 sua
1214 2636 1321 2691 ope
1353 2620 1660 2677 liberaliter
1708 2623 1940 2694 paverit,
1975 2623 2139 2677 scho-

521 2713 712 2786 lasqne
741 2730 840 2786 per
870 2712 1060 2769 omnia
1090 2721 1203 2766 tum
1242 2711 1541 2779 smcularis,
1584 2721 1696 2768 tum
1719 2713 1988 2789 regularis
2005 2713 2136 2769 cleri

521 2807 757 2862 claustra
810 2807 1132 2874 instituerit,
1177 2807 1353 2878 inquit
1404 2807 1648 2882 Egidius.
1703 2807 1806 2861 Eas
1848 2822 1979 2862 vero
2029 2805 2139 2861 fre-

521 2902 786 2968 quentare
807 2912 908 2950 sua
940 2895 1207 2970 dignitate
1257 2895 1572 2950 nullatenus
1598 2895 1890 2966 indignum
1919 2895 2140 2963 judica-

524 2984 637 3053 bat,
655 2984 868 3040 animos
912 2985 1153 3039 tironum
1177 2983 1536 3048 accendebat,
1567 2981 2002 3053 sapientioribus
2027 2982 2137 3036 dif-

524 3072 795 3128 ﬁcillimas
821 3073 1144 3143 questiones
1200 3071 1548 3142 proponebat
1584 3071 1927 3138 enodandas,
1959 3071 2004 3124 si
2036 3072 2137 3125 mi-
2167 3044 2218 3110 Β

524 3177 629 3216 nus
658 3167 905 3232 possent.
937 3162 1055 3232 ipse
1097 3160 1393 3214 enodabat.
1443 3160 1501 3212 ln
1546 3159 1633 3213 via
1689 3159 1868 3229 posito
1908 3159 2144 3214 aderant

526 3256 802 3322 perpetuo‘
825 3249 1158 3320 quibuscum
1191 3249 1259 3303 dc
1299 3247 1869 3318 Scripturistentaret,
1915 3249 2140 3317 absens,

525 3358 666 3414 quos
693 3341 1038 3397 scholaribus
1086 3341 1384 3412 reliquerat
1429 3340 1722 3412 magistros
1761 3341 2145 3413 frequentibus

530 3432 725 3485 litteris
764 3431 831 3485 ad
882 3431 1122 3485 studium
1171 3428 1522 3500 provocabat.
1583 3429 1764 3501 anue
1809 3429 2009 3502 insigni
2041 3431 2147 3486 sol-

527 3523 814 3578 licitudine
866 3523 1180 3593 complures
1239 3523 1489 3592 provexit
1541 3523 1607 3575 ad
1659 3521 1920 3576 eximiam
1961 3540 2142 3577 rerum

531 3612 890 3666 humanarum
921 3619 974 3666 et
1005 3611 1317 3666 divinarum
1348 3611 1743 3682 cognitionem,
1768 3612 1908 3666 adeo
1935 3619 1993 3666 ut
2016 3629 2144 3667 mox

525 3703 907 3758 celeberrimae
920 3719 1018 3774 per
1046 3703 1223 3758 vicina
1255 3703 1360 3757 late
1388 3719 1557 3777 regna
1580 3705 1784 3758 scholae
1807 3704 2144 3759 Leodienses

525 3797 821 3852 evaserint.

593 3898 761 3952 Tanta
783 3904 898 3951 erat
937 3896 1056 3965 ejus
1081 3896 1377 3967 sapientia,
1435 3903 1492 3950 ut
1522 3913 1552 3951 a
1583 3897 1933 3969 principibus
1957 3898 2140 3953 saeculi

523 3994 746 4065 plurimi
781 3992 960 4058 ﬁeret,
993 4000 1048 4047 et
1079 3993 1242 4048 etiam
1277 3994 1345 4047 ad
1378 3993 1534 4062 regni
1577 3995 1796 4068 negotia
1831 4001 2140 4050 vocaretur.

522 4084 911 4151 Hincjubente
943 4083 1156 4138 Othone
1212 4087 1456 4158 Augusto
1497 4086 1807 4140 Brunonem
1842 4085 2142 4141 Colonien-

520 4193 635 4232 scm
669 4178 960 4231 comitatus
987 4185 1072 4228 est
1126 4177 1179 4228 in
1224 4175 1527 4240 Franciam,
1556 4192 1665 4246 quo
1711 4177 2050 4244 mittebatur,
2083 4185 2141 4233 ut

521 4269 708 4338 nepoti
740 4267 996 4322 Lothario
1039 4267 1184 4338 regis
1213 4265 1498 4335 suppetias
1529 4265 1697 4322 ferret
1749 4268 1932 4322 Trecis
1956 4276 2136 4324 trans-

521 4360 644 4412 iens
676 4361 854 4413 Bruno
911 4357 1086 4411 sancti
1143 4356 1372 4412 Patrocli
1406 4372 1608 4427 corpus
1637 4359 1705 4412 ab
1745 4359 2007 4430 episcopo
2033 4361 2136 4415 ob-

522 4451 707 4516 tinuit,
748 4450 847 4503 sed
901 4449 1136 4521 negotiis
1189 4449 1516 4521 urgentibus
1547 4442 1726 4506 re'dire
1767 4460 1994 4506 coactus
2019 4469 2133 4507 rem

522 4548 689 4594 totam
725 4540 933 4595 Eraclio
960 4541 1254 4605 commisit,
1299 4541 1393 4612 qui
1453 4542 1648 4597 sedulo
1687 4559 1807 4597 eam
1840 4551 2137 4598 exsecutus

524 4647 740 4685 sacrum
791 4632 1103 4702 depositum
1159 4632 1448 4687 Coloniam
1488 4632 1702 4688 detulit.
1740 4634 2132 4704 Imperatorem

521 4729 614 4776 aut
647 4723 766 4791 ejus
793 4722 964 4776 tilium
1018 4723 1408 4796 cognominem
1433 4724 1544 4794 (sic)
1572 4733 1794 4779 secutus
1821 4731 1903 4779 est
1932 4725 1986 4779 in
2027 4726 2137 4779 Ita-

523 4813 649 4867 liam
691 4823 749 4868 et
777 4814 1019 4868 victoria:
1078 4815 1133 4868 in
1191 4815 1390 4885 Apulia
1451 4813 1808 4886 Calabriaque
1872 4817 2134 4871 adversus

517 4907 760 4961 Graecum
830 4906 1217 4976 imperatorem
1277 4905 1548 4980 perfidum
1612 4917 1904 4979 reportata:
1975 4910 2133 4965 testis

519 4998 658 5062 fuit;
687 4997 795 5053 imo
827 4997 1128 5052 exercitum
1179 4999 1390 5067 totjam
1421 4998 1664 5053 victoriis
1711 4999 1998 5064 illustrem,
2033 5000 2132 5054 sed

516 5094 651 5149 solis
698 5093 891 5164 eclipsi
945 5093 1194 5147 territum
1251 5101 1305 5148 et
1343 5091 1410 5147 ad
1469 5093 1776 5163 deliquium
1810 5094 1923 5149 fere
1955 5095 2132 5149 addu-

517 5193 662 5240 ctum
695 5185 972 5249 excitavit,
1008 5200 1208 5238 vanum
1254 5191 1308 5238 et
1357 5186 1626 5254 puerilem
1687 5201 1806 5240 esse
1865 5192 2129 5241 terrorem

516 5276 756 5342 edocuit,
777 5293 840 5331 ac
861 5277 915 5330 in
945 5276 1234 5346 pristinum
1253 5275 1424 5330 animi
1447 5275 1692 5351 vigorem
1725 5277 1983 5333 restituit.

590 5368 952 5423 Ecclesiarum
992 5369 1248 5423 decorem
1281 5368 1421 5422 adeo
1451 5369 1672 5435 amavit,
1723 5378 1783 5425 ut
1816 5370 1952 5423 duas
1983 5369 2130 5424 basi-

515 5455 648 5511 licas
680 5455 867 5511 Leodii
898 5457 1232 5524 condiderit,
1261 5458 1490 5512 alteram
1531 5457 1632 5512 sub
1673 5458 1818 5513 beati
1843 5458 2018 5524 Pauli,
2049 5457 2133 5512 al-

2234 1800 2477 1871 scripsit,
2509 1807 2562 1854 et
2594 1799 2827 1870 parazcis
2860 1798 3108 1853 condidit
3149 1797 3354 1868 templa
3412 1799 3469 1852 S.
3512 1797 3845 1869 Magdalenze

2231 1893 2369 1947 urbe
2397 1893 2598 1950 media.
2632 1901 2687 1946 et
2717 1891 2766 1945 S.
2812 1891 3060 1945 Severini
3103 1908 3164 1946 ac
3222 1893 3278 1946 S.
3310 1891 3688 1964 Margaritzein
3727 1893 3850 1946 sub-

2232 1981 2424 2035 urbiis.
2459 1982 2626 2034 Suum
2655 1987 2708 2034 et
2747 1981 2799 2033 in
2833 1995 2944 2033 rem
2977 1980 3333 2034 monasticam
3379 1981 3632 2035 studium
3667 1991 3850 2036 osten-

2233 2070 2332 2136 dit,
2367 2086 2488 2123 eum
2522 2077 2575 2123 et
2637 2069 2924 2122 Laubiensi
2983 2069 3316 2124 monasterio
3373 2069 3640 2124 idoneum
3675 2078 3848 2140 pasto-

2236 2179 2350 2216 rem
2394 2162 2628 2216 instituit
2651 2162 2912 2216 domnum
2974 2161 3370 2226 Aletramnum,
3415 2170 3472 2216 et
3507 2172 3704 2233 postea
3736 2163 3852 2217 Ful-

2237 2252 2484 2316 cuinum,
2517 2267 2657 2322 quos
2683 2251 2976 2320 plurimum
3013 2252 3178 2319 juvit,
3210 2251 3518 2306 restituens
3568 2261 3678 2306 tres
3708 2253 3852 2307 villas

2236 2353 2399 2398 antea
2417 2343 2777 2409 abalienatas,
2835 2343 3016 2414 inquit
3044 2343 3341 2398 Fulcuinus
3379 2360 3429 2399 c.
3463 2344 3557 2399 27.
3585 2345 3849 2400 Monaste-

2238 2437 2377 2491 rium
2422 2437 2605 2490 Sancti
2663 2436 2939 2491 Laurentii
2999 2435 3101 2490 sub
3155 2437 3278 2491 vita:
3349 2436 3519 2492 tinem
3586 2437 3851 2493 aedificare

2239 2544 2530 2602 aggressus
2559 2536 2641 2582 est
2674 2545 2685 2581 :
2721 2527 2815 2582 ubi
2843 2545 2872 2581 a
2890 2527 3246 2582 fundamento
3268 2543 3570 2583 surrexere
3591 2531 3844 2600 parietes,

2240 2621 2448 2675 veritus
2479 2637 2570 2685 ne,
2617 2621 2766 2692 quod
2799 2620 3020 2687 accidit,
3047 2628 3174 2675 ante
3208 2620 3520 2692 perfectum
3582 2638 3721 2693 Opus
3755 2625 3856 2677 vita

2239 2726 2364 2765 eum
2397 2708 2681 2776 deﬁceret,
2715 2718 3031 2764 nascentem
3087 2711 3379 2765 ecclesiam
3425 2713 3620 2766 dotare
3671 2714 3858 2777 voluit,

2240 2807 2296 2855 et
2324 2800 2509 2854 minus
2538 2800 2708 2854 altare
2740 2800 2932 2868 majori
2981 2801 3228 2854 nondum
3283 2801 3569 2868 absoluto,
3599 2804 3654 2856 in
3687 2805 3858 2858 hono-

2241 2907 2356 2946 rem
2389 2891 2563 2945 sancti
2583 2890 2716 2946 Sixti
2763 2891 3015 2962 martyris
3044 2899 3098 2946 et
3146 2891 3434 2962 pontiﬁcis
3469 2894 3699 2949 Romani
3733 2910 3863 2949 con-

2243 2991 2497 3053 secrevit,
2574 2986 2761 3058 ibique
2819 2988 3052 3042 Leonem
3124 2989 3480 3060 episcOpum,
3547 3006 3613 3044 ex
3671 2991 3865 3043 timeris

2244 3077 2672 3142 nobilissimum,
2725 3094 2890 3148 quem
2949 3078 3053 3133 sibi
3086 3088 3407 3151 suspectum
3468 3083 3524 3135 in
3561 3084 3658 3136 has
3689 3092 3867 3153 partes

2245 3165 2544 3219 abduxerat
2575 3167 2712 3224 Otho
2773 3169 3070 3239 imperator
3108 3169 3405 3243 profugum
3439 3171 3678 3241 excepit.
3715 3187 3867 3224 man-

2245 3255 2461 3310 sionem
2501 3257 2817 3331 assignavit,
2877 3266 2932 3312 et
2979 3258 3047 3312 de
3079 3257 3242 3313 bonis
3296 3276 3327 3312 a
3357 3275 3418 3313 se
3449 3259 3663 3314 ibidem
3716 3260 3859 3312 dele-

2246 3351 2407 3422 gatis,
2439 3367 2562 3405 cum
2593 3353 2709 3406 suis
2745 3353 2950 3407 habere
3000 3353 3286 3423 stipendia
3325 3355 3638 3421 constituit,
3671 3357 3766 3426 qui
3798 3357 3867 3408 ibi

2245 3452 2301 3499 et
2333 3452 2455 3514 post
2487 3455 2713 3500 mortem
2747 3448 3028 3517 sepultura
3069 3448 3310 3502 donatus
3335 3457 3438 3504 est.

2317 3532 2498 3587 Tantae
2531 3534 2631 3589 fuit
2664 3534 2814 3600 fidei,
2873 3544 2929 3590 ut
2981 3535 3202 3610 insigne
3230 3537 3560 3593 miraculum
3610 3541 3664 3593 in
3690 3556 3753 3594 se
3782 3558 3870 3594 ex-

2247 3635 2436 3695 pertus
2465 3627 2644 3680 fuerit.
2680 3627 2793 3681 Sub
2821 3628 2904 3682 sui
2953 3628 3310 3699 episcopatus
3347 3631 3528 3694 initia,
3560 3633 3871 3686 horrendus

2246 3721 2493 3787 morbus,
2525 3723 2618 3794 qui
2671 3725 2831 3794 lupus
2868 3740 2898 3778 a
2929 3725 3164 3780 medicis
3212 3727 3549 3797 appellatur,
3603 3730 3871 3799 corripuit

2245 3813 2423 3883 ipsum
2452 3822 2507 3868 et
2535 3815 2676 3870 adeo
2723 3817 2843 3882 ejus
2889 3824 3040 3871 artus
3092 3817 3457 3888 depascebat,
3512 3828 3572 3874 ut
3622 3820 3871 3892 quotidie

2201 3985 2213 3994 .
2245 3908 2407 3963 binos
2437 3910 2764 3980 gallinarum
2790 3912 2969 3982 pullos
2999 3928 3184 3977 mane,
3243 3915 3409 3970 binos
3452 3932 3690 3986 vespere
3719 3916 3871 3983 obje-

2245 4008 2363 4054 ctos
2395 4010 2767 4063 consumeret,
2796 4017 2896 4056 nec
2925 4002 3005 4057 sic
3058 4010 3243 4057 tamen
3291 4007 3557 4060 carnibus
3582 4007 3720 4080 aegri
3753 4022 3878 4077 par-

2245 4101 2414 4146 ceret.
2450 4093 2576 4147 Post
2605 4109 2824 4148 omnem
2861 4095 3151 4150 medicinae
3179 4104 3353 4151 artem
3387 4098 3613 4170 vimque
3637 4115 3876 4169 supera-

2245 4188 2374 4246 tam,
2406 4181 2625 4236 tandem
2655 4183 2722 4236 ad
2749 4183 2988 4237 divinam
3020 4200 3184 4255 opem
3222 4186 3500 4261 confugit,
3549 4205 3724 4260 quam
3757 4203 3875 4242 me-

2241 4269 2359 4324 ritis
2391 4270 2530 4326 beati
2563 4271 2772 4327 Martini
2805 4284 3187 4328 assecuturum
3247 4292 3307 4330 se
3353 4279 3622 4348 speravit,
3683 4286 3876 4348 utpote

2160 4358 2330 4471 Cqui
2365 4367 2484 4429 post
2538 4361 2954 4417 Nortmannicos
3007 4363 3266 4433 impetus,
3328 4367 3696 4422 Antissodoro
3766 4368 3872 4422 Tu-

2240 4461 2405 4500 rones
2446 4457 2697 4531 revectus
2754 4450 2907 4504 miris
2963 4451 3231 4524 prodigiis
3281 4455 3578 4510 emicabat.
3617 4456 3878 4511 Tui-ones

2238 4552 2370 4607 ergo
2399 4537 2700 4608 profectus,
2745 4540 2980 4594 natalem
3041 4541 3163 4608 ejus
3191 4541 3340 4601 diem
3386 4545 3721 4611 celebravit,
3757 4545 3876 4600 dies

2237 4638 2359 4684 octo
2399 4631 2589 4685 statuit
2639 4632 2706 4686 ad
2766 4632 2941 4703 ipsius
2984 4635 3256 4688 tumulum
3320 4638 3622 4692 continuos
3680 4655 3872 4712 agere.

2238 4719 2459 4782 tandem
2490 4720 2724 4791 septima
2756 4729 2916 4776 nocte
2947 4729 3135 4792 raptus
3163 4723 3218 4776 in
3262 4726 3525 4779 exstasim
3565 4727 3714 4781 vidit
3750 4744 3877 4781 san-

2236 4815 2381 4863 ctum
2413 4809 2699 4863 Martinum
2738 4811 2958 4882 corpori
3003 4827 3104 4867 suo
3159 4813 3343 4868 crucis
3382 4815 3606 4886 signum
3667 4819 3870 4888 impri-

2236 4921 2408 4970 mere,
2434 4915 2488 4959 et
2517 4905 2699 4959 statim
2750 4922 2781 4959 a
2807 4906 3000 4962 morbo
3027 4915 3254 4962 sanatus
3285 4917 3390 4964 est.
3424 4911 3582 4966 Mane
3615 4912 3795 4979 facto,
3844 4931 3872 4966 a

2235 4993 2450 5048 clericis
2480 4994 2601 5062 ejus
2640 4994 2893 5050 Ecclesia
2923 4994 2982 5049 ﬁt
3002 4997 3305 5052 canonicus
3328 5007 3384 5054 et
3413 4999 3726 5056 celebriori
3771 5005 3872 5057 ritu

2233 5100 2446 5139 sacrum
2481 5085 2695 5158 peregit
2757 5087 2865 5141 Nec
2892 5087 3181 5143 immemor
3211 5089 3474 5146 beneﬁcii
3513 5092 3710 5146 statim
3728 5093 3868 5148 utad

2233 5200 2331 5239 sua
2353 5201 2603 5240 reversus
2632 5194 2738 5253 est,
2759 5187 2996 5256 pretiosa
3026 5188 3209 5242 omnis
3261 5191 3490 5263 generis
3527 5207 3872 5248 ornamenta

2235 5281 2325 5351 pio
2354 5281 2569 5336 medico
2597 5282 2798 5337 obtulit
2829 5293 2882 5338 et
2937 5285 3172 5358 singulis
3231 5287 3521 5342 canonicis
3553 5290 3870 5365 singularia

2233 5373 2460 5428 donaria
2491 5375 2816 5442 transmisit,
2854 5377 2999 5447 apud
3055 5377 3318 5432 Leodium
3346 5379 3400 5433 in
3447 5381 3739 5438 descensu
3775 5402 3872 5454 pu-

2232 5459 2361 5516 blici
2401 5463 2600 5517 montis
2629 5463 2921 5518 ecclesiam
2970 5464 3074 5519 sub
3125 5467 3303 5521 sancti
3338 5468 3568 5523 nomine
3597 5480 3868 5527 constru-

514 5555 688 5604 teram
716 5547 820 5603 sub
850 5547 1033 5604 Sancti
1065 5549 1279 5606 Martini
1325 5551 1552 5607 nomine
1581 5551 1942 5622 dedicaverit,
1975 5558 2031 5608 et
2059 5550 2130 5608 30
2228 5552 2324 5620 xit,
2357 5553 2632 5627 tantisque
2666 5555 2976 5612 redditibus
3014 5558 3334 5629 cumulavit,
3379 5568 3442 5616 ut
3470 5559 3541 5619 30
3564 5567 3871 5622 canonicis
