4038 6178
243 303 346 359 945

1255 301 1572 357 ΕΡΙὸΤΟιᾹ
1611 303 1694 356 ΑΙ)
1735 301 2119 357 RATHERIUM
2162 299 2546 355 EPISCFPUM.

3459 297 3565 353 946

237 431 465 503 aliisque
495 429 759 484 ministris
787 429 1006 484 abunde
1046 429 1386 497 sufﬁcerent,
1427 439 1481 486 et
1508 433 1730 488 demum
1773 433 1844 488 de
1869 441 1917 507 Α
1944 433 2182 499 vembr.,
2233 447 2381 487 anno
2433 430 2784 503 pontiﬁcatus
2836 431 2922 486 sui
2975 431 3064 494 12,
3105 429 3332 484 Othonis
3376 430 3419 495 l,
3452 436 3558 484 tam

238 531 382 577 tanto
412 530 614 578 eventu
647 522 892 576 chartam
935 538 1098 576 manu
1156 523 1378 593 propria
1407 524 1756 594 conscripsit,
1790 531 1845 578 et

237 615 412 684 quoad
447 613 626 684 potuit
651 613 950 684 quotannis
988 613 1241 668 Rurones
1269 614 1475 669 accessi
1507 614 1844 670 benefactori

235 708 433 781 gratias
464 714 704 761 acturus.

301 797 355 850 S.
381 794 656 850 Evermari
679 809 879 864 corpus
896 793 1008 862 jam
1033 793 1128 848 diu
1160 794 1213 848 in
1247 793 1483 848 obscuro
1511 793 1634 849 loco
1658 794 1848 850 delite-

233 906 408 954 scens,
425 890 525 943 sed
542 888 729 942 divina
746 887 1078 942 revelatione
1093 888 1372 960 cognitum
1387 888 1619 942 elevavit
1632 905 1662 942 e
1679 896 1844 955 terra,

233 991 285 1036 et
310 982 363 1035 in
391 981 569 1035 aedem
595 987 786 1035 sancto
816 979 1047 1034 Martino
1077 979 1514 1049 sacramdintulit.
1562 979 1845 1034 Patientia:

153 1117 166 1126 .
232 1073 560 1128 documenta
589 1071 704 1125 suis
733 1070 986 1140 praebuit,
1019 1086 1141 1124 cum
1174 1085 1363 1125 eorum
1413 1071 1632 1139 injuriis
1664 1072 1841 1126 laces-

231 1163 366 1218 situs
389 1164 459 1218 de
486 1162 727 1218 vindicta
757 1162 1055 1233 nequidem
1092 1162 1368 1237 COgitavit.
1405 1162 1646 1216 Tandem
1680 1163 1844 1218 virtu-

233 1251 376 1306 tibus
415 1251 594 1306 clarus
619 1251 882 1306 caducam
913 1251 1055 1304 hanc
1093 1251 1256 1305 vitam
1298 1267 1422 1306 cum
1462 1259 1665 1306 aeterna
1699 1267 1846 1307 com-

231 1344 456 1399 mutavit
503 1357 648 1398 anno
688 1343 957 1398 lncarnat.
995 1344 1290 1398 llominicae
1340 1344 1467 1410 971,
1511 1361 1562 1398 v1
1594 1344 1706 1398 Kal.
1743 1344 1844 1399 No-

1945 524 2099 596 regni
2127 539 2288 594 quam
2344 520 2562 592 imperii
2591 520 2679 585 3i,
2711 521 2787 574 ait
2826 519 3093 594 ngidius,
3136 519 3228 590 qui
3258 524 3312 572 et
3341 519 3464 586 ejus
3493 518 3561 571 ad

1950 615 2266 669 Ratherium
2307 612 2622 684 epistolam,
2652 611 2838 678 refert,
2886 612 2938 665 in
2971 627 3080 682 qua
3125 627 3184 665 se
3237 610 3356 680 ejus
3388 609 3557 664 ﬁlium

1947 703 2100 768 dicit,
2133 702 2296 774 eique
2335 701 2406 756 ob
2447 701 2549 756 sibi
2591 700 2852 755 directam
2895 717 3016 755 cum
3051 699 3295 754 balsamo
3325 715 3390 753 ex
3422 699 3560 753 urbe

1953 796 2160 849 Verona
2216 794 2548 867 legationem
2601 793 2804 865 gratias
2852 793 2986 865 agit,
3041 793 3262 847 demum
3323 791 3376 845 in
3441 793 3561 860 ejus

1947 885 2159 948 laudes,
2194 885 2262 938 de
2291 885 2494 956 quibus
2525 900 2626 939 nos
2664 899 2849 953 supra,
2882 883 3138 937 excurrit.
3187 883 3311 950 Ejus
3337 897 3559 952 quoque

1945 977 2157 1031 obitum
2191 992 2280 1029 an.
2328 975 2426 1030 971
2464 975 2605 1030 locat
2654 973 2961 1028 Chronicon
3007 971 3476 1046 Magdeburgense
3505 978 3561 1025 et

1949 1067 2271 1122 Leodiense.
2306 1067 2566 1136 Sepultus
2597 1071 2682 1118 est
2707 1063 2764 1117 in
2792 1062 3021 1118 basilica
3049 1062 3234 1117 Sancti
3259 1062 3471 1116 Martini
3503 1063 3559 1115 in

1946 1171 2152 1218 monte.
2213 1161 2396 1216 Adfuit
2445 1160 2680 1215 concilio
2724 1158 3151 1221 Ravennatensi,
3207 1157 3303 1212 ubi
3362 1167 3421 1211 et
3461 1172 3561 1211 sua

1945 1251 2353 1322 subscriptione
2400 1249 2806 1304 institutionem
2863 1246 3372 1318 archiepiscOpatus
3416 1245 3559 1320 Mag-

1946 1343 2310 1418 deburgensis
2341 1341 2686 1398 conﬁrmavit
2712 1340 2857 1394 circa
2877 1355 3082 1394 annum
3113 1341 3236 1396 967.

3343 1516 3428 1527 ο-ο-η
3439 1517 3492 1527 -.-‘-
3501 1517 3548 1530 ,α

1477 1655 2313 1794 ERACLII

687 1877 1261 1965 EPISTOLA
1345 1881 1505 1965 AD
1586 1878 2301 1965 RATHERIUM
2379 1857 3066 1968 EPISCOPUM.

1104 2055 1546 2124 (CHAPPEAVILLE,
1589 2059 1750 2113 Gesta
1786 2058 1988 2124 Pontif.
2035 2058 2344 2124 Lcodieus,
2380 2073 2433 2126 p.
2469 2057 2632 2112 191-2
2662 2060 2678 2126 )

289 2341 522 2398 Domino
574 2348 630 2395 et
692 2343 833 2396 Patri
893 2349 976 2397 ter
1037 2342 1198 2398 beato
1251 2342 1470 2413 praesuli
1534 2342 1830 2406 linanmo,
1864 2339 2213 2413 Bquomodo
2253 2356 2342 2394 me
2372 2339 2602 2406 fovistis,
2634 2346 2696 2394 ut
2733 2339 3302 2395 commanducandum
3341 2339 3551 2406 cibum,

216 2442 474 2506 spectatae
507 2434 789 2505 opinionis
813 2434 952 2500 viro,
994 2443 1049 2489 et
1081 2434 1488 2504 probatissimo,
1525 2434 1831 2488 Evemcws

1933 2431 2074 2486 sicut
2123 2430 2368 2484 nutrices
2397 2428 2682 2484 infantulis
2715 2428 3008 2491 edentulis,
3041 2429 3095 2483 in
3126 2446 3189 2484 os
3237 2446 3419 2484 meum
3453 2436 3554 2484 tra-

214 2538 496 2578 servorum
525 2520 721 2576 Christi
753 2537 962 2585 servus,
998 2539 1133 2576 suus
1187 2523 1448 2594 indignus
1497 2522 1620 2576 licet
1645 2522 1827 2577 vocari
1926 2521 2143 2590 jecistis

216 2615 362 2670 ﬁlius
383 2615 656 2686 quidquid
689 2616 744 2669 in
766 2616 982 2671 Christo
1013 2617 1141 2670 Jesu
1174 2616 1407 2671 felicius.

290 2705 636 2775 Hyperbaton
721 2721 844 2759 cum
929 2705 1257 2778 ambagibus
1333 2707 1634 2763 omittens.
1717 2720 1830 2760 rem

217 2797 414 2867 ipsam,
463 2804 669 2867 quanta
707 2813 842 2850 mea;
894 2813 1021 2868 pars
1077 2809 1254 2852 vestra
1305 2798 1375 2851 sit
1421 2797 1638 2862 animae,
1681 2797 1830 2852 nudo

213 2895 268 2940 et
297 2893 495 2956 operto
525 2901 781 2941 sermone
819 2903 906 2940 me
930 2887 1084 2954 juvat
1114 2887 1456 2948 describere;
1501 2887 1828 2941 scholastice

211 2979 257 3032 si
291 2994 404 3033 non
453 2979 632 3046 valeo,
665 2979 874 3034 utinam
905 2978 990 3033 vel
1041 2979 1263 3044 rustice,
1306 2995 1414 3033 non
1448 2978 1572 3033 ficte
1622 2987 1826 3044 tamen,

210 3071 341 3142 quia
373 3087 508 3141 pura
538 3072 694 3126 traho
717 3087 850 3126 vocc
880 3071 1026 3142 quod
1069 3071 1200 3125 latet
1231 3087 1430 3126 arcana
1463 3086 1573 3126 non
1607 3070 1826 3126 inenar-

212 3160 386 3214 rabile
438 3159 598 3225 ﬁbra,
629 3167 895 3231 quantum
934 3175 1032 3215 vos
1061 3160 1285 3215 sinuoso
1327 3161 1380 3214 in
1436 3168 1659 3230 pectore
1710 3160 1823 3227 ﬁxi,

209 3258 402 3304 notare
427 3249 786 3324 gestio.[lllud
813 3249 1085 3304 comicum
1109 3249 1312 3306 nostis:
1344 3253 1525 3305 Davus
1553 3267 1695 3316 sum,
1717 3266 1826 3305 non

207 3343 474 3412 CEdipus,
532 3350 591 3396 ut
643 3340 839 3397 fucatis
895 3342 1077 3397 verbis
1131 3342 1314 3396 fallam
1353 3341 1665 3396 audientes.
1715 3342 1823 3397 Sed

208 3437 328 3490 haec
362 3438 644 3491 hactenus.

280 3528 482 3584 Audita
527 3541 657 3584 vero
686 3535 740 3584 et
768 3529 1031 3584 attentius
1057 3536 1315 3600 percepta
1346 3529 1623 3599 legatione
1651 3535 1828 3584 vestra

2004 2614 2143 2678 Quid
2177 2620 2327 2680 ante,
2351 2611 2484 2684 quid
2517 2618 2639 2684 post
2669 2627 2764 2682 pro
2809 2618 2957 2666 tanto
3003 2609 3274 2666 beneﬁcio
3307 2627 3549 2667 comme-

1933 2722 2141 2762 morem
2161 2707 2187 2760 ?
2217 2707 2368 2761 rudis
2413 2722 2534 2760 sum
2563 2712 2618 2759 et
2659 2704 2902 2778 ignarus.
2939 2703 3069 2768 Quis
3099 2719 3245 2758 enim
3279 2712 3361 2759 est
3390 2705 3552 2759 vobis

1933 2808 2026 2854 aut
2050 2799 2344 2870 sapientia,
2393 2798 2685 2869 probitate,
2717 2807 2810 2852 aut
2840 2797 3169 2867 optimarum
3203 2797 3400 2852 artium
3442 2806 3551 2852 stu-

1931 2893 2044 2957 dio,
2075 2891 2529 2958 autiunocentia,
2561 2898 2654 2945 aut
2685 2891 2794 2945 ullo
2822 2891 3000 2944 laudis
3023 2907 3226 2962 genere
3268 2899 3544 2960 praestan-

1932 2982 2072 3038 tior?
2091 2981 2345 3037 Tulliana
2359 2997 2462 3035 vox
2480 2987 2669 3035 sonat:
2701 2980 2891 3034 Nullus
2915 2987 3124 3034 tantum
3141 2987 3226 3034 est
3243 2979 3448 3036 ﬂumen
3471 2981 3552 3035 in-

1928 3075 2100 3149 genii,
2115 3074 2266 3128 nulla
2286 3072 2688 3138 dicendi,nulla
2705 3071 2985 3126 scribendi
3010 3079 3158 3126 tanta
3185 3072 3442 3137 vis,nulla
3464 3089 3552 3128 co-

1927 3161 2312 3232 pia,quze,non
2327 3159 2505 3214 dicam
2525 3160 2915 3220 exornare.sed
2929 3167 3142 3214 tuarum
3160 3162 3420 3215 virtutum
3438 3162 3551 3216 lau-

1928 3253 2028 3306 des
2056 3252 2229 3323 possit
2247 3267 2526 3306 enarrare.
2551 3251 2819 3306 Patientia
2845 3252 2889 3305 si
2912 3259 3269 3318 memoratur,
3293 3252 3336 3305 si
3367 3251 3446 3306 fas
3468 3259 3552 3306 est

1927 3345 2135 3410 dicere,
2168 3343 2276 3397 ﬁde
2320 3343 2490 3409 salva,
2556 3359 2626 3397 ne
2665 3343 2835 3397 Deum
2887 3342 3188 3402 offendam.
3224 3354 3279 3398 tu
3318 3360 3377 3398 es
3407 3344 3546 3415 ipsa.

1929 3437 2047 3492 Non
2095 3436 2321 3489 salivam
2369 3435 2544 3508 glutto
2596 3435 2860 3488 sorbuisti
2918 3435 3323 3501 mercurialem,
3383 3437 3551 3507 inque

1929 3529 2044 3584 luto
2087 3527 2252 3583 ﬁxum
2287 3527 2512 3598 potuisti
2560 3526 2952 3581 transcendere
2986 3541 3295 3580 numerum.
3343 3527 3546 3595 Satyri-

204 3624 445 3689 mellita,
492 3624 738 3680 nondum
771 3624 885 3678 viso
916 3623 1001 3678 vel
1057 3630 1303 3693 accepto,
1335 3624 1482 3694 quod
1518 3624 1608 3694 pio
1637 3639 1825 3679 amore
1853 3653 1902 3721 C
1929 3639 2023 3679 cos
2073 3623 2390 3678 omittamus
2419 3621 2682 3684 comicos,
2737 3621 2805 3674 ad
2836 3620 3118 3692 simplices
3173 3620 3464 3675 redeamus
3490 3629 3551 3676 et

202 3713 441 3767 misistis
482 3712 742 3778 balsamo,
788 3711 987 3766 litteris
1023 3712 1222 3766 vestris
1270 3712 1452 3766 adhuc
1505 3728 1614 3766 non
1649 3712 1825 3778 lectis;

203 3821 322 3860 non
377 3805 664 3860 minimum
707 3823 838 3880 erga
867 3823 974 3869 me.
1009 3824 1172 3879 quem
1217 3807 1473 3880 cognovi,
1505 3815 1609 3862 tam
1644 3809 1827 3882 magni

197 3905 258 3948 et
307 3893 600 3949 clarissimi
658 3895 758 3949 viri
812 3895 1039 3952 affectus
1097 3898 1332 3971 integer,
1391 3897 1526 3950 mihi
1591 3897 1826 3963 tantillo,

197 3984 576 4039 accumulavit
613 3984 910 4056 gaudium:
958 3985 1142 4057 liquor
1183 3987 1474 4056 pretiosus,
1510 3986 1665 4052 cujus
1713 3984 1826 4039 fere

197 4094 361 4132 eram
395 4078 577 4148 inops,
610 4078 819 4132 vultum
848 4093 958 4133 non
1000 4078 1352 4133 mediocriter
1381 4077 1704 4132 exhilaravit
1736 4077 1826 4130 da-

199 4174 311 4222 tus.
349 4167 548 4221 Audito
595 4167 816 4221 tandem
847 4167 1093 4236 epitheto
1145 4183 1254 4222 non
1296 4183 1419 4222 meo
1450 4167 1658 4223 nomini
1691 4181 1823 4222 con-

196 4274 369 4331 gruo,
403 4258 549 4330 quod
595 4266 776 4314 vestra
816 4260 1051 4314 charitas
1080 4260 1236 4322 mihi,
1287 4260 1436 4315 nulla
1465 4260 1823 4316 commenda-

198 4351 362 4405 tione
416 4358 632 4404 actuum
664 4366 913 4406 meorum
967 4352 1242 4423 apposuit.
1289 4354 1428 4407 ultra
1459 4371 1621 4425 quam
1673 4353 1821 4410 creui

202 4449 412 4513 potest,
446 4441 685 4495 animum
721 4441 1034 4496 laetificavit.

275 4533 414 4587 lnde
438 4533 648 4587 centies
668 4533 827 4588 ﬂexis
854 4535 1089 4608 genibus
1115 4551 1305 4589 versus
1328 4535 1616 4597 Veronam,
1641 4543 1823 4589 vestra

195 4622 364 4694 quasi
397 4621 646 4676 lambens
675 4623 928 4697 vestigia,
972 4623 1176 4678 millies
1208 4624 1358 4678 mille
1390 4624 1544 4679 vobis
1576 4623 1820 4694 rependo

188 4719 427 4792 gratias.

272 4812 444 4881 Cujus
494 4828 622 4867 vero
663 4812 895 4873 virtutis.
955 4813 1000 4866 si
1047 4814 1196 4884 quod
1241 4813 1294 4867 in
1344 4830 1430 4868 me
1485 4814 1818 4884 apparuerit,

189 4904 290 4975 qui
329 4904 480 4958 nulla
509 4904 736 4958 omnino
781 4905 1074 4975 praalueeo,
1104 4905 1479 4970 simulacrum,
1528 4921 1819 4974 nusquam,

186 4993 237 5048 si
286 4993 673 5062 experimento
720 4992 934 5048 discere
979 4995 1131 5050 cordi
1195 5002 1299 5063 est,
1357 5011 1386 5049 a
1444 4996 1599 5050 vobis
1647 4965 1898 5051 aberitD

188 5086 547 5158 elongatum.

265 5178 562 5233 Pristinam
593 5195 740 5251 saepe
771 5181 925 5236 soleo
957 5187 1083 5235 ante
1115 5183 1307 5237 oculos
1338 5181 1690 5236 dulcedinem
1724 5198 1821 5254 po-

183 5285 355 5335 nere,
386 5270 556 5342 idque
584 5272 794 5326 crebris
826 5272 1068 5327 libenter
1086 5273 1440 5328 sermonibus
1466 5281 1740 5344 repetere,
1769 5285 1824 5328 et

178 5361 228 5423 si
293 5377 459 5416 mane
511 5377 642 5430 non,
704 5363 786 5417 vel
838 5372 958 5436 post
1030 5366 1260 5436 prandia
1321 5365 1462 5420 inter
1523 5365 1824 5420 bibendum

1930 3727 2170 3773 εειηοιοε.

2000 3810 2119 3864 Non
2142 3809 2307 3863 modo
2335 3822 2447 3862 non
2477 3806 2732 3878 rapuisti,
2761 3806 2858 3861 sed
2894 3821 2999 3862 nec
3029 3806 3254 3878 quidem
3287 3807 3546 3878 appetisti

1928 3900 2130 3967 aliena,
2162 3899 2388 3974 largitus
2435 3915 2494 3953 es
2525 3898 2768 3969 propria,
2825 3896 3054 3952 aliorum
3113 3896 3420 3953 condolens
3447 3898 3547 3952 mi-

1933 3993 2112 4058 seriis,
2162 4008 2274 4047 non
2321 3991 2678 4046 felicitatibus
2726 3989 2982 4045 invidens
3036 3990 3254 4057 alienis,
3295 3993 3540 4046 omnibus

1926 4087 2112 4142 omnia
2154 4085 2350 4150 factus,
2383 4093 2442 4140 ut
2477 4099 2689 4138 omnes
2744 4083 3122 4140 lucrifaceres.
3156 4083 3348 4138 Nativa
3378 4083 3540 4138 vobis

1923 4179 2157 4250 supplex
2188 4177 2365 4233 tendit
2411 4193 2608 4232 manus
2638 4175 2834 4248 patria,
2865 4182 2920 4230 et
2949 4183 3008 4230 ut
3044 4175 3280 4230 redeatis
3330 4175 3538 4230 invitat.

1925 4275 2144 4340 Omnes,
2177 4280 2445 4346 quotquot
2481 4280 2610 4327 sunt
2649 4271 2938 4342 utriusque
2988 4269 3218 4337 ordinis,
3250 4270 3540 4336 clericalis,

1926 4383 2024 4421 seu
2057 4365 2332 4429 militaris,
2375 4363 2900 4430 mente,voluntate,
2931 4362 3138 4427 studio,
3170 4369 3350 4434 gestu,
3383 4378 3538 4426 voce,

1925 4464 1986 4512 ut
2013 4455 2272 4522 veniatis,
2303 4455 2577 4510 clamant:
2602 4469 2700 4508 vos
2724 4454 2911 4509 videre
2939 4453 3288 4517 desiderant;
3317 4452 3540 4508 servitio

1924 4551 2080 4607 vobis
2119 4549 2514 4620 impendenda,
2557 4564 2661 4602 nec
2717 4563 3030 4613 numerum,
3086 4564 3267 4619 neque
3313 4548 3535 4602 modum

1923 4645 2259 4718 prazﬁgimus
2310 4643 2504 4700 ullum.
2562 4641 2755 4697 Omnia
2811 4648 2995 4697 nostra
3047 4649 3211 4696 erunt
3261 4642 3315 4695 in
3369 4658 3535 4698 manu

1921 4751 2122 4807 vestra,
2182 4739 2486 4795 secundum
2527 4737 2676 4809 quod
2707 4736 2891 4792 animo
2921 4743 3102 4791 vestro
3160 4735 3448 4799 insederit,
3507 4751 3540 4791 ο

1925 4836 2126 4891 dilecte
2155 4836 2394 4891 Ratheri.
2432 4834 2634 4889 Cuncta
2655 4832 2980 4904 praevidete,
3016 4831 3315 4902 disponite,
3339 4831 3541 4886 consli-

1927 4925 2081 4989 tuite,
2114 4931 2168 4978 et
2221 4930 2280 4978 ut
2318 4922 2560 4988 libuerit,
2591 4921 2650 4990 in
2695 4920 2957 4976 omnibus
3013 4921 3180 4995 agite.
3214 4919 3326 4974 Sub
3357 4926 3536 4973 vestro

1925 5015 2122 5087 pollice
2153 5015 2313 5069 docto
2344 5021 2398 5068 et
2433 5012 2662 5079 artiﬁce,
2708 5027 2933 5066 manum
2965 5011 3155 5066 ferula:
3197 5026 3306 5066 non
3338 5008 3538 5064 erube-

1923 5123 2071 5164 scam
2103 5107 2432 5162 subducere.
2465 5105 2570 5161 Vos
2599 5104 2815 5171 valete;
2846 5121 2944 5160 vos
2984 5103 3248 5175 plaudite,
3283 5109 3338 5156 et
3367 5100 3540 5172 gratia

1926 5200 2140 5256 Domini
2191 5199 2363 5256 nostri
2414 5213 2512 5254 vos
2555 5197 2625 5252 ab
2680 5198 2903 5254 incursu
2953 5196 3099 5251 malo
3157 5198 3373 5249 tueatur
3411 5207 3541 5246 con-

1927 5289 2100 5344 tinue.
