4038 6178
511 297 612 351 947

1151 296 1414 352 ΕΒΑΟΙᾸΙ
1458 298 1663 352 EPISC.
1707 298 2092 352 LEODIENSIS
2135 301 2412 356 RELATIO
2452 282 2769 357 MIRACL'LI
2812 305 2870 358 S.
2911 304 3184 360 MARTIN.

3744 312 3846 367 948

510 430 3834 456 _—__—___—__—__________

1169 579 1694 668 RELATIO
1779 578 2357 670 MIRACULI
2444 582 2536 670 S.
2625 585 3174 673 MARTINI.

603 765 914 816 Eraclins
951 777 1150 817 manu
1188 763 1467 830 propria
1505 761 1828 817 describit
1866 776 2058 816 suam
2095 764 2565 817 miraculosnm
2605 766 3025 819 sanationem
3062 768 3243 820 sicut
3279 774 3348 820 et
3385 773 3761 825 secundum

1997 856 2341 909 visionem.

589 1145 644 1198 ln
675 1144 898 1199 nomine
926 1149 1129 1198 sanctae
1160 1152 1214 1197 et
1240 1141 1539 1197 individuae
1561 1142 1856 1199 Trinitatis.

586 1234 739 1290 Anno
764 1234 1010 1288 secundo
1043 1242 1164 1302 post
1195 1233 1428 1287 reditum
1459 1233 1601 1288 beati
1643 1215 1857 1288 Martini
1889 1236 1956 1288 ab
1982 1237 2123 1290 exsi-

517 1326 610 1384 lio.
668 1323 943 1389 videlicet,
1004 1339 1033 1375 a
1077 1322 1295 1376 civitate
1339 1323 1736 1389 Antissiodoro,
1777 1326 2125 1394 providentia

516 1415 635 1480 Dei,
663 1422 715 1468 et
745 1413 949 1468 auxilio
977 1413 1267 1488 lngelgerii
1307 1413 1646 1467 Castinensis
1677 1415 1894 1470 comitis
1944 1418 2121 1486 llugo-

517 1507 601 1561 nis
626 1507 813 1578 inclyti
843 1507 1173 1577 Burgundias
1209 1508 1366 1562 ducis
1401 1510 1821 1582 consanguinei,
1845 1528 1974 1565 cura
2007 1529 2126 1582 per-

515 1599 687 1670 viglii,
737 1599 872 1653 mira
929 1599 1325 1665 sollicitudine,
1392 1608 1446 1653 et
1499 1609 1828 1656 armatorum
1900 1604 2126 1673 copiosa

517 1695 888 1760 multitudine,
921 1695 974 1748 in
1006 1711 1116 1766 quo
1144 1695 1300 1766 prius
1327 1697 1690 1750 venerabatur
1719 1697 1862 1763 loco,
1907 1699 2127 1752 honori-

519 1785 619 1840 fice
649 1793 704 1839 et
735 1786 997 1840 decenter
1026 1787 1279 1849 relocati;
1312 1802 1415 1859 ego
1449 1787 1690 1842 Eraclius
1722 1788 1819 1842 Dei
1862 1790 2126 1859 patientia

519 1874 842 1928 Leodiensis
872 1875 1129 1929 Ecclesiae
1159 1875 1386 1930 humilis
1426 1877 1740 1948 epiSCOpus,
1774 1879 1977 1934 auditis
2021 1883 2122 1936 mi-

520 1967 829 2022 raculorum
861 1967 1173 2032 virtutibus,
1211 1985 1334 2040 qua?
1365 1984 1465 2038 per
1495 1971 1589 2025 Dei
1629 1973 1854 2043 gratiam
1889 1985 1941 2032 et
1981 1979 2126 2040 beati

517 2054 732 2110 Martini
765 2056 1040 2123 meritum,
1073 2057 1413 2112 incessanter
1442 2058 1516 2112 ibi
1547 2058 1773 2130 ﬁebant,
1808 2067 2003 2125 morbo
2029 2075 2123 2144 qui

518 2144 680 2214 lupus
707 2145 928 2210 dicitur,
978 2147 1218 2218 graviter
1269 2148 1504 2214 attritus,
1537 2157 1591 2204 et
1647 2151 1760 2207 fere
1791 2155 1857 2208 ad
1890 2165 2123 2214 mortem

515 2234 805 2300 deductus,
847 2236 948 2289 sub
993 2253 1091 2306 spe
1146 2238 1538 2308 recuperandae
1578 2241 1827 2297 sanitatis
1872 2248 2128 2304 astrictus

513 2338 661 2394 voto,
695 2347 817 2386 cum
847 2332 1062 2388 clericis
1088 2341 1142 2389 et
1170 2335 1458 2400 militibus,
1488 2336 1765 2394 Turonum
1799 2344 2125 2413 quantocius

513 2421 636 2474 veni
660 2422 912 2476 devotus.

585 2509 829 2582 Cumque
851 2513 902 2566 in
936 2514 1169 2568 ecclesia
1197 2515 1578 2587 gloriosissimi
1618 2519 1952 2575 confessoris
1984 2540 2119 2592 prm-

513 2604 666 2668 dicti,
699 2605 791 2659 die
841 2611 1120 2677 noctuque
1159 2623 1282 2662 cum
1340 2607 1611 2666 effusione
1660 2613 2019 2686 lacrymarum
2071 2629 2125 2676 ct

511 2699 828 2774 gemitibus,
888 2699 1112 2773 vigiliis,
1162 2700 1406 2769 jejuniis,
1451 2705 1794 2764 orationibus
1833 2710 2119 2785 instarem,

512 2789 719 2860 Deique
760 2787 1191 2843 misericordiam
1236 2797 1291 2842 et
1344 2789 1519 2860 ipsius
1566 2791 1882 2870 suffragium
1933 2817 2121 2858 exora-

512 2893 648 2942 rem,
691 2883 851 2932 nocte
895 2877 1147 2947 septima,
1207 2879 1402 2934 beatus
1446 2880 1706 2938 Martinus
1758 2902 1880 2941 cum
1929 2899 2120 2947 sancto

511 2965 730 3030 Brictio,
762 2965 898 3018 mihi
925 2981 1035 3035 prae
1070 2965 1396 3023 lassitudine
1422 2971 1578 3040 quasi
1608 2971 1663 3025 in
1692 2977 1888 3029 exstasi
1918 2980 2118 3048 posito,

509 3057 781 3126 apparuit,
829 3072 1000 3128 seque
1057 3059 1312 3128 sequenti
1367 3060 1448 3115 sic
1485 3063 1595 3116 ait:
1636 3085 1656 3113 α
1693 3066 1879 3122 Frater
1935 3071 2116 3138 Bricti,

511 3147 642 3218 quid
692 3147 788 3202 tibi
823 3147 1042 3203 videtur
1080 3149 1147 3204 de
1199 3148 1363 3204 fratre
1417 3159 1602 3209 nostro
1661 3157 1950 3214 Leodiensi
2007 3164 2123 3234 epi-

509 3254 699 3310 sc0po,
743 3240 836 3311 qui
887 3241 1219 3326 de’remotis
1266 3244 1371 3300 huc
1412 3246 1563 3300 venit
1597 3249 1862 3318 partibus.
1911 3254 2122 3327 Deique

509 3336 795 3402 auxilium,
824 3335 894 3390 'et
930 3344 1176 3391 nostrum
1218 3343 1325 3392 tam
1365 3339 1563 3396 devote
1598 3344 1870 3414 requirit?
1916 3371 1936 3390 η
1979 3349 2120 3404 San-

508 3437 630 3484 ctus
670 3427 902 3484 Brictius
927 3428 1034 3484 sibi
1071 3429 1280 3501 loqcnti
1323 3431 1404 3487 sic
1433 3434 1722 3504 rcSpondit
1756 3454 1768 3490 :
1813 3461 1835 3483 α
1871 3438 2120 3496 Piissimc

507 3519 754 3584 domine,
787 3519 831 3574 si
863 3519 1044 3590 placet
1085 3519 1196 3576 Deo
1225 3530 1279 3575 et
1298 3528 1404 3576 tuze
1435 3522 1762 3598 benignitati
1789 3527 1998 3584 bonum
2025 3539 2110 3587 est

506 3614 564 3662 ut
620 3613 862 3674 curetur,
905 3625 1028 3664 cum
1077 3609 1147 3664 sit
1198 3611 1382 3665 multce
1438 3614 1764 3682 sanctitatis,
1826 3625 1880 3672 et
1937 3623 2108 3678 nostri

505 3695 736 3762 ordinis,
767 3696 927 3766 cujus
965 3697 1074 3752 vita
1104 3698 1355 3754 ordinem
1390 3716 1500 3756 non
1541 3701 1816 3773 deturpat.
1863 3730 1886 3752 η
1931 3707 2109 3777 Illico,

2151 2441 2198 2508 li

2143 1145 2198 1211 Α
2299 1138 2453 1192 Mane
2501 1137 2664 1200 facto,
2725 1138 2978 1193 canonici
3027 1139 3427 1196 convenientes
3478 1141 3533 1194 in
3582 1143 3851 1212 capitulo,

2224 1244 2313 1282 me
2363 1228 2419 1280 in
2471 1226 2692 1282 fratrem
2746 1237 2800 1281 et
2839 1228 3166 1282 canonicum
3219 1238 3550 1300 receperunt
3601 1234 3854 1286 unanimi

2225 1319 2506 1374 voluntate
2549 1328 2603 1373 et
2659 1319 2956 1374 desiderio.
3013 1318 3223 1393 Magnae
3271 1321 3452 1376 missae
3509 1323 3652 1376 hora
3697 1324 3862 1378 adve-

2227 1412 2437 1481 niente,
2479 1411 2782 1465 secundum
2817 1418 3150 1481 przeceptum
3183 1411 3330 1466 beati
3369 1413 3607 1476 Martini,
3669 1416 3852 1470 divina

2225 1502 2530 1562 celebravi;
2583 1502 2798 1557 collatis
2839 1503 3086 1557 ecclesiae
3118 1503 3364 1558 donariis
3413 1506 3849 1575 quamplurimis

2226 1601 2283 1646 et
2314 1591 2594 1658 fratribus,
2624 1592 2691 1645 ad
2739 1593 2960 1662 propria
2998 1591 3248 1665 gaudens
3298 1602 3352 1647 et
3380 1609 3549 1648 sanus
3580 1598 3847 1650 remeavi.

2298 1683 2672 1749 Postmodum,
2715 1683 3049 1753 procedente
3079 1699 3245 1753 parvo
3285 1690 3558 1754 tempore,
3595 1702 3715 1740 non
3762 1689 3854 1741 im-

2228 1792 2438 1830 memor
2465 1776 2599 1830 tanti
2632 1773 2886 1829 beneficii
2928 1791 2958 1828 a
2991 1775 3099 1830 Deo
3138 1782 3192 1828 et
3224 1776 3382 1830 beato
3439 1776 3680 1832 Martino
3724 1780 3849 1832 mihi

2227 1865 2432 1931 collati,
2465 1864 2532 1918 ad
2565 1865 2784 1918 laudem
2817 1864 2909 1918 Dei
2944 1872 2997 1918 et
3028 1865 3297 1918 honorem
3331 1867 3601 1920 curatoris
3635 1868 3769 1931 mei,
3801 1885 3850 1921 in

2226 1958 2443 2013 civitate
2505 1957 2817 2021 Leodicnsi,
2873 1956 2929 2010 in
2987 1963 3176 2011 monte
3244 1957 3487 2027 publico,
3550 1957 3847 2014 ecclesiam

2227 2048 2475 2116 fundavi,
2506 2048 2786 2104 construxi
2818 2047 2888 2101 de
2933 2047 3176 2117 proprio.
3210 2047 3408 2110 dicavi,
3441 2057 3497 2101 et
3542 2049 3848 2118 Opulentis-

2227 2142 2365 2196 sime
2421 2141 2624 2196 dotavi.
2681 2141 2738 2193 In
2789 2155 2901 2210 qua
2949 2139 3172 2213 triginta
3235 2140 3517 2194 canonicis
3558 2141 3848 2205 ordinatis,

2228 2252 2350 2290 cum
2383 2232 2756 2290 servientibus
2774 2241 2827 2287 et
2849 2232 3125 2303 personis,
3150 2240 3204 2286 et
3225 2233 3530 2287 secundum
3559 2243 3848 2289 consuetu-

2228 2321 2413 2376 dinem
2439 2321 2776 2376 Turonensis
2797 2320 3056 2376 Ecclesize
3083 2321 3139 2374 in
3158 2320 3392 2395 legendo
3409 2323 3781 2388 etcantando,
3802 2333 3848 2378 et

2227 2415 2348 2469 aliis
2398 2414 2788 2469 ecclesiasticis
2844 2413 3088 2468 moribus
3127 2414 3429 2480 instructis,
3488 2414 3640 2469 sicut
3691 2424 3842 2486 quot-

2226 2518 2360 2579 quot
2416 2509 2575 2563 annis
2633 2523 3050 2571 consueveram,
3107 2524 3231 2562 enm
3299 2507 3470 2562 multa
3525 2509 3843 2572 devotione,

2225 2601 2500 2655 Turonum
2561 2599 2789 2664 accessi,
2859 2608 2913 2653 et
2966 2599 3108 2653 sicut
3160 2599 3331 2671 gratia
3388 2599 3483 2653 Dei
3567 2609 3848 2669 pneeuntc

2226 2686 2482 2754 feceram,
2514 2687 2774 2742 fratribus
2805 2686 2946 2741 meis
2977 2685 3327 2741 manifestum
3369 2685 3490 2740 ﬁeri
3517 2686 3675 2741 duxi.

2299 2780 2360 2834 Et
2391 2779 2521 2834 dum
2562 2780 2618 2833 in
2653 2778 2888 2850 quadam
2930 2786 3092 2832 nocte
3123 2777 3404 2833 Dominica
3437 2789 3845 2847 pernoctarem.

2222 2884 2276 2932 et
2303 2877 2396 2931 Dei
2446 2875 2797 2931 clementiam
2827 2876 3162 2939 invocarem,
3214 2875 3410 2929 iterum
3443 2873 3648 2930 beatus
3675 2877 3844 2930 Marti-

2224 2986 2367 3034 nus,
2425 2984 2546 3023 cum
2606 2967 2783 3022 beatis
2837 2966 3038 3021 Brictio
3097 2975 3152 3020 et
3204 2965 3542 3026 Eustachio,
3605 2967 3740 3020 mihi
3794 2969 3842 3021 in

2221 3060 2433 3114 visione
2482 3059 2756 3129 apparuit,
2816 3057 3046 3112 dicens:
3095 3076 3115 3105 ι
3159 3056 3254 3111 Dic
3315 3055 3573 3110 fratribus
3607 3057 3738 3120 tuis,
3789 3065 3845 3111 ut

2221 3152 2518 3206 canonicos
2547 3165 2687 3221 quos
2714 3150 2781 3203 ad
2811 3149 3162 3204 serviendum
3197 3149 3302 3202 Deo
3325 3155 3381 3202 et
3415 3148 3548 3201 mihi
3581 3149 3841 3203 ordinasti

2225 3245 2432 3312 Leodii,
2464 3244 2568 3299 sub
2600 3245 2703 3315 pia:
2747 3243 3088 3299 conditionis
3132 3242 3326 3307 forma,
3354 3243 3479 3311 jure
3509 3243 3749 3313 perenni
3791 3245 3839 3297 in

2221 3353 2374 3391 suam
2414 3337 2683 3407 recipiant
2718 3335 3137 3400 fraternitatem,
3167 3341 3222 3389 et
3250 3349 3446 3389 omnes
3486 3350 3837 3390 successores

2221 3435 2344 3483 tuos
2366 3428 2420 3481 in
2451 3427 2772 3498 episcopatu
2805 3425 3114 3480 Leodiensi.

2290 3565 2302 3587 .
2351 3538 2548 3593 liutuze
2604 3536 2956 3592 fraternitatis
3006 3535 3121 3590 hzec
3169 3535 3240 3588 sit
3293 3535 3375 3588 eis
3425 3532 3654 3589 forma:
3720 3536 3841 3591 Cum

2213 3634 2512 3706 potuerint,
2544 3643 2598 3687 et
2636 3641 2859 3702 tempus
2910 3644 3212 3704 congruum
3254 3626 3492 3692 affuerit,
3536 3645 3600 3683 se
3645 3638 3830 3684 mutuo

2214 3729 2534 3796 visitabunt,
2586 3729 2641 3782 in
2668 3729 2834 3782 choro
2889 3724 3107 3779 stallum
3140 3719 3444 3783 habebunt,
3481 3728 3535 3774 et
3563 3723 3837 3792 quotidia-

503 3787 732 3887 Prf’i’ius
773 3790 1152 3887 acce‘jfmsre‘
1198 3791 1379 3887 Ῑοξυπι
1433 3793 1880 3887 mgrbiucusl’ide
1932 3797 2110 3855 δδουῖί
2146 3797 2346 3874 Cnum
2404 3787 2669 3887 recipient
2733 3812 3090 3884 stipendium.
3139 3833 3162 3854 ι·
3207 3808 3360 3873 Quod
3424 3787 3789 3865 dcvotissime
3822 3854 3836 3877 ,

501 3878 585 3933 sui
618 3883 870 3954 tangens,
919 3878 1002 3932 sic
1032 3879 1140 3933 ait:
1185 3900 1210 3926 α
1254 3879 1440 3936 Frater
1489 3881 1681 3950 Eracli,
1711 3885 1974 3941 Dominus
2015 3905 2114 3944 no-

501 3977 613 4024 ster
636 3968 797 4024 Jesus
837 3967 1082 4024 Christus
1134 3976 1292 4024 sanat
1332 3976 1409 4038 te,
1449 3980 1504 4026 et
1554 3973 1914 4032 incolumitati
1957 3981 2112 4035 resti-

503 4059 624 4125 tuit,
654 4077 752 4116 sua
781 4061 1004 4132 pietate.

577 4172 600 4202 α
645 4151 818 4226 igitur
885 4151 1093 4218 hilaris,
1154 4167 1322 4206 sanus
1371 4162 1426 4208 et
1492 4155 1806 4221 incolumis,
1863 4160 2118 4236 fratribus

501 4241 704 4296 nostris
750 4239 1035 4295 canonicis
1063 4239 1406 4294 manifestam
1455 4242 1547 4296 Dei
1585 4244 1865 4312 virtutem,
1907 4253 2111 4320 revela,

500 4341 555 4388 et
584 4349 650 4388 ex
676 4338 828 4404 parte
860 4332 1036 4403 ipsius
1063 4339 1119 4387 et
1158 4340 1345 4389 nostra
1375 4336 1634 4407 principe,
1667 4347 1725 4394 ut
1765 4357 1886 4396 cum
1915 4343 2112 4403 devoto

499 4425 706 4496 populo
737 4425 928 4481 laudes
977 4427 1274 4483 immensas
1319 4445 1420 4484 suo
1451 4429 1715 4487 Salvatori
1747 4433 2007 4502 referant,
2058 4447 2112 4494 et

498 4523 552 4571 te
583 4517 638 4571 in
670 4517 996 4572 canonicum
1042 4519 1168 4589 jure
1207 4527 1478 4592 perpetuo
1518 4523 1805 4594 recipiant.
1864 4527 1937 4581 Tu
1980 4543 2110 4584 vero

498 4607 662 4662 hodie
709 4608 776 4662 ad
811 4607 1030 4664 laudem
1082 4609 1172 4664 Dei
1223 4626 1476 4686 magnam
1524 4613 1746 4670 missam
1801 4617 2111 4675 celebrabis

498 4708 558 4754 ut
583 4700 674 4771 qui
701 4709 755 4756 te
779 4701 931 4772 prius
958 4701 1209 4758 viderant
1250 4705 1408 4776 quasi
1439 4705 1716 4762 addictum
1749 4709 1932 4775 morti,
1965 4708 2107 4766 ﬁdu-

496 4787 691 4843 cialius
721 4797 946 4860 sperent
975 4791 1044 4846 de
1074 4792 1440 4849 subventione
1464 4793 1550 4848 sui
1582 4795 1822 4865 patroni.
1873 4818 1890 4843 ο

569 4881 678 4938 Iloc
715 4882 876 4950 facto,
910 4889 965 4938 et
1013 4883 1100 4938 his
1142 4884 1323 4951 dictis,
1365 4902 1395 4940 a
1426 4893 1726 4958 conspectu
1760 4903 1884 4944 meo
1931 4888 2111 4960 dispa-

493 4979 624 5036 ruit.
649 4977 812 5033 Erant
833 4976 993 5033 ambo
1041 4977 1450 5049 episcopalibus
1479 4977 1817 5033 indumentis
1842 4978 2104 5034 redimiti.

491 5072 709 5128 Surrexi
763 5071 919 5126 lretus
981 5069 1172 5126 Clerici
1213 5071 1321 5126 mei
1379 5079 1432 5126 et
1470 5071 1672 5128 milites
1722 5088 1846 5127 cum
1888 5070 2106 5127 famulis

489 5163 762 5234 accersiti,
809 5165 1171 5229 advenerunt,
1203 5171 1464 5237 totusque
1506 5166 1894 5222 canonicorum
1937 5177 2177 5247 vene-1)
2203 5147 2338 5204 ίείνίί

492 5253 678 5310 rabilis
731 5260 1052 5311 conventus.
1100 5253 1270 5310 Morbi
1320 5254 1474 5310 locus
1529 5271 1692 5326 quem
1747 5254 1999 5326 patiebar
2044 5255 2098 5310 in

491 5343 730 5405 natibus.
790 5359 900 5398 non
941 5352 1024 5400 est
1072 5344 1360 5400 inventus:
1397 5352 1580 5400 tamen
1621 5345 1677 5399 in
1711 5345 1928 5420 signum
1957 5345 2101 5400 cica-

491 5432 660 5501 tricis,
692 5433 941 5504 quaedam
965 5434 1170 5490 lineola
1209 5434 1380 5490 rubea
1409 5450 1688 5506 apparens
1717 5437 1999 5491 remansit.
2026 5436 2100 5492 De

489 5530 598 5580 tam
629 5523 874 5600 glorioso
923 5532 977 5580 et
1016 5524 1259 5580 evidenti
1292 5523 1580 5589 miraculo,
1614 5527 1682 5579 Te
1709 5529 1878 5580 Deum
1908 5527 2100 5582 lauda-

487 5630 604 5670 mus
662 5615 982 5670 decantatur
1031 5633 1061 5671 a
1107 5617 1274 5685 clero,
1327 5624 1382 5672 et
1436 5632 1601 5673 voces
1645 5616 1828 5672 devoti
1885 5616 2096 5686 pepuli,

491 5720 612 5760 cum
643 5707 898 5762 laudibus
928 5708 1268 5765 extolluntur
1295 5711 1350 5766 in
1379 5711 1613 5766 excelso.

2216 3909 2559 3965 sanctissime
2616 3913 2671 3961 et
2720 3904 3015 3963 celebriter
3061 3901 3266 3956 factum
3319 3906 3420 3953 est.
3508 3899 3572 3954 Et
3629 3902 3838 3957 decimo

2215 4019 2360 4060 anno
2395 3999 2730 4056 reversionis
2760 3996 2906 4052 beati
2953 3993 3193 4058 Martini,
3226 3993 3555 4048 auctoritate
3599 3994 3696 4048 Dei
3731 4011 3838 4050 om—

2221 4090 2542 4163 nipotentis,
2592 4086 2929 4143 celebratum
2969 4089 3021 4136 ct
3059 4080 3438 4136 conﬁrmatum
3487 4092 3596 4146 est,
3632 4091 3688 4137 et
3741 4083 3838 4136 sub

2217 4181 2568 4237 anathemate
2622 4173 2995 4237 interdictum,
3028 4185 3097 4224 ne
3125 4168 3250 4239 quis
3276 4167 3564 4242 negligere
3616 4178 3707 4224 aut
3735 4172 3839 4225 vio—

2217 4277 2328 4330 lare
2361 4276 2652 4343 pmsumat
2678 4266 2827 4339 quod
2859 4261 3151 4317 auctoritas
3190 4259 3396 4326 divina,
3432 4266 3488 4314 et
3518 4259 3673 4316 beati
3706 4263 3836 4317 Har-

2213 4366 2314 4420 tini
2344 4364 2596 4419 voluntas
2627 4356 2862 4414 instituit
2891 4361 2946 4409 ct
2975 4351 3315 4409 corroborat.

2284 4478 2552 4532 Ptmterea
2584 4470 2834 4526 additum
2867 4473 2968 4532 est,
2997 4470 3270 4537 quatenus
3292 4463 3519 4516 nomina
3547 4463 3834 4519 defuncto-

2213 4585 2331 4625 rum
2386 4565 2706 4620 alterutrum
2765 4557 3102 4612 referrentur
3153 4566 3275 4605 cum
3323 4549 3699 4612 solemnitate,
3766 4547 3830 4600 ob

2211 4657 2646 4728 redemptionem
2697 4655 3059 4723 peccatorum,
3112 4650 3166 4698 et
3191 4657 3314 4696 cum
3352 4639 3665 4711 pulsabulis
3719 4641 3831 4692 fra-

2214 4764 2357 4808 trum
2389 4748 2576 4804 divina
2600 4744 2967 4801 celebrentur.

2285 4865 2434 4918 ldem
2500 4859 2794 4931 episcOpus
2851 4853 3076 4906 alteram
3134 4844 3425 4902 ecclesiam
3490 4843 3546 4896 in
3619 4843 3828 4897 honore

2209 4957 2380 5014 sancti
2410 4953 2565 5012 Pauli
2596 4951 2652 5004 in
2699 4944 2896 5009 insula,
2941 4939 3266 4996 miraculose
3298 4934 3486 4989 Leodii
3520 4934 3828 4988 construxit

2211 5065 2385 5123 usque
2415 5047 2482 5102 ad
2514 5044 2803 5104 fenestras,
2835 5037 2892 5091 in
2924 5050 3031 5107 qua
3063 5030 3284 5104 triginta
3321 5025 3622 5082 canonicos
3658 5027 3827 5096 depu-

2277 5245 2464 5301 Fcrtur
2504 5239 2651 5297 enim
2703 5247 2892 5290 orasse
2946 5229 3014 5283 ad
3062 5221 3352 5280 Dominum
3387 5259 3400 5284 ,
3459 5225 3518 5272 ut
3568 5217 3818 5286 ejusdem

2206 5339 2445 5395 basilicae
2475 5325 2858 5390 construendae
2889 5320 2995 5378 sibi
3025 5313 3429 5391 longitudinem
3489 5316 3543 5365 et
3576 5309 3818 5365 latitudi-

2203 5446 2328 5484 nem
2360 5423 2653 5482 ostendere
2701 5417 3039 5490 dignaretur.
3073 5407 3229 5462 lilane
3259 5410 3441 5457 autem
3474 5399 3648 5490 facto,
3699 5413 3814 5452 cum

2199 5521 2457 5576 universa
2506 5488 2934 5580 circumquaque
2963 5503 3083 5557 loca
3141 5497 3233 5552 uix
3263 5491 3594 5564 operuisset,
3623 5488 3816 5544 futura:

2199 5612 2446 5670 ecclesia:
2477 5609 2657 5663 locum
2684 5600 2911 5658 omnino
2943 5609 3052 5649 non
3083 5589 3280 5663 tetigit.

2271 5703 2393 5773 Ipse
2443 5696 2606 5753 etiam
2669 5692 2810 5745 inter
2866 5690 3066 5742 caetera
3091 5675 3506 5748 disciplinarum
3565 5670 3811 5726 instituta
